3966 6184
188 274 287 331 817

1528 274 1856 332 ΕΡιεΤοιΑ
1896 277 2059 334 XXIX

3327 292 3430 346 Sis

187 379 475 436 uelestium
506 379 661 435 nobis
688 379 914 436 Domino
945 382 1281 451 providente,
1314 382 1567 453 pietatem
1611 382 1747 437 divi-
1777 388 1826 445 Α
1853 382 1941 449 20,
1972 402 2026 439 n.
2057 385 2133 457 l),
2158 387 2526 460 solemnisque
2573 392 2643 448 ad
2668 393 2925 464 templum
2952 401 3277 455 recurrendo
3301 401 3430 455 visi-

186 486 303 524 nam
324 485 417 539 per
437 470 682 525 humana:
707 471 919 540 pietatis
939 472 1134 528 damna
1162 476 1430 544 concepit.
1458 474 1649 529 Misera
1680 475 1753 530 fa-

182 570 265 616 cta
294 570 395 624 est,
423 568 481 613 ut
502 559 800 616 efficeretur
826 563 1005 618 beata.
1037 564 1294 620 Percussa
1315 573 1415 631 est,
1448 577 1508 620 ut
1533 583 1750 622 sanare-

185 663 266 707 tur
294 672 306 705 :
339 653 599 719 Quoniam
627 672 719 726 ego
746 658 1057 725 percutiam,
1107 668 1156 712 et
1180 676 1275 728 ego
1302 662 1497 715 sonabo
1526 671 1549 698 ⁸
1567 704 1584 729 ,
1626 662 1755 717 dicit

187 744 451 799 Dominus.
487 744 655 800 Tanta
706 756 788 801 est
831 749 973 802 enim
1002 751 1196 804 summi
1225 751 1397 809 Patris
1442 755 1643 823 pietas,
1695 764 1755 811 ut

187 836 337 887 etiam
368 835 443 888 ira
466 834 582 902 ejus
609 852 677 890 ex
702 839 1068 895 misericordia
1109 843 1200 909 sit,
1220 853 1275 899 et
1305 844 1427 899 ideo
1448 849 1669 915 castiget
1696 856 1756 904 ut

186 932 359 991 parcat
386 922 431 975 δ.
464 923 702 994 Denique
728 926 920 982 beatus
946 929 1237 1000 Apostolus
1257 932 1380 988 ideo
1400 942 1629 990 emeatus
1649 944 1753 1007 est,

187 1012 651 1069 utilluminaretur
678 1027 724 1083 c;
754 1018 950 1074 cecidit
994 1031 1325 1091 persecutor,
1368 1032 1427 1079 ut
1480 1028 1754 1096 apostolus

186 1111 448 1170 surgeret;
482 1103 537 1157 in
574 1104 768 1161 itinere
808 1107 913 1162 iter
940 1110 1141 1179 reperit
1172 1112 1234 1179 “,
1286 1121 1341 1169 et
1385 1114 1438 1169 in
1468 1116 1755 1185 impietatis

187 1193 261 1246 via
280 1193 420 1249 viam
445 1196 592 1263 pacis
612 1198 853 1265 agnovit.
882 1198 972 1256 Sic
1015 1216 1146 1271 ergo
1175 1203 1346 1260 bonus
1393 1206 1651 1263 Dominus
1697 1211 1752 1264 in

188 1284 321 1337 omni
346 1293 590 1353 tempore
618 1286 806 1342 iisdem
836 1289 976 1345 circa
1004 1307 1103 1347 nos
1130 1309 1346 1364 quoque
1373 1297 1623 1353 minimos
1642 1316 1753 1355 suae

188 1376 390 1444 pietatis
419 1376 704 1445 impendiis
727 1395 895 1449 usque
923 1382 1125 1457 adhuc;
1159 1392 1215 1439 ut
1240 1386 1354 1455 ipse
1393 1396 1620 1442 testatus
1645 1398 1748 1455 est,

187 1480 335 1534 opera
368 1464 542 1520 Patris
581 1483 811 1538 cperans
839 1468 889 1535 δ,
929 1483 1169 1529 sanctam
1197 1490 1410 1547 quoque
1432 1478 1612 1548 istam,
1641 1498 1752 1537 non

186 1554 295 1622 quia
316 1555 583 1612 inﬁdelem
603 1558 848 1627 haberet,
871 1562 965 1618 sed
979 1572 1035 1618 ut
1048 1564 1336 1635 perfectam
1358 1568 1624 1634 redderet,
1656 1588 1751 1642 pa-

187 1652 321 1697 terna
353 1647 554 1715 pietate
596 1651 891 1720 corripiens
918 1663 965 1720 θ,
986 1656 1039 1709 in
1067 1658 1430 1715 misericordia
1450 1662 1751 1721 verberavit

1855 475 1988 529 tatio
2026 478 2441 534 consolabantur
2469 500 2481 534 :
2509 481 2630 546 ista,
2665 492 2725 539 ut
2746 485 2958 541 unicum
2979 504 3133 544 sumn
3157 506 3187 545 a
3214 500 3433 561 pectore

1854 567 2213 637 suoabseidit,
2239 579 2293 625 et
2322 573 2375 625 in
2399 573 2573 627 sinum
2599 572 2797 631 Christi
2818 576 3062 646 jactavtt,
3084 589 3143 634 ut
3169 597 3289 635 eum
3320 583 3435 651 ipse

1855 655 2111 713 Dominus
2137 660 2402 717 enutriret
2438 662 2488 728 ί,
2530 664 2661 719 nihil
2688 675 2878 735 postea
2922 668 2998 722 illi
3035 685 3145 723 sua:
3178 670 3436 726 sollicitu-

1854 745 1993 800 dinis
2015 747 2183 816 dedit,
2232 750 2540 808 difﬁdentiae
2574 765 2852 825 peceatum
2891 757 3137 826 judicans
3162 802 3178 827 ,
3207 761 3252 814 si
3279 777 3435 829 quem

1854 834 2072 890 Christo
2093 842 2457 910 commiserat,
2485 845 2598 913 ipsa
2619 855 2874 901 curasset.
2899 846 3107 913 Quanta
3135 858 3313 904 autem
3335 852 3437 906 hoc

1859 922 1961 978 ﬁde
1989 924 2196 993 fecerit,
2228 928 2351 985 hinc
2377 932 2607 1000 perspici
2656 934 2810 1001 licet,
2841 936 2983 1005 quod
3013 937 3065 990 in
3096 951 3289 1005 magna
3312 940 3439 995 licet

1853 1019 2348 1086 potentissimorum
2375 1030 2430 1078 et
2469 1024 2734 1079 clarorum
2776 1028 3197 1097 propinquorum
3252 1029 3437 1084 Roma:

1853 1108 2029 1177 copia,
2080 1109 2277 1165 nemini
2318 1114 2596 1181 parvulum
2623 1130 2777 1170 suum
2803 1119 2988 1186 verbo,
3020 1128 3077 1173 ut
3121 1120 3225 1175 dici
3273 1122 3434 1189 solet,

1854 1196 2128 1265 alendum,
2147 1201 2514 1267 erudiendum,
2541 1206 2792 1261 tuendum
2814 1209 3067 1264 mandare
3096 1208 3311 1279 dignata
3329 1221 3432 1267 est.

1855 1285 1983 1339 Tam
2012 1298 2159 1342 certa
2209 1289 2309 1345 fuit
2359 1309 2390 1346 a
2434 1294 2647 1350 Christo
2676 1313 2795 1352 esse
2844 1308 3169 1369 susceptum.
3220 1311 3274 1355 et
3313 1302 3435 1356 ideo

1852 1379 2051 1434 meruit
2076 1381 2341 1450 obtinere,
2374 1386 2499 1454 quia
2542 1388 2644 1442 frui
2675 1389 2846 1444 noluit
2877 1408 2890 1444 :
2929 1400 2985 1446 et
3011 1407 3153 1448 nunc
3202 1394 3435 1448 revisere

1853 1469 2050 1522 meruit
2078 1485 2174 1539 per
2195 1472 2311 1541 ejus
2341 1472 2460 1529 ﬁdei
2490 1477 2767 1544 pietatem,
2789 1495 2893 1548 qua
2919 1481 3084 1535 semel
3112 1483 3356 1537 relictum
3380 1483 3434 1537 in

1852 1557 1965 1614 Deo
1997 1577 2103 1617 non
2133 1562 2534 1622 desideraverat
2554 1569 2607 1622 in
2632 1570 2737 1624 hoc
2764 1573 2967 1627 seculo.
3002 1572 3185 1642 Itaque
3214 1577 3330 1645 fecit
3358 1575 3434 1630 illi

1855 1666 2043 1721 magna
2063 1655 2150 1725 qui
2175 1666 2354 1727 potens
2377 1668 2453 1711 est
2482 1660 2526 1723 Ξ,
2548 1659 2752 1728 majora
2773 1672 3059 1731 praesumto
3089 1664 3291 1719 donare
3312 1681 3433 1720 cre-

187 1736 578 1805 teatationibus,
611 1750 670 1793 ut
696 1742 957 1809 patientia
995 1757 1317 1804 coronaret:
1348 1752 1581 1822 ﬂagellat
1612 1757 1744 1810 enim

1856 1739 2122 1797 dentibus.
2150 1744 2227 1798 lta
2256 1746 2378 1801 huic
2399 1754 2457 1800 ut
2481 1745 2645 1802 ﬁlium
2689 1751 2734 1781 ὀ
2763 1758 2818 1803 ει
2848 1752 2898 1805 in
2930 1752 3036 1807 hoc
3081 1753 3200 1809 loco
3230 1754 3433 1809 videret

187 1840 371 1877 omnem
388 1827 556 1894 ﬁlium
583 1846 732 1899 quem
761 1833 940 1900 recipit
972 1834 1013 1888 ί.
1040 1835 1223 1905 Itaque
1252 1838 1331 1910 (a)
1360 1841 1607 1898 luctuoso
1640 1862 1755 1899 atu-

186 1916 285 1971 bitu
311 1919 474 1973 trium
502 1919 753 1977 funerum
798 1939 999 1992 comes,
1032 1928 1187 1984 vidua
1226 1933 1427 2000 pariter
1449 1942 1504 1989 et
1524 1936 1711 1991 orbata
1736 1982 1752 2007 ,

191 2005 402 2061 Romam
433 2012 582 2067 venit
607 2027 731 2069 eum
762 2014 921 2070 unico
961 2031 1058 2072 suo
1088 2019 1364 2078 inecntore
1389 2025 1566 2094 potius
1590 2005 1751 2095 quam

189 2098 251 2163 (ὁ)
275 2100 616 2157 eonsolatore
644 2103 1028 2177 lacrymarum;
1053 2110 1165 2167 sive
1186 2112 1358 2169 infans
1379 2124 1505 2171 ante
1528 2118 1610 2173 sui
1638 2134 1756 2173 sen-

189 2201 284 2241 sum
319 2190 465 2244 inala
494 2193 764 2259 sentiens,
807 2196 921 2263 jam
964 2210 1179 2269 saperet
1220 2205 1260 2235 ⁸⁷
1287 2205 1517 2261 alienam
1568 2208 1752 2277 lugere

192 2288 418 2345 mortem,
440 2284 532 2351 qui
563 2285 741 2342 adhuc
770 2288 931 2344 vitam
969 2308 1119 2348 suam
1148 2311 1306 2352 nosse
1336 2301 1571 2355 nesciret
1598 2320 1610 2355 :
1639 2303 1751 2358 sive

191 2369 350 2435 ignara
376 2373 523 2427 male
572 2391 796 2433 securus
832 2379 1074 2453 infantia,
1106 2385 1392 2444 miserabili
1434 2390 1562 2447 ludo
1609 2393 1752 2450 inter

189 2464 349 2517 matris
370 2464 607 2521 lamenta
638 2468 857 2526 rideret.
1498 2499 1501 2503 ‘

246 2552 292 2607 9.
320 2554 416 2608 His
471 2558 664 2613 edocta
710 2560 1077 2629 documentis,
1106 2583 1213 2623 non
1254 2570 1330 2639 (c)
1357 2570 1523 2628 ﬁdere
1566 2576 1749 2633 seculo

190 2642 357 2712 fragili,
382 2655 442 2702 et
470 2664 621 2717 spem
647 2658 856 2708 tantum
882 2654 935 2710 in
964 2656 1131 2713 Deo“
1146 2675 1364 2729 ponere,
1386 2680 1545 2733 quem
1574 2668 1746 2722 solum

187 2736 415 2792 amittere
438 2738 589 2799 inviti
614 2755 726 2795 non
752 2757 1057 2814 possumus,
1083 2750 1372 2808 salutarem
1400 2754 1503 2809 sibi
1531 2755 1749 2827 ﬁlioque

185 2826 447 2882 scientiam
477 2828 685 2897 induit;
718 2842 777 2887 ut
804 2838 1079 2903 parvulum
1104 2855 1261 2896 suum
1289 2846 1605 2913 negligenda
1624 2826 1748 2905 dili-

185 2926 330 2981 geret,
359 2926 421 2972 et
466 2918 788 2978 dimittendo
816 2926 1095 2993 retineret,
1140 2931 1341 2989 firmius
1382 2935 1628 2993 habitura
1652 2939 1746 2995 ab-

184 3015 368 3061 sentem
411 3024 572 3078 quem
616 3010 846 3069 Domino
890 3019 1346 3090 commendasset,
1396 3040 1556 3094 quam
1593 3043 1742 3086 com-

1857 1832 2071 1899 atljeeit,
2102 1835 2240 1889 sicut
2274 1835 2580 1901 Salomoni,
2605 1840 2727 1906 quia
2759 1840 3071 1909 sapientiam
3098 1851 3282 1911 petere
3320 1844 3431 1897 ele-

1856 1922 2041 1989 gisset,
2073 1925 2234 1979 etiam
2282 1935 2493 1982 ceteras
2518 1943 2649 1996 opes
2677 1943 2809 1996 quas
2853 1945 2959 1983 non
2992 1939 3337 2000 poposcerat,
3362 1933 3431 1986 ob

1855 2010 1960 2065 hoc
1985 2012 2155 2082 ipsum
2184 2014 2308 2081 quia
2338 2031 2445 2068 non
2466 2014 2880 2080 desideraverat,
2906 2018 3132 2071 contulit
3160 2017 3205 2070 ιι.
3240 2018 3430 2072 Rennu-

1855 2109 2072 2154 neratus
2093 2102 2418 2157 intellectum
2454 2103 2546 2173 (V.
2581 2119 2668 2174 ep.
2694 2102 2781 2169 2'6,
2815 2121 2960 2158 num.
2990 2103 3043 2176 2)
3074 2106 3291 2170 bonum,
3322 2122 3429 2174 quo

1854 2186 2050 2244 inﬁmis
2084 2206 2292 2245 summa
2323 2193 2659 2261 przetulerat,
2690 2193 2894 2247 minora
2922 2194 3211 2262 majoribus
3238 2211 3427 2265 super-

1851 2274 2006 2332 fudit.
2030 2277 2109 2332 Ita
2137 2280 2224 2334 ille
2272 2281 2467 2335 meruit
2497 2296 2777 2351 possessor
2823 2285 3058 2338 omnium
3102 2302 3263 2355 opum
3291 2286 3425 2351 ﬁeri,

1851 2366 1943 2435 qui
1982 2382 2101 2422 esse
2146 2384 2473 2423 summarum
2515 2369 2716 2439 petitor
2760 2370 3015 2439 elegerat.
3047 2372 3167 2441 Quo
3213 2376 3427 2444 quidem

1858 2470 2048 2510 onmes
2068 2458 2318 2526 exemplo
2340 2457 2690 2513 admonemur
2718 2474 2927 2528 sapere,
2959 2479 3079 2516 cum
3103 2463 3355 2519 docemur
3382 2468 3425 2497 “

1849 2544 2069 2615 eligere.
2108 2545 2314 2600 Minora
2356 2548 2498 2601 enim
2526 2547 2842 2617 majoribus,
2876 2559 2932 2605 et
2979 2553 3199 2607 summis
3249 2554 3427 2609 infima

1849 2634 2012 2697 bona,
2046 2634 2099 2689 id
2128 2643 2232 2701 est,
2283 2643 2497 2690 terrena
2539 2637 2845 2693 emlestibus
2892 2648 3323 2711 anteponentes:
3372 2643 3426 2697 in

1851 2737 2063 2791 poenam
2110 2724 2286 2779 stulta:
2330 2723 2670 2798 cupiditatis,
2700 2727 2845 2780 omni
2875 2729 3173 2785 carebimus
3217 2747 3426 2788 summo

1848 2809 2006 2863 simul
2034 2820 2195 2881 atque
2223 2811 2404 2866 inﬁmo
2424 2814 2605 2880 bono;
2634 2824 2687 2868 et
2711 2815 2798 2868 illa
2821 2816 2965 2885 juste
2995 2834 3101 2873 non
3135 2824 3422 2891 accepturi,

1849 2912 1967 2965 quae
1991 2914 2096 2951 non
2113 2899 2586 2957 desideraverimus
2601 2919 2615 2967 ;
2629 2910 2683 2957 et
2711 2903 2825 2959 istis
2844 2906 3035 2961 merito
3056 2906 3421 2979 defraudandi,

1851 3000 2079 3053 quorum
2121 3003 2306 3041 amore
2336 2990 2497 3043 noxio
2526 2991 2734 3057 potiora
2767 2993 2838 3061 (e)
2888 2994 3298 3060 neglexerimus.
3334 2998 3423 3053 Sic

184 3094 383 3163 μεχυη
416 3075 735 3168 mum
782 3104 825 3158 si
864 3106 966 3160 sibi
1006 3075 1346 3168 credidiéééi'
1595 3075 1712 3177 *ἐξ
1773 3102 1817 3164 C
1853 3082 1908 3128 et
1947 3083 2100 3143 pater
2124 3075 2391 3130 Abraham
2440 3078 2642 3146 recepit
2689 3080 2927 3177 oblatum
2976 3082 3087 3177 Deo
3126 3086 3345 3177 unicum
3374 3084 3421 3155 ι,

1323 3154 1336 3168 ο
1370 3154 1577 3173 uua-ou“
1625 3154 1742 3189 σοι,

183 3188 473 3242 conditione
502 3205 606 3258 qua
633 3193 826 3263 potuit,
856 3195 1022 3255 Anna:
1048 3201 1244 3258 sterilis
1272 3203 1427 3261 ﬁdele
1456 3218 1635 3264 votum
1665 3221 1691 3259 8
1724 3188 1738 3265 ὲ

183 3289 285 3328 nam
307 3287 363 3331 et
393 3280 557 3334 istam
585 3281 844 3339 damnosa
890 3285 1185 3347 fccxznditas
1238 3297 1405 3351 sterili
1443 3302 1739 3367 proximam

182 3361 392 3433 fecerat;
439 3380 494 3424 et
541 3374 663 3429 talis
690 3376 829 3435 efﬁci
867 3391 989 3449 post
1010 3396 1320 3445 evacuatam
1363 3361 1740 3451 fecunditatem

180 3454 376 3523 timens,
406 3462 582 3528 qualis
611 3465 701 3521 illa
729 3467 904 3525 fuerat
930 3481 1056 3528 ante
1083 3478 1428 3544 promeritam
1456 3481 1747 3539 fecundita-

180 3552 292 3609 tem,
335 3551 613 3609 divcrsum
657 3557 769 3612 Deo
797 3576 991 3620 munus
1035 3567 1197 3622 simili
1221 3569 1490 3628 dedicavit
1527 3575 1738 3633 affectu.

178 3634 265 3733 ista
290 3641 356 3697 de
385 3655 546 3713 parto
572 3649 817 3721 pignore,
840 3655 927 3710 illa
954 3656 1021 3713 de
1047 3662 1399 3733 concipiendo
1430 3668 1471 3701 ⁸³
1491 3669 1735 3725 sollicita.

180 3724 258 3780 llla
284 3741 341 3785 ut
362 3744 541 3827 mater
560 3754 680 3795 esse
707 3742 986 3813 inciperet,
1017 3749 1130 3807 haec
1172 3724 1322 3827 i8]
1354 3773 1421 3812 ne
1445 3774 1565 3815 esse
1592 3762 1737 3816 desi-

180 3831 333 3918 naet.
364 3825 523 3889 Quod
551 3828 597 3883 si
625 3830 754 3887 ideo
774 3833 1031 3896 dissimile
1045 3825 1335 3914 judicatur,
1360 3850 1483 3918 quia
1512 3868 1619 3906 non
1640 3854 1739 3909 hu-

176 3907 339 4005 insita
366 3925 429 3970 ut
456 3918 600 3975 illius
636 3920 778 3980 ﬁlius
815 3926 870 3982 in
895 3907 1095 4003 templo
1114 3907 1392 4005 depositus
1410 3943 1607 3997 serviat

176 4000 306 4101 mino
327 4002 377 4069 ³,
408 4007 502 4101 qui
533 4018 587 4063 et
627 4013 818 4081 opibus
869 4000 1034 4077 seculi
1084 4000 1266 4080 utatur
1309 4036 1364 4082 et
1399 4029 1735 4101 honoribus;

175 4095 340 4185 tamen
364 4110 399 4151 e
426 4096 643 4156 diverso
665 4102 744 4173 (ά)
767 4112 1204 4177 compensatione
1227 4118 1440 4185 pietatis
1463 4095 1738 4179 etﬁdeivi;

173 4176 314 4280 detur
327 4187 532 4280 aequari
566 4206 579 4240 :
610 4191 733 4258 quia
764 4176 1039 4256 haeeidem
1068 4202 1135 4257 de
1152 4176 1442 4277 semetipsa
1472 4176 1737 4280 persolve-

173 4268 231 4360 rit
254 4270 510 4344 Domino,
529 4281 673 4345 quod
701 4284 933 4350 gloriosa
954 4288 1105 4346 Anna
1129 4293 1194 4349 de
1221 4268 1451 4353 ﬁlim-Illi
1471 4268 1611 4356 enim
1640 4320 1735 4360 vo—

172 4359 296 4465 tivus
321 4364 542 4464 Samuel
569 4371 624 4425 in
651 4374 833 4441 plures
862 4389 1045 4447 partus
1064 4396 1246 4452 postea
1279 4401 1596 4460 repensatus
1619 4406 1730 4465 est;

1848 3165 1973 3232 quia
2003 3173 2253 3234 prompte
2282 3166 2475 3219 obtulit
2496 3168 2843 3236 postulatum.
2875 3169 3096 3226 Sufl'ecit
3121 3173 3165 3204 "
3197 3173 3423 3229 Domino

1845 3252 2163 3308 sacriﬁcium
2194 3253 2407 3323 pietatis
2436 3255 2487 3308 in
2516 3256 2678 3311 corde
2701 3258 3014 3327 perfectum,
3039 3269 3094 3313 et
3117 3261 3187 3315 ob
3208 3262 3311 3317 hoc
3333 3264 3419 3317 in-

1845 3343 2104 3412 terposita
2152 3344 2325 3411 angeli
2353 3360 2514 3399 manu
2538 3344 2647 3413 jam
2673 3346 2968 3402 vibrantem
2998 3348 3272 3404 dexteram
3301 3367 3423 3422 per-

1845 3431 2050 3485 cussuri
2080 3432 2247 3501 patris
2275 3433 2571 3501 excipiens,
2600 3434 2829 3503 subjecit
2871 3436 3102 3492 victima:
3130 3454 3287 3494 ovem
3327 3456 3421 3496 su-

1843 3518 1959 3575 bito
1987 3529 2361 3589 praeparatam,
2394 3529 2453 3575 ut
2480 3536 2580 3576 nec
2607 3522 2719 3577 Deo
2747 3522 2955 3578 deforet
2981 3526 3176 3589 hostia,
3210 3542 3308 3582 nec
3336 3545 3422 3597 pa-

1844 3610 1912 3662 tri
1936 3608 2091 3663 ﬁlius.
2112 3607 2278 3663 Simul
2302 3618 2361 3664 ut
2379 3612 2688 3680 mysterium
2713 3612 2764 3665 in
2787 3604 3001 3668 Christo
3023 3617 3418 3684 complendum.

1843 3706 2110 3765 quatenus
2158 3701 2312 3768 182
2342 3700 2556 3768 imagini
2601 3700 2815 3765 licebat,
2848 3702 2899 3754 in
2928 3702 3076 3758 Isaac
3101 3707 3417 3769 exercitum,

1843 3784 1896 3838 in
1926 3786 2094 3839 ariete
2136 3785 2490 3851 formaretur;
2519 3802 2640 3841 cum
2669 3797 2725 3841 et
2755 3801 2924 3855 agnus
2964 3790 3055 3844 ille
3090 3792 3159 3844 ad
3197 3792 3420 3848 formam

1841 3874 2135 3929 Salvatoris
2164 3875 2216 3929 in
2264 3873 2498 3946 Egypto
2538 3884 2724 3945 postea
2757 3876 3112 3933 immolandus
3136 3889 3199 3941 ω,
3225 3881 3338 3948 jam
3366 3884 3421 3937 in

1839 3965 1920 4019 sui
1964 3964 2175 4031 generis
2213 3979 2410 4033 pecore
2459 3964 2904 4033 praetenderetur,
2940 3967 3044 4022 hoc
3094 3977 3209 4035 est,
3259 3971 3311 4025 in
3354 3988 3423 4028 eo

1840 4052 2013 4106 ariete
2041 4051 2131 4122 qui
2159 4067 2258 4121 pro
2288 4051 2437 4107 Isaac
2484 4054 2722 4108 occurrit
2770 4054 2823 4108 in
2873 4055 3168 4122 victimam.
3217 4068 3276 4113 ut
3321 4076 3422 4130 pro

1839 4139 2058 4195 Christo
2105 4140 2159 4195 in
2207 4140 2426 4209 figuram
2467 4152 2836 4211 praecurreret.
2861 4144 3044 4213 Itaque
3073 4149 3213 4203 aries
3240 4150 3314 4204 illi
3340 4152 3418 4206 in-

1836 4241 2031 4285 ventus
2078 4238 2178 4295 est,
2203 4231 2290 4286 cui
2320 4246 2425 4285 non
2455 4232 2753 4287 debebatur
2772 4249 2979 4289 summa
3000 4239 3237 4307 mysterii
3272 4257 3284 4292 :
3325 4241 3425 4296 sed

1838 4319 1929 4374 ille
1982 4321 2189 4375 occisus
2241 4328 2346 4387 est,
2373 4321 2459 4376 cui
2507 4322 2887 4377 reservabatur
2929 4324 3190 4393 perfectio
3235 4343 3419 4384 sacra-

1837 4410 2022 4464 menti.

169 4447 875 4568 ξξῗξὶηξίξξιξξιξυξξωηωθ
892 4447 1178 4568 ,ωῗιηὶιων
1211 4447 1591 4540 ﬁnis-ludunt;
1760 4463 1809 4525 Β
2009 4449 2074 4552 ’Μ
2082 4498 2190 4552 ulta
2212 4498 2286 4553 illi
2315 4506 2372 4553 et
2400 4498 2453 4553 in
2482 4499 2650 4568 ipsius
2676 4500 2836 4568 hujus
2871 4501 3075 4556 militia:
3103 4505 3418 4563 rudimentis

321 4545 584 4643 mandato
611 4533 966 4621 primogenito
990 4561 1043 4615 in
1064 4533 1294 4623 statione
1316 4533 1602 4644 templ—iret

166 4626 295 4734 domi
322 4634 576 4705 pignora,
607 4649 662 4695 et
705 4643 871 4713 ipsius
897 4663 1216 4723 quamquam
1256 4626 1451 4718 sacrati
1466 4626 1600 4734 filii,
1622 4626 1731 4727 non

167 4714 446 4793 lunginqua
469 4736 646 4787 tamen
954 4744 1035 4814 (id
1058 4714 1135 4801 est
1163 4714 1447 4809 distantia:

1836 4589 2095 4644 adversus
2123 4590 2171 4622 ³³
2192 4589 2483 4644 draconem
2514 4590 2748 4645 invidum
2769 4591 2918 4646 fuere
2937 4597 3229 4649 certamina
3264 4616 3277 4650 :
3310 4616 3416 4656 non

1834 4678 1975 4733 enim
1996 4692 2150 4746 passa
2173 4686 2257 4732 est
2278 4678 2423 4732 lividi
2446 4679 2613 4733 hostis
2643 4679 2838 4732 invidia
2863 4680 3003 4735 laeili
3032 4683 3177 4737 illam
3220 4696 3277 4739 et
3317 4704 3417 4758 pa-

1833 4775 1956 4822 cato
1978 4766 2127 4821 abire
2150 4766 2418 4835 digressu;
2451 4768 2547 4822 sed
2570 4776 2682 4822 tota
2700 4769 2954 4824 nobilium
2982 4774 3411 4843 propinquorum

226 4848 251 4876 ⁸
280 4840 442 4898 Deut.
471 4862 636 4914 xxxn,
658 4850 759 4919 39;
790 4852 927 4911 Psal.
961 4876 1137 4928 Lxxvt,
1172 4867 1256 4923 10.
1333 4869 1360 4910 δ
1388 4874 1432 4926 Α
1472 4891 1554 4932 oc,
1587 4894 1644 4936 ιη
1696 4882 1744 4937 ιε

226 4923 259 4984 Lv
308 4912 407 4984 ⁸,ος
439 4924 497 4969 et
551 4934 638 4983 xv,
670 4921 760 4979 24.
839 4929 1048 4984 οΡι-ον.
1096 4951 1179 4984 ιη.
1232 4939 1315 4984 12,
1433 4891 1596 4984 Puni.
1647 4922 1732 4984 ἠ.

1863 4896 1885 4922 ο
1927 4884 2043 4938 Act.
2077 4900 2150 4946 ix,
2184 4882 2236 4937 8.
2311 4882 2337 4921 ά
2368 4883 2557 4937 Johan.
2592 4902 2642 4950 v,
2674 4886 2755 4953 I7,
2788 4897 2842 4942 et
2870 4905 2945 4957 Ix,
2978 4890 3030 4957 4,
3063 4901 3117 4946 et
3143 4909 3194 4959 x,
3224 4892 3315 4959 ‘25,
3362 4903 3415 4949 et

1858 4954 2050 4984 .Δ.πιιι
2116 4967 2173 4984 ιη
2235 4953 2300 4984 an
2399 4954 2613 4984 αΙΩηη
2672 4974 2688 4984 .
2746 4960 2797 4984 ιι
2907 4958 2985 4984 ιιι
3044 4960 3155 4984 η--
3229 4979 3281 4984 -__
3370 4970 3382 4984 .

169 4912 407 4998 iuga-0,
439 4924 497 4969 et
534 4912 638 4998 _x_v,
670 4912 775 4998 2.4;
839 4936 863 4965 ο
1165 4912 1191 4998 ,-
1207 4912 1316 4994 v1.2.

168 5058 282 5100 un.
362 5061 403 5088 ω
440 5053 615 5113 Exod.
642 5075 738 5130 xn,
766 5063 822 5123 5.

196 5164 304 5238 ,(α)
348 5164 448 5219 Μεο
483 5168 613 5251 Reg.
664 5184 720 5231 et
748 5177 874 5233 edit.
904 5180 1032 5238 Bad.
1066 5196 1119 5241 et
1143 5187 1326 5257 Grav.,
1358 5194 1586 5254 luctuosa
1620 5216 1733 5256 am-

164 5226 277 5278 bul.
303 5233 405 5278 Ed-
436 5236 563 5278 Crm
612 5244 842 5278 lupum...
875 5250 1008 5278 λιιι...

228 5247 277 5306 ι..
303 5233 406 5306 Ed.
436 5233 589 5293 ϐπ·ίηῖ
610 5244 842 5300 luctuosa
872 5233 1030 5306 obitu.

162 5300 779 5429 Aliﬁtsiﬁlzeposuimus
820 5300 892 5373 ex
908 5300 1043 5377 mss.
1062 5326 1335 5427 codicibus
1357 5332 1477 5388 Vat.
1498 5346 1554 5392 et
1572 5338 1727 5395 Vien.

319 5441 435 5532 Δξίε⁸
463 5451 811 5532 emendatum
845 5473 927 5532 -ex
974 5477 1076 5517 ms.
1111 5464 1367 5524 Vaticano
1409 5474 1613 5530 codice.
1652 5476 1731 5532 lta

160 5516 372 5636 ggpgue
410 5516 539 5572 editi
569 5518 743 5590 Grin.,
774 5526 958 5583 Schol.
986 5540 1040 5585 et
1068 5516 1730 5612 Laiihi'dsi'aiiﬁéﬁicé's",

223 5646 293 5716 (ά,
328 5648 409 5706 Ita
432 5660 765 5719 correximus
786 5664 929 5723 iuxta
949 5669 1239 5729 editionem
1258 5673 1407 5733 Grin.
1434 5678 1735 5739 faventibus

175 4944 259 4973 μιν
310 4944 407 4977 -υς
439 4944 497 4969 σι
552 4944 638 4983 ιν,
671 4944 760 4979 Μ,
839 4944 863 4965 υ
890 4944 1048 4985 ιιι-ον.
1096 4951 1179 4998 ιη’
1232 4944 1316 4994 12.
1433 4944 1615 5003 (uel).
1650 4944 1732 5006 'x"

175 4983 183 5007 '
220 4974 361 5027 Psal-
396 4998 497 5027 uv,
532 4983 602 5027 ΩΧ
702 4990 713 5027 i
755 4992 775 5027 1
799 5012 862 5027 nn
917 5015 932 5027 .
1010 5000 1070 5027 in
1094 5021 1106 5027 _
1138 5004 1231 5027 ο-.
1490 5015 1555 5027 νυ.
1656 5019 1667 5027 .
1714 5022 1744 5027 ,.

1858 4971 1871 5016 ἶ
1900 4954 2075 5027 Αροβι
2115 4944 2217 5027 ΨΑ
2235 4953 2318 5027 Ψ·
2399 4954 2464 5009 sl
2501 4954 2613 5027 R98

259 4982 715 5097 sal.mulv:,‘33."l;
753 4992 882 5097 Ιὲυο.
915 4982 1070 5068 1,19
1367 4982 1459 5079 ιιι,
1656 4982 1744 5076 cli]

2100 4982 2217 5087 fill
2236 4982 2376 5094 1liltig.
2399 4982 2472 5077 otii
2493 4982 2643 5090 ."ig';
2851 4982 2947 5095 vti,
2966 4982 3000 5085 Ι1
3016 4982 3066 5087 li

2621 4996 2634 5009 .
2672 4960 2827 5032 I,_ll.
2906 4958 2987 5015 δι
3043 4960 3175 5032 Reg.
3228 4958 3306 5029 ut,
3366 4970 3415 5018 ‘l.

3157 5034 3172 5071 ι
3215 5033 3413 5091 Cenes.

1834 5219 1946 5293 ms;
1966 5204 2245 5293 Vaticano,
2279 5207 2467 5293 in_quo
2495 5214 2974 5293 compensatione...
3006 5218 3206 5274 videtur
3234 5238 3411 5293 ra’qua,

1836 5283 1891 5355 et
1910 5274 2179 5355 Sacchino
2204 5278 2293 5355 qui
2343 5274 2622 5355 legendum
2659 5294 2869 5355 censet,
2924 5274 3409 5355 οοηιρεηδαιὶὸιῖεέξί

1837 5343 2071 5398 videatur
2098 5343 2312 5422 (aquari.
2343 5343 2629 5404 verissima
2659 5351 2818 5422 lectio
2856 5343 3408 5422 'quam'restituimns,

1876 5427 2061 5480 umque
2082 5413 2453 5487 __c_dnﬁrmatur
2477 5434 2541 5471 ex
2572 5413 3007 5487 pnccedenti'hus.
3036 5424 3160 5480 Mss.
3194 5413 3406 5483 codices

1876 5427 2061 5480 umque
2108 5426 2453 5470 conﬁrmatur
2477 5434 2541 5471 ex
2572 5426 3007 5487 pnccedentihus.
3036 5426 3160 5480 Mss.
3194 5430 3406 5483 codices

1835 5426 1971 5566 (gleg.
1997 5488 2054 5536 et
2082 5480 2259 5549 Vien.,
2290 5490 2817 5566 compensatiolm...
2846 5494 2957 5566 vide
2992 5496 3275 5566 adwquari.
3304 5497 3407 5552 Ed.

1840 5548 2514 5628 liosv.,_gomp_¢3nsation_em
2533 5559 2706 5628 rideat
2733 5565 2927 5628 (aquari
2945 5603 2958 5620 .
2991 5548 3261 5622 mendose.

1916 5618 1986 5676 te)
2027 5618 2313 5691 MssrReg.
2347 5632 2402 5679 et
2424 5625 2617 5695 Vatic.,
2649 5618 2968 5703 neglibimus.
