4006 6180
502 297 602 352 519

1623 289 1680 345 S.
1722 285 1990 342 PAULlNl
2029 283 2276 339 NOLANI
2313 280 2608 338 EPlSCOPl

3645 287 3754 339 32’.)

495 411 734 482 potentia
749 409 813 463 ad
832 405 1166 464 retinendum
1188 413 1416 468 armata,
1439 403 1770 475 propositum
1793 396 2068 468 impedire,
2103 402 2145 455 Λ
2177 398 2451 466 Neapolim
2476 397 2518 427 ³⁸
2540 397 2724 448 urbem
2753 393 2901 447 brevi
2931 393 3104 462 spatio
3144 407 3172 446 a
3204 394 3404 449 Nolana
3425 436 3440 461 ,
3479 407 3582 462 qua
3608 395 3756 464 ἀθεί-

496 515 550 558 ct
573 504 717 558 eunti
740 503 957 558 obstare
978 507 1203 554 conatus
1224 504 1326 552 est.
1350 495 1456 550 Sed
1480 495 1567 548 illa
1589 494 1631 525 "
1656 493 1792 546 ultra
1821 491 2072 543 virtutem

499 595 851 648 tentationum
876 593 986 660 jam
1015 589 1342 653 eonfortata,
1371 588 1446 657 (α)
1478 595 1532 641 et
1553 599 1812 654 corporea
1832 591 1886 636 et
1915 580 2078 650 pieta-

497 685 571 740 tis
602 685 829 746 vincula,
862 691 917 737 et
947 697 1137 736 navem
1187 679 1394 734 cunctis
1428 676 1680 732 ﬂentibus
1721 674 1839 728 lucta
1871 671 2031 726 solvit
2059 687 2071 720 :

498 785 914 843 Constanterqne
943 787 1227 842 congressa
1269 771 1514 825 ﬂuctibus
1560 767 1740 831 maris,
1773 781 1840 819 ne
1870 772 2075 818 tantum

499 868 662 923 seculi
690 866 877 921 ﬂuctus
929 867 1186 928 vinceret,
1218 862 1520 929 navigavit;
1552 866 1606 913 et
1650 855 1807 911 simul
1834 853 2076 909 seculum

489 958 792 1026 orbemque
835 961 1200 1018 commutatis,
1229 951 1417 1005 urbem
1467 946 1798 1002 Hierusalem
1853 941 2077 1011 spiritali

511 1047 664 1109 lono,
695 1047 747 1099 in
774 1061 878 1114 qua
908 1060 936 1096 a
964 1056 1193 1112 corpore
1219 1038 1668 1110 peregrinaretur,
1699 1035 1876 1101 elegit,
1928 1033 2077 1086 exsul

505 1138 712 1201 :ivium,
746 1146 802 1190 et
835 1137 968 1190 civis
993 1133 1180 1189 eﬂ‘ecta
1228 1139 1535 1185 sanctorum
1579 1137 1626 1180 ⁸.
1678 1120 1975 1180 Prudenter
2023 1130 2080 1176 et

498 1237 681 1283 sancte
714 1228 765 1280 in
814 1228 912 1281 ista
940 1226 1110 1280 voluit
1137 1223 1340 1278 servire
1367 1235 1486 1289 qua:
1537 1219 1720 1282 servit,
1769 1225 1829 1271 ut
1881 1215 1934 1269 in
1990 1214 2078 1268 illa

497 1319 665 1390 possit
691 1333 915 1387 regnare
944 1332 1062 1386 quae
1093 1314 1258 1369 libera
1282 1321 1382 1367 est.

568 1409 656 1462 Η.
699 1408 772 1462 De
817 1407 998 1460 multis
1046 1414 1221 1458 tamen
1274 1402 1328 1456 in
1366 1401 1454 1454 illa
1482 1397 1767 1453 virtutibus
1795 1395 1887 1450 Dei
1915 1410 2078 1450 unam

495 1501 707 1561 saltem,
733 1498 800 1552 de
827 1513 930 1566 qua
953 1495 1069 1565 ejus
1097 1493 1273 1549 omnia
1294 1491 1624 1546 a‘stimentur
1643 1503 1806 1558 Opera
1836 1488 1912 1553 ",
1943 1502 2079 1556 prte-

495 1591 707 1646 dicabo.
757 1589 1022 1657 Tempore
1059 1587 1152 1640 illo
1207 1583 1462 1646 Valentis,
1511 1579 1728 1649 quando
1784 1577 2076 1633 Ecclesiam

495 1679 589 1735 Dei
610 1680 715 1734 vivi
745 1679 892 1733 furor
913 1677 1227 1731 Arianorum
1251 1686 1374 1740 rege
1399 1672 1514 1742 ipso
1535 1669 1824 1740 impietatis
1848 1668 2078 1723 satellite

2179 505 2316 552 mus,
2372 489 2592 544 civitate
2618 485 2920 541 distinctam
2950 486 3035 558 (id
3062 496 3138 540 est
3184 487 3502 556 distantem)
3528 485 3756 542 advecta

2178 588 2281 647 est,
2309 580 2396 634 ubi
2436 578 2663 633 ﬁliorum
2691 588 3050 648 nepotumque
3089 594 3312 632 occursu
3359 587 3602 648 excepta,
3629 595 3754 633 mox

2180 672 2366 728 Nolam
2395 671 2462 726 ad
2509 671 2826 727 humilitatis
2871 678 3068 726 nostrae
3111 671 3399 739 hospitium
3439 671 3707 724 lestinavit
3742 689 3754 723 :

2179 778 2287 834 quo
2318 762 2471 818 nobis
2500 762 2720 816 advenit
2745 763 3033 816 ambitioso
3071 761 3454 818 ditissimorum
3475 762 3754 831 pignorum

2179 854 2372 908 vallata
2395 853 2671 908 comitatu.
2704 853 2942 906 Vidimus
2963 852 3185 919 gloriam
3217 851 3428 906 Domini
3458 853 3509 905 in
3533 851 3620 905 illo
3644 867 3762 905 ma-

2179 945 2276 999 tris
2287 953 2342 998 et
2360 943 2674 1014 (c)tiliorum
2700 943 2891 997 itinere
2916 942 3131 1010 quidem
3161 957 3268 996 uno
3285 942 3348 1003 ³¹,
3368 941 3462 995 sed
3492 942 3648 1010 longe
3669 941 3761 996 di-

2179 1037 2322 1105 spari
2344 1036 2486 1090 cultu
2510 1053 2524 1100 ;
2561 1050 2743 1088 macro
2779 1033 2920 1088 illam
2951 1041 3007 1087 et
3034 1033 3223 1086 viliore
3251 1033 3429 1088 asellis
3448 1034 3634 1088 burico
3658 1033 3759 1103 (V.

2181 1136 2293 1182 not.
2321 1127 2445 1195 150)
2473 1127 2746 1181 sedentem
2770 1133 2884 1180 tota
2913 1124 3070 1191 hujus
3095 1126 3261 1180 seculi
3283 1141 3500 1196 pompa,
3525 1142 3630 1195 qua
3659 1127 3766 1181 ho-

2181 1219 2353 1272 norati
2380 1227 2434 1272 et
2459 1219 2694 1287 opulenti
2717 1225 2967 1286 poterant
2996 1215 3290 1272 circumﬂui
3333 1225 3610 1271 senatores
3632 1233 3764 1286 pro-

2178 1307 2563 1374 sequebantur,
2594 1306 2830 1360 carrucis
2884 1307 3225 1369 nutantibus,
3255 1305 3548 1375 phaleratis
3583 1308 3760 1374 equis,

2179 1397 2379 1451 auratis
2405 1398 2640 1465 pilentis,
2659 1406 2713 1452 et
2731 1399 2999 1467 carpentis
3027 1397 3287 1467 pluribus,
3312 1407 3559 1466 gemente
3586 1397 3764 1468 Appia

2181 1489 2260 1558 (id
2283 1500 2358 1542 cu
2386 1490 2467 1542 via
2498 1490 2691 1559 Appia)
2737 1497 2901 1560 atque
2948 1489 3182 1558 fulgente
3215 1491 3346 1546 :sed
3386 1491 3766 1560 splendoribus

2179 1580 2427 1635 vanitatis
2471 1580 2799 1649 prmlncebat
2839 1579 3156 1635 Christiana:
3202 1581 3517 1638 humilitatis
3564 1583 3761 1650 gratia.

2180 1667 2592 1722 Admirabantur
2637 1668 2830 1724 divites
2878 1685 3168 1739 pauperem
3210 1678 3450 1726 sanctam
3485 1690 3496 1724 :
3539 1680 3593 1725 at
3642 1672 3767 1727 illos

495 1772 938 1842 persequebatur,
967 1769 1079 1823 haec
1113 1775 1231 1821 erat
1258 1765 1506 1834 princeps
1533 1761 1616 1815 vel
1644 1761 1913 1830 particeps
1953 1775 2086 1813 cun-
2121 1765 2158 1819 lt
2189 1771 2371 1816 nostra
2393 1761 2677 1831 pauperies
2704 1761 2929 1816 ridebat.
2953 1761 3194 1817 Vidimus
3228 1761 3439 1830 dignam
3473 1763 3581 1816 Deo
3599 1763 3767 1831 hujus

493 1866 594 1919 ctis
618 1880 716 1934 pro
761 1862 863 1917 ﬁde
909 1860 1227 1914 instantibus
1251 1857 1318 1910 “.
1370 1855 1490 1910 llazc
1535 1853 1744 1920 fugatos
1765 1852 2076 1923 recipiebat,

493 1963 585 2009 aut
613 1955 978 2024 apprehensos
1022 1949 1381 2005 comitabatur
1411 1964 1422 1999 :
1455 1946 1549 2001 sed
1579 1961 1700 2001 cum
1723 1961 1819 2000 eos
1846 1943 2082 2014 recepis-

491 2055 576 2102 set
597 2047 649 2100 in
676 2045 955 2108 latebram,
987 2041 1077 2111 qui
1106 2048 1328 2109 propter
1367 2036 1625 2104 insignem
1656 2035 1834 2099 ﬁdem,
1876 2034 2080 2102 majore

493 2145 551 2191 et
597 2137 973 2190 haereticorum
1005 2131 1129 2186 odio
1159 2127 1566 2189 infestabantur,
1599 2132 1654 2180 et
1697 2125 2080 2180 occultantium

493 2226 570 2296 (ὁ)
592 2224 978 2291 detegebantur
999 2218 1221 2284 invidia,
1244 2217 1391 2284 gravi
1423 2225 1548 2270 tunc
1569 2215 1831 2268 seditione
1852 2214 2076 2268 diaboli-

501 2316 582 2370 cis
610 2313 813 2369 facibus
842 2310 1187 2371 inﬂammata,
1218 2306 1369 2375 quasi
1399 2313 1584 2360 contra
1613 2305 1783 2371 legem
1813 2305 2078 2373 publicam

498 2413 791 2460 contumax
823 2400 1068 2472 protrahi
1091 2415 1153 2453 ac
1183 2399 1292 2468 pati
1317 2397 1462 2466 jussa
1491 2403 1590 2459 est,
1605 2411 1722 2463 quae
1746 2395 1862 2450 illos
1891 2411 2079 2449 mane—

495 2497 643 2561 bant,
669 2495 770 2548 nisi
816 2492 1043 2563 prodere
1071 2489 1365 2544 malnisset.
1398 2485 1665 2540 Processit
1694 2485 1957 2555 impavide
1984 2501 2079 2540 cu-

497 2585 618 2656 pida
665 2584 949 2654 passionis,
1007 2588 1062 2636 et
1109 2579 1300 2656 injuria
1355 2576 1732 2648 publicationis
1775 2575 2077 2638 exsultans,

495 2673 740 2744 quamvis
769 2689 874 2727 non
896 2676 1258 2743 exspectasset
1280 2653 1446 2732 trahi,
1478 2675 1743 2721 tracturos
1771 2664 2082 2719 antevolans

495 2765 562 2817 ad
588 2763 821 2833 judicem
855 2781 867 2815 :
897 2762 988 2830 qui
1017 2759 1270 2816 confusus
1290 2758 1634 2813 veneratione
1652 2755 1946 2826 prmsentis,
1972 2771 2080 2809 non

496 2865 783 2911 exsecutus
831 2862 914 2908 est
970 2852 1293 2907 inﬁdelitatis
1340 2851 1494 2914 iram,
1523 2849 1650 2903 dum
1696 2847 1816 2902 lidei
1861 2847 2082 2900 miratur

497 2949 796 3003 audaciam.
838 2946 1034 3002 Eadem
1066 2951 1386 3014 tempestate
1425 2957 1523 3012 per
1567 2941 1798 2994 triduum
1845 2939 2082 3009 quinque

2181 1852 2364 1906 mundi
2404 1851 2803 1919 confusionem,
2835 1867 3180 1921 purpuream,
3210 1852 3455 1916 sericam,
3489 1861 3767 1906 auratam-

2179 1958 2284 2011 que
2311 1942 2698 2012 supellectilem
2725 1942 2917 2012 pannis
2953 1941 3224 1996 veteribus
3250 1951 3304 1996 et
3330 1942 3492 2009 nigris
3519 1941 3768 1995 servien-

2182 2043 2309 2088 tem.
2343 2033 2719 2088 Benediximus
2743 2033 3048 2099 Dominum,
3078 2032 3168 2100 qui
3197 2033 3412 2086 humiles
3451 2038 3500 2084 et
3533 2032 3766 2085 excelsos

2181 2125 2308 2196 facit
2339 2125 2416 2194 (ά)
2443 2125 2700 2194 sapientes
2733 2134 2778 2188 ο,
2802 2125 3083 2177 esurientes
3109 2123 3285 2193 implet
3307 2123 3468 2186 bonis,
3500 2130 3549 2176 et
3579 2122 3766 2176 divites

2181 2214 2390 2267 dimittit
2419 2214 2598 2266 inanes
2631 2211 2676 2266 τ.
2718 2211 2774 2266 ln
2805 2213 2920 2268 istis
2949 2221 3129 2266 tamen
3177 2212 3431 2266 divitibus
3458 2211 3647 2266 eadem
3680 2211 3770 2267 die

2179 2301 2248 2355 de
2272 2302 2530 2355 maternis
2565 2301 2721 2356 bonis
2758 2316 3046 2372 pauperem
3093 2301 3335 2370 spiritum
3379 2301 3768 2369 stnpebamus,

2181 2390 2271 2456 qui
2312 2389 2482 2458 magis
2521 2400 2708 2444 sancta
2751 2392 2938 2444 matris
2984 2391 3161 2460 inopia
3213 2405 3372 2458 quam
3427 2405 3520 2444 sua
3566 2391 3770 2447 visibili

2181 2481 2508 2535 abundantia
2557 2482 2943 2550 gloriabantur.
2973 2481 3202 2550 ldipsum
3233 2490 3408 2536 autem
3449 2482 3615 2550 gloria
3656 2481 3771 2536 Do-

2183 2575 2312 2628 mini
2341 2575 2623 2629 videbatur
2641 2576 2873 2644 operari,
2901 2574 3042 2643 quod
3073 2575 3309 2644 egenula:
3337 2583 3531 2629 nostra:
3550 2575 3773 2632 divitias

2184 2663 2237 2716 in
2266 2662 2382 2730 ejus
2412 2661 2533 2717 ﬁliis
2562 2664 2930 2728 intuebamur;
2965 2673 3023 2717 ut
3061 2664 3170 2732 jam
3199 2663 3323 2718 hinc
3367 2663 3593 2718 fructum
3643 2663 3772 2721 ﬁdei

2181 2769 2293 2808 sure
2312 2761 2552 2824 caperet,
2583 2769 2704 2809 cum
2724 2755 3002 2809 victoriam
3025 2769 3174 2807 suam
3203 2753 3271 2807 de
3298 2752 3456 2822 hujus
3478 2755 3651 2810 seculi
3684 2771 3773 2808 va-

2183 2846 2352 2900 nitate
2391 2846 2506 2914 ipsa
2533 2845 2891 2915 despectaret,
2923 2844 3168 2898 cominus
3197 2843 3382 2897 videns
3415 2843 3595 2897 omnia
3644 2858 3771 2912 quae

2186 2943 2405 3006 propter
2431 2935 2701 2991 Christum
2729 2935 3046 3003 reliquerat,
3072 2942 3126 2988 et
3155 2941 3502 2989 contemnere
3532 2936 3603 3004 (ε)
3645 2952 3772 3005 per-

498 3039 663 3093 millia
693 3038 1080 3092 monachorum
1125 3035 1404 3090 latentium
1432 3032 1657 3102 panibus
1683 3031 1793 3087 suis
1829 3031 1994 3100 pavit,
2026 3039 2083 3084 ut
2183 3034 2478 3083 severarat.
2521 3025 2599 3080 llli
2625 3026 2860 3090 sericati,
2893 3036 2947 3079 et
2975 3038 3074 3094 pro
3101 3040 3200 3080 suo
3229 3024 3453 3092 quisque
3479 3039 3612 3078 sexu
3645 3032 3773 3092 toga

499 3147 596 3201 per
624 3128 740 3199 ejus
785 3143 1002 3183 manum
1057 3127 1249 3180 iterum
1306 3124 1564 3178 Dominus
1608 3121 1764 3176 Jesus
1799 3121 2080 3190 pristinum
2109 3138 2152 3194 ρ
2186 3127 2279 3173 aut
2327 3119 2466 3172 stola
2512 3116 2656 3172 soliti
2702 3116 2984 3186 splendere
3035 3115 3159 3182 ﬁlii,
3189 3115 3424 3170 crassam
3451 3114 3593 3168 illam
3623 3117 3774 3169 velut

502 3236 780 3276 numerum
808 3220 860 3274 in
908 3219 1124 3272 deserto
1167 3224 1409 3286 pasceret
1436 3214 1485 3279 ι),
1518 3222 1669 3266 tanto
1715 3211 1930 3280 quidem
1958 3219 2084 3264 tunc
2183 3210 2381 3280 spartei
2401 3209 2646 3263 staminis
2675 3209 2936 3272 tunicam;
2979 3207 3149 3262 etvile
3166 3206 3439 3276 palliolum
3467 3205 3774 3274 gaudebant

501 3313 829 3381 impensiore
870 3309 1154 3364 clementia
1175 3349 1189 3370 ,
1218 3315 1420 3376 quanto
1451 3306 1660 3359 minore
1690 3303 1903 3358 licentia
1933 3302 2082 3356 fove—

504 3403 699 3456 bantur
726 3401 943 3466 occulti,
966 3413 1128 3467 quam
1159 3398 1232 3452 illi
1270 3396 1564 3466 quondam,
1587 3395 1678 3463 qui
1707 3395 1772 3448 ad
1802 3394 2083 3448 Dominum

501 3491 802 3545 voluntarie
831 3491 884 3542 in
909 3488 1157 3543 libertate
1181 3495 1237 3540 et
1265 3502 1396 3556 pace
1422 3493 1804 3540 convenerant.
1838 3482 1943 3538 Sed
1974 3485 2087 3538 hzec

507 3599 606 3638 nec
628 3582 810 3636 timida
841 3581 994 3651 183
1015 3577 1363 3648 deprehendi,
1389 3576 1726 3630 interdictum
1748 3589 1933 3651 secura
1959 3590 2089 3643 prae-

504 3672 666 3726 bebat
693 3644 1100 3734 oﬂiciumnec
1119 3668 1308 3722 volens
1347 3666 1517 3734 gloria
1546 3644 1977 3736 operationis’tid
2011 3671 2087 3717 est

501 3763 874 3834 cleemosynae.
909 3760 973 3814 V.
1007 3767 1121 3814 not.
1146 3758 1235 3826 9!)
1260 3757 1501 3826 agnosci,
1538 3763 1719 3810 tamen
1763 3753 1944 3824 operis
1973 3768 2089 3806 ma-

502 3854 784 3922 gnitudine
814 3853 1144 3923 prodebatur
1175 3867 1188 3903 :
1235 3847 1455 3902 totidem
1486 3846 1626 3916 apud
1655 3844 1898 3900 homines
1940 3839 2080 3898 testi-

505 3944 701 3998 moniis
727 3943 980 4011 gloriosa,
1024 3949 1156 4010 quot
1183 3939 1352 4008 pastis
1399 3937 1509 3991 Deo
1537 3935 1772 3990 conscia.
1803 3934 1940 4001 Quid
1977 3933 2089 3987 haec

505 4034 934 4102 meritihabeant
953 4033 997 4063 ³⁷
1018 4029 1377 4085 aestimemus?
1394 4025 1526 4080 Cum
1555 4026 1608 4078 in
1629 4024 1852 4078 historia
1877 4023 2090 4090 Regno-

506 4140 624 4178 rum
649 4123 737 4178 ille
766 4122 1088 4183 celebretur,
1119 4119 1210 4188 qui
1239 4115 1581 4170 absconditos
1605 4115 1673 4168 ab
1702 4115 1778 4167 ira
1807 4128 1961 4182 aeque
1986 4113 2088 4168 im-

507 4217 582 4284 pii
627 4213 765 4281 regis
793 4219 1008 4267 centum
1038 4209 1185 4263 viros
1209 4205 1304 4260 Dei
1334 4204 1481 4274 pavit
1505 4215 1526 4242 ε
1547 4244 1565 4270 ,
1611 4202 1958 4257 dubitandum
1984 4210 2087 4264 est,

511 4306 648 4359 hanc
675 4305 727 4358 in
756 4317 920 4371 opere
947 4299 1108 4355 simili
1137 4312 1280 4366 saepe
1307 4295 1499 4349 millies
1526 4294 1668 4348 hunc
1697 4301 1976 4348 numerum
1995 4307 2090 4347 su-

511 4409 842 4466 pergressam
870 4392 1098 4446 fructum
1127 4389 1316 4443 fecisse
1343 4384 1696 4440 centesimum
1743 4380 1791 4435 ἀ.

584 4484 670 4540 12.
703 4483 926 4552 Reliqua
956 4497 1098 4536 nunc
1127 4479 1242 4547 ejus
1271 4475 1484 4544 negotia
1514 4489 1580 4528 ac
1608 4482 1850 4541 tempora
1890 4470 2088 4525 transi-

513 4578 621 4633 Iibo
649 4579 715 4642 ",
747 4585 802 4630 et
828 4576 930 4628 hoc
981 4573 1158 4642 ipsum
1206 4584 1314 4637 quo
1343 4569 1387 4600 "
1435 4578 1682 4618 remeans
1708 4559 1998 4626 navigavit,
2029 4567 2088 4614 ut

513 4684 726 4724 cursum
767 4666 930 4734 ipsius
967 4662 1207 4726 aemuler,
1241 4655 1614 4717 transfretabo,
1653 4666 1761 4720 quo
1789 4650 1943 4705 citius
1970 4661 2088 4704 ser-

514 4774 729 4812 monem
754 4770 930 4810 meum
952 4755 1004 4807 in
1031 4752 1147 4822 ejus
1167 4749 1234 4803 ad
1265 4764 1363 4802 nos
1398 4745 1630 4798 adventu
1650 4739 1968 4811 exponendo
1990 4739 2088 4794 de-

515 4847 813 4907 let-minem,
849 4845 900 4898 in
929 4857 1037 4911 quo
1069 4825 1291 4906 magna:
1330 4835 1425 4889 Dei
1469 4834 1655 4902 gratia:
1695 4839 1967 4900 spectator
1990 4829 2084 4884 fui.

2186 3314 2346 3354 manu
2398 3307 2636 3366 tangere,
2687 3297 2844 3367 184
2871 3304 2926 3350 et
2982 3296 3299 3349 vestimenta
3339 3309 3432 3349 sua
3461 3295 3775 3364 velleribus,

2187 3406 2338 3455 auro,
2372 3399 2488 3444 arte
2515 3390 2770 3459 pretiosa,
2803 3387 3029 3458 pedibus
3057 3387 3173 3454 ejus
3222 3387 3587 3447 substernere,
3632 3402 3775 3455 pan-

2189 3483 2378 3550 nisque
2419 3480 2488 3552 (f)
2519 3488 2800 3535 conterere
2827 3479 3160 3546 gestiebant;
3187 3476 3392 3544 expiari
3413 3489 3472 3530 se
3500 3491 3530 3529 a
3558 3476 3772 3530 divitia-

2187 3589 2304 3628 rum
2331 3587 2548 3628 suarum
2569 3571 2822 3639 contagio
2845 3570 3169 3638 judicantes,
3185 3569 3230 3621 si
3250 3581 3409 3636 quam
3427 3567 3494 3620 de
3513 3567 3776 3620 vilissimo

2187 3663 2305 3733 ejus
2359 3663 2573 3728 habitu,
2607 3670 2703 3716 aut
2755 3661 2983 3728 vestigio
3037 3659 3251 3714 sordem
3295 3658 3548 3726 colligere
3595 3672 3776 3712 mere-

2189 3761 2392 3809 rentur.
3225 3772 3227 3774 ·

2265 3842 2352 3896 15.
2387 3841 2680 3910 Tugurium
2700 3856 2832 3896 vero
2862 3849 3125 3904 nostrum,
3147 3837 3288 3908 quod
3315 3853 3345 3893 a
3377 3846 3514 3893 terra
3540 3853 3776 3906 snspen-

2188 3948 2306 3988 sum
2348 3931 2649 3998 omnaculo,
2695 3931 2772 4001 (gi
2797 3945 2901 3984 una
2939 3929 3148 3998 porticu
3191 3927 3396 3982 cellulis
3424 3925 3778 3994 hospitalibus

2191 4023 2528 4092 interposita,
2562 4021 2775 4088 longius
2813 4019 3072 4086 tenditur,
3121 4018 3572 4087 quasi-dilatatum
3603 4019 3778 4084 gratia

2193 4114 2402 4169 Domini
2425 4128 2532 4166 non
2553 4112 2726 4166 solum
2757 4111 2975 4171 sanctis,
3001 4110 3092 4178 qui
3124 4110 3267 4162 illam
3307 4107 3519 4176 plurimi
3547 4109 3778 4162 comita-

2189 4202 2404 4264 bantur,
2451 4199 2548 4254 sed
2571 4199 2732 4254 etiam
2780 4198 3003 4252 divitum
3033 4197 3244 4252 illorum
3285 4196 3516 4250 catervis
3551 4211 3659 4249 non
3698 4197 3778 4264 (Ii)

2191 4293 2475 4360 incapaces
2496 4288 2771 4356 angustias
2798 4287 3028 4357 praebuit
3053 4305 3066 4338 :
3094 4287 3147 4340 in
3167 4300 3274 4354 quo
3295 4285 3538 4354 personis
3569 4300 3778 4352 puero-

2190 4395 2307 4436 rum
2336 4395 2403 4434 ac
2426 4380 2686 4448 virginum
2707 4377 2888 4432 choris
2906 4375 3081 4430 vicina
3109 4373 3419 4428 Dnminaedii
3449 4375 3618 4428 nostri
3671 4373 3779 4428 Fe-

2191 4468 2310 4523 licis
2336 4468 2568 4522 culmina
2597 4465 2947 4520 resultabant.
2979 4463 3162 4532 Neque
3190 4479 3222 4517 e
3249 4463 3463 4516 diverso
3483 4462 3778 4516 habitatio-

2119 4533 2164 4590 θ
2193 4559 2276 4612 nis
2296 4558 2555 4626 ejusdem,
2587 4555 2792 4609 dissoni
2829 4553 2953 4607 licet
2981 4552 3278 4622 proposito,
3304 4551 3543 4618 hospites
3564 4549 3776 4603 obstre-
3859 4597 3870 4604 .

2192 4649 2422 4719 pebant;
2453 4647 2546 4702 sed
2590 4653 2646 4701 et
2674 4645 2726 4699 in
2756 4644 2861 4698 illis
2888 4642 3135 4710 religiosa
3179 4641 3440 4695 modestia
3469 4639 3778 4693 imitabatur

2196 4745 2394 4791 nostra:
2413 4735 2683 4792 silentium
2713 4732 3040 4800 disciplinas;
3064 4739 3122 4784 ut
3149 4731 3194 4784 si
3223 4729 3619 4784 dissimularent
3641 4743 3777 4782 con-

2189 4827 2371 4882 cinere.
2400 4823 2759 4892 vigilantibus,
2789 4821 2941 4890 pigro
2971 4826 3160 4872 ventre
3187 4818 3386 4888 sopiti,
3434 4825 3616 4870 tamen
3665 4831 3776 4870 non

587 4967 613 4994 ιι
652 4956 846 5025 Ephes.
875 4969 934 5021 ιι,
961 4954 1042 5008 l9.
1118 4951 1146 4990 δ
1187 4949 1370 5003 Matth.
1403 4963 1520 5015 xw,
1561 4945 1648 5000 2|.
1729 4956 1750 4982 ο
1781 4942 1848 4998 lll
1878 4941 2008 5011 Reg.
2041 4957 2082 4994 χ·

2227 4937 2310 4992 l5.
2385 4935 2410 4974 ἀ
2441 4935 2630 4990 Matth.
2660 4949 2775 4997 xm,
2805 4933 2858 4989 8.
2937 4941 2960 4969 θ
2990 4930 3165 4999 lReg.
3193 4946 3248 4996 ιι,
3271 4929 3325 4982 7.
3413 4927 3431 4967 τ
3459 4928 3587 4982 Luc.
3612 4944 3654 4991 ι,
3680 4925 3774 4982 53.

587 5089 663 5159 (η)
694 5087 784 5159 S_ic
813 5101 938 5140 mss.
963 5080 1387 5159 VatigetVien.
1420 5094 1548 5159 cum.
1681 5075 1830 5131 Grin.
1856 5076 1923 5128 At
1959 5074 2089 5130 editi

518 5149 669 5222 llud,
699 5156 861 5211 Grav.
886 5165 937 5210 et.
960 5153 1231 5218 Sacchin.,
1264 5166 1492 5222 corpore.
1515 5149 1639 5222 Alii,
1669 5163 1945 5222 corporeae.

589 5215 668 5297 (ὑί
704 5226 777 5279 Ita
810 5243 908 5278 ms.
933 5215 1226 5297 vaticanus
1247 5215 1436 5273 codex.
1464 5219 1588 5297 Alii,
1622 5215 1966 5297 tegebantur._
2039 5281 2051 5294 .

591 5281 663 5369 {ci
699 5292 1209 5369 ‘SieAcmemlavimus
1238 5307 1302 5343 ex
1331 5305 1443 5369 _ms.
1472 5281 1966 5369 codice'Viennensi
1993 5281 2090 5369 ε.ξά

519 5351 608 5423 est‘
621 5351 760 5420 unici
793 5361 880 5418 lilii
913 5373 1274 5430 nepotumque
1301 5357 1544 5430 duorum
1567 5355 1805 5409 Melania:
1827 5351 2089 5430 supersti:

521 5420 652 5501 ίίιιιι,
678 5446 734 5490 ιιι
760 5420 1265 5489 ιθδιιιιιιι·’[)ει11ίιιιίιιε
1297 5429 1348 5481 in
1392 5426 1643 5501 Lausiaca
1669 5439 1788 5490 cap.
1822 5420 1963 5501 ll7.-_
1987 5420 2087 5474 Alii

519 5494 732 5561 radices
785 5504 1058 5565 mendose,
1108 5500 1353 5569 ﬁliarum.
1403 5494 1803 5569 liorrectiopcm
1851 5499 2087 5569 nostram

529 5559 778 5630 stat-[era
828 5559 1194 5628 antecedentia
1246 5577 1300 5619 ct
1346 5562 1722 5630 subsequentia
1747 5559 2083 5616 conﬁrmant.

523 5595 656 5696 \‘ide
675 5647 831 5696 enisl.
858 5642 927 5696 45
950 5642 1016 5696 ad
1041 5638 1409 5696 Augustinum,
1438 5648 1583 5686 num.
1619 5630 1672 5684 2.

555 5648 656 5702 'idc
675 5647 831 5716 epist.
858 5642 927 5697 45
950 5642 1016 5696 ad
1041 5638 1409 5707 Augustinum,
1438 5648 1583 5686 num.
1619 5630 1672 5684 2.

2263 5071 2341 5138 (d)
2369 5071 2487 5124 Vox
2514 5071 2770 5137 sapientes
2793 5069 2944 5123 abest
2983 5083 3013 5121 a
3056 5083 3156 5122 ms.
3184 5067 3372 5138 codice
3400 5065 3554 5119 Vien.

2262 5135 2331 5207 «'e)
2365 5139 2489 5192 Mss.
2535 5135 2663 5207 Reg.
2696 5148 2751 5193 et
2783 5139 2958 5204 Vicn.,
2989 5149 3297 5204 perseverat.
3331 5135 3584 5203 Legerem
3605 5173 3623 5199 ,
3652 5149 3776 5203 per.

2191 5208 2474 5266 sevcrabat.

2263 5278 2445 5351 multa
2469 5293 2566 5331 ms.
2606 5277 2797 5351 Vat_ic._
2819 5285 2873 5351 et
2899 5273 3390 5336 Sacchin.,l'avente
3435 5287 3532 5325 ms.
3567 5270 3762 5340 Regio.

2192 5345 2296 5405 Ms;
2319 5347 2494 5419 Vicin,
2527 5348 2741 5419 conteri.
2773 5345 3207 5419 Alii,_contegere_.

2266 5408 2622 5490 lg)_Sicimss.
2655 5408 2786 5490 Reg.
2818 5408 3317 5490 et'Vienfcodices
3354 5425 3476 5466 cum
3525 5411 3682 5464 editis
3713 5408 3768 5462 4.

2196 5484 2307 5542 Ed:
2338 5487 2523 5547 Rosv.,
2552 5485 2811 5538 caenaculo
2840 5499 2962 5551 uno,
2989 5484 3206 5551 porticu.

2265 5561 2344 5625 (It)
2385 5555 2508 5625 Mss.
2535 5553 2666 5624 Reg.
2689 5564 2744 5625 et
2777 5553 2926 5625 Victi.
2951 5549 3071 5608 cum
3093 5551 3179 5608 ed.
3201 5549 3385 5611 Grav.,
3410 5563 3510 5602 non
3531 5562 3769 5618 capaces,

2197 5623 2356 5683 male.
2380 5624 2515 5680 Vide
2541 5623 2916 5694 praecedentia.
