3966 6184
173 315 261 371 Si!

172 513 359 584 positi:
388 525 499 579 quo
535 504 747 577 placitis
791 498 1133 570 psallentium
1184 496 1404 551 vocibus
1439 510 1748 564 compresso

170 606 482 662 secularium
532 599 809 653 turbarum
850 592 1103 654 tumultu,
1134 591 1298 645 etiam
1322 591 1471 645 taciti
1492 590 1744 644 concine-

172 703 308 756 bant.
345 697 539 751 Verum
570 702 628 747 ut
657 692 723 746 ad
765 691 1058 761 perfectam
1090 686 1303 739 Domini
1333 685 1637 739 columbam
1666 696 1752 735 re-

170 804 398 849 curram,
430 786 564 838 scito
594 797 739 836 nunc
769 783 922 836 istam
948 787 1149 833 tantam
1183 777 1235 830 in
1266 791 1397 829 sexu
1430 772 1752 827 inﬁrmitatis

172 882 415 933 virtutem
446 876 564 940 Dei,
592 873 677 928 cui
705 871 924 926 refectio
955 869 1007 922 in
1032 866 1258 935 jejunio.
1290 867 1505 934 requies
1527 867 1578 919 in
1625 878 1751 917 ora-

172 972 330 1036 liutte,
366 968 519 1038 panis
539 967 592 1019 in
614 965 801 1025 verbo,
833 962 1049 1016 habitus
1080 960 1130 1013 in
1159 975 1359 1028 panno,
1389 959 1560 1012 lectus
1588 958 1638 1010 in
1662 971 1752 1010 sa-

171 1060 284 1126 gulo
326 1067 381 1111 et
410 1063 665 1121 centone,
691 1053 855 1106 durus
901 1052 957 1105 in
986 1058 1127 1103 terra
1177 1048 1237 1101 ﬁt
1264 1048 1441 1102 mollis
1465 1048 1516 1100 in
1536 1047 1750 1117 ‘llittera,

170 1165 265 1216 qua
296 1145 459 1214 rigidi
485 1145 676 1199 cubilis
723 1143 970 1211 injuriam
1018 1140 1228 1205 mitigat
1257 1139 1502 1193 lectionis
1552 1139 1629 1207 (a)
1658 1152 1757 1190 vo-

172 1238 373 1305 luptas;
405 1243 464 1288 et
489 1242 689 1287 sancta:
719 1232 910 1284 anima:
934 1232 985 1283 in
1011 1229 1236 1282 Domino
1269 1228 1508 1295 vigilare,
1550 1226 1757 1294 requie-

172 1339 315 1378 scere
344 1334 447 1377 est.
478 1323 626 1377 lianc
653 1334 782 1387 ergo
807 1317 912 1372 ﬁlia
933 1318 1061 1373 Sion
1085 1318 1345 1382 hactenus
1378 1316 1562 1387 habuit
1581 1325 1637 1369 et
1662 1314 1757 1369 de-

173 1414 382 1478 siderat,
424 1428 567 1467 nunc
615 1410 720 1464 ﬁlia
753 1409 1036 1479 Babylonis
1066 1406 1143 1477 (id
1164 1414 1238 1459 est
1272 1405 1463 1459 Roma.
1496 1404 1559 1457 V.
1593 1405 1750 1473 epist.

176 1507 257 1571 47,
288 1522 344 1557 η.
372 1505 420 1567 1,
454 1512 509 1558 et
532 1509 646 1555 not.
677 1499 803 1568 151)
836 1499 997 1552 habet
1022 1506 1077 1551 et
1118 1496 1411 1549 admiratur
1440 1512 1453 1546 :
1494 1494 1620 1561 quia
1644 1493 1755 1561 jam

175 1607 221 1650 et
240 1596 357 1664 ipsa
385 1593 512 1646 urbs
541 1592 594 1645 in
622 1588 866 1658 pluribus
896 1585 999 1639 lilia
1029 1585 1158 1640 Sion
1189 1594 1299 1648 est,
1323 1598 1483 1652 quam
1516 1582 1619 1636 tilia
1656 1582 1757 1635 Ba-

179 1686 410 1757 bylonis;
456 1692 511 1736 et
540 1682 663 1735 ideo
709 1679 934 1732 miratur
963 1677 1014 1729 in
1062 1675 1380 1730 humilitatis
1432 1675 1663 1728 obscuro
1702 1680 1756 1727 et

1524 291 1854 350 EPISTULA
1898 288 1983 343 XX
1996 288 2053 344 Χ.

172 424 419 479 auderent
447 419 550 489 piis
577 416 799 471 vocibus
825 410 1127 472 dissonare,
1177 408 1317 461 ﬁdeli
1349 407 1540 462 timore
1587 422 1739 460 com-
1773 414 1814 467 Α

2312 341 2319 350 .
3334 291 3440 346 532

2342 402 2669 458 ΕΡΙὸΤΟἰΑ
2712 407 2728 423 ·
2771 402 2933 456 XXX.

1858 492 2142 566 Imaginem
2174 493 2383 566 Paulini
2433 493 2651 566 Severus
2674 497 3041 563 postalarerat.
3073 496 3334 566 Castigata
3365 497 3433 549 il-

1923 563 2023 615 lius
2060 564 2400 617 immoderata
2451 564 2818 625 benevolentia,
2868 566 3137 618 occasione
3184 563 3436 634 ejusmodi

1922 635 2201 700 petitionis,
2232 650 2389 702 quant
2413 635 2677 702 ingeniose
2704 635 2886 700 eludit,
2934 636 2999 687 de
3046 636 3250 687 homine
3300 648 3435 687 inte-

1925 702 2062 756 riore
2089 713 2238 772 atque
2266 704 2520 756 exteriore
2548 705 2795 772 disputat.

1924 810 2123 866 Sancto
2154 811 2306 866 fratri
2328 822 2385 868 et
2414 813 2669 867 unanimo
2695 812 2907 868 Seveno
2937 813 3220 868 PAULINL‘S.

1928 926 1979 979 l.
2022 926 2188 981 Beato
2210 928 2470 997 Apostolo
2499 927 2696 981 dictum
2727 936 2809 981 est
2840 946 2851 979 :
2878 927 3058 981 Multa:
3087 929 3271 981 littera'.
3300 937 3346 980 te
3370 929 3439 980 ad

1854 1019 2117 1070 insaniam
2144 1020 2497 1088 perduxerant
2529 1029 2574 1070 ις.
2617 1017 2673 1072 in
2704 1034 2811 1086 quo
2843 1020 3052 1073 illorum
3078 1036 3201 1072 vera
3234 1020 3441 1074 insania

1856 1116 2097 1178 apparet,
2123 1109 2317 1177 quibus
2338 1108 2601 1176 sapientia
2632 1109 2746 1173 Dei,
2774 1124 2931 1177 quam
2957 1108 3153 1162 Paulus
3182 1109 3442 1177 loqueba-

1859 1207 1945 1251 tur
1974 1196 2022 1260 ⁸³,
2054 1198 2278 1251 stultitia
2307 1208 2423 1251 erat
2451 1217 2463 1252 :
2496 1198 2619 1266 quia
2650 1199 2797 1252 vacui
2826 1197 2926 1252 ﬁde
2959 1200 3195 1253 veritatis
3245 1200 3442 1252 intelli-

1857 1303 1983 1356 gere
2015 1306 2120 1343 non
2153 1292 2497 1344 merebantur
2526 1293 2841 1360 sapientiam
2901 1292 2992 1345 Dei
3034 1292 3325 1347 Christum.
3377 1296 3446 1348 At

1858 1398 1957 1451 ego
1978 1386 2222 1452 quamvis
2247 1387 2479 1455 propitio
2510 1386 2724 1440 Christo
2754 1387 2820 1439 ali
2852 1386 3061 1440 illorum
3084 1402 3311 1455 persona
3335 1387 3445 1441 dis-

1857 1491 2094 1546 crepem,
2146 1494 2375 1548 quorum
2421 1479 2723 1534 inﬁdelitati
2779 1481 3016 1535 insanire
3062 1482 3149 1536 ille
3199 1484 3448 1537 sanitatis

1858 1568 2111 1634 magister
2132 1568 2209 1639 (S.
2236 1569 2431 1625 Paulus
2463 1570 2626 1640 l’.ep.
2655 1572 2741 1637 50,
2771 1589 2823 1625 n.
2852 1571 2905 1641 5)
2933 1573 3239 1628 videbatur:
3266 1582 3444 1630 tatnen

1858 1659 2225 1715 unanimitatis
2246 1662 2481 1725 licentia,
2506 1677 2624 1730 qua:
2648 1663 2778 1716 mihi
2805 1671 2978 1718 tecum
2998 1663 3067 1717 de
3094 1665 3446 1719 unanimitate

179 1750 410 1829 veritatis
430 1772 551 1825 luce
574 1770 861 1831 viventem,
885 1774 939 1820 et
961 1764 1085 1820 ﬁdei
1109 1766 1453 1819 incitamenta
1479 1764 1755 1829 divitibus,

1877 1750 1981 1804 idei
2011 1760 2093 1806 est
2119 1754 2320 1808 arctior
2344 1756 2383 1821 ¹,
2417 1756 2688 1823 usurpabo
2717 1758 2889 1824 verbi,
2926 1774 3035 1811 non
3065 1760 3227 1812 animi
3254 1761 3447 1814 simili-

180 1864 537 1934 angustiarum
558 1860 750 1915 solatia
780 1857 1102 1927 pauperibus
1129 1856 1553 1918 ministrantem;
1576 1868 1760 1921 quam-

180 1970 329 2023 quam
360 1952 449 2005 illa
473 1949 671 2019 quietis
700 1957 756 2001 et
783 1947 1001 2001 latebra:
1028 1961 1138 2000 suae
1159 1944 1303 2013 apud
1342 1944 1674 1998 Hierusalem
1704 1945 1757 1997 in

184 2042 429 2097 Romanis
474 2038 637 2093 modo
689 2036 858 2091 turbis
895 2043 1152 2100 aestuans,
1202 2034 1398 2087 clamet
1431 2050 1444 2085 :
1479 2033 1595 2085 lleu
1636 2032 1757 2086 me!

184 2133 305 2204 quod
346 2132 603 2185 incolatus
656 2145 797 2182 meus
852 2126 1189 2196 prolongatus
1235 2121 1552 2178 estJdeone
1595 2124 1757 2176 dilata

187 2239 314 2289 sum,
346 2230 403 2273 ut
439 2234 584 2273 nunc
613 2217 898 2271 habitarem
944 2231 1057 2268 cum
1105 2213 1452 2268 habitantibus
1499 2213 1668 2267 Cedar
1699 2216 1759 2267 “1'

189 2309 285 2365 Hoc
312 2309 457 2363 enim
492 2307 712 2361 nomine
752 2305 890 2374 apud
920 2304 1191 2366 Hebraeos,
1226 2311 1283 2356 ut
1309 2304 1566 2373 comperi,
1597 2306 1761 2373 signi-

190 2400 366 2453 ﬁcatur
386 2399 710 2453 obscuritas.
745 2395 919 2463 Quare
947 2395 1020 2448 ita
1040 2394 1116 2447 illi
1137 2394 1508 2461 gratulandum
1553 2394 1620 2449 de
1648 2412 1763 2449 me-

187 2490 396 2543 moratis
424 2488 713 2542 virtutibus
734 2492 881 2554 puto,
904 2492 962 2538 ut
980 2482 1047 2536 de
1067 2484 1313 2552 pnesenti
1335 2483 1462 2537 sede
1488 2484 1759 2547 timeatur,

187 2589 239 2632 ut
279 2586 388 2631 tam
420 2577 642 2646 insignis
664 2576 840 2628 anima
880 2574 998 2643 plus
1026 2572 1213 2626 Roma:
1245 2572 1488 2627 conferat
1515 2588 1674 2642 quam
1696 2572 1765 2626 de

186 2668 351 2723 Roma
378 2669 559 2721 trahat
592 2684 603 2714 :
635 2673 690 2719 et
710 2666 789 2719 sic
826 2664 1000 2717 sedeat
1034 2679 1187 2732 super
1215 2663 1433 2731 ﬂumina
1460 2662 1761 2733 Babylonis,

186 2760 543 2813 atrecordetur
566 2757 693 2810 Sion
714 2754 773 2820 ι’;
810 2762 865 2808 et
890 2766 1092 2821 organo
1121 2753 1363 2821 corporis
1387 2755 1468 2807 sui
1504 2769 1765 2823 suspenso

185 2851 244 2903 ab
270 2850 502 2903 inimicm
545 2846 793 2901 omnibus
826 2842 1114 2914 Babylonis
1148 2842 1353 2897 insidiis
1394 2852 1448 2897 et
1478 2843 1762 2908 illecebris,

184 2941 231 2992 in
276 2939 364 2992 sui
401 2936 665 3006 propositi
710 2942 919 2996 tenore,
948 2931 1096 2985 velut
1143 2930 1195 2984 in
1252 2931 1503 2986 salicibus
1532 2933 1765 3002 genuino

184 3042 394 3097 semper
419 3029 463 3056 ε’
486 3028 709 3079 humore
742 3021 1041 3076 viventibus
1071 3020 1365 3073 constituta
1405 3023 1560 3091 λεδ
1591 3021 1766 3076 virere

1861 1840 2120 1903 tudinem,
2152 1851 2209 1896 ut
2230 1844 2402 1897 dicam
2428 1863 2440 1896 :
2474 1843 2693 1909 Severe,
2729 1848 2802 1900 mi
2831 1847 3051 1915 Severe,
3082 1851 3247 1903 multa
3277 1860 3327 1905 te
3356 1868 3448 1905 ca-

1859 1932 1989 1986 ritas
2038 1949 2177 2002 pene
2232 1934 2455 1989 delirum
2484 1935 2628 2001 facit,
2652 1944 2706 1989 et
2733 1937 2874 1991 circa
2902 1953 3006 2002 me,
3031 1954 3138 1993 non
3166 1940 3238 2011 (ε)
3268 1951 3445 2006 :ctate,

1858 2020 1951 2076 sed
1969 2036 2127 2076 sensu
2144 2024 2423 2092 parvulum
2452 2032 2621 2092 tuum,
2650 2034 2922 2096 tamquam
2947 2044 3077 2084 avus
3093 2031 3233 2084 circa
3264 2047 3445 2086 serum

1861 2121 2136 2182 nepotem,
2170 2114 2331 2167 nimia
2361 2116 2585 2184 pietate,
2613 2119 2757 2185 quod
2787 2130 2965 2175 tamen
2988 2137 3119 2191 pace
3149 2124 3449 2192 prudentiae

1864 2210 1967 2256 tum
1987 2202 2236 2269 dixerim,
2265 2205 2459 2259 stultus
2482 2205 2728 2263 eﬁiceris.

1934 2292 1985 2344 2.
2005 2291 2141 2358 Quid
2163 2294 2305 2347 enim
2330 2294 2424 2348 tibi
2453 2295 2519 2349 de
2547 2296 2633 2349 illa
2657 2299 2918 2366 petitione
2945 2303 3318 2371 respondeam,
3344 2321 3450 2374 qua

1865 2382 2128 2451 imagines
2154 2394 2368 2439 nostras
2397 2387 2542 2454 pingi
2571 2387 2663 2440 tibi
2692 2389 2939 2457 mittique
2959 2390 3198 2459 jussisti?
3219 2393 3454 2451 Obsecro

1866 2474 2047 2542 itaque
2086 2491 2182 2543 per
2229 2476 2434 2530 viscera
2466 2480 2724 2543 caritatis,
2753 2494 2871 2548 qua:
2902 2482 3099 2536 amoris
3128 2483 3237 2538 veri
3261 2486 3453 2541 solatia

1865 2565 1933 2620 de
1957 2565 2204 2620 inanibus
2231 2565 2417 2621 formis
2448 2570 2624 2636 petis?
2649 2569 2862 2636 qualem
2894 2572 3048 2640 cupis
3074 2580 3131 2626 ut
3177 2576 3454 2631 mittamus

1875 2657 2031 2726 186
2060 2656 2343 2724 imaginem
2372 2658 2501 2712 tibi?
2525 2660 2723 2713 terreni
2756 2661 3005 2728 hominis,
3037 2678 3104 2717 an
3134 2666 3368 2722 coalestis
3397 2666 3407 2703 ί
3432 2670 3456 2723 ἳ

1867 2746 1991 2801 Scio
2046 2748 2172 2817 quia
2230 2756 2285 2801 tu
2340 2748 2484 2802 illam
2508 2750 2966 2819 incorruptibilem
3000 2756 3234 2823 speciem
3256 2772 3455 2812 concu-

1868 2838 2048 2909 piscis,
2072 2854 2231 2906 quam
2255 2839 2308 2891 in
2333 2848 2384 2892 te
2401 2838 2518 2893 Rex
2543 2841 2778 2894 cmlestis
2794 2842 3084 2898 adamavit.
3106 2844 3291 2914 Neque
3311 2850 3454 2903 enim

1869 2930 1971 2983 alia
2019 2936 2201 2999 potest
2253 2930 2348 2982 tibi
2406 2945 2437 2983 a
2490 2931 2643 2985 nobis
2671 2935 2972 2987 necessaria
3003 2950 3145 3003 esse,
3175 2952 3334 3004 quam
3366 2940 3455 2995 illa

1870 3019 2039 3075 forma
2062 3018 2128 3072 ad
2147 3034 2307 3088 quam
2332 3020 2443 3088 ipse
2464 3020 2723 3076 formatus
2745 3038 2822 3087 es,
2850 3040 2954 3092 qua
2982 3027 3281 3095 proximum
3296 3029 3450 3099 juxta

181 3120 223 3151 θ’
249 3136 364 3173 non
384 3118 618 3179 desinat;
643 3123 698 3168 et
718 3119 1065 3183 permanente
1095 3109 1215 3163 ﬁdei
1245 3112 1546 3166 constantia
1564 3150 1579 3175 ,
1602 3114 1771 3167 virtu-
1799 3126 1845 3190 ο
1876 3120 1929 3165 te
1958 3110 2171 3179 diligas,
2201 3110 2458 3177 nulloque
2488 3118 2542 3165 te
2571 3112 2723 3167 nobis
2748 3114 3012 3169 excellere
3037 3117 3187 3182 velis,
3218 3134 3285 3173 ne
3330 3122 3458 3188 quid

183 3209 357 3276 lisque
368 3206 560 3275 gratia,
579 3205 756 3273 {alium
772 3202 882 3271 ejus
904 3216 1005 3254 non
1028 3198 1219 3268 deﬂuat
1235 3208 1256 3237 ο
1280 3216 1293 3251 :
1309 3200 1520 3254 utsicut
1536 3202 1640 3255 vita
1657 3205 1773 3272 ejus

182 3297 229 3351 in
256 3299 459 3351 itinere
505 3293 866 3363 adspectatur,
897 3291 969 3344 ita
995 3298 1051 3345 et
1073 3290 1189 3344 laus
1217 3290 1270 3343 in
1299 3290 1447 3344 exitu
1469 3301 1693 3347 canatur
1720 3294 1768 3347 ά.

252 3386 351 3440 η.
390 3384 507 3439 Non
531 3382 646 3447 tuli,
671 3381 853 3443 frater,
886 3389 946 3434 ut
975 3388 1026 3435 te
1055 3380 1157 3434 ista
1187 3380 1418 3436 nesciret
1448 3381 1513 3436 ".
1548 3380 1618 3436 Ut
1660 3398 1776 3452 gra-

181 3478 305 3531 tiam
339 3477 393 3529 in
419 3483 475 3528 te
494 3473 587 3528 Dei
612 3472 819 3542 plenius
848 3478 1112 3536 nosceret,
1139 3480 1231 3525 tuo
1258 3479 1309 3526 te
1331 3471 1403 3525 illi
1429 3474 1597 3541 magis
1612 3491 1774 3543 quam

183 3587 302 3625 meo
356 3581 605 3623 sermone
651 3564 898 3635 patefeci.
934 3565 1008 3635 (b)
1046 3562 1330 3619 Martinam
1352 3566 1495 3620 enim
1526 3578 1769 3623 nostrum

183 3662 251 3715 illi
300 3658 710 3715 studiosissime
764 3656 947 3711 talium
1000 3656 1345 3710 historiarum
1399 3658 1516 3728 ipse
1542 3660 1765 3715 recitavi

185 3754 276 3825 (V.
304 3761 427 3807 not.
475 3748 617 3819 L32).
649 3748 765 3814 Quo
793 3763 992 3817 genere
1024 3756 1075 3803 te
1117 3756 1173 3803 et
1198 3751 1491 3805 venerabili
1519 3752 1774 3822 episcopo

185 3853 353 3912 atque
378 3839 686 3894 doctissimo
708 3837 910 3892 Nicetie
941 3836 1035 3906 (V.
1070 3846 1183 3891 not.
1220 3838 1368 3908 155),
1402 3841 1493 3907 qui
1524 3856 1591 3895 ex
1613 3842 1773 3896 Dacia

188 3932 453 3987 Romanis
490 3931 680 3984 merito
709 3928 1053 3983 admirandus
1081 3928 1396 3997 advenerat,
1442 3941 1496 3985 et
1533 3933 1777 4002 plurimis

184 4027 276 4080 Dei
340 4022 565 4082 sanctis,
593 4022 645 4075 in
698 4022 922 4075 veritate
960 4036 1067 4075 non
1120 4021 1289 4089 magis
1334 4023 1408 4075 tui
1457 4024 1778 4094 prmdicatnr

182 4132 353 4185 quam
375 4114 481 4168 mei
504 4113 732 4183 jactans,
764 4112 1012 4166 revelavi.
1045 4110 1229 4165 Gloria
1257 4112 1400 4165 enim
1422 4114 1549 4168 milii
1582 4124 1664 4168 est
1698 4116 1779 4181 di-

181 4207 270 4274 Iigi
304 4206 360 4235 ⁸³
411 4212 465 4256 te
491 4209 544 4256 et
570 4201 758 4267 amari,
788 4215 948 4270 quem
978 4199 1232 4254 famulum
1277 4203 1520 4256 veritatis
1542 4220 1777 4259 consona

183 4298 388 4365 lingua:
415 4294 525 4347 vita
558 4301 799 4347 testatur.
830 4290 930 4345 Det
954 4291 1099 4345 nobis
1129 4293 1183 4345 in
1212 4293 1306 4346 illa
1351 4293 1434 4347 die
1481 4295 1778 4349 misericor-

183 4390 340 4441 diam
380 4385 634 4439 Dominus
664 4400 695 4435 a
738 4382 956 4436 Domino
989 4393 1033 4447 ι’,
1062 4398 1156 4451 per
1185 4384 1323 4439 hanc
1350 4384 1577 4450 gratiam
1627 4387 1780 4453 cujus

1876 3202 2017 3256 inter
2061 3217 2161 3257 nos
2192 3201 2451 3269 inaequale
2474 3202 2734 3258 videatur.
2761 3202 2865 3259 Sed
2896 3220 3100 3276 pauper
3124 3224 3244 3278 ego,
3274 3220 3329 3264 et
3355 3212 3458 3267 do-

1876 3291 1991 3367 lens
2019 3292 2064 3358 i,
2114 3292 2240 3361 quia
2296 3290 2471 3347 adhuc
2519 3301 2744 3348 terrena:
2776 3294 3021 3364 imaginis
3048 3300 3300 3367 squalore
3322 3318 3457 3356 con-

1875 3393 2053 3438 cretus
2080 3399 2223 3450 sum,
2247 3391 2303 3437 et
2328 3383 2449 3452 plus
2468 3384 2535 3439 de
2559 3385 2735 3455 primo
2754 3403 2914 3457 quam
2935 3388 3002 3443 de
3028 3392 3265 3446 secundo
3286 3393 3458 3451 Adam

1875 3475 2085 3529 carneis
2116 3475 2363 3530 sensibus
2391 3484 2446 3531 et
2473 3478 2703 3532 terrenis
2726 3480 2934 3535 actibus
2953 3482 3153 3547 refero,
3185 3487 3457 3553 quomodo

1876 3565 1972 3618 tibi
2000 3565 2211 3620 audebo
2265 3581 2351 3620 me
2379 3567 2619 3636 pingere,
2650 3584 2771 3622 cum
2800 3571 3034 3625 cmlestis
3064 3573 3347 3642 imaginem
3379 3577 3459 3629 in-

1878 3652 2045 3709 ﬁciari
2099 3656 2296 3725 prober
2341 3658 2687 3726 corruptione
2743 3663 2991 3714 terrena?
3049 3662 3327 3732 Utrimque
3375 3682 3460 3720 me

1877 3742 2155 3798 concludit
2182 3744 2392 3814 pudor:
2425 3746 2687 3800 erubesco
2710 3747 2929 3815 pingere
2966 3750 3114 3815 quod
3161 3766 3302 3817 sum,
3351 3770 3458 3808 non

1878 3832 2051 3887 audeo
2071 3834 2292 3903 pingere
2320 3834 2463 3902 quod
2488 3849 2593 3887 non
2623 3851 2740 3889 sum
2766 3854 2779 3887 :
2804 3837 2891 3891 odi
2919 3838 3064 3907 quod
3108 3856 3247 3905 sum,
3271 3852 3326 3897 et
3351 3860 3463 3899 non

1879 3941 1995 3979 sum
2023 3926 2166 3993 quod
2194 3941 2336 3979 amo.
2370 3923 2476 3980 Sed
2490 3925 2628 3995 quid
2652 3928 2782 3981 mihi
2807 3929 3003 3985 misero
3025 3931 3264 3999 proderit
3285 3935 3464 3990 odisse

1880 4015 2217 4084 iniquitatem
2261 4025 2317 4070 et
2344 4032 2528 4072 amare
2560 4019 2830 4085 virtutem,
2863 4036 2983 4076 cum
3014 4023 3065 4076 id
3104 4026 3280 4094 potius
3310 4043 3462 4096 agam

1879 4108 2024 4177 quod
2070 4108 2178 4171 odi,
2234 4125 2335 4163 nec
2364 4109 2637 4164 elaborent
2670 4112 2820 4181 piger
2846 4113 2897 4167 id
2927 4115 3105 4183 potius
3134 4131 3292 4184 agere
3318 4120 3465 4187 quod

1881 4200 2041 4252 amo?
2087 4199 2203 4268 lpse
2235 4200 2488 4255 ’discors
2538 4203 2641 4255 mei
2700 4204 2955 4263 intestino
3005 4208 3146 4262 bello
3175 4210 3466 4277 distrahor,

1881 4288 2005 4342 dum
2027 4290 2239 4359 spiritus
2264 4289 2509 4344 adversus
2534 4307 2766 4360 carnem,
2787 4304 2836 4346 et
2859 4312 2979 4349 caro
3001 4297 3245 4352 adversus
3275 4301 3293 4329 ³
3314 4301 3467 4371 spiri-

1884 4388 1989 4431 tum
2017 4378 2309 4445 dimicat";
2353 4387 2409 4432 et
2455 4379 2542 4434 lex
2587 4384 2831 4451 corporis
2872 4385 2988 4452 lege
3037 4389 3246 4455 peccati
3296 4390 3469 4457 legem

184 4478 304 4546 ipse
356 4482 514 4528 autor
559 4481 672 4536 est;
704 4479 763 4525 ut
809 4470 947 4525 sicut
976 4487 1115 4525 nunc
1143 4472 1196 4525 in
1226 4473 1514 4528 visceribus
1541 4474 1780 4528 caritatis
1811 4492 1856 4550 υ
1884 4469 2076 4523 mentis
2123 4468 2399 4539 impugnat
2427 4468 2469 4523 ι.
2520 4470 2705 4524 Infelix
2736 4487 2836 4540 ego
2863 4473 2875 4524 !
2903 4475 2994 4541 qui
3022 4488 3340 4532 venenatum
3371 4482 3469 4534 ini-

186 4576 292 4620 mar.
329 4563 730 4630 refrigeramur,
761 4561 833 4615 ita
863 4560 930 4615 ab
961 4561 1168 4628 ignibus
1193 4563 1401 4618 meritis
1424 4564 1477 4616 in
1499 4572 1602 4617 tuae
1621 4567 1780 4621 sortis
1889 4560 2041 4614 mica:
2069 4560 2279 4614 arboris
2308 4568 2522 4627 gustum
2553 4577 2655 4616 nec
2674 4564 2851 4616 crucis
2882 4564 3025 4632 ligno
3053 4565 3248 4635 digessi
3276 4585 3288 4621 :
3316 4570 3473 4625 durat

184 4660 367 4727 digito
397 4656 774 4723 refrigeremur
800 4651 841 4707 τ.
881 4654 1051 4723 Spero
1074 4654 1217 4708 enim
1243 4655 1575 4722 habebimus,
1607 4656 1781 4710 indul-
1889 4650 2032 4703 enim
2085 4649 2215 4702 mihi
2246 4649 2371 4702 illud
2414 4650 2481 4703 ab
2523 4649 2691 4703 Adam
2721 4651 2865 4705 virus
2894 4662 3193 4722 paternum,
3219 4671 3326 4725 quo
3351 4660 3472 4713 uni-

187 4756 362 4815 gente
382 4746 631 4810 Domino,
662 4753 721 4798 ut
740 4744 1091 4798 amantissimi
1122 4744 1217 4809 tui,
1247 4744 1315 4798 de
1335 4744 1541 4812 justitia
1571 4754 1660 4799 tua
1682 4748 1785 4800 suf-
1890 4741 2198 4794 versitatem
2230 4740 2443 4809 generis
2471 4741 2553 4794 sui
2587 4749 2741 4809 pater
2770 4744 3149 4811 prmvaricatus
3174 4746 3357 4802 infecit
3385 4760 3421 4785 ω
3457 4767 3471 4804 :

189 4838 450 4905 fragium,
483 4835 584 4889 etsi
610 4832 810 4903 indigni
837 4847 1051 4887 corona:
1089 4849 1194 4889 non
1249 4835 1540 4888 audeamus
1567 4850 1784 4904 sperare
1892 4840 1953 4886 ut
1982 4831 2074 4901 qui
2104 4831 2331 4884 naturali
2360 4831 2505 4885 bono
2535 4832 2721 4887 oculos
2745 4834 2943 4888 mentis
2972 4836 3188 4905 apertos
3218 4839 3475 4894 innocen-

193 4926 561 4981 consortium.
1895 4926 1980 4978 tia:
2015 4931 2070 4978 et
2099 4922 2371 4990 iniquitati
2396 4923 2607 4978 clausos
2634 4924 2922 4994 habebam,
2980 4927 3192 4983 letalem
3238 4932 3473 5000 pruden-

2496 5068 2520 5097 ε
2561 5060 2603 5113 ΙΙ
2633 5061 2770 5116 Tim.
2799 5080 2847 5127 ι,
2877 5064 2959 5117 18.

1790 5130 1803 5181 i
1847 5128 1985 5183 Psal.
2046 5144 2229 5193 va‘m,
2283 5130 2372 5183 50.
2418 5126 2442 5165 κ
2507 5128 2625 5185 Gal.
2674 5149 2724 5198 v,
2781 5126 2863 5187 l7.

259 5081 285 5103 ι·
334 5060 516 5121 Psal.,
548 5074 672 5113 cxtx
696 5099 711 5124 ,
742 5058 796 5112 5.
875 5057 902 5097 δ
926 5058 1071 5117 Psal.
1102 5074 1299 5113 cxxxvt
1320 5102 1349 5126 ,
1377 5062 1425 5114 ‘l.
1501 5070 1522 5097 ο
1564 5058 1705 5113 Psal.
1741 5076 1765 5113 ι.

1933 5058 1957 5095 δ
2001 5058 2141 5111 Ρξίιιι
2170 5075 2323 5119 cvm,
2370 5060 2425 5115 1.

189 5149 215 5183 s
251 5141 371 5191 Αςι,
417 5145 563 5193 xxvi,
589 5127 678 5181 24.
754 5128 779 5165 ιι
809 5127 829 5182 ι
857 5128 983 5183 Cor.
1010 5128 1156 5195 1,25.
1242 5129 1256 5166 ί
1292 5129 1457 5184 lCor.
1493 5146 1582 5193 xv,
1617 5127 1707 5182 47.

189 5220 227 5244 ιι
257 5208 401 5261 Gen,
447 5215 533 5263 Ill,
567 5197 621 5251 6.

265 5306 286 5323 ’
320 5300 469 5353 Alias
502 5290 573 5355 8;
604 5306 724 5360 quae
750 5296 928 5343 autem
972 5288 1043 5343 50
1070 5297 1207 5352 erat,
1259 5306 1401 5344 nunc
1443 5291 1531 5345 59.
1582 5290 1789 5360 Scripta
1817 5305 1959 5343 anno
1986 5288 2113 5340 402.

269 5410 478 5479 (0)313.
508 5409 639 5479 Reg.
679 5413 735 5479 e_t
760 5403 882 5479 edd.
912 5403 1065 5467 Bad.,
1096 5403 1336 5479 Grav.__et
1373 5404 1586 5472 Schot.,
1615 5409 1793 5479 rotan-

190 5473 473 5550 tas'fquac
502 5478 661 5550 lectio
696 5473 959 5550 Saechino
1001 5490 1107 5527 non
1136 5473 1398 5543 displicet,
1433 5484 1488 5529 ut
1527 5490 1614 5544 ep.
1657 5474 1790 5529 l2...

191 5546 524 5608 meditatum!
552 5551 603 5602 in
638 5546 744 5614 lege
772 5546 1026 5614 voluntas.

271 5624 355 5686 (ὁ)
394 5620 485 5673 Sic
535 5611 791 5687 Paulinus
839 5613 995 5687 epist.
1037 5611 1109 5687 _l_l
1144 5611 1208 5687 ad
1238 5613 1486 5687 curui-leui
1512 5612 1789 5687 Severum,

194 5712 253 5748 ο.
279 5679 384 5756 Ἠ,
411 5705 659 5744 enarrare
701 5682 996 5737 Martinam.
1034 5679 1791 5742 Ms.Viennilartinienimno-

3041 5065 3058 5104 ΐ
3087 5066 3214 5123 Luc.
3249 5084 3351 5126 xvi.
3385 5070 3485 5124 Ἠ-

2948 5133 2963 5172 ί
3034 5136 3191 5191 Ilom.
3253 5155 3339 5200 vn,
3392 5140 3470 5196 l3.

1899 5416 2015 5530 stin,
2044 5407 2544 5529 illilstitdéosissimw
2573 5412 2773 5475 talium,
2798 5414 3067 5469 historiam
3112 5433 3224 5477 ipse
3248 5417 3469 5471 recitari.

1930 5495 1960 5528 ‘l
2002 5492 2121 5529 eno
2153 5518 2166 5530 .
2229 5494 2261 5530 ο
2302 5518 2314 5529 .

1930 5492 2032 5530 ωε
2053 5492 2166 5531 ιιοι.
2196 5492 2314 5531 102.

1974 5549 2045 5614 (r)
2087 5545 2605 5623 Sic_eu_ien_davimus
2634 5567 2698 5605 ex
2724 5568 2824 5606 ms.
2851 5552 3015 5623 Regio
3041 5555 3221 5611 codi.e
3246 5563 3299 5606 ct
3318 5552 3478 5609 editis

1900 5625 2148 5682 quatuor.
2183 5615 2327 5671 Ldit.
2355 5617 2542 5674 Βοῦν..
2573 5632 2796 5682 (elaterii.
