  <div class='ocr_page' id='page_1' title='image "/cluster/home/n/w/nwhite01/storage/ocr_20150623/61/hvd.32044054758685/167.png"; bbox 0 0 4006 6180; ppageno 0'>
   <div class='ocr_carea' id='block_1_1' title="bbox 523 319 629 375">
    <p class='ocr_par' dir='ltr' id='par_1_1' title="bbox 523 319 629 375">
     <span class='ocr_line' id='line_1_1' title="bbox 523 319 629 375; baseline -0.009 -1"><span class='ocrx_word' id='word_1_1' title='bbox 523 319 629 375; x_wconf 76' lang='lat'><strong>323</strong></span> 
     </span>
    </p>
   </div>
   <div class='ocr_carea' id='block_1_2' title="bbox 1652 307 2667 368">
    <p class='ocr_par' dir='ltr' id='par_1_2' title="bbox 1652 307 2667 368">
     <span class='ocr_line' id='line_1_2' title="bbox 1652 307 2667 368; baseline -0.004 -1"><span class='ocrx_word' id='word_1_2' title='bbox 1652 311 1729 368; x_wconf 66' lang='grc' dir='ltr'><strong>οε.</strong></span> <span class='ocrx_word' id='word_1_3' title='bbox 1769 310 2040 365; x_wconf 78' lang='lat' dir='ltr'><strong>PAULINI</strong></span> <span class='ocrx_word' id='word_1_4' title='bbox 2080 307 2327 365; x_wconf 79' lang='lat' dir='ltr'><strong>NOI.ANI</strong></span> <span class='ocrx_word' id='word_1_5' title='bbox 2366 308 2667 366; x_wconf 83' lang='lat' dir='ltr'><strong>EPISCOPI</strong></span> 
     </span>
    </p>
   </div>
   <div class='ocr_carea' id='block_1_3' title="bbox 3681 312 3774 370">
    <p class='ocr_par' dir='ltr' id='par_1_3' title="bbox 3681 312 3774 370">
     <span class='ocr_line' id='line_1_3' title="bbox 3681 312 3774 370; baseline -0.011 0"><span class='ocrx_word' id='word_1_6' title='bbox 3681 312 3774 370; x_wconf 60' lang='grc' dir='ltr'><strong>ιιι</strong></span> 
     </span>
    </p>
   </div>
   <div class='ocr_carea' id='block_1_4' title="bbox 524 398 3772 501">
    <p class='ocr_par' dir='ltr' id='par_1_4' title="bbox 524 398 3772 501">
     <span class='ocr_line' id='line_1_4' title="bbox 524 398 3772 501; baseline -0.002 -13"><span class='ocrx_word' id='word_1_7' title='bbox 524 437 653 489; x_wconf 84' lang='lat' dir='ltr'><strong>tiam</strong></span> <span class='ocrx_word' id='word_1_8' title='bbox 675 432 803 488; x_wconf 91' lang='lat' dir='ltr'><strong>boni</strong></span> <span class='ocrx_word' id='word_1_9' title='bbox 826 398 1060 501; x_wconf 74' lang='lat' dir='ltr'><strong>malique</strong></span> <span class='ocrx_word' id='word_1_10' title='bbox 1079 429 1311 493; x_wconf 87' lang='lat' dir='ltr'><strong>delectu,</strong></span> <span class='ocrx_word' id='word_1_11' title='bbox 1344 426 1411 482; x_wconf 91' lang='lat' dir='ltr'><strong>de</strong></span> <span class='ocrx_word' id='word_1_12' title='bbox 1434 424 1667 480; x_wconf 89' lang='lat' dir='ltr'><strong>infausto</strong></span> <span class='ocrx_word' id='word_1_13' title='bbox 1691 440 1929 479; x_wconf 80' lang='lat' dir='ltr'><strong>nemoris</strong></span> <span class='ocrx_word' id='word_1_14' title='bbox 1952 425 2029 494; x_wconf 84' lang='lat' dir='ltr'><strong>(id</strong></span> <span class='ocrx_word' id='word_1_15' title='bbox 2049 434 2125 478; x_wconf 87' lang='lat' dir='ltr'><strong>est</strong></span> <span class='ocrx_word' id='word_1_16' title='bbox 2155 430 2199 484; x_wconf 82' lang='grc' dir='ltr'>Α</span> <span class='ocrx_word' id='word_1_17' title='bbox 2227 433 2313 478; x_wconf 84' lang='lat' dir='ltr'><strong>est</strong></span> <span class='ocrx_word' id='word_1_18' title='bbox 2335 424 2477 494; x_wconf 82' lang='lat' dir='ltr'><strong>quod</strong></span> <span class='ocrx_word' id='word_1_19' title='bbox 2494 425 2706 479; x_wconf 81' lang='lat' dir='ltr'><strong>dixerat</strong></span> <span class='ocrx_word' id='word_1_20' title='bbox 2735 440 2748 475; x_wconf 91' lang='lat'><strong>:</strong></span> <span class='ocrx_word' id='word_1_21' title='bbox 2773 418 2887 495; x_wconf 82' lang='lat' dir='ltr'><strong>Ego</strong></span> <span class='ocrx_word' id='word_1_22' title='bbox 2909 422 3160 487; x_wconf 79' lang='lat' dir='ltr'><strong>occidam,</strong></span> <span class='ocrx_word' id='word_1_23' title='bbox 3185 431 3232 477; x_wconf 84' lang='lat' dir='ltr'><strong>et</strong></span> <span class='ocrx_word' id='word_1_24' title='bbox 3250 438 3344 496; x_wconf 82' lang='lat' dir='ltr'><strong>ego</strong></span> <span class='ocrx_word' id='word_1_25' title='bbox 3364 426 3524 479; x_wconf 80' lang='lat' dir='ltr'><strong>vivere</strong></span> <span class='ocrx_word' id='word_1_26' title='bbox 3537 426 3712 497; x_wconf 80' lang='lat' dir='ltr'><strong>faciam</strong></span> <span class='ocrx_word' id='word_1_27' title='bbox 3730 436 3772 482; x_wconf 75' lang='grc' dir='ltr'><strong>οτ</strong></span> 
     </span>
    </p>
   </div>
   <div class='ocr_carea' id='block_1_5' title="bbox 524 517 2112 591">
    <p class='ocr_par' dir='ltr' id='par_1_5' title="bbox 524 517 2112 591">
     <span class='ocr_line' id='line_1_5' title="bbox 524 517 2112 591; baseline -0.008 -10"><span class='ocrx_word' id='word_1_28' title='bbox 524 528 756 591; x_wconf 89' lang='lat' dir='ltr'><strong>arboris,</strong></span> <span class='ocrx_word' id='word_1_29' title='bbox 783 543 872 580; x_wconf 84' lang='lat' dir='ltr'><strong>seu</strong></span> <span class='ocrx_word' id='word_1_30' title='bbox 925 524 1150 591; x_wconf 82' lang='lat' dir='ltr'><strong>fructus)</strong></span> <span class='ocrx_word' id='word_1_31' title='bbox 1183 520 1454 577; x_wconf 88' lang='lat' dir='ltr'><strong>interdicti</strong></span> <span class='ocrx_word' id='word_1_32' title='bbox 1482 519 1602 574; x_wconf 88' lang='lat' dir='ltr'><strong>cibo</strong></span> <span class='ocrx_word' id='word_1_33' title='bbox 1628 527 1858 574; x_wconf 67' lang='lat' dir='ltr'><strong>emeatus</strong></span> <span class='ocrx_word' id='word_1_34' title='bbox 1907 517 2112 588; x_wconf 87' lang='lat' dir='ltr'><strong>pariter</strong></span> 
     </span>
    </p>
   </div>
   <div class='ocr_carea' id='block_1_6' title="bbox 524 612 1379 672">
    <p class='ocr_par' dir='ltr' id='par_1_6' title="bbox 524 612 1379 672">
     <span class='ocr_line' id='line_1_6' title="bbox 524 612 1379 672; baseline -0.008 -1"><span class='ocrx_word' id='word_1_35' title='bbox 524 627 580 672; x_wconf 90' lang='lat' dir='ltr'><strong>et</strong></span> <span class='ocrx_word' id='word_1_36' title='bbox 602 617 741 671; x_wconf 90' lang='lat' dir='ltr'><strong>male</strong></span> <span class='ocrx_word' id='word_1_37' title='bbox 768 615 1058 670; x_wconf 89' lang='lat' dir='ltr'><strong>luminatus</strong></span> <span class='ocrx_word' id='word_1_38' title='bbox 1087 612 1379 668; x_wconf 89' lang='lat' dir='ltr'><strong>haurirem.</strong></span> 
     </span>
    </p>
   </div>
   <div class='ocr_carea' id='block_1_7' title="bbox 597 695 2112 775">
    <p class='ocr_par' dir='ltr' id='par_1_7' title="bbox 597 695 2112 775">
     <span class='ocr_line' id='line_1_7' title="bbox 597 695 2112 775; baseline -0.008 -15"><span class='ocrx_word' id='word_1_39' title='bbox 597 707 651 760; x_wconf 88' lang='grc'><strong>5.</strong></span> <span class='ocrx_word' id='word_1_40' title='bbox 692 707 868 775; x_wconf 84' lang='lat' dir='ltr'><strong>Atque</strong></span> <span class='ocrx_word' id='word_1_41' title='bbox 893 704 1095 757; x_wconf 87' lang='lat' dir='ltr'><strong>utinam</strong></span> <span class='ocrx_word' id='word_1_42' title='bbox 1125 703 1229 757; x_wconf 89' lang='lat' dir='ltr'><strong>hoc</strong></span> <span class='ocrx_word' id='word_1_43' title='bbox 1256 700 1447 754; x_wconf 84' lang='lat' dir='ltr'><strong>saltem</strong></span> <span class='ocrx_word' id='word_1_44' title='bbox 1477 696 1719 753; x_wconf 86' lang='lat' dir='ltr'><strong>remedio</strong></span> <span class='ocrx_word' id='word_1_45' title='bbox 1748 696 1953 753; x_wconf 81' lang='lat' dir='ltr'><strong>crimen</strong></span> <span class='ocrx_word' id='word_1_46' title='bbox 2006 695 2112 750; x_wconf 86' lang='lat' dir='ltr'><strong>illi-</strong></span> 
     </span>
    </p>
   </div>
   <div class='ocr_carea' id='block_1_8' title="bbox 527 788 2117 863">
    <p class='ocr_par' dir='ltr' id='par_1_8' title="bbox 527 788 2117 863">
     <span class='ocr_line' id='line_1_8' title="bbox 527 788 2117 863; baseline -0.007 -14"><span class='ocrx_word' id='word_1_47' title='bbox 527 795 648 849; x_wconf 74' lang='lat' dir='ltr'><strong>cita:</strong></span> <span class='ocrx_word' id='word_1_48' title='bbox 699 793 1149 863; x_wconf 74' lang='lat' dir='ltr'><strong>concupiscentia:</strong></span> <span class='ocrx_word' id='word_1_49' title='bbox 1200 788 1494 848; x_wconf 89' lang='lat' dir='ltr'><strong>diluissem,</strong></span> <span class='ocrx_word' id='word_1_50' title='bbox 1538 794 1600 841; x_wconf 91' lang='lat' dir='ltr'><strong>ut</strong></span> <span class='ocrx_word' id='word_1_51' title='bbox 1644 794 1866 855; x_wconf 87' lang='lat' dir='ltr'><strong>accepta</strong></span> <span class='ocrx_word' id='word_1_52' title='bbox 1896 800 1993 855; x_wconf 90' lang='lat' dir='ltr'><strong>per</strong></span> <span class='ocrx_word' id='word_1_53' title='bbox 2019 798 2117 853; x_wconf 85' lang='lat' dir='ltr'><strong>gu-</strong></span> 
     </span>
    </p>
   </div>
   <div class='ocr_carea' id='block_1_9' title="bbox 529 875 2116 958">
    <p class='ocr_par' dir='ltr' id='par_1_9' title="bbox 529 875 2116 958">
     <span class='ocr_line' id='line_1_9' title="bbox 529 875 2116 958; baseline -0.008 -19"><span class='ocrx_word' id='word_1_54' title='bbox 529 895 668 939; x_wconf 89' lang='lat' dir='ltr'><strong>stum</strong></span> <span class='ocrx_word' id='word_1_55' title='bbox 692 886 769 958; x_wconf 88' lang='lat' dir='ltr'><strong>(a)</strong></span> <span class='ocrx_word' id='word_1_56' title='bbox 797 890 1080 937; x_wconf 85' lang='lat' dir='ltr'><strong>nocentem</strong></span> <span class='ocrx_word' id='word_1_57' title='bbox 1106 880 1234 934; x_wconf 90' lang='lat' dir='ltr'><strong>boni</strong></span> <span class='ocrx_word' id='word_1_58' title='bbox 1256 886 1311 932; x_wconf 89' lang='lat' dir='ltr'><strong>et</strong></span> <span class='ocrx_word' id='word_1_59' title='bbox 1333 877 1456 931; x_wconf 87' lang='lat' dir='ltr'><strong>mali</strong></span> <span class='ocrx_word' id='word_1_60' title='bbox 1481 876 1703 931; x_wconf 88' lang='lat' dir='ltr'><strong>scientia</strong></span> <span class='ocrx_word' id='word_1_61' title='bbox 1715 885 1763 941; x_wconf 74' lang='grc' dir='ltr'><strong>ι,</strong></span> <span class='ocrx_word' id='word_1_62' title='bbox 1792 875 1989 929; x_wconf 87' lang='lat' dir='ltr'><strong>bonum</strong></span> <span class='ocrx_word' id='word_1_63' title='bbox 2017 889 2116 944; x_wconf 89' lang='lat' dir='ltr'><strong>po-</strong></span> 
     </span>
    </p>
   </div>
   <div class='ocr_carea' id='block_1_10' title="bbox 532 963 2118 1042">
    <p class='ocr_par' dir='ltr' id='par_1_10' title="bbox 532 963 2118 1042">
     <span class='ocr_line' id='line_1_10' title="bbox 532 963 2118 1042; baseline -0.009 -13"><span class='ocrx_word' id='word_1_64' title='bbox 532 982 636 1029; x_wconf 87' lang='lat' dir='ltr'><strong>tius</strong></span> <span class='ocrx_word' id='word_1_65' title='bbox 684 972 995 1042; x_wconf 85' lang='lat' dir='ltr'><strong>elegissem!</strong></span> <span class='ocrx_word' id='word_1_66' title='bbox 1031 970 1327 1040; x_wconf 64' lang='lat' dir='ltr'><strong>praisertim</strong></span> <span class='ocrx_word' id='word_1_67' title='bbox 1374 981 1497 1020; x_wconf 90' lang='lat' dir='ltr'><strong>cum</strong></span> <span class='ocrx_word' id='word_1_68' title='bbox 1550 965 1788 1019; x_wconf 88' lang='lat' dir='ltr'><strong>salutare</strong></span> <span class='ocrx_word' id='word_1_69' title='bbox 1836 963 2118 1019; x_wconf 79' lang='lat' dir='ltr'><strong>consilium</strong></span> 
     </span>
    </p>
   </div>
   <div class='ocr_carea' id='block_1_11' title="bbox 531 1054 2121 1127">
    <p class='ocr_par' dir='ltr' id='par_1_11' title="bbox 531 1054 2121 1127">
     <span class='ocr_line' id='line_1_11' title="bbox 531 1054 2121 1127; baseline -0.008 -8"><span class='ocrx_word' id='word_1_70' title='bbox 531 1065 625 1119; x_wconf 90' lang='lat' dir='ltr'><strong>Dei</strong></span> <span class='ocrx_word' id='word_1_71' title='bbox 646 1064 919 1118; x_wconf 90' lang='lat' dir='ltr'><strong>suadentis</strong></span> <span class='ocrx_word' id='word_1_72' title='bbox 942 1062 1231 1124; x_wconf 87' lang='lat' dir='ltr'><strong>audissem,</strong></span> <span class='ocrx_word' id='word_1_73' title='bbox 1259 1065 1317 1111; x_wconf 90' lang='lat' dir='ltr'><strong>ut</strong></span> <span class='ocrx_word' id='word_1_74' title='bbox 1343 1069 1481 1127; x_wconf 90' lang='lat' dir='ltr'><strong>aqua</strong></span> <span class='ocrx_word' id='word_1_75' title='bbox 1501 1064 1558 1110; x_wconf 90' lang='lat' dir='ltr'><strong>et</strong></span> <span class='ocrx_word' id='word_1_76' title='bbox 1578 1056 1719 1124; x_wconf 88' lang='lat' dir='ltr'><strong>igne,</strong></span> <span class='ocrx_word' id='word_1_77' title='bbox 1742 1054 1852 1108; x_wconf 89' lang='lat' dir='ltr'><strong>vita</strong></span> <span class='ocrx_word' id='word_1_78' title='bbox 1876 1061 1931 1109; x_wconf 90' lang='lat' dir='ltr'><strong>et</strong></span> <span class='ocrx_word' id='word_1_79' title='bbox 1947 1061 2121 1107; x_wconf 88' lang='lat' dir='ltr'><strong>morte</strong></span> 
     </span>
    </p>
   </div>
   <div class='ocr_carea' id='block_1_12' title="bbox 531 1146 2121 1226">
    <p class='ocr_par' dir='ltr' id='par_1_12' title="bbox 531 1146 2121 1226">
     <span class='ocr_line' id='line_1_12' title="bbox 531 1146 2121 1226; baseline -0.008 -16"><span class='ocrx_word' id='word_1_80' title='bbox 531 1154 844 1226; x_wconf 86' lang='lat' dir='ltr'><strong>propositis,</strong></span> <span class='ocrx_word' id='word_1_81' title='bbox 868 1154 933 1208; x_wconf 90' lang='lat' dir='ltr'><strong>ad</strong></span> <span class='ocrx_word' id='word_1_82' title='bbox 957 1166 1151 1221; x_wconf 90' lang='lat' dir='ltr'><strong>aquam</strong></span> <span class='ocrx_word' id='word_1_83' title='bbox 1174 1151 1355 1220; x_wconf 90' lang='lat' dir='ltr'><strong>potius</strong></span> <span class='ocrx_word' id='word_1_84' title='bbox 1379 1163 1596 1202; x_wconf 91' lang='lat' dir='ltr'><strong>manum</strong></span> <span class='ocrx_word' id='word_1_85' title='bbox 1626 1146 1895 1201; x_wconf 83' lang='lat' dir='ltr'><strong>mitterem</strong></span> <span class='ocrx_word' id='word_1_86' title='bbox 1920 1153 1976 1199; x_wconf 87' lang='lat' dir='ltr'><strong>et</strong></span> <span class='ocrx_word' id='word_1_87' title='bbox 1995 1146 2121 1198; x_wconf 76' lang='lat' dir='ltr'><strong>vita:</strong></span> 
     </span>
    </p>
   </div>
   <div class='ocr_carea' id='block_1_13' title="bbox 531 1235 2119 1315">
    <p class='ocr_par' dir='ltr' id='par_1_13' title="bbox 531 1235 2119 1315">
     <span class='ocr_line' id='line_1_13' title="bbox 531 1235 2119 1315; baseline -0.009 -11"><span class='ocrx_word' id='word_1_88' title='bbox 531 1264 724 1304; x_wconf 87' lang='lat' dir='ltr'><strong>munus</strong></span> <span class='ocrx_word' id='word_1_89' title='bbox 775 1249 1052 1315; x_wconf 83' lang='lat' dir='ltr'><strong>eligerem.</strong></span> <span class='ocrx_word' id='word_1_90' title='bbox 1110 1243 1217 1298; x_wconf 90' lang='lat' dir='ltr'><strong>Sed</strong></span> <span class='ocrx_word' id='word_1_91' title='bbox 1266 1242 1333 1297; x_wconf 92' lang='lat' dir='ltr'><strong>de</strong></span> <span class='ocrx_word' id='word_1_92' title='bbox 1386 1240 1707 1309; x_wconf 77' lang='lat' dir='ltr'><strong>insipientia:</strong></span> <span class='ocrx_word' id='word_1_93' title='bbox 1735 1238 1961 1293; x_wconf 86' lang='lat' dir='ltr'><strong>crimine</strong></span> <span class='ocrx_word' id='word_1_94' title='bbox 1990 1235 2119 1289; x_wconf 91' lang='lat' dir='ltr'><strong>mihi</strong></span> 
     </span>
    </p>
   </div>
   <div class='ocr_carea' id='block_1_14' title="bbox 530 1318 2122 1409">
    <p class='ocr_par' dir='ltr' id='par_1_14' title="bbox 530 1318 2122 1409">
     <span class='ocr_line' id='line_1_14' title="bbox 530 1318 2122 1409; baseline -0.008 -15"><span class='ocrx_word' id='word_1_95' title='bbox 530 1342 687 1409; x_wconf 86' lang='lat' dir='ltr'><strong>culpa</strong></span> <span class='ocrx_word' id='word_1_96' title='bbox 717 1339 887 1393; x_wconf 88' lang='lat' dir='ltr'><strong>crevit</strong></span> <span class='ocrx_word' id='word_1_97' title='bbox 914 1335 1173 1398; x_wconf 64' lang='lat' dir='ltr'><strong>audaciae,</strong></span> <span class='ocrx_word' id='word_1_98' title='bbox 1206 1318 1351 1403; x_wconf 90' lang='lat' dir='ltr'><strong>quod</strong></span> <span class='ocrx_word' id='word_1_99' title='bbox 1380 1347 1499 1387; x_wconf 92' lang='lat' dir='ltr'><strong>cum</strong></span> <span class='ocrx_word' id='word_1_100' title='bbox 1529 1340 1584 1386; x_wconf 91' lang='lat' dir='ltr'><strong>et</strong></span> <span class='ocrx_word' id='word_1_101' title='bbox 1605 1330 1733 1385; x_wconf 93' lang='lat' dir='ltr'><strong>boni</strong></span> <span class='ocrx_word' id='word_1_102' title='bbox 1765 1330 1840 1401; x_wconf 77' lang='grc' dir='ltr'><strong>(ὸ)</strong></span> <span class='ocrx_word' id='word_1_103' title='bbox 1885 1337 1942 1384; x_wconf 91' lang='lat' dir='ltr'><strong>et</strong></span> <span class='ocrx_word' id='word_1_104' title='bbox 1994 1328 2122 1383; x_wconf 91' lang='lat' dir='ltr'><strong>mali</strong></span> 
     </span>
    </p>
   </div>
   <div class='ocr_carea' id='block_1_15' title="bbox 531 1424 2118 1498">
    <p class='ocr_par' dir='ltr' id='par_1_15' title="bbox 531 1424 2118 1498">
     <span class='ocr_line' id='line_1_15' title="bbox 531 1424 2118 1498; baseline -0.007 -13"><span class='ocrx_word' id='word_1_105' title='bbox 531 1432 760 1486; x_wconf 91' lang='lat' dir='ltr'><strong>electum</strong></span> <span class='ocrx_word' id='word_1_106' title='bbox 789 1430 1137 1498; x_wconf 81' lang='lat' dir='ltr'><strong>accepissem,</strong></span> <span class='ocrx_word' id='word_1_107' title='bbox 1167 1425 1331 1480; x_wconf 91' lang='lat' dir='ltr'><strong>malui</strong></span> <span class='ocrx_word' id='word_1_108' title='bbox 1378 1425 1522 1494; x_wconf 90' lang='lat' dir='ltr'><strong>quod</strong></span> <span class='ocrx_word' id='word_1_109' title='bbox 1569 1424 1799 1477; x_wconf 87' lang='lat' dir='ltr'><strong>nocebat</strong></span> <span class='ocrx_word' id='word_1_110' title='bbox 1843 1428 2118 1491; x_wconf 89' lang='lat' dir='ltr'><strong>appetere.</strong></span> 
     </span>
    </p>
   </div>
   <div class='ocr_carea' id='block_1_16' title="bbox 531 1511 2121 1592">
    <p class='ocr_par' dir='ltr' id='par_1_16' title="bbox 531 1511 2121 1592">
     <span class='ocr_line' id='line_1_16' title="bbox 531 1511 2121 1592; baseline -0.006 -16"><span class='ocrx_word' id='word_1_111' title='bbox 531 1524 661 1590; x_wconf 71' lang='lat' dir='ltr'><strong>Qum</strong></span> <span class='ocrx_word' id='word_1_112' title='bbox 690 1537 819 1592; x_wconf 85' lang='lat' dir='ltr'><strong>ergo</strong></span> <span class='ocrx_word' id='word_1_113' title='bbox 848 1522 1049 1590; x_wconf 86' lang='lat' dir='ltr'><strong>misero</strong></span> <span class='ocrx_word' id='word_1_114' title='bbox 1097 1519 1227 1573; x_wconf 88' lang='lat' dir='ltr'><strong>mihi</strong></span> <span class='ocrx_word' id='word_1_115' title='bbox 1257 1517 1495 1588; x_wconf 83' lang='lat' dir='ltr'><strong>suppetit</strong></span> <span class='ocrx_word' id='word_1_116' title='bbox 1525 1515 1547 1547; x_wconf 69' lang='grc'><strong><em>⁵</em></strong></span> <span class='ocrx_word' id='word_1_117' title='bbox 1576 1515 1729 1570; x_wconf 88' lang='lat' dir='ltr'><strong>venia</strong></span> <span class='ocrx_word' id='word_1_118' title='bbox 1778 1514 2009 1585; x_wconf 87' lang='lat' dir='ltr'><strong>peccati,</strong></span> <span class='ocrx_word' id='word_1_119' title='bbox 2038 1511 2121 1567; x_wconf 90' lang='lat' dir='ltr'><strong>cui</strong></span> 
     </span>
    </p>
   </div>
   <div class='ocr_carea' id='block_1_17' title="bbox 533 1603 2120 1681">
    <p class='ocr_par' dir='ltr' id='par_1_17' title="bbox 533 1603 2120 1681">
     <span class='ocr_line' id='line_1_17' title="bbox 533 1603 2120 1681; baseline -0.008 -13"><span class='ocrx_word' id='word_1_120' title='bbox 533 1614 845 1681; x_wconf 66' lang='lat' dir='ltr'><strong>ignorantiae</strong></span> <span class='ocrx_word' id='word_1_121' title='bbox 867 1611 1143 1666; x_wconf 77' lang='lat' dir='ltr'><strong>excusatio</strong></span> <span class='ocrx_word' id='word_1_122' title='bbox 1166 1610 1188 1641; x_wconf 78' lang='grc'><strong><em>⁵</em></strong></span> <span class='ocrx_word' id='word_1_123' title='bbox 1213 1624 1319 1662; x_wconf 91' lang='lat' dir='ltr'><strong>non</strong></span> <span class='ocrx_word' id='word_1_124' title='bbox 1349 1606 1645 1662; x_wconf 83' lang='lat' dir='ltr'><strong>remansit?</strong></span> <span class='ocrx_word' id='word_1_125' title='bbox 1668 1604 1871 1674; x_wconf 79' lang='lat' dir='ltr'><strong>Agnovi</strong></span> <span class='ocrx_word' id='word_1_126' title='bbox 1897 1603 2120 1670; x_wconf 89' lang='lat' dir='ltr'><strong>bonum,</strong></span> 
     </span>
    </p>
   </div>
   <div class='ocr_carea' id='block_1_18' title="bbox 532 1696 2120 1768">
    <p class='ocr_par' dir='ltr' id='par_1_18' title="bbox 532 1696 2120 1768">
     <span class='ocr_line' id='line_1_18' title="bbox 532 1696 2120 1768; baseline -0.006 -11"><span class='ocrx_word' id='word_1_127' title='bbox 532 1716 588 1757; x_wconf 89' lang='lat' dir='ltr'><strong>et</strong></span> <span class='ocrx_word' id='word_1_128' title='bbox 615 1703 714 1757; x_wconf 85' lang='lat' dir='ltr'><strong>feci</strong></span> <span class='ocrx_word' id='word_1_129' title='bbox 745 1702 971 1765; x_wconf 86' lang='lat' dir='ltr'><strong>malum;</strong></span> <span class='ocrx_word' id='word_1_130' title='bbox 996 1717 1118 1756; x_wconf 89' lang='lat' dir='ltr'><strong>cum</strong></span> <span class='ocrx_word' id='word_1_131' title='bbox 1146 1714 1299 1768; x_wconf 70' lang='lat' dir='ltr'><strong>aeque</strong></span> <span class='ocrx_word' id='word_1_132' title='bbox 1329 1698 1459 1752; x_wconf 88' lang='lat' dir='ltr'><strong>mihi</strong></span> <span class='ocrx_word' id='word_1_133' title='bbox 1487 1699 1711 1751; x_wconf 89' lang='lat' dir='ltr'><strong>liberum</strong></span> <span class='ocrx_word' id='word_1_134' title='bbox 1742 1702 1886 1750; x_wconf 89' lang='lat' dir='ltr'><strong>esset</strong></span> <span class='ocrx_word' id='word_1_135' title='bbox 1920 1696 2120 1748; x_wconf 91' lang='lat' dir='ltr'><strong>bonum</strong></span> 
     </span>
    </p>
   </div>
   <div class='ocr_carea' id='block_1_19' title="bbox 2219 512 3780 585">
    <p class='ocr_par' dir='ltr' id='par_1_19' title="bbox 2219 512 3780 585">
     <span class='ocr_line' id='line_1_19' title="bbox 2219 512 3780 585; baseline 0.001 -18"><span class='ocrx_word' id='word_1_136' title='bbox 2219 514 2347 585; x_wconf 85' lang='lat' dir='ltr'><strong>quia</strong></span> <span class='ocrx_word' id='word_1_137' title='bbox 2374 522 2615 569; x_wconf 88' lang='lat' dir='ltr'><strong>veterem</strong></span> <span class='ocrx_word' id='word_1_138' title='bbox 2664 520 2906 568; x_wconf 91' lang='lat' dir='ltr'><strong>nostrum</strong></span> <span class='ocrx_word' id='word_1_139' title='bbox 2956 512 3226 568; x_wconf 87' lang='lat' dir='ltr'><strong>hominem</strong></span> <span class='ocrx_word' id='word_1_140' title='bbox 3272 515 3587 570; x_wconf 88' lang='lat' dir='ltr'><strong>assumendo</strong></span> <span class='ocrx_word' id='word_1_141' title='bbox 3630 516 3780 571; x_wconf 87' lang='lat' dir='ltr'><strong>inter-</strong></span> 
     </span>
    </p>
   </div>
   <div class='ocr_carea' id='block_1_20' title="bbox 2215 604 3781 677">
    <p class='ocr_par' dir='ltr' id='par_1_20' title="bbox 2215 604 3781 677">
     <span class='ocr_line' id='line_1_20' title="bbox 2215 604 3781 677; baseline 0.001 -17"><span class='ocrx_word' id='word_1_142' title='bbox 2215 606 2362 674; x_wconf 82' lang='lat' dir='ltr'><strong>fecit,</strong></span> <span class='ocrx_word' id='word_1_143' title='bbox 2392 605 2604 677; x_wconf 73' lang='lat' dir='ltr'><strong>afﬁgens</strong></span> <span class='ocrx_word' id='word_1_144' title='bbox 2630 604 2777 658; x_wconf 81' lang='lat' dir='ltr'><strong>illum</strong></span> <span class='ocrx_word' id='word_1_145' title='bbox 2804 604 2962 668; x_wconf 82' lang='lat' dir='ltr'><strong>cruci,</strong></span> <span class='ocrx_word' id='word_1_146' title='bbox 2987 604 3273 675; x_wconf 85' lang='lat' dir='ltr'><strong>dispolians</strong></span> <span class='ocrx_word' id='word_1_147' title='bbox 3293 620 3353 659; x_wconf 90' lang='lat' dir='ltr'><strong>se</strong></span> <span class='ocrx_word' id='word_1_148' title='bbox 3385 620 3545 659; x_wconf 81' lang='lat' dir='ltr'><strong>carne</strong></span> <span class='ocrx_word' id='word_1_149' title='bbox 3572 607 3781 661; x_wconf 71' lang='lat' dir='ltr'><strong>traduxit</strong></span> 
     </span>
    </p>
   </div>
   <div class='ocr_carea' id='block_1_21' title="bbox 2219 694 3778 768">
    <p class='ocr_par' dir='ltr' id='par_1_21' title="bbox 2219 694 3778 768">
     <span class='ocr_line' id='line_1_21' title="bbox 2219 694 3778 768; baseline -0.002 -17"><span class='ocrx_word' id='word_1_150' title='bbox 2219 699 2260 730; x_wconf 85' lang='lat'>“</span> <span class='ocrx_word' id='word_1_151' title='bbox 2288 699 2608 768; x_wconf 81' lang='lat' dir='ltr'><strong>principatus</strong></span> <span class='ocrx_word' id='word_1_152' title='bbox 2651 704 2701 749; x_wconf 89' lang='lat' dir='ltr'><strong>et</strong></span> <span class='ocrx_word' id='word_1_153' title='bbox 2749 704 3049 764; x_wconf 76' lang='lat' dir='ltr'><strong>potestates,</strong></span> <span class='ocrx_word' id='word_1_154' title='bbox 3080 694 3239 748; x_wconf 77' lang='lat' dir='ltr'><strong>iibere</strong></span> <span class='ocrx_word' id='word_1_155' title='bbox 3261 696 3578 765; x_wconf 78' lang='lat' dir='ltr'><strong>triumphum</strong></span> <span class='ocrx_word' id='word_1_156' title='bbox 3606 713 3710 749; x_wconf 80' lang='lat' dir='ltr'><strong>eum</strong></span> <span class='ocrx_word' id='word_1_157' title='bbox 3729 696 3778 749; x_wconf 86' lang='lat' dir='ltr'><strong>in</strong></span> 
     </span>
    </p>
   </div>
   <div class='ocr_carea' id='block_1_22' title="bbox 2218 778 3781 861">
    <p class='ocr_par' dir='ltr' id='par_1_22' title="bbox 2218 778 3781 861">
     <span class='ocr_line' id='line_1_22' title="bbox 2218 778 3781 861; baseline -0.001 -16"><span class='ocrx_word' id='word_1_158' title='bbox 2218 778 2489 861; x_wconf 83' lang='lat' dir='ltr'><strong>semetipso</strong></span> <span class='ocrx_word' id='word_1_159' title='bbox 2516 800 2579 855; x_wconf 82' lang='lat' dir='ltr'><strong>P;</strong></span> <span class='ocrx_word' id='word_1_160' title='bbox 2639 796 2696 844; x_wconf 91' lang='lat' dir='ltr'><strong>et</strong></span> <span class='ocrx_word' id='word_1_161' title='bbox 2742 786 3032 843; x_wconf 83' lang='lat' dir='ltr'><strong>vivificavit</strong></span> <span class='ocrx_word' id='word_1_162' title='bbox 3082 803 3277 842; x_wconf 86' lang='lat' dir='ltr'><strong>novum</strong></span> <span class='ocrx_word' id='word_1_163' title='bbox 3320 803 3390 842; x_wconf 85' lang='lat' dir='ltr'><strong>ex</strong></span> <span class='ocrx_word' id='word_1_164' title='bbox 3416 789 3781 843; x_wconf 85' lang='lat' dir='ltr'><strong>resurrectione</strong></span> 
     </span>
    </p>
   </div>
   <div class='ocr_carea' id='block_1_23' title="bbox 2219 876 3779 945">
    <p class='ocr_par' dir='ltr' id='par_1_23' title="bbox 2219 876 3779 945">
     <span class='ocr_line' id='line_1_23' title="bbox 2219 876 3779 945; baseline -0.001 -12"><span class='ocrx_word' id='word_1_165' title='bbox 2219 888 2574 945; x_wconf 90' lang='lat' dir='ltr'><strong>mortuorum,</strong></span> <span class='ocrx_word' id='word_1_166' title='bbox 2633 877 2917 932; x_wconf 87' lang='lat' dir='ltr'><strong>ascendens</strong></span> <span class='ocrx_word' id='word_1_167' title='bbox 2955 879 3009 931; x_wconf 91' lang='lat' dir='ltr'><strong>in</strong></span> <span class='ocrx_word' id='word_1_168' title='bbox 3038 877 3201 931; x_wconf 85' lang='lat' dir='ltr'><strong>altum</strong></span> <span class='ocrx_word' id='word_1_169' title='bbox 3231 887 3285 945; x_wconf 64' lang='lat' dir='ltr'><strong>tt,</strong></span> <span class='ocrx_word' id='word_1_170' title='bbox 3316 884 3373 932; x_wconf 91' lang='lat' dir='ltr'><strong>et</strong></span> <span class='ocrx_word' id='word_1_171' title='bbox 3391 876 3656 932; x_wconf 87' lang='lat' dir='ltr'><strong>collocans</strong></span> <span class='ocrx_word' id='word_1_172' title='bbox 3672 892 3779 931; x_wconf 86' lang='lat' dir='ltr'><strong>eum</strong></span> 
     </span>
    </p>
   </div>
   <div class='ocr_carea' id='block_1_24' title="bbox 2220 972 2632 1027">
    <p class='ocr_par' dir='ltr' id='par_1_24' title="bbox 2220 972 2632 1027">
     <span class='ocr_line' id='line_1_24' title="bbox 2220 972 2632 1027; baseline -0.005 -1"><span class='ocrx_word' id='word_1_173' title='bbox 2220 973 2273 1026; x_wconf 88' lang='lat' dir='ltr'><strong>in</strong></span> <span class='ocrx_word' id='word_1_174' title='bbox 2301 972 2632 1027; x_wconf 75' lang='lat' dir='ltr'><strong>cmlestibus.</strong></span> 
     </span>
    </p>
   </div>
   <div class='ocr_carea' id='block_1_25' title="bbox 2292 1057 3780 1129">
    <p class='ocr_par' dir='ltr' id='par_1_25' title="bbox 2292 1057 3780 1129">
     <span class='ocr_line' id='line_1_25' title="bbox 2292 1057 3780 1129; baseline -0.002 -13"><span class='ocrx_word' id='word_1_175' title='bbox 2292 1061 2345 1115; x_wconf 90' lang='lat'><strong>5.</strong></span> <span class='ocrx_word' id='word_1_176' title='bbox 2387 1060 2479 1116; x_wconf 90' lang='lat' dir='ltr'><strong>Sic</strong></span> <span class='ocrx_word' id='word_1_177' title='bbox 2502 1075 2631 1129; x_wconf 87' lang='lat' dir='ltr'><strong>ergo</strong></span> <span class='ocrx_word' id='word_1_178' title='bbox 2658 1059 2806 1115; x_wconf 82' lang='lat' dir='ltr'><strong>venit</strong></span> <span class='ocrx_word' id='word_1_179' title='bbox 2827 1067 2887 1113; x_wconf 90' lang='lat' dir='ltr'><strong>ut</strong></span> <span class='ocrx_word' id='word_1_180' title='bbox 2912 1057 3345 1113; x_wconf 81' lang='lat' dir='ltr'><strong>illuminarentur</strong></span> <span class='ocrx_word' id='word_1_181' title='bbox 3382 1060 3527 1123; x_wconf 55' lang='lat' dir='ltr'><strong>(neci,</strong></span> <span class='ocrx_word' id='word_1_182' title='bbox 3554 1066 3607 1113; x_wconf 92' lang='lat' dir='ltr'><strong>et</strong></span> <span class='ocrx_word' id='word_1_183' title='bbox 3632 1073 3780 1113; x_wconf 65' lang='lat' dir='ltr'><strong>aea-</strong></span> 
     </span>
    </p>
   </div>
   <div class='ocr_carea' id='block_1_26' title="bbox 2220 1149 3782 1220">
    <p class='ocr_par' dir='ltr' id='par_1_26' title="bbox 2220 1149 3782 1220">
     <span class='ocr_line' id='line_1_26' title="bbox 2220 1149 3782 1220; baseline -0.003 -11"><span class='ocrx_word' id='word_1_184' title='bbox 2220 1161 2411 1209; x_wconf 88' lang='lat' dir='ltr'><strong>rentur</strong></span> <span class='ocrx_word' id='word_1_185' title='bbox 2439 1152 2718 1207; x_wconf 86' lang='lat' dir='ltr'><strong>videntes:</strong></span> <span class='ocrx_word' id='word_1_186' title='bbox 2744 1158 2805 1206; x_wconf 89' lang='lat' dir='ltr'><strong>ut</strong></span> <span class='ocrx_word' id='word_1_187' title='bbox 2833 1150 2974 1206; x_wconf 89' lang='lat' dir='ltr'><strong>oculi</strong></span> <span class='ocrx_word' id='word_1_188' title='bbox 3004 1150 3175 1204; x_wconf 88' lang='lat' dir='ltr'><strong>nostri</strong></span> <span class='ocrx_word' id='word_1_189' title='bbox 3195 1150 3287 1219; x_wconf 87' lang='lat' dir='ltr'><strong>qui</strong></span> <span class='ocrx_word' id='word_1_190' title='bbox 3330 1149 3383 1204; x_wconf 88' lang='lat' dir='ltr'><strong>in</strong></span> <span class='ocrx_word' id='word_1_191' title='bbox 3425 1151 3782 1220; x_wconf 81' lang='lat' dir='ltr'><strong>transgressio-</strong></span> 
     </span>
    </p>
   </div>
   <div class='ocr_carea' id='block_1_27' title="bbox 2222 1223 3814 1314">
    <p class='ocr_par' dir='ltr' id='par_1_27' title="bbox 2222 1223 3814 1314">
     <span class='ocr_line' id='line_1_27' title="bbox 2222 1223 3814 1314; baseline -0.002 -16"><span class='ocrx_word' id='word_1_192' title='bbox 2222 1258 2346 1299; x_wconf 88' lang='lat' dir='ltr'><strong>nem</strong></span> <span class='ocrx_word' id='word_1_193' title='bbox 2375 1243 2549 1314; x_wconf 86' lang='lat' dir='ltr'><strong>aperti</strong></span> <span class='ocrx_word' id='word_1_194' title='bbox 2578 1241 2808 1307; x_wconf 86' lang='lat' dir='ltr'><strong>fuerant,</strong></span> <span class='ocrx_word' id='word_1_195' title='bbox 2841 1248 3205 1306; x_wconf 69' lang='lat' dir='ltr'><strong>cascarentur;</strong></span> <span class='ocrx_word' id='word_1_196' title='bbox 3237 1248 3292 1295; x_wconf 90' lang='lat' dir='ltr'><strong>et</strong></span> <span class='ocrx_word' id='word_1_197' title='bbox 3319 1240 3550 1295; x_wconf 80' lang='lat' dir='ltr'><strong>vicissim</strong></span> <span class='ocrx_word' id='word_1_198' title='bbox 3569 1240 3653 1309; x_wconf 90' lang='lat' dir='ltr'><strong>qui</strong></span> <span class='ocrx_word' id='word_1_199' title='bbox 3698 1223 3814 1295; x_wconf 44' lang='grc' dir='ltr'><strong>σε(</strong></span> 
     </span>
    </p>
   </div>
   <div class='ocr_carea' id='block_1_28' title="bbox 2223 1331 3785 1402">
    <p class='ocr_par' dir='ltr' id='par_1_28' title="bbox 2223 1331 3785 1402">
     <span class='ocr_line' id='line_1_28' title="bbox 2223 1331 3785 1402; baseline -0.001 -14"><span class='ocrx_word' id='word_1_200' title='bbox 2223 1334 2326 1389; x_wconf 88' lang='lat' dir='ltr'><strong>cati</strong></span> <span class='ocrx_word' id='word_1_201' title='bbox 2360 1332 2592 1401; x_wconf 77' lang='lat' dir='ltr'><strong>fuerant,</strong></span> <span class='ocrx_word' id='word_1_202' title='bbox 2648 1333 3007 1402; x_wconf 88' lang='lat' dir='ltr'><strong>aperirentur.</strong></span> <span class='ocrx_word' id='word_1_203' title='bbox 3056 1331 3201 1385; x_wconf 89' lang='lat' dir='ltr'><strong>Bene</strong></span> <span class='ocrx_word' id='word_1_204' title='bbox 3230 1331 3374 1385; x_wconf 89' lang='lat' dir='ltr'><strong>enim</strong></span> <span class='ocrx_word' id='word_1_205' title='bbox 3402 1346 3570 1387; x_wconf 72' lang='lat' dir='ltr'><strong>czecus</strong></span> <span class='ocrx_word' id='word_1_206' title='bbox 3594 1347 3723 1399; x_wconf 90' lang='lat' dir='ltr'><strong>sum,</strong></span> <span class='ocrx_word' id='word_1_207' title='bbox 3746 1332 3785 1387; x_wconf 89' lang='lat' dir='ltr'><strong>si</strong></span> 
     </span>
    </p>
   </div>
   <div class='ocr_carea' id='block_1_29' title="bbox 2224 1421 3786 1493">
    <p class='ocr_par' dir='ltr' id='par_1_29' title="bbox 2224 1421 3786 1493">
     <span class='ocr_line' id='line_1_29' title="bbox 2224 1421 3786 1493; baseline -0.001 -15"><span class='ocrx_word' id='word_1_208' title='bbox 2224 1440 2332 1479; x_wconf 90' lang='lat' dir='ltr'><strong>non</strong></span> <span class='ocrx_word' id='word_1_209' title='bbox 2361 1424 2521 1480; x_wconf 91' lang='lat' dir='ltr'><strong>video</strong></span> <span class='ocrx_word' id='word_1_210' title='bbox 2545 1431 2858 1493; x_wconf 85' lang='lat' dir='ltr'><strong>peccatum;</strong></span> <span class='ocrx_word' id='word_1_211' title='bbox 2892 1432 2947 1477; x_wconf 91' lang='lat' dir='ltr'><strong>et</strong></span> <span class='ocrx_word' id='word_1_212' title='bbox 2990 1421 3129 1477; x_wconf 87' lang='lat' dir='ltr'><strong>bene</strong></span> <span class='ocrx_word' id='word_1_213' title='bbox 3158 1421 3421 1486; x_wconf 86' lang='lat' dir='ltr'><strong>oculatus,</strong></span> <span class='ocrx_word' id='word_1_214' title='bbox 3451 1422 3495 1477; x_wconf 92' lang='lat' dir='ltr'><strong>si</strong></span> <span class='ocrx_word' id='word_1_215' title='bbox 3539 1438 3692 1477; x_wconf 87' lang='lat' dir='ltr'><strong>cerno</strong></span> <span class='ocrx_word' id='word_1_216' title='bbox 3713 1422 3786 1491; x_wconf 85' lang='lat' dir='ltr'><strong>ju-</strong></span> 
     </span>
    </p>
   </div>
   <div class='ocr_carea' id='block_1_30' title="bbox 2223 1514 3786 1584">
    <p class='ocr_par' dir='ltr' id='par_1_30' title="bbox 2223 1514 3786 1584">
     <span class='ocr_line' id='line_1_30' title="bbox 2223 1514 3786 1584; baseline -0.001 -13"><span class='ocrx_word' id='word_1_217' title='bbox 2223 1517 2446 1572; x_wconf 89' lang='lat' dir='ltr'><strong>stitiam.</strong></span> <span class='ocrx_word' id='word_1_218' title='bbox 2476 1515 2581 1571; x_wconf 93' lang='lat' dir='ltr'><strong>Ora</strong></span> <span class='ocrx_word' id='word_1_219' title='bbox 2605 1529 2756 1584; x_wconf 89' lang='lat' dir='ltr'><strong>ergo,</strong></span> <span class='ocrx_word' id='word_1_220' title='bbox 2781 1515 2857 1569; x_wconf 87' lang='lat' dir='ltr'><strong>mi</strong></span> <span class='ocrx_word' id='word_1_221' title='bbox 2879 1514 3065 1581; x_wconf 82' lang='lat' dir='ltr'><strong>frater,</strong></span> <span class='ocrx_word' id='word_1_222' title='bbox 3092 1522 3153 1568; x_wconf 91' lang='lat' dir='ltr'><strong>ut</strong></span> <span class='ocrx_word' id='word_1_223' title='bbox 3182 1523 3469 1582; x_wconf 89' lang='lat' dir='ltr'><strong>utrumque</strong></span> <span class='ocrx_word' id='word_1_224' title='bbox 3494 1514 3548 1567; x_wconf 91' lang='lat' dir='ltr'><strong>in</strong></span> <span class='ocrx_word' id='word_1_225' title='bbox 3571 1528 3649 1569; x_wconf 89' lang='lat' dir='ltr'><strong>me</strong></span> <span class='ocrx_word' id='word_1_226' title='bbox 3669 1529 3786 1583; x_wconf 83' lang='lat' dir='ltr'><strong>ope-</strong></span> 
     </span>
    </p>
   </div>
   <div class='ocr_carea' id='block_1_31' title="bbox 2225 1603 3787 1673">
    <p class='ocr_par' dir='ltr' id='par_1_31' title="bbox 2225 1603 3787 1673">
     <span class='ocr_line' id='line_1_31' title="bbox 2225 1603 3787 1673; baseline -0.002 -12"><span class='ocrx_word' id='word_1_227' title='bbox 2225 1615 2376 1663; x_wconf 88' lang='lat' dir='ltr'><strong>retur</strong></span> <span class='ocrx_word' id='word_1_228' title='bbox 2398 1606 2678 1671; x_wconf 88' lang='lat' dir='ltr'><strong>Dominus,</strong></span> <span class='ocrx_word' id='word_1_229' title='bbox 2702 1613 2868 1661; x_wconf 81' lang='lat' dir='ltr'><strong>caecet</strong></span> <span class='ocrx_word' id='word_1_230' title='bbox 2896 1604 3172 1660; x_wconf 83' lang='lat' dir='ltr'><strong>videntem</strong></span> <span class='ocrx_word' id='word_1_231' title='bbox 3192 1619 3394 1670; x_wconf 90' lang='lat' dir='ltr'><strong>meum,</strong></span> <span class='ocrx_word' id='word_1_232' title='bbox 3420 1620 3487 1659; x_wconf 91' lang='lat' dir='ltr'><strong>ne</strong></span> <span class='ocrx_word' id='word_1_233' title='bbox 3509 1603 3577 1673; x_wconf 92' lang='lat' dir='ltr'><strong>(c)</strong></span> <span class='ocrx_word' id='word_1_234' title='bbox 3600 1604 3787 1658; x_wconf 85' lang='lat' dir='ltr'><strong>videam</strong></span> 
     </span>
    </p>
   </div>
   <div class='ocr_carea' id='block_1_32' title="bbox 2225 1696 3787 1763">
    <p class='ocr_par' dir='ltr' id='par_1_32' title="bbox 2225 1696 3787 1763">
     <span class='ocr_line' id='line_1_32' title="bbox 2225 1696 3787 1763; baseline 0 -11"><span class='ocrx_word' id='word_1_235' title='bbox 2225 1698 2547 1763; x_wconf 77' lang='lat' dir='ltr'><strong>vanitatem;</strong></span> <span class='ocrx_word' id='word_1_236' title='bbox 2597 1704 2653 1752; x_wconf 92' lang='lat' dir='ltr'><strong>et</strong></span> <span class='ocrx_word' id='word_1_237' title='bbox 2705 1697 2970 1751; x_wconf 89' lang='lat' dir='ltr'><strong>illuminet</strong></span> <span class='ocrx_word' id='word_1_238' title='bbox 3024 1712 3131 1751; x_wconf 92' lang='lat' dir='ltr'><strong>non</strong></span> <span class='ocrx_word' id='word_1_239' title='bbox 3185 1696 3481 1761; x_wconf 80' lang='lat' dir='ltr'><strong>videntem,</strong></span> <span class='ocrx_word' id='word_1_240' title='bbox 3524 1705 3579 1751; x_wconf 86' lang='lat' dir='ltr'><strong>ut</strong></span> <span class='ocrx_word' id='word_1_241' title='bbox 3599 1696 3787 1752; x_wconf 88' lang='lat' dir='ltr'><strong>videam</strong></span> 
     </span>
    </p>
   </div>
   <div class='ocr_carea' id='block_1_33' title="bbox 536 1787 3789 1860">
    <p class='ocr_par' dir='ltr' id='par_1_33' title="bbox 536 1787 3789 1860">
     <span class='ocr_line' id='line_1_33' title="bbox 536 1787 3789 1860; baseline -0.002 -11"><span class='ocrx_word' id='word_1_242' title='bbox 536 1796 741 1860; x_wconf 86' lang='lat' dir='ltr'><strong>facere,</strong></span> <span class='ocrx_word' id='word_1_243' title='bbox 769 1795 869 1848; x_wconf 91' lang='lat' dir='ltr'><strong>nisi</strong></span> <span class='ocrx_word' id='word_1_244' title='bbox 902 1794 1186 1848; x_wconf 84' lang='lat' dir='ltr'><strong>utilitatem</strong></span> <span class='ocrx_word' id='word_1_245' title='bbox 1217 1793 1409 1846; x_wconf 75' lang='lat' dir='ltr'><strong>anima:</strong></span> <span class='ocrx_word' id='word_1_246' title='bbox 1434 1789 1841 1845; x_wconf 88' lang='lat' dir='ltr'><strong>contemsisscm</strong></span> <span class='ocrx_word' id='word_1_247' title='bbox 1868 1788 1998 1841; x_wconf 92' lang='lat' dir='ltr'><strong>vitio</strong></span> <span class='ocrx_word' id='word_1_248' title='bbox 2026 1803 2124 1839; x_wconf 89' lang='lat' dir='ltr'><strong>vo-</strong></span> <span class='ocrx_word' id='word_1_249' title='bbox 2160 1795 2202 1853; x_wconf 78' lang='grc' dir='ltr'><strong>Β</strong></span> <span class='ocrx_word' id='word_1_250' title='bbox 2229 1792 2513 1859; x_wconf 54' lang='lat' dir='ltr'><strong>aequantes</strong></span> <span class='ocrx_word' id='word_1_251' title='bbox 2546 1799 2595 1843; x_wconf 85' lang='grc' dir='ltr'><strong>ι’.</strong></span> <span class='ocrx_word' id='word_1_252' title='bbox 2636 1787 2857 1844; x_wconf 88' lang='lat' dir='ltr'><strong>Occidat</strong></span> <span class='ocrx_word' id='word_1_253' title='bbox 2902 1789 2957 1843; x_wconf 91' lang='lat' dir='ltr'><strong>in</strong></span> <span class='ocrx_word' id='word_1_254' title='bbox 2999 1800 3087 1843; x_wconf 90' lang='lat' dir='ltr'><strong>me</strong></span> <span class='ocrx_word' id='word_1_255' title='bbox 3131 1797 3352 1842; x_wconf 74' lang='lat' dir='ltr'><strong>veterem</strong></span> <span class='ocrx_word' id='word_1_256' title='bbox 3402 1789 3649 1842; x_wconf 81' lang='lat' dir='ltr'><strong>hominem</strong></span> <span class='ocrx_word' id='word_1_257' title='bbox 3689 1802 3789 1841; x_wconf 80' lang='lat' dir='ltr'><strong>cunt</strong></span> 
     </span>
    </p>
   </div>
   <div class='ocr_carea' id='block_1_34' title="bbox 533 1879 2118 1955">
    <p class='ocr_par' dir='ltr' id='par_1_34' title="bbox 533 1879 2118 1955">
     <span class='ocr_line' id='line_1_34' title="bbox 533 1879 2118 1955; baseline -0.005 -15"><span class='ocrx_word' id='word_1_258' title='bbox 533 1888 752 1941; x_wconf 89' lang='lat' dir='ltr'><strong>luntatis</strong></span> <span class='ocrx_word' id='word_1_259' title='bbox 778 1905 790 1939; x_wconf 90' lang='lat'>:</span> <span class='ocrx_word' id='word_1_260' title='bbox 823 1902 927 1955; x_wconf 89' lang='lat' dir='ltr'><strong>qua</strong></span> <span class='ocrx_word' id='word_1_261' title='bbox 955 1886 1006 1940; x_wconf 92' lang='lat' dir='ltr'><strong>id</strong></span> <span class='ocrx_word' id='word_1_262' title='bbox 1029 1887 1049 1917; x_wconf 84' lang='lat'><strong><em>°</em></strong></span> <span class='ocrx_word' id='word_1_263' title='bbox 1077 1886 1221 1955; x_wconf 75' lang='lat' dir='ltr'><strong>quod</strong></span> <span class='ocrx_word' id='word_1_264' title='bbox 1246 1898 1353 1939; x_wconf 90' lang='lat' dir='ltr'><strong>non</strong></span> <span class='ocrx_word' id='word_1_265' title='bbox 1384 1883 1706 1953; x_wconf 87' lang='lat' dir='ltr'><strong>expediebat</strong></span> <span class='ocrx_word' id='word_1_266' title='bbox 1751 1881 1962 1945; x_wconf 87' lang='lat' dir='ltr'><strong>admisi,</strong></span> <span class='ocrx_word' id='word_1_267' title='bbox 1993 1879 2118 1933; x_wconf 88' lang='lat' dir='ltr'><strong>dum</strong></span> 
     </span>
    </p>
   </div>
   <div class='ocr_carea' id='block_1_35' title="bbox 533 1970 2118 2048">
    <p class='ocr_par' dir='ltr' id='par_1_35' title="bbox 533 1970 2118 2048">
     <span class='ocr_line' id='line_1_35' title="bbox 533 1970 2118 2048; baseline -0.005 -16"><span class='ocrx_word' id='word_1_268' title='bbox 533 1995 639 2033; x_wconf 92' lang='lat' dir='ltr'><strong>non</strong></span> <span class='ocrx_word' id='word_1_269' title='bbox 668 1989 909 2048; x_wconf 85' lang='lat' dir='ltr'><strong>tempero</strong></span> <span class='ocrx_word' id='word_1_270' title='bbox 938 1978 1081 2047; x_wconf 88' lang='lat' dir='ltr'><strong>quod</strong></span> <span class='ocrx_word' id='word_1_271' title='bbox 1114 1978 1327 2032; x_wconf 87' lang='lat' dir='ltr'><strong>licebat.</strong></span> <span class='ocrx_word' id='word_1_272' title='bbox 1358 1976 1651 2044; x_wconf 89' lang='lat' dir='ltr'><strong>Propterea</strong></span> <span class='ocrx_word' id='word_1_273' title='bbox 1676 1972 1820 2042; x_wconf 89' lang='lat' dir='ltr'><strong>juste</strong></span> <span class='ocrx_word' id='word_1_274' title='bbox 1868 1972 1988 2026; x_wconf 89' lang='lat' dir='ltr'><strong>illos</strong></span> <span class='ocrx_word' id='word_1_275' title='bbox 2033 1970 2118 2025; x_wconf 93' lang='lat' dir='ltr'><strong>in-</strong></span> 
     </span>
    </p>
   </div>
   <div class='ocr_carea' id='block_1_36' title="bbox 534 2064 2118 2137">
    <p class='ocr_par' dir='ltr' id='par_1_36' title="bbox 534 2064 2118 2137">
     <span class='ocr_line' id='line_1_36' title="bbox 534 2064 2118 2137; baseline -0.006 -14"><span class='ocrx_word' id='word_1_276' title='bbox 534 2072 794 2125; x_wconf 70' lang='lat' dir='ltr'><strong>nocentia:</strong></span> <span class='ocrx_word' id='word_1_277' title='bbox 822 2070 1026 2134; x_wconf 88' lang='lat' dir='ltr'><strong>oculos,</strong></span> <span class='ocrx_word' id='word_1_278' title='bbox 1061 2070 1254 2137; x_wconf 85' lang='lat' dir='ltr'><strong>quibus</strong></span> <span class='ocrx_word' id='word_1_279' title='bbox 1304 2067 1503 2121; x_wconf 89' lang='lat' dir='ltr'><strong>malum</strong></span> <span class='ocrx_word' id='word_1_280' title='bbox 1533 2082 1639 2120; x_wconf 88' lang='lat' dir='ltr'><strong>non</strong></span> <span class='ocrx_word' id='word_1_281' title='bbox 1669 2064 1939 2129; x_wconf 87' lang='lat' dir='ltr'><strong>videbam,</strong></span> <span class='ocrx_word' id='word_1_282' title='bbox 1994 2075 2118 2130; x_wconf 91' lang='lat' dir='ltr'><strong>per-</strong></span> 
     </span>
    </p>
   </div>
   <div class='ocr_carea' id='block_1_37' title="bbox 531 2150 2118 2226">
    <p class='ocr_par' dir='ltr' id='par_1_37' title="bbox 531 2150 2118 2226">
     <span class='ocr_line' id='line_1_37' title="bbox 531 2150 2118 2226; baseline -0.008 -11"><span class='ocrx_word' id='word_1_283' title='bbox 531 2160 674 2224; x_wconf 86' lang='lat' dir='ltr'><strong>didi;</strong></span> <span class='ocrx_word' id='word_1_284' title='bbox 707 2168 763 2214; x_wconf 86' lang='lat' dir='ltr'><strong>et</strong></span> <span class='ocrx_word' id='word_1_285' title='bbox 787 2159 917 2213; x_wconf 90' lang='lat' dir='ltr'><strong>istos</strong></span> <span class='ocrx_word' id='word_1_286' title='bbox 939 2160 1189 2225; x_wconf 88' lang='lat' dir='ltr'><strong>invicem,</strong></span> <span class='ocrx_word' id='word_1_287' title='bbox 1213 2159 1406 2226; x_wconf 87' lang='lat' dir='ltr'><strong>quibus</strong></span> <span class='ocrx_word' id='word_1_288' title='bbox 1427 2164 1708 2226; x_wconf 89' lang='lat' dir='ltr'><strong>peccatum</strong></span> <span class='ocrx_word' id='word_1_289' title='bbox 1739 2152 2047 2223; x_wconf 85' lang='lat' dir='ltr'><strong>agnoscitur</strong></span> <span class='ocrx_word' id='word_1_290' title='bbox 2066 2150 2118 2204; x_wconf 93' lang='lat' dir='ltr'><strong>in</strong></span> 
     </span>
    </p>
   </div>
   <div class='ocr_carea' id='block_1_38' title="bbox 533 2246 1691 2318">
    <p class='ocr_par' dir='ltr' id='par_1_38' title="bbox 533 2246 1691 2318">
     <span class='ocr_line' id='line_1_38' title="bbox 533 2246 1691 2318; baseline -0.005 -15"><span class='ocrx_word' id='word_1_291' title='bbox 533 2265 747 2318; x_wconf 73' lang='lat' dir='ltr'><strong>pmnam</strong></span> <span class='ocrx_word' id='word_1_292' title='bbox 770 2250 1134 2315; x_wconf 67' lang='lat' dir='ltr'><strong>conscientia},</strong></span> <span class='ocrx_word' id='word_1_293' title='bbox 1166 2247 1461 2316; x_wconf 89' lang='lat' dir='ltr'><strong>iniquitatis</strong></span> <span class='ocrx_word' id='word_1_294' title='bbox 1490 2246 1691 2315; x_wconf 84' lang='lat' dir='ltr'><strong>accepi.</strong></span> 
     </span>
    </p>
   </div>
   <div class='ocr_carea' id='block_1_39' title="bbox 613 2332 2122 2411">
    <p class='ocr_par' dir='ltr' id='par_1_39' title="bbox 613 2332 2122 2411">
     <span class='ocr_line' id='line_1_39' title="bbox 613 2332 2122 2411; baseline -0.006 -17"><span class='ocrx_word' id='word_1_295' title='bbox 613 2339 769 2410; x_wconf 74' lang='lat'><strong>187</strong></span> <span class='ocrx_word' id='word_1_296' title='bbox 809 2338 861 2392; x_wconf 79' lang='grc'><strong>4.</strong></span> <span class='ocrx_word' id='word_1_297' title='bbox 903 2338 1037 2393; x_wconf 86' lang='lat' dir='ltr'><strong>Nam</strong></span> <span class='ocrx_word' id='word_1_298' title='bbox 1068 2348 1116 2391; x_wconf 89' lang='lat' dir='ltr'><strong>et</strong></span> <span class='ocrx_word' id='word_1_299' title='bbox 1150 2338 1347 2392; x_wconf 82' lang='lat' dir='ltr'><strong>vidisse</strong></span> <span class='ocrx_word' id='word_1_300' title='bbox 1394 2338 1596 2411; x_wconf 83' lang='lat' dir='ltr'><strong>primos</strong></span> <span class='ocrx_word' id='word_1_301' title='bbox 1643 2334 1856 2403; x_wconf 81' lang='lat' dir='ltr'><strong>generis</strong></span> <span class='ocrx_word' id='word_1_302' title='bbox 1901 2332 2122 2387; x_wconf 91' lang='lat' dir='ltr'><strong>humani</strong></span> 
     </span>
    </p>
   </div>
   <div class='ocr_carea' id='block_1_40' title="bbox 534 2422 2125 2500">
    <p class='ocr_par' dir='ltr' id='par_1_40' title="bbox 534 2422 2125 2500">
     <span class='ocr_line' id='line_1_40' title="bbox 534 2422 2125 2500; baseline -0.006 -16"><span class='ocrx_word' id='word_1_303' title='bbox 534 2438 807 2500; x_wconf 88' lang='lat' dir='ltr'><strong>parentes,</strong></span> <span class='ocrx_word' id='word_1_304' title='bbox 852 2437 907 2483; x_wconf 88' lang='lat' dir='ltr'><strong>et</strong></span> <span class='ocrx_word' id='word_1_305' title='bbox 954 2445 1061 2483; x_wconf 92' lang='lat' dir='ltr'><strong>non</strong></span> <span class='ocrx_word' id='word_1_306' title='bbox 1091 2428 1309 2493; x_wconf 87' lang='lat' dir='ltr'><strong>vidisse,</strong></span> <span class='ocrx_word' id='word_1_307' title='bbox 1352 2426 1629 2496; x_wconf 88' lang='lat' dir='ltr'><strong>Scriptura</strong></span> <span class='ocrx_word' id='word_1_308' title='bbox 1668 2424 1927 2479; x_wconf 90' lang='lat' dir='ltr'><strong>declarat.</strong></span> <span class='ocrx_word' id='word_1_309' title='bbox 1982 2422 2125 2476; x_wconf 85' lang='lat' dir='ltr'><strong>Vidit</strong></span> 
     </span>
    </p>
   </div>
   <div class='ocr_carea' id='block_1_41' title="bbox 533 2512 2120 2588">
    <p class='ocr_par' dir='ltr' id='par_1_41' title="bbox 533 2512 2120 2588">
     <span class='ocr_line' id='line_1_41' title="bbox 533 2512 2120 2588; baseline -0.006 -15"><span class='ocrx_word' id='word_1_310' title='bbox 533 2520 672 2573; x_wconf 85' lang='lat' dir='ltr'><strong>enim</strong></span> <span class='ocrx_word' id='word_1_311' title='bbox 700 2520 882 2573; x_wconf 84' lang='lat' dir='ltr'><strong>mulier</strong></span> <span class='ocrx_word' id='word_1_312' title='bbox 912 2516 1144 2571; x_wconf 87' lang='lat' dir='ltr'><strong>arborem</strong></span> <span class='ocrx_word' id='word_1_313' title='bbox 1177 2518 1297 2588; x_wconf 89' lang='lat' dir='ltr'><strong>quia</strong></span> <span class='ocrx_word' id='word_1_314' title='bbox 1351 2515 1487 2569; x_wconf 72' lang='lat' dir='ltr'><strong>bona</strong></span> <span class='ocrx_word' id='word_1_315' title='bbox 1510 2516 1529 2546; x_wconf 90' lang='lat'><strong><em>&quot;</em></strong></span> <span class='ocrx_word' id='word_1_316' title='bbox 1561 2514 1631 2567; x_wconf 92' lang='lat' dir='ltr'><strong>ad</strong></span> <span class='ocrx_word' id='word_1_317' title='bbox 1682 2512 2120 2575; x_wconf 82' lang='lat' dir='ltr'><strong>manducandum,</strong></span> 
     </span>
    </p>
   </div>
   <div class='ocr_carea' id='block_1_42' title="bbox 533 2604 2126 2680">
    <p class='ocr_par' dir='ltr' id='par_1_42' title="bbox 533 2604 2126 2680">
     <span class='ocr_line' id='line_1_42' title="bbox 533 2604 2126 2680; baseline -0.004 -18"><span class='ocrx_word' id='word_1_318' title='bbox 533 2620 582 2663; x_wconf 85' lang='lat' dir='ltr'><strong>et</strong></span> <span class='ocrx_word' id='word_1_319' title='bbox 602 2618 750 2680; x_wconf 87' lang='lat' dir='ltr'><strong>grata</strong></span> <span class='ocrx_word' id='word_1_320' title='bbox 769 2618 881 2662; x_wconf 89' lang='lat' dir='ltr'><strong>erat</strong></span> <span class='ocrx_word' id='word_1_321' title='bbox 901 2608 1062 2661; x_wconf 86' lang='lat' dir='ltr'><strong>oculis</strong></span> <span class='ocrx_word' id='word_1_322' title='bbox 1084 2607 1153 2659; x_wconf 90' lang='lat' dir='ltr'><strong>ad</strong></span> <span class='ocrx_word' id='word_1_323' title='bbox 1182 2607 1456 2661; x_wconf 84' lang='lat' dir='ltr'><strong>videndum</strong></span> <span class='ocrx_word' id='word_1_324' title='bbox 1485 2605 1531 2659; x_wconf 62' lang='grc' dir='ltr'><strong>ι’.</strong></span> <span class='ocrx_word' id='word_1_325' title='bbox 1572 2604 1731 2668; x_wconf 81' lang='lat' dir='ltr'><strong>Vidit,</strong></span> <span class='ocrx_word' id='word_1_326' title='bbox 1766 2604 1972 2673; x_wconf 90' lang='lat' dir='ltr'><strong>inquit:</strong></span> <span class='ocrx_word' id='word_1_327' title='bbox 1997 2616 2126 2672; x_wconf 83' lang='lat' dir='ltr'><strong>ergo</strong></span> 
     </span>
    </p>
   </div>
   <div class='ocr_carea' id='block_1_43' title="bbox 534 2695 2129 2768">
    <p class='ocr_par' dir='ltr' id='par_1_43' title="bbox 534 2695 2129 2768">
     <span class='ocr_line' id='line_1_43' title="bbox 534 2695 2129 2768; baseline -0.006 -12"><span class='ocrx_word' id='word_1_328' title='bbox 534 2702 768 2756; x_wconf 84' lang='lat' dir='ltr'><strong>habebat</strong></span> <span class='ocrx_word' id='word_1_329' title='bbox 796 2701 1001 2756; x_wconf 90' lang='lat' dir='ltr'><strong>oculos.</strong></span> <span class='ocrx_word' id='word_1_330' title='bbox 1032 2699 1100 2754; x_wconf 89' lang='lat' dir='ltr'><strong>Et</strong></span> <span class='ocrx_word' id='word_1_331' title='bbox 1125 2700 1251 2768; x_wconf 91' lang='lat' dir='ltr'><strong>quid</strong></span> <span class='ocrx_word' id='word_1_332' title='bbox 1281 2698 1475 2753; x_wconf 89' lang='lat' dir='ltr'><strong>deinde</strong></span> <span class='ocrx_word' id='word_1_333' title='bbox 1496 2697 1769 2752; x_wconf 82' lang='lat' dir='ltr'><strong>subtexit?</strong></span> <span class='ocrx_word' id='word_1_334' title='bbox 1799 2695 1926 2749; x_wconf 90' lang='lat' dir='ltr'><strong>Cum</strong></span> <span class='ocrx_word' id='word_1_335' title='bbox 1978 2711 2129 2747; x_wconf 75' lang='lat' dir='ltr'><strong>inun-</strong></span> 
     </span>
    </p>
   </div>
   <div class='ocr_carea' id='block_1_44' title="bbox 535 2785 2128 2863">
    <p class='ocr_par' dir='ltr' id='par_1_44' title="bbox 535 2785 2128 2863">
     <span class='ocr_line' id='line_1_44' title="bbox 535 2785 2128 2863; baseline -0.005 -15"><span class='ocrx_word' id='word_1_336' title='bbox 535 2797 826 2858; x_wconf 85' lang='lat' dir='ltr'><strong>ducassent,</strong></span> <span class='ocrx_word' id='word_1_337' title='bbox 854 2795 1048 2863; x_wconf 88' lang='lat' dir='ltr'><strong>inquit,</strong></span> <span class='ocrx_word' id='word_1_338' title='bbox 1074 2794 1239 2863; x_wconf 86' lang='lat' dir='ltr'><strong>aperti</strong></span> <span class='ocrx_word' id='word_1_339' title='bbox 1263 2801 1381 2845; x_wconf 85' lang='lat' dir='ltr'><strong>sunt</strong></span> <span class='ocrx_word' id='word_1_340' title='bbox 1404 2791 1539 2845; x_wconf 86' lang='lat' dir='ltr'><strong>oculi</strong></span> <span class='ocrx_word' id='word_1_341' title='bbox 1569 2806 1745 2844; x_wconf 86' lang='lat' dir='ltr'><strong>eorum</strong></span> <span class='ocrx_word' id='word_1_342' title='bbox 1772 2800 1816 2841; x_wconf 71' lang='grc' dir='ltr'><strong>ε.</strong></span> <span class='ocrx_word' id='word_1_343' title='bbox 1845 2786 1982 2855; x_wconf 81' lang='lat' dir='ltr'><strong>Ergo</strong></span> <span class='ocrx_word' id='word_1_344' title='bbox 2002 2785 2128 2841; x_wconf 63' lang='lat' dir='ltr'><strong>(neci</strong></span> 
     </span>
    </p>
   </div>
   <div class='ocr_carea' id='block_1_45' title="bbox 535 2877 2128 2949">
    <p class='ocr_par' dir='ltr' id='par_1_45' title="bbox 535 2877 2128 2949">
     <span class='ocr_line' id='line_1_45' title="bbox 535 2877 2128 2949; baseline -0.004 -12"><span class='ocrx_word' id='word_1_345' title='bbox 535 2886 785 2939; x_wconf 85' lang='lat' dir='ltr'><strong>fuerant?</strong></span> <span class='ocrx_word' id='word_1_346' title='bbox 830 2883 981 2939; x_wconf 90' lang='lat' dir='ltr'><strong>Unde</strong></span> <span class='ocrx_word' id='word_1_347' title='bbox 1028 2883 1401 2937; x_wconf 82' lang='lat' dir='ltr'><strong>advertimus?</strong></span> <span class='ocrx_word' id='word_1_348' title='bbox 1430 2881 1695 2947; x_wconf 88' lang='lat' dir='ltr'><strong>Quoniam</strong></span> <span class='ocrx_word' id='word_1_349' title='bbox 1740 2895 1847 2933; x_wconf 91' lang='lat' dir='ltr'><strong>non</strong></span> <span class='ocrx_word' id='word_1_350' title='bbox 1874 2885 2053 2949; x_wconf 90' lang='lat' dir='ltr'><strong>potest</strong></span> <span class='ocrx_word' id='word_1_351' title='bbox 2074 2877 2128 2931; x_wconf 94' lang='lat' dir='ltr'><strong>in</strong></span> 
     </span>
    </p>
   </div>
   <div class='ocr_carea' id='block_1_46' title="bbox 535 2970 2131 3043">
    <p class='ocr_par' dir='ltr' id='par_1_46' title="bbox 535 2970 2131 3043">
     <span class='ocr_line' id='line_1_46' title="bbox 535 2970 2131 3043; baseline -0.006 -14"><span class='ocrx_word' id='word_1_352' title='bbox 535 2976 722 3029; x_wconf 85' lang='lat' dir='ltr'><strong>eodem</strong></span> <span class='ocrx_word' id='word_1_353' title='bbox 751 2988 981 3043; x_wconf 90' lang='lat' dir='ltr'><strong>corpore</strong></span> <span class='ocrx_word' id='word_1_354' title='bbox 1008 2972 1166 3027; x_wconf 89' lang='lat' dir='ltr'><strong>simul</strong></span> <span class='ocrx_word' id='word_1_355' title='bbox 1189 2972 1483 3027; x_wconf 90' lang='lat' dir='ltr'><strong>convenire</strong></span> <span class='ocrx_word' id='word_1_356' title='bbox 1511 2970 1727 3025; x_wconf 68' lang='lat' dir='ltr'><strong>accitas</strong></span> <span class='ocrx_word' id='word_1_357' title='bbox 1747 2977 1804 3023; x_wconf 88' lang='lat' dir='ltr'><strong>et</strong></span> <span class='ocrx_word' id='word_1_358' title='bbox 1831 2970 1977 3023; x_wconf 88' lang='lat' dir='ltr'><strong>visus</strong></span> <span class='ocrx_word' id='word_1_359' title='bbox 2001 2983 2131 3022; x_wconf 89' lang='lat' dir='ltr'><strong>ocu-</strong></span> 
     </span>
    </p>
   </div>
   <div class='ocr_carea' id='block_1_47' title="bbox 534 3060 2127 3133">
    <p class='ocr_par' dir='ltr' id='par_1_47' title="bbox 534 3060 2127 3133">
     <span class='ocr_line' id='line_1_47' title="bbox 534 3060 2127 3133; baseline -0.004 -13"><span class='ocrx_word' id='word_1_360' title='bbox 534 3066 729 3121; x_wconf 89' lang='lat' dir='ltr'><strong>lorum.</strong></span> <span class='ocrx_word' id='word_1_361' title='bbox 752 3065 861 3121; x_wconf 87' lang='lat' dir='ltr'><strong>Sed</strong></span> <span class='ocrx_word' id='word_1_362' title='bbox 882 3073 1030 3120; x_wconf 89' lang='lat' dir='ltr'><strong>certe</strong></span> <span class='ocrx_word' id='word_1_363' title='bbox 1051 3073 1133 3120; x_wconf 92' lang='lat' dir='ltr'><strong>est</strong></span> <span class='ocrx_word' id='word_1_364' title='bbox 1151 3066 1174 3097; x_wconf 77' lang='grc'>⁸</span> <span class='ocrx_word' id='word_1_365' title='bbox 1194 3063 1465 3133; x_wconf 89' lang='lat' dir='ltr'><strong>quoddam</strong></span> <span class='ocrx_word' id='word_1_366' title='bbox 1492 3077 1691 3118; x_wconf 71' lang='lat' dir='ltr'><strong>eccum</strong></span> <span class='ocrx_word' id='word_1_367' title='bbox 1716 3062 1767 3116; x_wconf 92' lang='lat' dir='ltr'><strong>in</strong></span> <span class='ocrx_word' id='word_1_368' title='bbox 1792 3062 1946 3116; x_wconf 90' lang='lat' dir='ltr'><strong>nobis</strong></span> <span class='ocrx_word' id='word_1_369' title='bbox 1966 3060 2127 3114; x_wconf 89' lang='lat' dir='ltr'><strong>etiam</strong></span> 
     </span>
    </p>
   </div>
   <div class='ocr_carea' id='block_1_48' title="bbox 2227 1882 3786 1951">
    <p class='ocr_par' dir='ltr' id='par_1_48' title="bbox 2227 1882 3786 1951">
     <span class='ocr_line' id='line_1_48' title="bbox 2227 1882 3786 1951; baseline -0.003 -12"><span class='ocrx_word' id='word_1_370' title='bbox 2227 1887 2428 1940; x_wconf 76' lang='lat' dir='ltr'><strong>actibus</strong></span> <span class='ocrx_word' id='word_1_371' title='bbox 2477 1887 2585 1940; x_wconf 89' lang='lat' dir='ltr'><strong>suis</strong></span> <span class='ocrx_word' id='word_1_372' title='bbox 2618 1892 2663 1951; x_wconf 80' lang='grc'>⁸,</span> <span class='ocrx_word' id='word_1_373' title='bbox 2696 1894 2755 1939; x_wconf 86' lang='lat' dir='ltr'><strong>ut</strong></span> <span class='ocrx_word' id='word_1_374' title='bbox 2778 1884 3095 1939; x_wconf 85' lang='lat' dir='ltr'><strong>reﬂorescat</strong></span> <span class='ocrx_word' id='word_1_375' title='bbox 3121 1884 3164 1918; x_wconf 78' lang='grc'>¹¹</span> <span class='ocrx_word' id='word_1_376' title='bbox 3194 1884 3246 1937; x_wconf 91' lang='lat' dir='ltr'><strong>in</strong></span> <span class='ocrx_word' id='word_1_377' title='bbox 3276 1882 3494 1938; x_wconf 86' lang='lat' dir='ltr'><strong>Christo</strong></span> <span class='ocrx_word' id='word_1_378' title='bbox 3520 1898 3639 1938; x_wconf 91' lang='lat' dir='ltr'><strong>caro</strong></span> <span class='ocrx_word' id='word_1_379' title='bbox 3666 1896 3786 1945; x_wconf 84' lang='lat' dir='ltr'><strong>mea,</strong></span> 
     </span>
    </p>
   </div>
   <div class='ocr_carea' id='block_1_49' title="bbox 2226 1971 3791 2048">
    <p class='ocr_par' dir='ltr' id='par_1_49' title="bbox 2226 1971 3791 2048">
     <span class='ocr_line' id='line_1_49' title="bbox 2226 1971 3791 2048; baseline -0.005 -14"><span class='ocrx_word' id='word_1_380' title='bbox 2226 1986 2281 2034; x_wconf 86' lang='lat' dir='ltr'><strong>et</strong></span> <span class='ocrx_word' id='word_1_381' title='bbox 2309 1989 2578 2034; x_wconf 87' lang='lat' dir='ltr'><strong>renovetur</strong></span> <span class='ocrx_word' id='word_1_382' title='bbox 2632 1979 2766 2032; x_wconf 80' lang='lat' dir='ltr'><strong>sicut</strong></span> <span class='ocrx_word' id='word_1_383' title='bbox 2811 1976 2997 2048; x_wconf 73' lang='lat' dir='ltr'><strong>aquila:</strong></span> <span class='ocrx_word' id='word_1_384' title='bbox 3033 1975 3273 2046; x_wconf 76' lang='lat' dir='ltr'><strong>juventus</strong></span> <span class='ocrx_word' id='word_1_385' title='bbox 3326 1990 3442 2027; x_wconf 89' lang='lat' dir='ltr'><strong>mea</strong></span> <span class='ocrx_word' id='word_1_386' title='bbox 3474 1973 3519 2026; x_wconf 68' lang='grc' dir='ltr'><strong>ί.</strong></span> <span class='ocrx_word' id='word_1_387' title='bbox 3568 1971 3687 2027; x_wconf 70' lang='lat' dir='ltr'><strong>Hom</strong></span> <span class='ocrx_word' id='word_1_388' title='bbox 3722 1980 3791 2026; x_wconf 88' lang='lat' dir='ltr'><strong>est</strong></span> 
     </span>
    </p>
   </div>
   <div class='ocr_carea' id='block_1_50' title="bbox 2226 2062 3789 2133">
    <p class='ocr_par' dir='ltr' id='par_1_50' title="bbox 2226 2062 3789 2133">
     <span class='ocr_line' id='line_1_50' title="bbox 2226 2062 3789 2133; baseline -0.004 -11"><span class='ocrx_word' id='word_1_389' title='bbox 2226 2069 2371 2123; x_wconf 89' lang='lat' dir='ltr'><strong>enim</strong></span> <span class='ocrx_word' id='word_1_390' title='bbox 2418 2069 2633 2122; x_wconf 81' lang='lat' dir='ltr'><strong>mutatio</strong></span> <span class='ocrx_word' id='word_1_391' title='bbox 2679 2067 2905 2120; x_wconf 76' lang='lat' dir='ltr'><strong>dextera:</strong></span> <span class='ocrx_word' id='word_1_392' title='bbox 2935 2064 3151 2117; x_wconf 70' lang='grc' dir='ltr'><strong>Επειδί</strong></span> <span class='ocrx_word' id='word_1_393' title='bbox 3176 2070 3226 2131; x_wconf 76' lang='grc' dir='ltr'>α,</span> <span class='ocrx_word' id='word_1_394' title='bbox 3255 2072 3383 2118; x_wconf 84' lang='lat' dir='ltr'><strong>cum</strong></span> <span class='ocrx_word' id='word_1_395' title='bbox 3410 2064 3487 2133; x_wconf 87' lang='lat' dir='ltr'><strong>(d)</strong></span> <span class='ocrx_word' id='word_1_396' title='bbox 3512 2062 3789 2117; x_wconf 80' lang='lat' dir='ltr'><strong>immutabi-</strong></span> 
     </span>
    </p>
   </div>
   <div class='ocr_carea' id='block_1_51' title="bbox 2227 2150 3783 2223">
    <p class='ocr_par' dir='ltr' id='par_1_51' title="bbox 2227 2150 3783 2223">
     <span class='ocr_line' id='line_1_51' title="bbox 2227 2150 3783 2223; baseline -0.006 -11"><span class='ocrx_word' id='word_1_397' title='bbox 2227 2174 2347 2212; x_wconf 90' lang='lat' dir='ltr'><strong>mur</strong></span> <span class='ocrx_word' id='word_1_398' title='bbox 2394 2172 2425 2211; x_wconf 91' lang='lat' dir='ltr'><strong>a</strong></span> <span class='ocrx_word' id='word_1_399' title='bbox 2454 2156 2609 2211; x_wconf 90' lang='lat' dir='ltr'><strong>nobis</strong></span> <span class='ocrx_word' id='word_1_400' title='bbox 2646 2155 2697 2208; x_wconf 91' lang='lat' dir='ltr'><strong>in</strong></span> <span class='ocrx_word' id='word_1_401' title='bbox 2739 2154 2888 2208; x_wconf 92' lang='lat' dir='ltr'><strong>illum</strong></span> <span class='ocrx_word' id='word_1_402' title='bbox 2933 2154 3190 2206; x_wconf 85' lang='lat' dir='ltr'><strong>hominem</strong></span> <span class='ocrx_word' id='word_1_403' title='bbox 3231 2153 3322 2223; x_wconf 81' lang='lat' dir='ltr'><strong>qui</strong></span> <span class='ocrx_word' id='word_1_404' title='bbox 3352 2153 3621 2206; x_wconf 83' lang='lat' dir='ltr'><strong>secundum</strong></span> <span class='ocrx_word' id='word_1_405' title='bbox 3641 2150 3783 2204; x_wconf 83' lang='lat' dir='ltr'><strong>Deum</strong></span> 
     </span>
    </p>
   </div>
   <div class='ocr_carea' id='block_1_52' title="bbox 2231 2242 3791 2315">
    <p class='ocr_par' dir='ltr' id='par_1_52' title="bbox 2231 2242 3791 2315">
     <span class='ocr_line' id='line_1_52' title="bbox 2231 2242 3791 2315; baseline -0.004 -14"><span class='ocrx_word' id='word_1_406' title='bbox 2231 2256 2433 2302; x_wconf 88' lang='lat' dir='ltr'><strong>creatus</strong></span> <span class='ocrx_word' id='word_1_407' title='bbox 2473 2256 2548 2301; x_wconf 86' lang='lat' dir='ltr'><strong>est</strong></span> <span class='ocrx_word' id='word_1_408' title='bbox 2572 2256 2623 2315; x_wconf 73' lang='grc' dir='ltr'>ν,</span> <span class='ocrx_word' id='word_1_409' title='bbox 2658 2245 2811 2315; x_wconf 85' lang='lat' dir='ltr'><strong>cujus</strong></span> <span class='ocrx_word' id='word_1_410' title='bbox 2854 2246 3031 2313; x_wconf 81' lang='lat' dir='ltr'><strong>imago</strong></span> <span class='ocrx_word' id='word_1_411' title='bbox 3078 2243 3315 2299; x_wconf 71' lang='lat' dir='ltr'><strong>etnlestis</strong></span> <span class='ocrx_word' id='word_1_412' title='bbox 3358 2251 3470 2309; x_wconf 88' lang='lat' dir='ltr'><strong>est;</strong></span> <span class='ocrx_word' id='word_1_413' title='bbox 3516 2242 3791 2313; x_wconf 87' lang='lat' dir='ltr'><strong>deponentes</strong></span> 
     </span>
    </p>
   </div>
   <div class='ocr_carea' id='block_1_53' title="bbox 2227 2332 3790 2409">
    <p class='ocr_par' dir='ltr' id='par_1_53' title="bbox 2227 2332 3790 2409">
     <span class='ocr_line' id='line_1_53' title="bbox 2227 2332 3790 2409; baseline -0.005 -18"><span class='ocrx_word' id='word_1_414' title='bbox 2227 2355 2343 2391; x_wconf 85' lang='lat' dir='ltr'><strong>eum</strong></span> <span class='ocrx_word' id='word_1_415' title='bbox 2357 2339 2445 2409; x_wconf 86' lang='lat' dir='ltr'><strong>qui</strong></span> <span class='ocrx_word' id='word_1_416' title='bbox 2454 2337 2799 2407; x_wconf 84' lang='lat' dir='ltr'><strong>corrumpitur</strong></span> <span class='ocrx_word' id='word_1_417' title='bbox 2812 2335 3090 2389; x_wconf 86' lang='lat' dir='ltr'><strong>secundum</strong></span> <span class='ocrx_word' id='word_1_418' title='bbox 3118 2335 3275 2404; x_wconf 74' lang='lat'><strong>188</strong></span> <span class='ocrx_word' id='word_1_419' title='bbox 3288 2332 3545 2387; x_wconf 77' lang='lat' dir='ltr'><strong>desideria</strong></span> <span class='ocrx_word' id='word_1_420' title='bbox 3563 2332 3735 2385; x_wconf 84' lang='lat' dir='ltr'><strong>erroris</strong></span> <span class='ocrx_word' id='word_1_421' title='bbox 3753 2339 3790 2382; x_wconf 72' lang='grc' dir='ltr'><strong>ι.</strong></span> 
     </span>
    </p>
   </div>
   <div class='ocr_carea' id='block_1_54' title="bbox 2232 2422 3793 2497">
    <p class='ocr_par' dir='ltr' id='par_1_54' title="bbox 2232 2422 3793 2497">
     <span class='ocr_line' id='line_1_54' title="bbox 2232 2422 3793 2497; baseline -0.005 -14"><span class='ocrx_word' id='word_1_422' title='bbox 2232 2429 2398 2497; x_wconf 86' lang='lat' dir='ltr'><strong>llujus</strong></span> <span class='ocrx_word' id='word_1_423' title='bbox 2427 2428 2714 2496; x_wconf 84' lang='lat' dir='ltr'><strong>imaginem</strong></span> <span class='ocrx_word' id='word_1_424' title='bbox 2747 2428 2799 2481; x_wconf 92' lang='lat' dir='ltr'><strong>in</strong></span> <span class='ocrx_word' id='word_1_425' title='bbox 2829 2442 2933 2491; x_wconf 92' lang='lat' dir='ltr'><strong>me,</strong></span> <span class='ocrx_word' id='word_1_426' title='bbox 2966 2442 3169 2497; x_wconf 76' lang='lat' dir='ltr'><strong>quaeso,</strong></span> <span class='ocrx_word' id='word_1_427' title='bbox 3204 2425 3349 2480; x_wconf 84' lang='lat' dir='ltr'><strong>Deus</strong></span> <span class='ocrx_word' id='word_1_428' title='bbox 3378 2432 3636 2491; x_wconf 82' lang='lat' dir='ltr'><strong>centerat,</strong></span> <span class='ocrx_word' id='word_1_429' title='bbox 3664 2431 3713 2477; x_wconf 89' lang='lat' dir='ltr'><strong>et</strong></span> <span class='ocrx_word' id='word_1_430' title='bbox 3737 2422 3793 2476; x_wconf 84' lang='lat' dir='ltr'><strong>ad</strong></span> 
     </span>
    </p>
   </div>
   <div class='ocr_carea' id='block_1_55' title="bbox 2229 2516 3791 2589">
    <p class='ocr_par' dir='ltr' id='par_1_55' title="bbox 2229 2516 3791 2589">
     <span class='ocr_line' id='line_1_55' title="bbox 2229 2516 3791 2589; baseline -0.005 -15"><span class='ocrx_word' id='word_1_431' title='bbox 2229 2520 2453 2574; x_wconf 88' lang='lat' dir='ltr'><strong>nihilum</strong></span> <span class='ocrx_word' id='word_1_432' title='bbox 2479 2520 2685 2589; x_wconf 87' lang='lat' dir='ltr'><strong>redigat</strong></span> <span class='ocrx_word' id='word_1_433' title='bbox 2706 2519 2994 2587; x_wconf 89' lang='lat' dir='ltr'><strong>imaginem</strong></span> <span class='ocrx_word' id='word_1_434' title='bbox 3018 2526 3280 2585; x_wconf 89' lang='lat' dir='ltr'><strong>nostram,</strong></span> <span class='ocrx_word' id='word_1_435' title='bbox 3303 2517 3359 2571; x_wconf 89' lang='lat' dir='ltr'><strong>id</strong></span> <span class='ocrx_word' id='word_1_436' title='bbox 3383 2524 3463 2572; x_wconf 91' lang='lat' dir='ltr'><strong>est</strong></span> <span class='ocrx_word' id='word_1_437' title='bbox 3490 2526 3735 2570; x_wconf 82' lang='lat' dir='ltr'><strong>terrenam</strong></span> <span class='ocrx_word' id='word_1_438' title='bbox 3750 2516 3791 2575; x_wconf 60' lang='grc' dir='ltr'>Υ,</span> 
     </span>
    </p>
   </div>
   <div class='ocr_carea' id='block_1_56' title="bbox 2230 2602 3793 2681">
    <p class='ocr_par' dir='ltr' id='par_1_56' title="bbox 2230 2602 3793 2681">
     <span class='ocr_line' id='line_1_56' title="bbox 2230 2602 3793 2681; baseline -0.006 -17"><span class='ocrx_word' id='word_1_439' title='bbox 2230 2612 2284 2666; x_wconf 92' lang='lat' dir='ltr'><strong>in</strong></span> <span class='ocrx_word' id='word_1_440' title='bbox 2338 2611 2559 2667; x_wconf 88' lang='lat' dir='ltr'><strong>civitate</strong></span> <span class='ocrx_word' id='word_1_441' title='bbox 2608 2609 2679 2681; x_wconf 89' lang='lat' dir='ltr'><strong>(e)</strong></span> <span class='ocrx_word' id='word_1_442' title='bbox 2734 2609 3182 2673; x_wconf 66' lang='lat' dir='ltr'><strong>circumstantia);</strong></span> <span class='ocrx_word' id='word_1_443' title='bbox 3217 2617 3271 2662; x_wconf 82' lang='lat' dir='ltr'><strong>et</strong></span> <span class='ocrx_word' id='word_1_444' title='bbox 3300 2608 3562 2662; x_wconf 88' lang='lat' dir='ltr'><strong>instauret</strong></span> <span class='ocrx_word' id='word_1_445' title='bbox 3588 2608 3637 2660; x_wconf 93' lang='lat' dir='ltr'><strong>in</strong></span> <span class='ocrx_word' id='word_1_446' title='bbox 3662 2602 3793 2658; x_wconf 91' lang='lat' dir='ltr'><strong>nobis</strong></span> 
     </span>
    </p>
   </div>
   <div class='ocr_carea' id='block_1_57' title="bbox 2229 2694 3793 2773">
    <p class='ocr_par' dir='ltr' id='par_1_57' title="bbox 2229 2694 3793 2773">
     <span class='ocr_line' id='line_1_57' title="bbox 2229 2694 3793 2773; baseline -0.006 -17"><span class='ocrx_word' id='word_1_447' title='bbox 2229 2711 2390 2772; x_wconf 81' lang='lat' dir='ltr'><strong>atque</strong></span> <span class='ocrx_word' id='word_1_448' title='bbox 2436 2700 2678 2773; x_wconf 81' lang='lat' dir='ltr'><strong>perﬁciat</strong></span> <span class='ocrx_word' id='word_1_449' title='bbox 2726 2701 3015 2768; x_wconf 88' lang='lat' dir='ltr'><strong>imaginem</strong></span> <span class='ocrx_word' id='word_1_450' title='bbox 3068 2715 3222 2754; x_wconf 91' lang='lat' dir='ltr'><strong>suam</strong></span> <span class='ocrx_word' id='word_1_451' title='bbox 3256 2709 3300 2762; x_wconf 74' lang='grc' dir='ltr'><strong>ι,</strong></span> <span class='ocrx_word' id='word_1_452' title='bbox 3347 2700 3402 2753; x_wconf 92' lang='lat' dir='ltr'><strong>in</strong></span> <span class='ocrx_word' id='word_1_453' title='bbox 3426 2715 3528 2768; x_wconf 89' lang='lat' dir='ltr'><strong>qua</strong></span> <span class='ocrx_word' id='word_1_454' title='bbox 3553 2713 3643 2752; x_wconf 90' lang='lat' dir='ltr'><strong>nos</strong></span> <span class='ocrx_word' id='word_1_455' title='bbox 3668 2694 3793 2766; x_wconf 86' lang='lat' dir='ltr'><strong>pingi</strong></span> 
     </span>
    </p>
   </div>
   <div class='ocr_carea' id='block_1_58' title="bbox 2230 2786 3793 2865">
    <p class='ocr_par' dir='ltr' id='par_1_58' title="bbox 2230 2786 3793 2865">
     <span class='ocr_line' id='line_1_58' title="bbox 2230 2786 3793 2865; baseline -0.007 -16"><span class='ocrx_word' id='word_1_456' title='bbox 2230 2811 2337 2849; x_wconf 89' lang='lat' dir='ltr'><strong>non</strong></span> <span class='ocrx_word' id='word_1_457' title='bbox 2368 2794 2550 2865; x_wconf 90' lang='lat' dir='ltr'><strong>pudet,</strong></span> <span class='ocrx_word' id='word_1_458' title='bbox 2581 2808 2740 2862; x_wconf 91' lang='lat' dir='ltr'><strong>quam</strong></span> <span class='ocrx_word' id='word_1_459' title='bbox 2772 2792 3118 2862; x_wconf 69' lang='lat' dir='ltr'><strong>prmlerentes</strong></span> <span class='ocrx_word' id='word_1_460' title='bbox 3150 2805 3275 2846; x_wconf 89' lang='lat' dir='ltr'><strong>vere</strong></span> <span class='ocrx_word' id='word_1_461' title='bbox 3302 2791 3544 2846; x_wconf 88' lang='lat' dir='ltr'><strong>dicamus</strong></span> <span class='ocrx_word' id='word_1_462' title='bbox 3575 2808 3587 2842; x_wconf 90' lang='lat'><strong>:</strong></span> <span class='ocrx_word' id='word_1_463' title='bbox 3617 2786 3793 2859; x_wconf 72' lang='lat' dir='ltr'><strong>Defeci!</strong></span> 
     </span>
    </p>
   </div>
   <div class='ocr_carea' id='block_1_59' title="bbox 2229 2876 3791 2953">
    <p class='ocr_par' dir='ltr' id='par_1_59' title="bbox 2229 2876 3791 2953">
     <span class='ocr_line' id='line_1_59' title="bbox 2229 2876 3791 2953; baseline -0.006 -15"><span class='ocrx_word' id='word_1_464' title='bbox 2229 2901 2319 2938; x_wconf 89' lang='lat' dir='ltr'><strong>cor</strong></span> <span class='ocrx_word' id='word_1_465' title='bbox 2335 2901 2502 2937; x_wconf 86' lang='lat' dir='ltr'><strong>meum</strong></span> <span class='ocrx_word' id='word_1_466' title='bbox 2522 2892 2571 2937; x_wconf 88' lang='lat' dir='ltr'><strong>et</strong></span> <span class='ocrx_word' id='word_1_467' title='bbox 2592 2899 2713 2936; x_wconf 90' lang='lat' dir='ltr'><strong>caro</strong></span> <span class='ocrx_word' id='word_1_468' title='bbox 2744 2899 2879 2949; x_wconf 89' lang='lat' dir='ltr'><strong>mea,</strong></span> <span class='ocrx_word' id='word_1_469' title='bbox 2909 2876 3049 2935; x_wconf 83' lang='lat' dir='ltr'><strong>Deus</strong></span> <span class='ocrx_word' id='word_1_470' title='bbox 3077 2882 3248 2936; x_wconf 82' lang='lat' dir='ltr'><strong>cordis</strong></span> <span class='ocrx_word' id='word_1_471' title='bbox 3269 2884 3396 2949; x_wconf 88' lang='lat' dir='ltr'><strong>mei,</strong></span> <span class='ocrx_word' id='word_1_472' title='bbox 3431 2891 3479 2936; x_wconf 90' lang='lat' dir='ltr'><strong>et</strong></span> <span class='ocrx_word' id='word_1_473' title='bbox 3505 2898 3621 2953; x_wconf 85' lang='lat' dir='ltr'><strong>pars</strong></span> <span class='ocrx_word' id='word_1_474' title='bbox 3666 2893 3791 2942; x_wconf 84' lang='lat' dir='ltr'><strong>mea;</strong></span> 
     </span>
    </p>
   </div>
   <div class='ocr_carea' id='block_1_60' title="bbox 2230 2968 3793 3040">
    <p class='ocr_par' dir='ltr' id='par_1_60' title="bbox 2230 2968 3793 3040">
     <span class='ocr_line' id='line_1_60' title="bbox 2230 2968 3793 3040; baseline -0.004 -12"><span class='ocrx_word' id='word_1_475' title='bbox 2230 2974 2372 3029; x_wconf 87' lang='lat' dir='ltr'><strong>Deus</strong></span> <span class='ocrx_word' id='word_1_476' title='bbox 2394 2977 2447 3030; x_wconf 88' lang='lat' dir='ltr'><strong>in</strong></span> <span class='ocrx_word' id='word_1_477' title='bbox 2467 2976 2640 3029; x_wconf 85' lang='lat' dir='ltr'><strong>secula</strong></span> <span class='ocrx_word' id='word_1_478' title='bbox 2658 2984 2736 3027; x_wconf 71' lang='grc'><strong>³⁸.</strong></span> <span class='ocrx_word' id='word_1_479' title='bbox 2767 2968 2900 3028; x_wconf 81' lang='lat' dir='ltr'><strong>Cum</strong></span> <span class='ocrx_word' id='word_1_480' title='bbox 2922 2974 3066 3029; x_wconf 90' lang='lat' dir='ltr'><strong>enim</strong></span> <span class='ocrx_word' id='word_1_481' title='bbox 3089 2973 3229 3028; x_wconf 90' lang='lat' dir='ltr'><strong>bona</strong></span> <span class='ocrx_word' id='word_1_482' title='bbox 3248 2974 3679 3036; x_wconf 87' lang='lat' dir='ltr'><strong>commutatione,</strong></span> <span class='ocrx_word' id='word_1_483' title='bbox 3692 2983 3793 3040; x_wconf 63' lang='lat' dir='ltr'><strong>quae</strong></span> 
     </span>
    </p>
   </div>
   <div class='ocr_carea' id='block_1_61' title="bbox 2233 3063 3792 3131">
    <p class='ocr_par' dir='ltr' id='par_1_61' title="bbox 2233 3063 3792 3131">
     <span class='ocr_line' id='line_1_61' title="bbox 2233 3063 3792 3131; baseline -0.005 -9"><span class='ocrx_word' id='word_1_484' title='bbox 2233 3077 2317 3123; x_wconf 89' lang='lat' dir='ltr'><strong>est</strong></span> <span class='ocrx_word' id='word_1_485' title='bbox 2343 3066 2545 3121; x_wconf 89' lang='lat' dir='ltr'><strong>homini</strong></span> <span class='ocrx_word' id='word_1_486' title='bbox 2569 3079 2601 3119; x_wconf 94' lang='lat' dir='ltr'><strong>a</strong></span> <span class='ocrx_word' id='word_1_487' title='bbox 2628 3064 2853 3120; x_wconf 86' lang='lat' dir='ltr'><strong>dextera</strong></span> <span class='ocrx_word' id='word_1_488' title='bbox 2889 3063 3099 3119; x_wconf 87' lang='lat' dir='ltr'><strong>Excelsi</strong></span> <span class='ocrx_word' id='word_1_489' title='bbox 3124 3063 3206 3131; x_wconf 61' lang='grc' dir='ltr'><strong>δι’,</strong></span> <span class='ocrx_word' id='word_1_490' title='bbox 3238 3063 3501 3120; x_wconf 88' lang='lat' dir='ltr'><strong>defecerit</strong></span> <span class='ocrx_word' id='word_1_491' title='bbox 3528 3079 3617 3119; x_wconf 91' lang='lat' dir='ltr'><strong>cor</strong></span> <span class='ocrx_word' id='word_1_492' title='bbox 3635 3074 3792 3116; x_wconf 87' lang='lat' dir='ltr'><strong>meum</strong></span> 
     </span>
    </p>
   </div>
   <div class='ocr_carea' id='block_1_62' title="bbox 534 3151 3793 3222">
    <p class='ocr_par' dir='ltr' id='par_1_62' title="bbox 534 3151 3793 3222">
     <span class='ocr_line' id='line_1_62' title="bbox 534 3151 3793 3222; baseline -0.002 -15"><span class='ocrx_word' id='word_1_493' title='bbox 534 3155 854 3220; x_wconf 85' lang='lat' dir='ltr'><strong>videntibus,</strong></span> <span class='ocrx_word' id='word_1_494' title='bbox 910 3164 966 3210; x_wconf 91' lang='lat' dir='ltr'><strong>et</strong></span> <span class='ocrx_word' id='word_1_495' title='bbox 1015 3169 1047 3208; x_wconf 91' lang='lat' dir='ltr'><strong>e</strong></span> <span class='ocrx_word' id='word_1_496' title='bbox 1100 3155 1377 3209; x_wconf 90' lang='lat' dir='ltr'><strong>contrario</strong></span> <span class='ocrx_word' id='word_1_497' title='bbox 1432 3153 1598 3209; x_wconf 86' lang='lat' dir='ltr'><strong>etiam</strong></span> <span class='ocrx_word' id='word_1_498' title='bbox 1638 3153 1690 3206; x_wconf 92' lang='lat' dir='ltr'><strong>in</strong></span> <span class='ocrx_word' id='word_1_499' title='bbox 1720 3152 1875 3207; x_wconf 72' lang='lat' dir='ltr'><strong>caecis</strong></span> <span class='ocrx_word' id='word_1_500' title='bbox 1912 3151 2118 3206; x_wconf 88' lang='lat' dir='ltr'><strong>videns.</strong></span> <span class='ocrx_word' id='word_1_501' title='bbox 2150 3158 2196 3222; x_wconf 72' lang='grc' dir='ltr'><strong>ο</strong></span> <span class='ocrx_word' id='word_1_502' title='bbox 2228 3167 2284 3213; x_wconf 75' lang='lat' dir='ltr'><strong>et</strong></span> <span class='ocrx_word' id='word_1_503' title='bbox 2311 3174 2438 3213; x_wconf 76' lang='lat' dir='ltr'><strong>caro</strong></span> <span class='ocrx_word' id='word_1_504' title='bbox 2464 3172 2604 3221; x_wconf 80' lang='lat' dir='ltr'><strong>mea,</strong></span> <span class='ocrx_word' id='word_1_505' title='bbox 2638 3157 2689 3212; x_wconf 86' lang='lat' dir='ltr'><strong>id</strong></span> <span class='ocrx_word' id='word_1_506' title='bbox 2712 3164 2796 3212; x_wconf 69' lang='lat' dir='ltr'><strong>est</strong></span> <span class='ocrx_word' id='word_1_507' title='bbox 2819 3164 2972 3212; x_wconf 75' lang='lat' dir='ltr'><strong>actus</strong></span> <span class='ocrx_word' id='word_1_508' title='bbox 2998 3156 3293 3211; x_wconf 65' lang='lat' dir='ltr'><strong>voluntatis</strong></span> <span class='ocrx_word' id='word_1_509' title='bbox 3319 3166 3379 3210; x_wconf 74' lang='grc' dir='ltr'>ει</span> <span class='ocrx_word' id='word_1_510' title='bbox 3405 3156 3600 3212; x_wconf 63' lang='lat' dir='ltr'><strong>fructus</strong></span> <span class='ocrx_word' id='word_1_511' title='bbox 3640 3151 3793 3208; x_wconf 77' lang='lat' dir='ltr'><strong>carnis</strong></span> 
     </span>
    </p>
   </div>
   <div class='ocr_carea' id='block_1_63' title="bbox 536 3243 2119 3315">
    <p class='ocr_par' dir='ltr' id='par_1_63' title="bbox 536 3243 2119 3315">
     <span class='ocr_line' id='line_1_63' title="bbox 536 3243 2119 3315; baseline 0 -18"><span class='ocrx_word' id='word_1_512' title='bbox 536 3244 764 3315; x_wconf 88' lang='lat' dir='ltr'><strong>Propter</strong></span> <span class='ocrx_word' id='word_1_513' title='bbox 790 3246 933 3313; x_wconf 91' lang='lat' dir='ltr'><strong>quod</strong></span> <span class='ocrx_word' id='word_1_514' title='bbox 981 3245 1217 3297; x_wconf 88' lang='lat' dir='ltr'><strong>arbitror</strong></span> <span class='ocrx_word' id='word_1_515' title='bbox 1245 3243 1374 3298; x_wconf 91' lang='lat' dir='ltr'><strong>illud</strong></span> <span class='ocrx_word' id='word_1_516' title='bbox 1404 3259 1434 3297; x_wconf 89' lang='lat' dir='ltr'><strong>a</strong></span> <span class='ocrx_word' id='word_1_517' title='bbox 1463 3243 1692 3298; x_wconf 86' lang='lat' dir='ltr'><strong>Domino</strong></span> <span class='ocrx_word' id='word_1_518' title='bbox 1720 3258 1842 3298; x_wconf 88' lang='lat' dir='ltr'><strong>esse</strong></span> <span class='ocrx_word' id='word_1_519' title='bbox 1870 3244 2072 3298; x_wconf 91' lang='lat' dir='ltr'><strong>dictum</strong></span> <span class='ocrx_word' id='word_1_520' title='bbox 2107 3261 2119 3297; x_wconf 89' lang='lat'><strong>:</strong></span> 
     </span>
    </p>
   </div>
   <div class='ocr_carea' id='block_1_64' title="bbox 536 3336 2127 3408">
    <p class='ocr_par' dir='ltr' id='par_1_64' title="bbox 536 3336 2127 3408">
     <span class='ocr_line' id='line_1_64' title="bbox 536 3336 2127 3408; baseline 0.002 -19"><span class='ocrx_word' id='word_1_521' title='bbox 536 3336 602 3390; x_wconf 83' lang='lat' dir='ltr'><strong>In</strong></span> <span class='ocrx_word' id='word_1_522' title='bbox 633 3336 891 3407; x_wconf 83' lang='lat' dir='ltr'><strong>judicium</strong></span> <span class='ocrx_word' id='word_1_523' title='bbox 930 3352 1022 3407; x_wconf 90' lang='lat' dir='ltr'><strong>ego</strong></span> <span class='ocrx_word' id='word_1_524' title='bbox 1064 3337 1179 3389; x_wconf 84' lang='lat' dir='ltr'><strong>veni</strong></span> <span class='ocrx_word' id='word_1_525' title='bbox 1197 3337 1253 3389; x_wconf 89' lang='lat' dir='ltr'><strong>in</strong></span> <span class='ocrx_word' id='word_1_526' title='bbox 1276 3337 1412 3389; x_wconf 85' lang='lat' dir='ltr'><strong>hunc</strong></span> <span class='ocrx_word' id='word_1_527' title='bbox 1434 3336 1701 3402; x_wconf 87' lang='lat' dir='ltr'><strong>mundum,</strong></span> <span class='ocrx_word' id='word_1_528' title='bbox 1733 3347 1788 3389; x_wconf 88' lang='lat' dir='ltr'><strong>ut</strong></span> <span class='ocrx_word' id='word_1_529' title='bbox 1810 3338 1894 3408; x_wconf 82' lang='lat' dir='ltr'><strong>qui</strong></span> <span class='ocrx_word' id='word_1_530' title='bbox 1926 3355 2028 3391; x_wconf 89' lang='lat' dir='ltr'><strong>non</strong></span> <span class='ocrx_word' id='word_1_531' title='bbox 2053 3340 2127 3392; x_wconf 82' lang='lat' dir='ltr'><strong>vi-</strong></span> 
     </span>
    </p>
   </div>
   <div class='ocr_carea' id='block_1_65' title="bbox 536 3424 2123 3498">
    <p class='ocr_par' dir='ltr' id='par_1_65' title="bbox 536 3424 2123 3498">
     <span class='ocr_line' id='line_1_65' title="bbox 536 3424 2123 3498; baseline -0.001 -16"><span class='ocrx_word' id='word_1_532' title='bbox 536 3432 676 3493; x_wconf 87' lang='lat' dir='ltr'><strong>dent,</strong></span> <span class='ocrx_word' id='word_1_533' title='bbox 702 3426 942 3491; x_wconf 82' lang='lat' dir='ltr'><strong>videant;</strong></span> <span class='ocrx_word' id='word_1_534' title='bbox 964 3436 1013 3480; x_wconf 92' lang='lat' dir='ltr'><strong>et</strong></span> <span class='ocrx_word' id='word_1_535' title='bbox 1034 3427 1121 3498; x_wconf 86' lang='lat' dir='ltr'><strong>qui</strong></span> <span class='ocrx_word' id='word_1_536' title='bbox 1143 3426 1335 3493; x_wconf 86' lang='lat' dir='ltr'><strong>vident,</strong></span> <span class='ocrx_word' id='word_1_537' title='bbox 1359 3426 1482 3479; x_wconf 65' lang='lat' dir='ltr'><strong>caeci</strong></span> <span class='ocrx_word' id='word_1_538' title='bbox 1497 3425 1629 3495; x_wconf 80' lang='lat' dir='ltr'><strong>fiant</strong></span> <span class='ocrx_word' id='word_1_539' title='bbox 1651 3424 1701 3480; x_wconf 70' lang='grc' dir='ltr'><strong>δ.</strong></span> <span class='ocrx_word' id='word_1_540' title='bbox 1742 3425 1893 3480; x_wconf 82' lang='lat' dir='ltr'><strong>Venit</strong></span> <span class='ocrx_word' id='word_1_541' title='bbox 1914 3428 2049 3480; x_wconf 90' lang='lat' dir='ltr'><strong>enim</strong></span> <span class='ocrx_word' id='word_1_542' title='bbox 2070 3427 2123 3482; x_wconf 88' lang='lat' dir='ltr'><strong>in</strong></span> 
     </span>
    </p>
   </div>
   <div class='ocr_carea' id='block_1_66' title="bbox 534 3514 2125 3589">
    <p class='ocr_par' dir='ltr' id='par_1_66' title="bbox 534 3514 2125 3589">
     <span class='ocr_line' id='line_1_66' title="bbox 534 3514 2125 3589; baseline -0.001 -16"><span class='ocrx_word' id='word_1_543' title='bbox 534 3521 666 3573; x_wconf 83' lang='lat' dir='ltr'><strong>hunc</strong></span> <span class='ocrx_word' id='word_1_544' title='bbox 688 3518 933 3571; x_wconf 86' lang='lat' dir='ltr'><strong>mundum</strong></span> <span class='ocrx_word' id='word_1_545' title='bbox 954 3532 1183 3589; x_wconf 66' lang='lat' dir='ltr'><strong>querere</strong></span> <span class='ocrx_word' id='word_1_546' title='bbox 1221 3516 1357 3588; x_wconf 84' lang='lat' dir='ltr'><strong>quod</strong></span> <span class='ocrx_word' id='word_1_547' title='bbox 1374 3517 1601 3585; x_wconf 83' lang='lat' dir='ltr'><strong>perierat</strong></span> <span class='ocrx_word' id='word_1_548' title='bbox 1629 3524 1675 3581; x_wconf 74' lang='grc' dir='ltr'>ε,</span> <span class='ocrx_word' id='word_1_549' title='bbox 1691 3525 1746 3571; x_wconf 90' lang='lat' dir='ltr'><strong>et</strong></span> <span class='ocrx_word' id='word_1_550' title='bbox 1767 3514 2125 3573; x_wconf 72' lang='lat' dir='ltr'><strong>reluminare’</strong></span> 
     </span>
    </p>
   </div>
   <div class='ocr_carea' id='block_1_67' title="bbox 534 3605 2129 3680">
    <p class='ocr_par' dir='ltr' id='par_1_67' title="bbox 534 3605 2129 3680">
     <span class='ocr_line' id='line_1_67' title="bbox 534 3605 2129 3680; baseline -0.001 -16"><span class='ocrx_word' id='word_1_551' title='bbox 534 3610 680 3680; x_wconf 87' lang='lat' dir='ltr'><strong>quod</strong></span> <span class='ocrx_word' id='word_1_552' title='bbox 717 3617 982 3668; x_wconf 36' lang='lat' dir='ltr'><strong>czccatum,</strong></span> <span class='ocrx_word' id='word_1_553' title='bbox 1002 3608 1176 3663; x_wconf 81' lang='lat' dir='ltr'><strong>fuerat</strong></span> <span class='ocrx_word' id='word_1_554' title='bbox 1201 3607 1244 3660; x_wconf 74' lang='grc' dir='ltr'><strong>τ.</strong></span> <span class='ocrx_word' id='word_1_555' title='bbox 1279 3606 1521 3675; x_wconf 91' lang='lat' dir='ltr'><strong>Denique</strong></span> <span class='ocrx_word' id='word_1_556' title='bbox 1567 3605 1723 3675; x_wconf 87' lang='lat' dir='ltr'><strong>hujus</strong></span> <span class='ocrx_word' id='word_1_557' title='bbox 1751 3606 1941 3665; x_wconf 90' lang='lat' dir='ltr'><strong>medici</strong></span> <span class='ocrx_word' id='word_1_558' title='bbox 1964 3621 2129 3676; x_wconf 86' lang='lat' dir='ltr'><strong>egens</strong></span> 
     </span>
    </p>
   </div>
   <div class='ocr_carea' id='block_1_68' title="bbox 536 3698 2125 3770">
    <p class='ocr_par' dir='ltr' id='par_1_68' title="bbox 536 3698 2125 3770">
     <span class='ocr_line' id='line_1_68' title="bbox 536 3698 2125 3770; baseline -0.002 -13"><span class='ocrx_word' id='word_1_559' title='bbox 536 3703 697 3757; x_wconf 91' lang='lat' dir='ltr'><strong>homo</strong></span> <span class='ocrx_word' id='word_1_560' title='bbox 729 3702 780 3756; x_wconf 90' lang='lat' dir='ltr'><strong>in</strong></span> <span class='ocrx_word' id='word_1_561' title='bbox 802 3700 1070 3770; x_wconf 87' lang='lat' dir='ltr'><strong>Propheta</strong></span> <span class='ocrx_word' id='word_1_562' title='bbox 1091 3700 1289 3756; x_wconf 89' lang='lat' dir='ltr'><strong>clamat</strong></span> <span class='ocrx_word' id='word_1_563' title='bbox 1319 3715 1331 3753; x_wconf 89' lang='lat'><strong>:</strong></span> <span class='ocrx_word' id='word_1_564' title='bbox 1387 3698 1639 3753; x_wconf 73' lang='lat' dir='ltr'><strong>litamina</strong></span> <span class='ocrx_word' id='word_1_565' title='bbox 1693 3700 1925 3754; x_wconf 78' lang='lat' dir='ltr'><strong>tenebras</strong></span> <span class='ocrx_word' id='word_1_566' title='bbox 1964 3718 2125 3766; x_wconf 88' lang='lat' dir='ltr'><strong>meas,</strong></span> 
     </span>
    </p>
   </div>
   <div class='ocr_carea' id='block_1_69' title="bbox 536 3788 2127 3860">
    <p class='ocr_par' dir='ltr' id='par_1_69' title="bbox 536 3788 2127 3860">
     <span class='ocr_line' id='line_1_69' title="bbox 536 3788 2127 3860; baseline 0.002 -16"><span class='ocrx_word' id='word_1_567' title='bbox 536 3789 758 3844; x_wconf 81' lang='lat' dir='ltr'><strong>Domine</strong></span> <span class='ocrx_word' id='word_1_568' title='bbox 786 3800 832 3843; x_wconf 74' lang='grc' dir='ltr'><strong>ις.</strong></span> <span class='ocrx_word' id='word_1_569' title='bbox 876 3788 1085 3843; x_wconf 77' lang='lat' dir='ltr'><strong>Etenim</strong></span> <span class='ocrx_word' id='word_1_570' title='bbox 1127 3790 1426 3846; x_wconf 79' lang='lat' dir='ltr'><strong>misericors</strong></span> <span class='ocrx_word' id='word_1_571' title='bbox 1467 3800 1516 3844; x_wconf 91' lang='lat' dir='ltr'><strong>et</strong></span> <span class='ocrx_word' id='word_1_572' title='bbox 1545 3793 1820 3845; x_wconf 85' lang='lat' dir='ltr'><strong>miserator</strong></span> <span class='ocrx_word' id='word_1_573' title='bbox 1847 3790 2127 3860; x_wconf 83' lang='lat' dir='ltr'><strong>Dominus,</strong></span> 
     </span>
    </p>
   </div>
   <div class='ocr_carea' id='block_1_70' title="bbox 536 3883 2125 3955">
    <p class='ocr_par' dir='ltr' id='par_1_70' title="bbox 536 3883 2125 3955">
     <span class='ocr_line' id='line_1_70' title="bbox 536 3883 2125 3955; baseline -0.001 -15"><span class='ocrx_word' id='word_1_574' title='bbox 536 3887 627 3955; x_wconf 85' lang='lat' dir='ltr'><strong>qui</strong></span> <span class='ocrx_word' id='word_1_575' title='bbox 648 3889 702 3939; x_wconf 89' lang='lat' dir='ltr'><strong>in</strong></span> <span class='ocrx_word' id='word_1_576' title='bbox 725 3886 946 3939; x_wconf 80' lang='lat' dir='ltr'><strong>tenebris</strong></span> <span class='ocrx_word' id='word_1_577' title='bbox 974 3885 1232 3940; x_wconf 70' lang='lat' dir='ltr'><strong>cutcitatis</strong></span> <span class='ocrx_word' id='word_1_578' title='bbox 1261 3885 1508 3939; x_wconf 69' lang='lat' dir='ltr'><strong>humana:</strong></span> <span class='ocrx_word' id='word_1_579' title='bbox 1528 3885 1699 3939; x_wconf 81' lang='lat' dir='ltr'><strong>tamen</strong></span> <span class='ocrx_word' id='word_1_580' title='bbox 1721 3896 1957 3939; x_wconf 73' lang='lat' dir='ltr'><strong>exortum</strong></span> <span class='ocrx_word' id='word_1_581' title='bbox 1978 3895 2054 3939; x_wconf 89' lang='lat' dir='ltr'><strong>est</strong></span> <span class='ocrx_word' id='word_1_582' title='bbox 2078 3883 2125 3954; x_wconf 63' lang='grc' dir='ltr'>θ,</span> 
     </span>
    </p>
   </div>
   <div class='ocr_carea' id='block_1_71' title="bbox 538 3973 2131 4045">
    <p class='ocr_par' dir='ltr' id='par_1_71' title="bbox 538 3973 2131 4045">
     <span class='ocr_line' id='line_1_71' title="bbox 538 3973 2131 4045; baseline 0.001 -14"><span class='ocrx_word' id='word_1_583' title='bbox 538 3984 595 4031; x_wconf 80' lang='grc' dir='ltr'><strong>ιιι</strong></span> <span class='ocrx_word' id='word_1_584' title='bbox 617 3978 849 4045; x_wconf 85' lang='lat' dir='ltr'><strong>erigeret</strong></span> <span class='ocrx_word' id='word_1_585' title='bbox 873 3976 1037 4029; x_wconf 87' lang='lat' dir='ltr'><strong>elisos</strong></span> <span class='ocrx_word' id='word_1_586' title='bbox 1073 3973 1116 4041; x_wconf 73' lang='grc' dir='ltr'>ί,</span> <span class='ocrx_word' id='word_1_587' title='bbox 1148 3975 1387 4030; x_wconf 87' lang='lat' dir='ltr'><strong>solveret</strong></span> <span class='ocrx_word' id='word_1_588' title='bbox 1414 3977 1774 4044; x_wconf 87' lang='lat' dir='ltr'><strong>compeditos,</strong></span> <span class='ocrx_word' id='word_1_589' title='bbox 1806 3978 2131 4032; x_wconf 85' lang='lat' dir='ltr'><strong>illmninaret</strong></span> 
     </span>
    </p>
   </div>
   <div class='ocr_carea' id='block_1_72' title="bbox 537 4064 2128 4135">
    <p class='ocr_par' dir='ltr' id='par_1_72' title="bbox 537 4064 2128 4135">
     <span class='ocr_line' id='line_1_72' title="bbox 537 4064 2128 4135; baseline -0.001 -12"><span class='ocrx_word' id='word_1_590' title='bbox 537 4083 709 4123; x_wconf 63' lang='lat' dir='ltr'><strong>catcos</strong></span> <span class='ocrx_word' id='word_1_591' title='bbox 735 4068 784 4133; x_wconf 83' lang='lat' dir='ltr'><strong>i;</strong></span> <span class='ocrx_word' id='word_1_592' title='bbox 815 4064 1091 4135; x_wconf 92' lang='lat' dir='ltr'><strong>quomodo</strong></span> <span class='ocrx_word' id='word_1_593' title='bbox 1113 4064 1378 4119; x_wconf 72' lang='lat' dir='ltr'><strong>cmcandis</strong></span> <span class='ocrx_word' id='word_1_594' title='bbox 1404 4065 1707 4119; x_wconf 87' lang='lat' dir='ltr'><strong>videntibus</strong></span> <span class='ocrx_word' id='word_1_595' title='bbox 1735 4070 1990 4120; x_wconf 82' lang='lat' dir='ltr'><strong>venerat?</strong></span> <span class='ocrx_word' id='word_1_596' title='bbox 2030 4076 2128 4121; x_wconf 84' lang='lat' dir='ltr'><strong>At-</strong></span> 
     </span>
    </p>
   </div>
   <div class='ocr_carea' id='block_1_73' title="bbox 536 4154 2129 4229">
    <p class='ocr_par' dir='ltr' id='par_1_73' title="bbox 536 4154 2129 4229">
     <span class='ocr_line' id='line_1_73' title="bbox 536 4154 2129 4229; baseline 0.004 -21"><span class='ocrx_word' id='word_1_597' title='bbox 536 4160 628 4229; x_wconf 86' lang='lat' dir='ltr'><strong>qui</strong></span> <span class='ocrx_word' id='word_1_598' title='bbox 661 4158 703 4189; x_wconf 84' lang='grc'><strong>¹⁰</strong></span> <span class='ocrx_word' id='word_1_599' title='bbox 726 4159 778 4212; x_wconf 90' lang='lat' dir='ltr'><strong>in</strong></span> <span class='ocrx_word' id='word_1_600' title='bbox 802 4156 1093 4224; x_wconf 80' lang='lat' dir='ltr'><strong>Evangelio</strong></span> <span class='ocrx_word' id='word_1_601' title='bbox 1116 4154 1373 4209; x_wconf 89' lang='lat' dir='ltr'><strong>docemur</strong></span> <span class='ocrx_word' id='word_1_602' title='bbox 1394 4155 1540 4209; x_wconf 86' lang='lat' dir='ltr'><strong>illum</strong></span> <span class='ocrx_word' id='word_1_603' title='bbox 1569 4157 1748 4212; x_wconf 89' lang='lat' dir='ltr'><strong>multis</strong></span> <span class='ocrx_word' id='word_1_604' title='bbox 1778 4159 1933 4213; x_wconf 69' lang='lat' dir='ltr'><strong>uncis</strong></span> <span class='ocrx_word' id='word_1_605' title='bbox 1958 4160 2129 4215; x_wconf 88' lang='lat' dir='ltr'><strong>visum</strong></span> 
     </span>
    </p>
   </div>
   <div class='ocr_carea' id='block_1_74' title="bbox 538 4243 2131 4319">
    <p class='ocr_par' dir='ltr' id='par_1_74' title="bbox 538 4243 2131 4319">
     <span class='ocr_line' id='line_1_74' title="bbox 538 4243 2131 4319; baseline 0.001 -15"><span class='ocrx_word' id='word_1_606' title='bbox 538 4250 852 4309; x_wconf 85' lang='lat' dir='ltr'><strong>redonasse,</strong></span> <span class='ocrx_word' id='word_1_607' title='bbox 886 4245 1088 4300; x_wconf 87' lang='lat' dir='ltr'><strong>nemini</strong></span> <span class='ocrx_word' id='word_1_608' title='bbox 1116 4245 1416 4300; x_wconf 87' lang='lat' dir='ltr'><strong>sustulisse.</strong></span> <span class='ocrx_word' id='word_1_609' title='bbox 1450 4243 1555 4300; x_wconf 89' lang='lat' dir='ltr'><strong>Sed</strong></span> <span class='ocrx_word' id='word_1_610' title='bbox 1598 4246 1734 4302; x_wconf 88' lang='lat' dir='ltr'><strong>sicut</strong></span> <span class='ocrx_word' id='word_1_611' title='bbox 1758 4249 2018 4319; x_wconf 90' lang='lat' dir='ltr'><strong>scriptum</strong></span> <span class='ocrx_word' id='word_1_612' title='bbox 2047 4260 2131 4306; x_wconf 91' lang='lat' dir='ltr'><strong>est</strong></span> 
     </span>
    </p>
   </div>
   <div class='ocr_carea' id='block_1_75' title="bbox 541 4336 2131 4409">
    <p class='ocr_par' dir='ltr' id='par_1_75' title="bbox 541 4336 2131 4409">
     <span class='ocr_line' id='line_1_75' title="bbox 541 4336 2131 4409; baseline 0.001 -15"><span class='ocrx_word' id='word_1_613' title='bbox 541 4343 593 4395; x_wconf 84' lang='lat' dir='ltr'><strong>iu</strong></span> <span class='ocrx_word' id='word_1_614' title='bbox 624 4340 741 4405; x_wconf 81' lang='lat' dir='ltr'><strong>lege</strong></span> <span class='ocrx_word' id='word_1_615' title='bbox 771 4356 783 4389; x_wconf 92' lang='lat'><strong>:</strong></span> <span class='ocrx_word' id='word_1_616' title='bbox 820 4336 929 4407; x_wconf 85' lang='lat' dir='ltr'><strong>Ego</strong></span> <span class='ocrx_word' id='word_1_617' title='bbox 951 4336 1204 4400; x_wconf 83' lang='lat' dir='ltr'><strong>occidant,</strong></span> <span class='ocrx_word' id='word_1_618' title='bbox 1233 4346 1283 4389; x_wconf 88' lang='lat' dir='ltr'><strong>et</strong></span> <span class='ocrx_word' id='word_1_619' title='bbox 1308 4353 1400 4406; x_wconf 88' lang='lat' dir='ltr'><strong>ego</strong></span> <span class='ocrx_word' id='word_1_620' title='bbox 1451 4338 1615 4391; x_wconf 86' lang='lat' dir='ltr'><strong>vivere</strong></span> <span class='ocrx_word' id='word_1_621' title='bbox 1644 4339 1835 4409; x_wconf 74' lang='lat' dir='ltr'><strong>faciam</strong></span> <span class='ocrx_word' id='word_1_622' title='bbox 1868 4340 1891 4378; x_wconf 71' lang='grc' dir='ltr'>ιι</span> <span class='ocrx_word' id='word_1_623' title='bbox 1926 4359 1939 4393; x_wconf 93' lang='lat'>:</span> <span class='ocrx_word' id='word_1_624' title='bbox 1992 4341 2131 4396; x_wconf 92' lang='lat' dir='ltr'><strong>sicut</strong></span> 
     </span>
    </p>
   </div>
   <div class='ocr_carea' id='block_1_76' title="bbox 539 4425 2131 4499">
    <p class='ocr_par' dir='ltr' id='par_1_76' title="bbox 539 4425 2131 4499">
     <span class='ocr_line' id='line_1_76' title="bbox 539 4425 2131 4499; baseline 0.001 -16"><span class='ocrx_word' id='word_1_625' title='bbox 539 4430 704 4483; x_wconf 86' lang='lat' dir='ltr'><strong>etiam</strong></span> <span class='ocrx_word' id='word_1_626' title='bbox 728 4429 781 4482; x_wconf 89' lang='lat' dir='ltr'><strong>in</strong></span> <span class='ocrx_word' id='word_1_627' title='bbox 810 4425 1123 4495; x_wconf 89' lang='lat' dir='ltr'><strong>Evangelio,</strong></span> <span class='ocrx_word' id='word_1_628' title='bbox 1152 4427 1278 4495; x_wconf 90' lang='lat' dir='ltr'><strong>quia</strong></span> <span class='ocrx_word' id='word_1_629' title='bbox 1308 4425 1421 4497; x_wconf 91' lang='lat' dir='ltr'><strong>ipse</strong></span> <span class='ocrx_word' id='word_1_630' title='bbox 1443 4429 1638 4497; x_wconf 88' lang='lat' dir='ltr'><strong>positus</strong></span> <span class='ocrx_word' id='word_1_631' title='bbox 1661 4438 1736 4483; x_wconf 86' lang='lat' dir='ltr'><strong>est</strong></span> <span class='ocrx_word' id='word_1_632' title='bbox 1754 4432 1807 4483; x_wconf 88' lang='lat' dir='ltr'><strong>in</strong></span> <span class='ocrx_word' id='word_1_633' title='bbox 1831 4433 2057 4499; x_wconf 87' lang='lat' dir='ltr'><strong>ruinam,</strong></span> <span class='ocrx_word' id='word_1_634' title='bbox 2080 4441 2131 4484; x_wconf 90' lang='lat' dir='ltr'><strong>et</strong></span> 
     </span>
    </p>
   </div>
   <div class='ocr_carea' id='block_1_77' title="bbox 2231 3245 3793 3317">
    <p class='ocr_par' dir='ltr' id='par_1_77' title="bbox 2231 3245 3793 3317">
     <span class='ocr_line' id='line_1_77' title="bbox 2231 3245 3793 3317; baseline -0.004 -15"><span class='ocrx_word' id='word_1_635' title='bbox 2231 3264 2380 3313; x_wconf 69' lang='lat' dir='ltr'><strong>mete,</strong></span> <span class='ocrx_word' id='word_1_636' title='bbox 2406 3256 2519 3302; x_wconf 91' lang='lat' dir='ltr'><strong>tum</strong></span> <span class='ocrx_word' id='word_1_637' title='bbox 2543 3247 2677 3317; x_wconf 88' lang='lat' dir='ltr'><strong>jam,</strong></span> <span class='ocrx_word' id='word_1_638' title='bbox 2711 3254 2772 3302; x_wconf 92' lang='lat' dir='ltr'><strong>ut</strong></span> <span class='ocrx_word' id='word_1_639' title='bbox 2797 3262 2827 3301; x_wconf 87' lang='lat' dir='ltr'><strong>a</strong></span> <span class='ocrx_word' id='word_1_640' title='bbox 2849 3247 3125 3317; x_wconf 90' lang='lat' dir='ltr'><strong>corporeis</strong></span> <span class='ocrx_word' id='word_1_641' title='bbox 3146 3246 3378 3301; x_wconf 81' lang='lat' dir='ltr'><strong>nexibus</strong></span> <span class='ocrx_word' id='word_1_642' title='bbox 3401 3245 3551 3312; x_wconf 88' lang='lat' dir='ltr'><strong>liber,</strong></span> <span class='ocrx_word' id='word_1_643' title='bbox 3572 3253 3622 3301; x_wconf 89' lang='lat' dir='ltr'><strong>et</strong></span> <span class='ocrx_word' id='word_1_644' title='bbox 3642 3260 3669 3298; x_wconf 90' lang='lat' dir='ltr'><strong>a</strong></span> <span class='ocrx_word' id='word_1_645' title='bbox 3688 3256 3793 3297; x_wconf 85' lang='lat' dir='ltr'><strong>meo</strong></span> 
     </span>
    </p>
   </div>
   <div class='ocr_carea' id='block_1_78' title="bbox 2230 3337 3795 3411">
    <p class='ocr_par' dir='ltr' id='par_1_78' title="bbox 2230 3337 3795 3411">
     <span class='ocr_line' id='line_1_78' title="bbox 2230 3337 3795 3411; baseline -0.006 -16"><span class='ocrx_word' id='word_1_646' title='bbox 2230 3341 2393 3396; x_wconf 90' lang='lat' dir='ltr'><strong>corde</strong></span> <span class='ocrx_word' id='word_1_647' title='bbox 2421 3349 2681 3411; x_wconf 79' lang='lat' dir='ltr'><strong>purgatus</strong></span> <span class='ocrx_word' id='word_1_648' title='bbox 2728 3339 2910 3396; x_wconf 89' lang='lat' dir='ltr'><strong>dicere</strong></span> <span class='ocrx_word' id='word_1_649' title='bbox 2939 3339 3166 3395; x_wconf 89' lang='lat' dir='ltr'><strong>audeam</strong></span> <span class='ocrx_word' id='word_1_650' title='bbox 3202 3357 3215 3393; x_wconf 88' lang='lat'><strong>:</strong></span> <span class='ocrx_word' id='word_1_651' title='bbox 3249 3338 3394 3395; x_wconf 83' lang='lat' dir='ltr'><strong>Deus</strong></span> <span class='ocrx_word' id='word_1_652' title='bbox 3428 3339 3593 3395; x_wconf 86' lang='lat' dir='ltr'><strong>cordis</strong></span> <span class='ocrx_word' id='word_1_653' title='bbox 3628 3337 3733 3399; x_wconf 85' lang='lat' dir='ltr'><strong>mei,</strong></span> <span class='ocrx_word' id='word_1_654' title='bbox 3752 3342 3795 3387; x_wconf 85' lang='lat' dir='ltr'><strong>et</strong></span> 
     </span>
    </p>
   </div>
   <div class='ocr_carea' id='block_1_79' title="bbox 2227 3426 3795 3502">
    <p class='ocr_par' dir='ltr' id='par_1_79' title="bbox 2227 3426 3795 3502">
     <span class='ocr_line' id='line_1_79' title="bbox 2227 3426 3795 3502; baseline -0.004 -17"><span class='ocrx_word' id='word_1_655' title='bbox 2227 3448 2349 3502; x_wconf 84' lang='lat' dir='ltr'><strong>pars</strong></span> <span class='ocrx_word' id='word_1_656' title='bbox 2371 3448 2484 3485; x_wconf 85' lang='lat' dir='ltr'><strong>mea</strong></span> <span class='ocrx_word' id='word_1_657' title='bbox 2509 3431 2647 3485; x_wconf 85' lang='lat' dir='ltr'><strong>Deus</strong></span> <span class='ocrx_word' id='word_1_658' title='bbox 2670 3433 2724 3485; x_wconf 91' lang='lat' dir='ltr'><strong>in</strong></span> <span class='ocrx_word' id='word_1_659' title='bbox 2745 3432 2920 3485; x_wconf 82' lang='lat' dir='ltr'><strong>secula</strong></span> <span class='ocrx_word' id='word_1_660' title='bbox 2940 3442 3018 3485; x_wconf 74' lang='grc' dir='ltr'><strong>οε.</strong></span> <span class='ocrx_word' id='word_1_661' title='bbox 3052 3427 3264 3485; x_wconf 87' lang='lat' dir='ltr'><strong>Utinam</strong></span> <span class='ocrx_word' id='word_1_662' title='bbox 3293 3430 3627 3501; x_wconf 89' lang='lat' dir='ltr'><strong>compleatur</strong></span> <span class='ocrx_word' id='word_1_663' title='bbox 3652 3426 3701 3480; x_wconf 90' lang='lat' dir='ltr'><strong>in</strong></span> <span class='ocrx_word' id='word_1_664' title='bbox 3722 3437 3795 3478; x_wconf 84' lang='lat' dir='ltr'><strong>me</strong></span> 
     </span>
    </p>
   </div>
   <div class='ocr_carea' id='block_1_80' title="bbox 2227 3518 3795 3595">
    <p class='ocr_par' dir='ltr' id='par_1_80' title="bbox 2227 3518 3795 3595">
     <span class='ocr_line' id='line_1_80' title="bbox 2227 3518 3795 3595; baseline -0.006 -17"><span class='ocrx_word' id='word_1_665' title='bbox 2227 3525 2450 3579; x_wconf 87' lang='lat' dir='ltr'><strong>verbum</strong></span> <span class='ocrx_word' id='word_1_666' title='bbox 2472 3524 2599 3579; x_wconf 92' lang='lat' dir='ltr'><strong>illud</strong></span> <span class='ocrx_word' id='word_1_667' title='bbox 2622 3524 2919 3594; x_wconf 86' lang='lat' dir='ltr'><strong>evangelici</strong></span> <span class='ocrx_word' id='word_1_668' title='bbox 2934 3523 3236 3595; x_wconf 83' lang='lat' dir='ltr'><strong>Symeonis,</strong></span> <span class='ocrx_word' id='word_1_669' title='bbox 3253 3531 3313 3578; x_wconf 93' lang='lat' dir='ltr'><strong>ut</strong></span> <span class='ocrx_word' id='word_1_670' title='bbox 3332 3521 3574 3578; x_wconf 83' lang='lat' dir='ltr'><strong>ﬁatmihi</strong></span> <span class='ocrx_word' id='word_1_671' title='bbox 3590 3518 3795 3574; x_wconf 83' lang='lat' dir='ltr'><strong>Christus</strong></span> 
     </span>
    </p>
   </div>
   <div class='ocr_carea' id='block_1_81' title="bbox 2226 3607 3797 3671">
    <p class='ocr_par' dir='ltr' id='par_1_81' title="bbox 2226 3607 3797 3671">
     <span class='ocr_line' id='line_1_81' title="bbox 2226 3607 3797 3671; baseline -0.006 0"><span class='ocrx_word' id='word_1_672' title='bbox 2226 3617 2283 3671; x_wconf 90' lang='lat' dir='ltr'><strong>in</strong></span> <span class='ocrx_word' id='word_1_673' title='bbox 2310 3618 2517 3671; x_wconf 89' lang='lat' dir='ltr'><strong>ruinam</strong></span> <span class='ocrx_word' id='word_1_674' title='bbox 2559 3625 2609 3670; x_wconf 88' lang='lat' dir='ltr'><strong>et</strong></span> <span class='ocrx_word' id='word_1_675' title='bbox 2643 3618 2698 3671; x_wconf 89' lang='lat' dir='ltr'><strong>in</strong></span> <span class='ocrx_word' id='word_1_676' title='bbox 2740 3612 3245 3670; x_wconf 57' lang='lat' dir='ltr'><strong>resurrectionem»dd</strong></span> <span class='ocrx_word' id='word_1_677' title='bbox 3277 3616 3343 3670; x_wconf 83' lang='grc'><strong>¹⁸.</strong></span> <span class='ocrx_word' id='word_1_678' title='bbox 3370 3615 3543 3670; x_wconf 80' lang='lat' dir='ltr'><strong>Ruina</strong></span> <span class='ocrx_word' id='word_1_679' title='bbox 3568 3607 3797 3671; x_wconf 87' lang='lat' dir='ltr'><strong>exteriori</strong></span> 
     </span>
    </p>
   </div>
   <div class='ocr_carea' id='block_1_82' title="bbox 2229 3703 3787 3773">
    <p class='ocr_par' dir='ltr' id='par_1_82' title="bbox 2229 3703 3787 3773">
     <span class='ocr_line' id='line_1_82' title="bbox 2229 3703 3787 3773; baseline -0.004 -11"><span class='ocrx_word' id='word_1_680' title='bbox 2229 3724 2372 3773; x_wconf 91' lang='lat' dir='ltr'><strong>meo,</strong></span> <span class='ocrx_word' id='word_1_681' title='bbox 2404 3715 2459 3762; x_wconf 87' lang='lat' dir='ltr'><strong>et</strong></span> <span class='ocrx_word' id='word_1_682' title='bbox 2488 3706 2729 3761; x_wconf 88' lang='lat' dir='ltr'><strong>interiori</strong></span> <span class='ocrx_word' id='word_1_683' title='bbox 2752 3704 3104 3770; x_wconf 88' lang='lat' dir='ltr'><strong>resurrectio;</strong></span> <span class='ocrx_word' id='word_1_684' title='bbox 3137 3712 3196 3758; x_wconf 94' lang='lat' dir='ltr'><strong>ut</strong></span> <span class='ocrx_word' id='word_1_685' title='bbox 3216 3703 3377 3759; x_wconf 84' lang='lat' dir='ltr'><strong>cadat</strong></span> <span class='ocrx_word' id='word_1_686' title='bbox 3403 3706 3456 3760; x_wconf 92' lang='lat' dir='ltr'><strong>in</strong></span> <span class='ocrx_word' id='word_1_687' title='bbox 3486 3719 3569 3759; x_wconf 86' lang='lat' dir='ltr'><strong>me</strong></span> <span class='ocrx_word' id='word_1_688' title='bbox 3613 3714 3787 3772; x_wconf 80' lang='lat' dir='ltr'><strong>pecca-</strong></span> 
     </span>
    </p>
   </div>
   <div class='ocr_carea' id='block_1_83' title="bbox 2231 3788 3797 3867">
    <p class='ocr_par' dir='ltr' id='par_1_83' title="bbox 2231 3788 3797 3867">
     <span class='ocr_line' id='line_1_83' title="bbox 2231 3788 3797 3867; baseline -0.008 -14"><span class='ocrx_word' id='word_1_689' title='bbox 2231 3808 2363 3865; x_wconf 91' lang='lat' dir='ltr'><strong>tum,</strong></span> <span class='ocrx_word' id='word_1_690' title='bbox 2388 3797 2532 3867; x_wconf 90' lang='lat' dir='ltr'><strong>quod</strong></span> <span class='ocrx_word' id='word_1_691' title='bbox 2557 3797 2736 3851; x_wconf 85' lang='lat' dir='ltr'><strong>anima</strong></span> <span class='ocrx_word' id='word_1_692' title='bbox 2776 3794 3005 3852; x_wconf 89' lang='lat' dir='ltr'><strong>cadente</strong></span> <span class='ocrx_word' id='word_1_693' title='bbox 3033 3795 3307 3861; x_wconf 88' lang='lat' dir='ltr'><strong>consistit;</strong></span> <span class='ocrx_word' id='word_1_694' title='bbox 3338 3803 3398 3850; x_wconf 90' lang='lat' dir='ltr'><strong>et</strong></span> <span class='ocrx_word' id='word_1_695' title='bbox 3427 3800 3670 3864; x_wconf 84' lang='lat' dir='ltr'><strong>exsurgat</strong></span> <span class='ocrx_word' id='word_1_696' title='bbox 3720 3788 3797 3843; x_wconf 88' lang='lat' dir='ltr'><strong>ille</strong></span> 
     </span>
    </p>
   </div>
   <div class='ocr_carea' id='block_1_84' title="bbox 2230 3880 3798 3957">
    <p class='ocr_par' dir='ltr' id='par_1_84' title="bbox 2230 3880 3798 3957">
     <span class='ocr_line' id='line_1_84' title="bbox 2230 3880 3798 3957; baseline -0.006 -14"><span class='ocrx_word' id='word_1_697' title='bbox 2230 3888 2569 3957; x_wconf 87' lang='lat' dir='ltr'><strong>immortalis,</strong></span> <span class='ocrx_word' id='word_1_698' title='bbox 2588 3888 2682 3957; x_wconf 88' lang='lat' dir='ltr'><strong>qui</strong></span> <span class='ocrx_word' id='word_1_699' title='bbox 2702 3886 2900 3943; x_wconf 91' lang='lat' dir='ltr'><strong>cecidit</strong></span> <span class='ocrx_word' id='word_1_700' title='bbox 2922 3895 3244 3956; x_wconf 88' lang='lat' dir='ltr'><strong>exsurgente</strong></span> <span class='ocrx_word' id='word_1_701' title='bbox 3266 3896 3515 3956; x_wconf 87' lang='lat' dir='ltr'><strong>peccato.</strong></span> <span class='ocrx_word' id='word_1_702' title='bbox 3531 3880 3798 3939; x_wconf 81' lang='lat' dir='ltr'><strong>Exterioris</strong></span> 
     </span>
    </p>
   </div>
   <div class='ocr_carea' id='block_1_85' title="bbox 2230 3974 3799 4049">
    <p class='ocr_par' dir='ltr' id='par_1_85' title="bbox 2230 3974 3799 4049">
     <span class='ocr_line' id='line_1_85' title="bbox 2230 3974 3799 4049; baseline -0.006 -13"><span class='ocrx_word' id='word_1_703' title='bbox 2230 3982 2373 4036; x_wconf 88' lang='lat' dir='ltr'><strong>enim</strong></span> <span class='ocrx_word' id='word_1_704' title='bbox 2400 3988 2594 4046; x_wconf 90' lang='lat' dir='ltr'><strong>status,</strong></span> <span class='ocrx_word' id='word_1_705' title='bbox 2626 3979 2898 4049; x_wconf 76' lang='lat' dir='ltr'><strong>interioris</strong></span> <span class='ocrx_word' id='word_1_706' title='bbox 2926 3993 3084 4033; x_wconf 90' lang='lat' dir='ltr'><strong>casus</strong></span> <span class='ocrx_word' id='word_1_707' title='bbox 3104 3986 3187 4033; x_wconf 88' lang='lat' dir='ltr'><strong>est</strong></span> <span class='ocrx_word' id='word_1_708' title='bbox 3215 3996 3227 4030; x_wconf 92' lang='lat'><strong>:</strong></span> <span class='ocrx_word' id='word_1_709' title='bbox 3259 3985 3315 4032; x_wconf 90' lang='lat' dir='ltr'><strong>et</strong></span> <span class='ocrx_word' id='word_1_710' title='bbox 3344 3978 3467 4033; x_wconf 90' lang='lat' dir='ltr'><strong>ideo</strong></span> <span class='ocrx_word' id='word_1_711' title='bbox 3489 3975 3691 4046; x_wconf 88' lang='lat' dir='ltr'><strong>quando</strong></span> <span class='ocrx_word' id='word_1_712' title='bbox 3729 3974 3799 4026; x_wconf 81' lang='lat' dir='ltr'><strong>in-</strong></span> 
     </span>
    </p>
   </div>
   <div class='ocr_carea' id='block_1_86' title="bbox 2230 4064 3799 4142">
    <p class='ocr_par' dir='ltr' id='par_1_86' title="bbox 2230 4064 3799 4142">
     <span class='ocr_line' id='line_1_86' title="bbox 2230 4064 3799 4142; baseline -0.006 -19"><span class='ocrx_word' id='word_1_713' title='bbox 2230 4073 2471 4142; x_wconf 78' lang='lat' dir='ltr'><strong>ﬁrmatur</strong></span> <span class='ocrx_word' id='word_1_714' title='bbox 2514 4071 2760 4135; x_wconf 76' lang='lat' dir='ltr'><strong>exterior,</strong></span> <span class='ocrx_word' id='word_1_715' title='bbox 2815 4070 2903 4137; x_wconf 87' lang='lat' dir='ltr'><strong>qui</strong></span> <span class='ocrx_word' id='word_1_716' title='bbox 2943 4070 3085 4122; x_wconf 86' lang='lat' dir='ltr'><strong>intus</strong></span> <span class='ocrx_word' id='word_1_717' title='bbox 3132 4076 3207 4121; x_wconf 87' lang='lat' dir='ltr'><strong>est</strong></span> <span class='ocrx_word' id='word_1_718' title='bbox 3262 4076 3538 4123; x_wconf 81' lang='lat' dir='ltr'><strong>renovatur</strong></span> <span class='ocrx_word' id='word_1_719' title='bbox 3584 4067 3643 4119; x_wconf 90' lang='lat' dir='ltr'><strong>de</strong></span> <span class='ocrx_word' id='word_1_720' title='bbox 3662 4064 3737 4116; x_wconf 89' lang='lat' dir='ltr'><strong>die</strong></span> <span class='ocrx_word' id='word_1_721' title='bbox 3753 4064 3799 4115; x_wconf 85' lang='lat' dir='ltr'><strong>in</strong></span> 
     </span>
    </p>
   </div>
   <div class='ocr_carea' id='block_1_87' title="bbox 2232 4153 3800 4230">
    <p class='ocr_par' dir='ltr' id='par_1_87' title="bbox 2232 4153 3800 4230">
     <span class='ocr_line' id='line_1_87' title="bbox 2232 4153 3800 4230; baseline -0.007 -15"><span class='ocrx_word' id='word_1_722' title='bbox 2232 4164 2367 4216; x_wconf 87' lang='lat' dir='ltr'><strong>diem</strong></span> <span class='ocrx_word' id='word_1_723' title='bbox 2391 4172 2466 4214; x_wconf 76' lang='grc' dir='ltr'><strong>οε.</strong></span> <span class='ocrx_word' id='word_1_724' title='bbox 2485 4161 2604 4227; x_wconf 85' lang='lat' dir='ltr'><strong>Quo</strong></span> <span class='ocrx_word' id='word_1_725' title='bbox 2632 4174 2831 4229; x_wconf 89' lang='lat' dir='ltr'><strong>genere</strong></span> <span class='ocrx_word' id='word_1_726' title='bbox 2852 4158 3122 4230; x_wconf 88' lang='lat' dir='ltr'><strong>perfectus</strong></span> <span class='ocrx_word' id='word_1_727' title='bbox 3151 4158 3408 4226; x_wconf 86' lang='lat' dir='ltr'><strong>magister</strong></span> <span class='ocrx_word' id='word_1_728' title='bbox 3425 4158 3503 4230; x_wconf 87' lang='lat' dir='ltr'><strong>(id</strong></span> <span class='ocrx_word' id='word_1_729' title='bbox 3521 4166 3594 4211; x_wconf 87' lang='lat' dir='ltr'><strong>est</strong></span> <span class='ocrx_word' id='word_1_730' title='bbox 3612 4154 3665 4209; x_wconf 93' lang='lat' dir='ltr'><strong>S.</strong></span> <span class='ocrx_word' id='word_1_731' title='bbox 3683 4153 3800 4206; x_wconf 87' lang='lat' dir='ltr'><strong>Pau-</strong></span> 
     </span>
    </p>
   </div>
   <div class='ocr_carea' id='block_1_88' title="bbox 2232 4248 3801 4320">
    <p class='ocr_par' dir='ltr' id='par_1_88' title="bbox 2232 4248 3801 4320">
     <span class='ocr_line' id='line_1_88' title="bbox 2232 4248 3801 4320; baseline -0.005 -16"><span class='ocrx_word' id='word_1_732' title='bbox 2232 4252 2333 4306; x_wconf 92' lang='lat' dir='ltr'><strong>lus.</strong></span> <span class='ocrx_word' id='word_1_733' title='bbox 2368 4250 2432 4304; x_wconf 91' lang='lat' dir='ltr'><strong>V.</strong></span> <span class='ocrx_word' id='word_1_734' title='bbox 2463 4266 2550 4320; x_wconf 92' lang='lat' dir='ltr'><strong>ep.</strong></span> <span class='ocrx_word' id='word_1_735' title='bbox 2583 4249 2673 4316; x_wconf 78' lang='lat'><strong>25,</strong></span> <span class='ocrx_word' id='word_1_736' title='bbox 2698 4266 2751 4303; x_wconf 89' lang='grc' dir='ltr'>ιι.</span> <span class='ocrx_word' id='word_1_737' title='bbox 2783 4248 2873 4319; x_wconf 75' lang='grc'><strong>14)</strong></span> <span class='ocrx_word' id='word_1_738' title='bbox 2904 4248 2981 4303; x_wconf 89' lang='lat' dir='ltr'><strong>ait</strong></span> <span class='ocrx_word' id='word_1_739' title='bbox 3013 4265 3026 4301; x_wconf 86' lang='lat'><strong>:</strong></span> <span class='ocrx_word' id='word_1_740' title='bbox 3062 4248 3284 4317; x_wconf 86' lang='lat' dir='ltr'><strong>Quando</strong></span> <span class='ocrx_word' id='word_1_741' title='bbox 3308 4250 3569 4319; x_wconf 79' lang='lat' dir='ltr'><strong>inﬁrmor,</strong></span> <span class='ocrx_word' id='word_1_742' title='bbox 3601 4258 3801 4315; x_wconf 83' lang='lat' dir='ltr'><strong>tuncpo-</strong></span> 
     </span>
    </p>
   </div>
   <div class='ocr_carea' id='block_1_89' title="bbox 2235 4338 2735 4405">
    <p class='ocr_par' dir='ltr' id='par_1_89' title="bbox 2235 4338 2735 4405">
     <span class='ocr_line' id='line_1_89' title="bbox 2235 4338 2735 4405; baseline -0.002 -11"><span class='ocrx_word' id='word_1_743' title='bbox 2235 4353 2345 4396; x_wconf 88' lang='lat' dir='ltr'><strong>tens</strong></span> <span class='ocrx_word' id='word_1_744' title='bbox 2373 4356 2489 4394; x_wconf 89' lang='lat' dir='ltr'><strong>sum</strong></span> <span class='ocrx_word' id='word_1_745' title='bbox 2507 4338 2525 4378; x_wconf 74' lang='grc' dir='ltr'><em>τ</em></span> <span class='ocrx_word' id='word_1_746' title='bbox 2540 4339 2557 4377; x_wconf 73' lang='grc' dir='ltr'>ί</span> <span class='ocrx_word' id='word_1_747' title='bbox 2572 4380 2586 4394; x_wconf 92' lang='grc'><strong>.</strong></span> <span class='ocrx_word' id='word_1_748' title='bbox 2722 4398 2735 4405; x_wconf 32' lang='grc' dir='ltr'><em>ί</em></span> 
     </span>
    </p>
   </div>
   <div class='ocr_carea' id='block_1_90' title="bbox 2305 4425 3802 4501">
    <p class='ocr_par' dir='ltr' id='par_1_90' title="bbox 2305 4425 3802 4501">
     <span class='ocr_line' id='line_1_90' title="bbox 2305 4425 3802 4501; baseline -0.006 -15"><span class='ocrx_word' id='word_1_749' title='bbox 2305 4434 2358 4487; x_wconf 87' lang='lat'><strong>6.</strong></span> <span class='ocrx_word' id='word_1_750' title='bbox 2398 4431 2611 4488; x_wconf 88' lang='lat' dir='ltr'><strong>Gratias</strong></span> <span class='ocrx_word' id='word_1_751' title='bbox 2640 4439 2823 4486; x_wconf 89' lang='lat' dir='ltr'><strong>autem</strong></span> <span class='ocrx_word' id='word_1_752' title='bbox 2852 4430 3082 4485; x_wconf 91' lang='lat' dir='ltr'><strong>Domino</strong></span> <span class='ocrx_word' id='word_1_753' title='bbox 3114 4429 3179 4497; x_wconf 74' lang='lat'><strong>“,</strong></span> <span class='ocrx_word' id='word_1_754' title='bbox 3209 4429 3351 4498; x_wconf 91' lang='lat' dir='ltr'><strong>quod</strong></span> <span class='ocrx_word' id='word_1_755' title='bbox 3380 4429 3599 4501; x_wconf 90' lang='lat' dir='ltr'><strong>perenni</strong></span> <span class='ocrx_word' id='word_1_756' title='bbox 3653 4425 3802 4493; x_wconf 83' lang='lat' dir='ltr'><strong>magis</strong></span> 
     </span>
    </p>
   </div>
   <div class='ocr_carea' id='block_1_91' title="bbox 539 4512 3803 4591">
    <p class='ocr_par' dir='ltr' id='par_1_91' title="bbox 539 4512 3803 4591">
     <span class='ocr_line' id='line_1_91' title="bbox 539 4512 3803 4591; baseline -0.003 -16"><span class='ocrx_word' id='word_1_757' title='bbox 539 4524 593 4576; x_wconf 87' lang='lat' dir='ltr'><strong>in</strong></span> <span class='ocrx_word' id='word_1_758' title='bbox 643 4520 1068 4573; x_wconf 87' lang='lat' dir='ltr'><strong>resurrectionem</strong></span> <span class='ocrx_word' id='word_1_759' title='bbox 1112 4518 1391 4572; x_wconf 86' lang='lat' dir='ltr'><strong>multorum</strong></span> <span class='ocrx_word' id='word_1_760' title='bbox 1420 4516 1433 4555; x_wconf 85' lang='grc' dir='ltr'>ι</span> <span class='ocrx_word' id='word_1_761' title='bbox 1466 4536 1481 4585; x_wconf 88' lang='grc'>;</span> <span class='ocrx_word' id='word_1_762' title='bbox 1527 4518 1602 4573; x_wconf 80' lang='lat' dir='ltr'><strong>ita</strong></span> <span class='ocrx_word' id='word_1_763' title='bbox 1648 4528 1703 4575; x_wconf 90' lang='lat' dir='ltr'><strong>et</strong></span> <span class='ocrx_word' id='word_1_764' title='bbox 1742 4519 1872 4575; x_wconf 91' lang='lat' dir='ltr'><strong>illud</strong></span> <span class='ocrx_word' id='word_1_765' title='bbox 1897 4530 1981 4574; x_wconf 90' lang='lat' dir='ltr'><strong>est</strong></span> <span class='ocrx_word' id='word_1_766' title='bbox 2014 4522 2128 4576; x_wconf 63' lang='lat' dir='ltr'><strong>:‘In</strong></span> <span class='ocrx_word' id='word_1_767' title='bbox 2165 4519 2212 4580; x_wconf 91' lang='lat' dir='ltr'><strong>D</strong></span> <span class='ocrx_word' id='word_1_768' title='bbox 2237 4533 2292 4578; x_wconf 90' lang='lat' dir='ltr'><strong>et</strong></span> <span class='ocrx_word' id='word_1_769' title='bbox 2342 4524 2555 4576; x_wconf 87' lang='lat' dir='ltr'><strong>vivente</strong></span> <span class='ocrx_word' id='word_1_770' title='bbox 2600 4521 2807 4591; x_wconf 88' lang='lat' dir='ltr'><strong>pictura</strong></span> <span class='ocrx_word' id='word_1_771' title='bbox 2863 4520 3121 4586; x_wconf 83' lang='lat' dir='ltr'><strong>imagines</strong></span> <span class='ocrx_word' id='word_1_772' title='bbox 3163 4527 3375 4577; x_wconf 89' lang='lat' dir='ltr'><strong>nostras</strong></span> <span class='ocrx_word' id='word_1_773' title='bbox 3412 4535 3518 4573; x_wconf 91' lang='lat' dir='ltr'><strong>non</strong></span> <span class='ocrx_word' id='word_1_774' title='bbox 3550 4519 3601 4571; x_wconf 93' lang='lat' dir='ltr'><strong>in</strong></span> <span class='ocrx_word' id='word_1_775' title='bbox 3631 4512 3803 4570; x_wconf 86' lang='lat' dir='ltr'><strong>tabulis</strong></span> 
     </span>
    </p>
   </div>
   <div class='ocr_carea' id='block_1_92' title="bbox 541 4609 2128 4683">
    <p class='ocr_par' dir='ltr' id='par_1_92' title="bbox 541 4609 2128 4683">
     <span class='ocr_line' id='line_1_92' title="bbox 541 4609 2128 4683; baseline 0.002 -19"><span class='ocrx_word' id='word_1_776' title='bbox 541 4611 789 4683; x_wconf 74' lang='lat' dir='ltr'><strong>iudicium</strong></span> <span class='ocrx_word' id='word_1_777' title='bbox 817 4611 929 4664; x_wconf 83' lang='lat' dir='ltr'><strong>veni</strong></span> <span class='ocrx_word' id='word_1_778' title='bbox 952 4611 1006 4663; x_wconf 86' lang='lat' dir='ltr'><strong>in</strong></span> <span class='ocrx_word' id='word_1_779' title='bbox 1037 4609 1170 4663; x_wconf 82' lang='lat' dir='ltr'><strong>hunc</strong></span> <span class='ocrx_word' id='word_1_780' title='bbox 1199 4610 1466 4674; x_wconf 88' lang='lat' dir='ltr'><strong>mundum,</strong></span> <span class='ocrx_word' id='word_1_781' title='bbox 1490 4619 1544 4662; x_wconf 90' lang='lat' dir='ltr'><strong>ut</strong></span> <span class='ocrx_word' id='word_1_782' title='bbox 1574 4613 1659 4681; x_wconf 86' lang='lat' dir='ltr'><strong>qui</strong></span> <span class='ocrx_word' id='word_1_783' title='bbox 1709 4629 1813 4666; x_wconf 89' lang='lat' dir='ltr'><strong>non</strong></span> <span class='ocrx_word' id='word_1_784' title='bbox 1857 4611 2029 4665; x_wconf 75' lang='lat' dir='ltr'><strong>vident</strong></span> <span class='ocrx_word' id='word_1_785' title='bbox 2053 4614 2128 4667; x_wconf 79' lang='lat' dir='ltr'><strong>ri-</strong></span> 
     </span>
    </p>
   </div>
   <div class='ocr_carea' id='block_1_93' title="bbox 539 4700 2127 4771">
    <p class='ocr_par' dir='ltr' id='par_1_93' title="bbox 539 4700 2127 4771">
     <span class='ocr_line' id='line_1_93' title="bbox 539 4700 2127 4771; baseline 0.003 -16"><span class='ocrx_word' id='word_1_786' title='bbox 539 4703 717 4766; x_wconf 82' lang='lat' dir='ltr'><strong>deant,</strong></span> <span class='ocrx_word' id='word_1_787' title='bbox 742 4712 789 4755; x_wconf 88' lang='lat' dir='ltr'><strong>et</strong></span> <span class='ocrx_word' id='word_1_788' title='bbox 810 4701 1035 4754; x_wconf 73' lang='lat' dir='ltr'><strong>videntes</strong></span> <span class='ocrx_word' id='word_1_789' title='bbox 1058 4701 1183 4754; x_wconf 77' lang='lat' dir='ltr'><strong>cwci</strong></span> <span class='ocrx_word' id='word_1_790' title='bbox 1211 4701 1343 4771; x_wconf 83' lang='lat' dir='ltr'><strong>[iant</strong></span> <span class='ocrx_word' id='word_1_791' title='bbox 1365 4711 1422 4755; x_wconf 75' lang='grc' dir='ltr'><strong>πη.</strong></span> <span class='ocrx_word' id='word_1_792' title='bbox 1450 4700 1610 4755; x_wconf 84' lang='lat' dir='ltr'><strong>Venit</strong></span> <span class='ocrx_word' id='word_1_793' title='bbox 1634 4716 1764 4771; x_wconf 87' lang='lat' dir='ltr'><strong>ergo</strong></span> <span class='ocrx_word' id='word_1_794' title='bbox 1791 4702 2048 4759; x_wconf 90' lang='lat' dir='ltr'><strong>Dominus</strong></span> <span class='ocrx_word' id='word_1_795' title='bbox 2069 4714 2127 4760; x_wconf 88' lang='lat' dir='ltr'><strong>ut</strong></span> 
     </span>
    </p>
   </div>
   <div class='ocr_carea' id='block_1_94' title="bbox 541 4790 2124 4863">
    <p class='ocr_par' dir='ltr' id='par_1_94' title="bbox 541 4790 2124 4863">
     <span class='ocr_line' id='line_1_94' title="bbox 541 4790 2124 4863; baseline 0.004 -17"><span class='ocrx_word' id='word_1_796' title='bbox 541 4801 724 4847; x_wconf 91' lang='lat' dir='ltr'><strong>vetera</strong></span> <span class='ocrx_word' id='word_1_797' title='bbox 757 4792 1064 4855; x_wconf 87' lang='lat' dir='ltr'><strong>transirent,</strong></span> <span class='ocrx_word' id='word_1_798' title='bbox 1097 4799 1151 4845; x_wconf 92' lang='lat' dir='ltr'><strong>et</strong></span> <span class='ocrx_word' id='word_1_799' title='bbox 1181 4807 1318 4846; x_wconf 89' lang='lat' dir='ltr'><strong>nova</strong></span> <span class='ocrx_word' id='word_1_800' title='bbox 1348 4791 1619 4848; x_wconf 89' lang='lat' dir='ltr'><strong>orirentur</strong></span> <span class='ocrx_word' id='word_1_801' title='bbox 1645 4802 1693 4845; x_wconf 84' lang='lat'><strong>&quot;.</strong></span> <span class='ocrx_word' id='word_1_802' title='bbox 1752 4790 1819 4847; x_wconf 83' lang='lat' dir='ltr'><strong>Et</strong></span> <span class='ocrx_word' id='word_1_803' title='bbox 1847 4794 2124 4863; x_wconf 86' lang='lat' dir='ltr'><strong>impletum</strong></span> 
     </span>
    </p>
   </div>
   <div class='ocr_carea' id='block_1_95' title="bbox 615 4922 1788 4993">
    <p class='ocr_par' dir='ltr' id='par_1_95' title="bbox 615 4922 1788 4993">
     <span class='ocr_line' id='line_1_95' title="bbox 615 4922 1788 4993; baseline 0.001 -13"><span class='ocrx_word' id='word_1_804' title='bbox 615 4936 644 4964; x_wconf 71' lang='grc'><em>³</em></span> <span class='ocrx_word' id='word_1_805' title='bbox 666 4924 803 4980; x_wconf 87' lang='lat' dir='ltr'><strong>Gen.</strong></span> <span class='ocrx_word' id='word_1_806' title='bbox 846 4940 902 4990; x_wconf 87' lang='grc' dir='ltr'><strong>ιι,</strong></span> <span class='ocrx_word' id='word_1_807' title='bbox 932 4922 983 4978; x_wconf 90' lang='lat'><strong>9.</strong></span> <span class='ocrx_word' id='word_1_808' title='bbox 1060 4923 1103 4993; x_wconf 17' lang='grc' dir='ltr'><strong>δν</strong></span> <span class='ocrx_word' id='word_1_809' title='bbox 1126 4923 1262 4980; x_wconf 87' lang='lat' dir='ltr'><strong>Gen.</strong></span> <span class='ocrx_word' id='word_1_810' title='bbox 1294 4942 1371 4988; x_wconf 92' lang='grc' dir='ltr'>ιιι,</span> <span class='ocrx_word' id='word_1_811' title='bbox 1404 4925 1458 4993; x_wconf 88' lang='lat'><strong>6,</strong></span> <span class='ocrx_word' id='word_1_812' title='bbox 1489 4941 1597 4980; x_wconf 88' lang='lat' dir='ltr'><strong>sec.</strong></span> <span class='ocrx_word' id='word_1_813' title='bbox 1632 4925 1788 4981; x_wconf 77' lang='lat' dir='ltr'><strong>LXX.</strong></span> 
     </span>
    </p>
   </div>
   <div class='ocr_carea' id='block_1_96' title="bbox 541 4992 1539 5059">
    <p class='ocr_par' dir='ltr' id='par_1_96' title="bbox 541 4992 1539 5059">
     <span class='ocr_line' id='line_1_96' title="bbox 541 4992 1539 5059; baseline -0.002 -10"><span class='ocrx_word' id='word_1_814' title='bbox 541 5005 570 5042; x_wconf 69' lang='grc' dir='ltr'><strong><em>κ</em></strong></span> <span class='ocrx_word' id='word_1_815' title='bbox 594 4995 735 5049; x_wconf 85' lang='lat' dir='ltr'><strong>Psal.</strong></span> <span class='ocrx_word' id='word_1_816' title='bbox 764 5011 901 5059; x_wconf 79' lang='lat' dir='ltr'><strong>xvu,</strong></span> <span class='ocrx_word' id='word_1_817' title='bbox 931 4994 1019 5048; x_wconf 88' lang='lat'><strong>29.</strong></span> <span class='ocrx_word' id='word_1_818' title='bbox 1098 4992 1120 5030; x_wconf 69' lang='lat' dir='ltr'><strong>h</strong></span> <span class='ocrx_word' id='word_1_819' title='bbox 1152 4994 1292 5050; x_wconf 83' lang='lat' dir='ltr'><strong>Psal.</strong></span> <span class='ocrx_word' id='word_1_820' title='bbox 1334 4992 1454 5058; x_wconf 72' lang='lat' dir='ltr'><strong>CXI,</strong></span> <span class='ocrx_word' id='word_1_821' title='bbox 1490 4996 1539 5047; x_wconf 72' lang='grc'><strong>4.</strong></span> 
     </span>
    </p>
   </div>
   <div class='ocr_carea' id='block_1_97' title="bbox 543 5064 1597 5136">
    <p class='ocr_par' dir='ltr' id='par_1_97' title="bbox 543 5064 1597 5136">
     <span class='ocr_line' id='line_1_97' title="bbox 543 5064 1597 5136; baseline -0.003 -15"><span class='ocrx_word' id='word_1_822' title='bbox 543 5077 583 5103; x_wconf 79' lang='grc' dir='ltr'><strong>ιη</strong></span> <span class='ocrx_word' id='word_1_823' title='bbox 613 5065 806 5121; x_wconf 79' lang='lat' dir='ltr'><strong>Johan.</strong></span> <span class='ocrx_word' id='word_1_824' title='bbox 842 5081 927 5136; x_wconf 69' lang='grc' dir='ltr'>ιιι,</span> <span class='ocrx_word' id='word_1_825' title='bbox 962 5064 1063 5136; x_wconf 40' lang='grc'><strong>59,</strong></span> <span class='ocrx_word' id='word_1_826' title='bbox 1131 5074 1156 5101; x_wconf 79' lang='grc' dir='ltr'><strong>η</strong></span> <span class='ocrx_word' id='word_1_827' title='bbox 1189 5066 1351 5136; x_wconf 86' lang='lat' dir='ltr'><strong>Apoc.</strong></span> <span class='ocrx_word' id='word_1_828' title='bbox 1388 5082 1510 5129; x_wconf 72' lang='lat' dir='ltr'><strong>ut,</strong></span> <span class='ocrx_word' id='word_1_829' title='bbox 1542 5065 1597 5136; x_wconf 68' lang='grc'><strong>5.</strong></span> 
     </span>
    </p>
   </div>
   <div class='ocr_carea' id='block_1_98' title="bbox 550 5135 2019 5201">
    <p class='ocr_par' dir='ltr' id='par_1_98' title="bbox 550 5135 2019 5201">
     <span class='ocr_line' id='line_1_98' title="bbox 550 5135 2019 5201; baseline 0.002 -10"><span class='ocrx_word' id='word_1_830' title='bbox 550 5136 710 5191; x_wconf 70' lang='grc'><strong>⁸001.</strong></span> <span class='ocrx_word' id='word_1_831' title='bbox 744 5150 820 5201; x_wconf 85' lang='grc' dir='ltr'>ιιι,</span> <span class='ocrx_word' id='word_1_832' title='bbox 854 5135 907 5188; x_wconf 86' lang='grc'><strong>9.</strong></span> <span class='ocrx_word' id='word_1_833' title='bbox 988 5139 1003 5170; x_wconf 77' lang='grc' dir='ltr'>ι</span> <span class='ocrx_word' id='word_1_834' title='bbox 1049 5135 1191 5190; x_wconf 90' lang='lat' dir='ltr'><strong>Psal.</strong></span> <span class='ocrx_word' id='word_1_835' title='bbox 1220 5135 1316 5199; x_wconf 69' lang='grc' dir='ltr'>(ιι,</span> <span class='ocrx_word' id='word_1_836' title='bbox 1349 5136 1401 5188; x_wconf 85' lang='grc'><strong>5.</strong></span> <span class='ocrx_word' id='word_1_837' title='bbox 1482 5144 1505 5170; x_wconf 83' lang='grc' dir='ltr'><strong>υ</strong></span> <span class='ocrx_word' id='word_1_838' title='bbox 1547 5135 1684 5193; x_wconf 79' lang='lat' dir='ltr'><strong>Psal.</strong></span> <span class='ocrx_word' id='word_1_839' title='bbox 1714 5153 1898 5200; x_wconf 76' lang='lat' dir='ltr'><strong>Lxxw,</strong></span> <span class='ocrx_word' id='word_1_840' title='bbox 1937 5144 2019 5195; x_wconf 89' lang='grc'><strong>11.</strong></span> 
     </span>
    </p>
   </div>
   <div class='ocr_carea' id='block_1_99' title="bbox 544 5204 2030 5272">
    <p class='ocr_par' dir='ltr' id='par_1_99' title="bbox 544 5204 2030 5272">
     <span class='ocr_line' id='line_1_99' title="bbox 544 5204 2030 5272; baseline 0.004 -13"><span class='ocrx_word' id='word_1_841' title='bbox 544 5222 718 5272; x_wconf 74' lang='lat' dir='ltr'><strong>Lxxn,</strong></span> <span class='ocrx_word' id='word_1_842' title='bbox 759 5205 848 5261; x_wconf 83' lang='lat'><strong>20.</strong></span> <span class='ocrx_word' id='word_1_843' title='bbox 924 5213 979 5243; x_wconf 66' lang='grc'><em>³⁸</em></span> <span class='ocrx_word' id='word_1_844' title='bbox 1004 5204 1143 5259; x_wconf 81' lang='lat' dir='ltr'><strong>Psal.</strong></span> <span class='ocrx_word' id='word_1_845' title='bbox 1178 5222 1339 5269; x_wconf 75' lang='lat' dir='ltr'><strong>Lxxn,</strong></span> <span class='ocrx_word' id='word_1_846' title='bbox 1371 5205 1462 5269; x_wconf 89' lang='lat'><strong>26,</strong></span> <span class='ocrx_word' id='word_1_847' title='bbox 1492 5221 1600 5260; x_wconf 86' lang='lat' dir='ltr'><strong>sec.</strong></span> <span class='ocrx_word' id='word_1_848' title='bbox 1627 5206 1852 5262; x_wconf 89' lang='lat' dir='ltr'><strong>Psalter.</strong></span> <span class='ocrx_word' id='word_1_849' title='bbox 1874 5210 2030 5264; x_wconf 82' lang='lat' dir='ltr'><strong>Rom.</strong></span> 
     </span>
    </p>
   </div>
   <div class='ocr_carea' id='block_1_100' title="bbox 541 5274 1233 5340">
    <p class='ocr_par' dir='ltr' id='par_1_100' title="bbox 541 5274 1233 5340">
     <span class='ocr_line' id='line_1_100' title="bbox 541 5274 1233 5340; baseline 0 -11"><span class='ocrx_word' id='word_1_850' title='bbox 541 5274 630 5329; x_wconf 72' lang='grc'><strong>54.</strong></span> <span class='ocrx_word' id='word_1_851' title='bbox 677 5286 731 5314; x_wconf 64' lang='grc' dir='ltr'><strong><em>κο</em></strong></span> <span class='ocrx_word' id='word_1_852' title='bbox 770 5275 812 5329; x_wconf 86' lang='lat' dir='ltr'><strong>ll</strong></span> <span class='ocrx_word' id='word_1_853' title='bbox 840 5274 966 5330; x_wconf 89' lang='lat' dir='ltr'><strong>Cor.</strong></span> <span class='ocrx_word' id='word_1_854' title='bbox 1001 5291 1083 5340; x_wconf 83' lang='lat' dir='ltr'><strong>tv,</strong></span> <span class='ocrx_word' id='word_1_855' title='bbox 1149 5274 1233 5329; x_wconf 90' lang='grc'><strong>16.</strong></span> 
     </span>
    </p>
   </div>
   <div class='ocr_carea' id='block_1_101' title="bbox 1628 4995 2113 5068">
    <p class='ocr_par' dir='ltr' id='par_1_101' title="bbox 1628 4995 2113 5068">
     <span class='ocr_line' id='line_1_101' title="bbox 1628 4995 2113 5068; baseline 0.016 -20"><span class='ocrx_word' id='word_1_856' title='bbox 1628 4999 1638 5033; x_wconf 70' lang='grc' dir='ltr'><strong>ί</strong></span> <span class='ocrx_word' id='word_1_857' title='bbox 1686 4995 1828 5051; x_wconf 71' lang='lat' dir='ltr'><strong>Psal.</strong></span> <span class='ocrx_word' id='word_1_858' title='bbox 1862 5017 2020 5068; x_wconf 76' lang='lat' dir='ltr'><strong>CXLV,</strong></span> <span class='ocrx_word' id='word_1_859' title='bbox 2060 5004 2113 5057; x_wconf 82' lang='grc'><strong>8.</strong></span> 
     </span>
    </p>
   </div>
   <div class='ocr_carea' id='block_1_102' title="bbox 617 5429 2132 5501">
    <p class='ocr_par' dir='ltr' id='par_1_102' title="bbox 617 5429 2132 5501">
     <span class='ocr_line' id='line_1_102' title="bbox 617 5429 2132 5501; baseline 0.003 -17"><span class='ocrx_word' id='word_1_860' title='bbox 617 5430 693 5501; x_wconf 87' lang='lat' dir='ltr'><strong>(a)</strong></span> <span class='ocrx_word' id='word_1_861' title='bbox 716 5429 822 5501; x_wconf 18' lang='lat' dir='ltr'><strong>iSic</strong></span> <span class='ocrx_word' id='word_1_862' title='bbox 848 5431 1251 5486; x_wconf 90' lang='lat' dir='ltr'><strong>emendavimus</strong></span> <span class='ocrx_word' id='word_1_863' title='bbox 1277 5445 1342 5484; x_wconf 87' lang='lat' dir='ltr'><strong>ex</strong></span> <span class='ocrx_word' id='word_1_864' title='bbox 1375 5446 1470 5486; x_wconf 91' lang='lat' dir='ltr'><strong>ms.</strong></span> <span class='ocrx_word' id='word_1_865' title='bbox 1502 5432 1688 5487; x_wconf 91' lang='lat' dir='ltr'><strong>codice</strong></span> <span class='ocrx_word' id='word_1_866' title='bbox 1740 5432 2027 5489; x_wconf 84' lang='lat' dir='ltr'><strong>Viennensi</strong></span> <span class='ocrx_word' id='word_1_867' title='bbox 2075 5445 2132 5490; x_wconf 86' lang='lat' dir='ltr'><strong>et</strong></span> 
     </span>
    </p>
   </div>
   <div class='ocr_carea' id='block_1_103' title="bbox 542 5500 1382 5567">
    <p class='ocr_par' dir='ltr' id='par_1_103' title="bbox 542 5500 1382 5567">
     <span class='ocr_line' id='line_1_103' title="bbox 542 5500 1382 5567; baseline -0.004 -12"><span class='ocrx_word' id='word_1_868' title='bbox 542 5500 672 5555; x_wconf 85' lang='lat' dir='ltr'><strong>edit.</strong></span> <span class='ocrx_word' id='word_1_869' title='bbox 700 5500 851 5554; x_wconf 88' lang='lat' dir='ltr'><strong>Grin.</strong></span> <span class='ocrx_word' id='word_1_870' title='bbox 885 5501 1008 5567; x_wconf 78' lang='lat' dir='ltr'><strong>Alii,</strong></span> <span class='ocrx_word' id='word_1_871' title='bbox 1040 5504 1382 5555; x_wconf 85' lang='lat' dir='ltr'><strong>innocentem.</strong></span> 
     </span>
    </p>
   </div>
   <div class='ocr_carea' id='block_1_104' title="bbox 615 5570 2120 5638">
    <p class='ocr_par' dir='ltr' id='par_1_104' title="bbox 615 5570 2120 5638">
     <span class='ocr_line' id='line_1_104' title="bbox 615 5570 2120 5638; baseline 0.004 -17"><span class='ocrx_word' id='word_1_872' title='bbox 615 5570 690 5638; x_wconf 68' lang='grc' dir='ltr'><strong>(ὁ)</strong></span> <span class='ocrx_word' id='word_1_873' title='bbox 731 5570 1068 5638; x_wconf 82' lang='lat' dir='ltr'><strong>Addidimus,</strong></span> <span class='ocrx_word' id='word_1_874' title='bbox 1098 5581 1148 5624; x_wconf 90' lang='lat' dir='ltr'><strong>et</strong></span> <span class='ocrx_word' id='word_1_875' title='bbox 1176 5573 1319 5631; x_wconf 81' lang='lat' dir='ltr'><strong>ntali,</strong></span> <span class='ocrx_word' id='word_1_876' title='bbox 1350 5585 1417 5624; x_wconf 78' lang='lat' dir='ltr'><strong>ex</strong></span> <span class='ocrx_word' id='word_1_877' title='bbox 1450 5586 1548 5626; x_wconf 91' lang='lat' dir='ltr'><strong>ms.</strong></span> <span class='ocrx_word' id='word_1_878' title='bbox 1574 5572 1761 5629; x_wconf 86' lang='lat' dir='ltr'><strong>codice</strong></span> <span class='ocrx_word' id='word_1_879' title='bbox 1785 5573 2076 5629; x_wconf 79' lang='lat' dir='ltr'><strong>Viennensi</strong></span> <span class='ocrx_word' id='word_1_880' title='bbox 2109 5594 2120 5627; x_wconf 88' lang='lat'><strong>:</strong></span> 
     </span>
    </p>
   </div>
   <div class='ocr_carea' id='block_1_105' title="bbox 542 5639 2130 5706">
    <p class='ocr_par' dir='ltr' id='par_1_105' title="bbox 542 5639 2130 5706">
     <span class='ocr_line' id='line_1_105' title="bbox 542 5639 2130 5706; baseline 0.003 -13"><span class='ocrx_word' id='word_1_881' title='bbox 542 5656 662 5705; x_wconf 68' lang='lat' dir='ltr'><strong>que</strong></span> <span class='ocrx_word' id='word_1_882' title='bbox 692 5639 893 5695; x_wconf 86' lang='lat' dir='ltr'><strong>additio</strong></span> <span class='ocrx_word' id='word_1_883' title='bbox 921 5650 1039 5695; x_wconf 88' lang='lat' dir='ltr'><strong>erat</strong></span> <span class='ocrx_word' id='word_1_884' title='bbox 1068 5642 1394 5706; x_wconf 85' lang='lat' dir='ltr'><strong>necessaria,</strong></span> <span class='ocrx_word' id='word_1_885' title='bbox 1451 5651 1504 5697; x_wconf 90' lang='lat' dir='ltr'><strong>et</strong></span> <span class='ocrx_word' id='word_1_886' title='bbox 1560 5646 1909 5698; x_wconf 86' lang='lat' dir='ltr'><strong>conlirmatnr</strong></span> <span class='ocrx_word' id='word_1_887' title='bbox 1950 5661 2016 5698; x_wconf 86' lang='lat' dir='ltr'><strong>ex</strong></span> <span class='ocrx_word' id='word_1_888' title='bbox 2064 5647 2130 5699; x_wconf 90' lang='lat' dir='ltr'><strong>iis</strong></span> 
     </span>
    </p>
   </div>
   <div class='ocr_carea' id='block_1_106' title="bbox 543 5710 2125 5782">
    <p class='ocr_par' dir='ltr' id='par_1_106' title="bbox 543 5710 2125 5782">
     <span class='ocr_line' id='line_1_106' title="bbox 543 5710 2125 5782; baseline 0.004 -21"><span class='ocrx_word' id='word_1_889' title='bbox 543 5724 659 5777; x_wconf 72' lang='lat' dir='ltr'><strong>qua:</strong></span> <span class='ocrx_word' id='word_1_890' title='bbox 689 5719 1093 5778; x_wconf 74' lang='lat' dir='ltr'><strong>pncccsserutit,</strong></span> <span class='ocrx_word' id='word_1_891' title='bbox 1125 5728 1176 5766; x_wconf 91' lang='grc' dir='ltr'>ιι.</span> <span class='ocrx_word' id='word_1_892' title='bbox 1207 5710 1261 5774; x_wconf 83' lang='lat'><strong>2,</strong></span> <span class='ocrx_word' id='word_1_893' title='bbox 1284 5710 1402 5766; x_wconf 87' lang='lat' dir='ltr'><strong>boni</strong></span> <span class='ocrx_word' id='word_1_894' title='bbox 1426 5714 1648 5767; x_wconf 80' lang='lat' dir='ltr'><strong>motione</strong></span> <span class='ocrx_word' id='word_1_895' title='bbox 1673 5714 1889 5782; x_wconf 80' lang='lat' dir='ltr'><strong>delectu,</strong></span> <span class='ocrx_word' id='word_1_896' title='bbox 1920 5723 1975 5769; x_wconf 89' lang='lat' dir='ltr'><strong>et</strong></span> <span class='ocrx_word' id='word_1_897' title='bbox 1996 5730 2048 5767; x_wconf 91' lang='grc' dir='ltr'>ιι.</span> <span class='ocrx_word' id='word_1_898' title='bbox 2072 5716 2125 5779; x_wconf 85' lang='grc'>5,</span> 
     </span>
    </p>
   </div>
   <div class='ocr_carea' id='block_1_107' title="bbox 1868 4926 2713 4995">
    <p class='ocr_par' dir='ltr' id='par_1_107' title="bbox 1868 4926 2713 4995">
     <span class='ocr_line' id='line_1_107' title="bbox 1868 4926 2713 4995; baseline -0.001 -13"><span class='ocrx_word' id='word_1_899' title='bbox 1868 4940 1891 4968; x_wconf 77' lang='grc' dir='ltr'>α</span> <span class='ocrx_word' id='word_1_900' title='bbox 1933 4929 2089 4995; x_wconf 86' lang='lat' dir='ltr'><strong>lbid.,</strong></span> <span class='ocrx_word' id='word_1_901' title='bbox 2123 4934 2174 4988; x_wconf 89' lang='lat'><strong>7.</strong></span> <span class='ocrx_word' id='word_1_902' title='bbox 2252 4933 2275 4970; x_wconf 73' lang='grc' dir='ltr'>ἀ</span> <span class='ocrx_word' id='word_1_903' title='bbox 2309 4931 2502 4986; x_wconf 84' lang='lat' dir='ltr'><strong>Johan.</strong></span> <span class='ocrx_word' id='word_1_904' title='bbox 2526 4944 2599 4989; x_wconf 79' lang='lat' dir='ltr'><strong>Ix,</strong></span> <span class='ocrx_word' id='word_1_905' title='bbox 2624 4926 2713 4981; x_wconf 82' lang='lat'><strong>59.</strong></span> 
     </span>
    </p>
   </div>
   <div class='ocr_carea' id='block_1_108' title="bbox 2198 4999 2654 5063">
    <p class='ocr_par' dir='ltr' id='par_1_108' title="bbox 2198 4999 2654 5063">
     <span class='ocr_line' id='line_1_108' title="bbox 2198 4999 2654 5063; baseline -0.009 -9"><span class='ocrx_word' id='word_1_906' title='bbox 2198 5007 2210 5054; x_wconf 84' lang='lat' dir='ltr'><strong>l</strong></span> <span class='ocrx_word' id='word_1_907' title='bbox 2262 5004 2390 5057; x_wconf 90' lang='lat' dir='ltr'><strong>Luc.</strong></span> <span class='ocrx_word' id='word_1_908' title='bbox 2424 5016 2495 5053; x_wconf 88' lang='lat' dir='ltr'><strong>vn</strong></span> <span class='ocrx_word' id='word_1_909' title='bbox 2518 5039 2532 5063; x_wconf 97' lang='lat'><strong>,</strong></span> <span class='ocrx_word' id='word_1_910' title='bbox 2565 4999 2654 5051; x_wconf 76' lang='lat' dir='ltr'><strong>2t.</strong></span> 
     </span>
    </p>
   </div>
   <div class='ocr_carea' id='block_1_109' title="bbox 1678 5068 2243 5136">
    <p class='ocr_par' dir='ltr' id='par_1_109' title="bbox 1678 5068 2243 5136">
     <span class='ocr_line' id='line_1_109' title="bbox 1678 5068 2243 5136; baseline 0.012 -15"><span class='ocrx_word' id='word_1_911' title='bbox 1678 5076 1701 5103; x_wconf 86' lang='grc' dir='ltr'>ο</span> <span class='ocrx_word' id='word_1_912' title='bbox 1744 5068 1899 5123; x_wconf 90' lang='lat' dir='ltr'><strong>Deut.</strong></span> <span class='ocrx_word' id='word_1_913' title='bbox 1944 5087 2119 5136; x_wconf 63' lang='grc' dir='ltr'>χχιιι,</span> <span class='ocrx_word' id='word_1_914' title='bbox 2154 5073 2243 5128; x_wconf 89' lang='grc'><strong>59.</strong></span> 
     </span>
    </p>
   </div>
   <div class='ocr_carea' id='block_1_110' title="bbox 2097 5128 3801 5267">
    <p class='ocr_par' dir='ltr' id='par_1_110' title="bbox 2097 5128 3801 5267">
     <span class='ocr_line' id='line_1_110' title="bbox 2097 5128 3801 5212; baseline -0.01 -15"><span class='ocrx_word' id='word_1_915' title='bbox 2097 5128 2123 5179; x_wconf 75' lang='lat' dir='ltr'><strong>v&#39;</strong></span> <span class='ocrx_word' id='word_1_916' title='bbox 2164 5143 2298 5212; x_wconf 83' lang='lat' dir='ltr'><strong>Eph.</strong></span> <span class='ocrx_word' id='word_1_917' title='bbox 2326 5158 2400 5197; x_wconf 81' lang='lat' dir='ltr'><strong>IV.</strong></span> <span class='ocrx_word' id='word_1_918' title='bbox 2442 5138 2530 5191; x_wconf 73' lang='lat' dir='ltr'><strong>at.</strong></span> <span class='ocrx_word' id='word_1_919' title='bbox 2588 5128 2787 5207; x_wconf 43' lang='lat' dir='ltr'><strong>&#39;prh.</strong></span> <span class='ocrx_word' id='word_1_920' title='bbox 2826 5128 3019 5199; x_wconf 62' lang='lat' dir='ltr'><strong>mss.</strong></span> <span class='ocrx_word' id='word_1_921' title='bbox 3087 5128 3121 5184; x_wconf 72' lang='grc' dir='ltr'>ἰ·</span> <span class='ocrx_word' id='word_1_922' title='bbox 3153 5136 3434 5204; x_wconf 81' lang='lat' dir='ltr'><strong>lCor.xv,</strong></span> <span class='ocrx_word' id='word_1_923' title='bbox 3464 5135 3551 5189; x_wconf 67' lang='lat'><strong>49.</strong></span> <span class='ocrx_word' id='word_1_924' title='bbox 3628 5128 3801 5184; x_wconf 59' lang='lat' dir='ltr'><strong>tPsal.</strong></span> 
     </span>
     <span class='ocr_line' id='line_1_111' title="bbox 2108 5203 3801 5267; baseline -0.01 1"><span class='ocrx_word' id='word_1_925' title='bbox 2108 5213 2167 5251; x_wconf 62' lang='grc' dir='ltr'><strong>δι’</strong></span> <span class='ocrx_word' id='word_1_926' title='bbox 2210 5212 2349 5267; x_wconf 85' lang='lat' dir='ltr'><strong>Psal.</strong></span> <span class='ocrx_word' id='word_1_927' title='bbox 2385 5224 2566 5267; x_wconf 54' lang='grc' dir='ltr'>ιλιι-ι,</span> <span class='ocrx_word' id='word_1_928' title='bbox 2592 5210 2673 5262; x_wconf 88' lang='grc'><strong>11.</strong></span> <span class='ocrx_word' id='word_1_929' title='bbox 2796 5219 2849 5245; x_wconf 74' lang='grc' dir='ltr'><strong>σε</strong></span> <span class='ocrx_word' id='word_1_930' title='bbox 2892 5205 3033 5260; x_wconf 73' lang='lat' dir='ltr'><strong>Psal.</strong></span> <span class='ocrx_word' id='word_1_931' title='bbox 3074 5222 3247 5267; x_wconf 76' lang='lat' dir='ltr'><strong>Lxxn,</strong></span> <span class='ocrx_word' id='word_1_932' title='bbox 3290 5206 3378 5260; x_wconf 86' lang='lat'><strong>26.</strong></span> <span class='ocrx_word' id='word_1_933' title='bbox 3489 5205 3547 5243; x_wconf 68' lang='grc' dir='ltr'><strong>ἀοι</strong></span> <span class='ocrx_word' id='word_1_934' title='bbox 3588 5203 3705 5257; x_wconf 87' lang='lat' dir='ltr'><strong>Luc.</strong></span> <span class='ocrx_word' id='word_1_935' title='bbox 3743 5212 3801 5262; x_wconf 83' lang='grc' dir='ltr'><strong>ιι,</strong></span> 
     </span>
    </p>
   </div>
   <div class='ocr_carea' id='block_1_111' title="bbox 1334 5229 2673 5346">
    <p class='ocr_par' dir='ltr' id='par_1_111' title="bbox 1334 5229 2673 5346">
     <span class='ocr_line' id='line_1_112' title="bbox 1334 5229 2673 5272; baseline 0.004 -15"><span class='ocrx_word' id='word_1_936' title='bbox 1334 5248 1339 5267; x_wconf 87' lang='grc'><strong>,</strong></span> <span class='ocrx_word' id='word_1_937' title='bbox 1373 5229 1462 5269; x_wconf 79' lang='lat' dir='ltr'><strong>zu,</strong></span> <span class='ocrx_word' id='word_1_938' title='bbox 1492 5229 1600 5260; x_wconf 78' lang='lat' dir='ltr'><strong>sec.</strong></span> <span class='ocrx_word' id='word_1_939' title='bbox 1627 5229 1852 5262; x_wconf 82' lang='lat' dir='ltr'><strong>rsancr.</strong></span> <span class='ocrx_word' id='word_1_940' title='bbox 1874 5229 2030 5264; x_wconf 77' lang='lat' dir='ltr'><strong>nom.</strong></span> <span class='ocrx_word' id='word_1_941' title='bbox 2112 5229 2167 5251; x_wconf 78' lang='grc' dir='ltr'><strong>υει</strong></span> <span class='ocrx_word' id='word_1_942' title='bbox 2210 5229 2349 5267; x_wconf 72' lang='lat' dir='ltr'><strong>rsal.</strong></span> <span class='ocrx_word' id='word_1_943' title='bbox 2385 5229 2566 5272; x_wconf 74' lang='lat' dir='ltr'><strong>um,</strong></span> <span class='ocrx_word' id='word_1_944' title='bbox 2592 5229 2673 5262; x_wconf 87' lang='grc' dir='ltr'>ιι.</span> 
     </span>
     <span class='ocr_line' id='line_1_113' title="bbox 1334 5274 2403 5346; baseline 0.006 -18"><span class='ocrx_word' id='word_1_945' title='bbox 1334 5276 1350 5312; x_wconf 71' lang='grc' dir='ltr'><strong>ί</strong></span> <span class='ocrx_word' id='word_1_946' title='bbox 1365 5277 1382 5315; x_wconf 72' lang='grc' dir='ltr'>ί</span> <span class='ocrx_word' id='word_1_947' title='bbox 1425 5276 1464 5329; x_wconf 92' lang='lat' dir='ltr'><strong>ll</strong></span> <span class='ocrx_word' id='word_1_948' title='bbox 1488 5274 1613 5330; x_wconf 83' lang='lat' dir='ltr'><strong>Cor.</strong></span> <span class='ocrx_word' id='word_1_949' title='bbox 1645 5294 1736 5340; x_wconf 76' lang='grc' dir='ltr'>ιιιι,</span> <span class='ocrx_word' id='word_1_950' title='bbox 1776 5278 1851 5331; x_wconf 91' lang='grc'><strong>10.</strong></span> <span class='ocrx_word' id='word_1_951' title='bbox 1931 5290 1986 5329; x_wconf 74' lang='lat' dir='ltr'><strong>ss</strong></span> <span class='ocrx_word' id='word_1_952' title='bbox 2018 5282 2060 5335; x_wconf 90' lang='lat' dir='ltr'><strong>ll</strong></span> <span class='ocrx_word' id='word_1_953' title='bbox 2090 5280 2215 5338; x_wconf 86' lang='lat' dir='ltr'><strong>Cor.</strong></span> <span class='ocrx_word' id='word_1_954' title='bbox 2243 5298 2320 5346; x_wconf 86' lang='grc' dir='ltr'>ιιι,</span> <span class='ocrx_word' id='word_1_955' title='bbox 2352 5281 2403 5335; x_wconf 88' lang='grc'><strong>5.</strong></span> 
     </span>
    </p>
   </div>
   <div class='ocr_carea' id='block_1_112' title="bbox 2233 4604 3804 4689">
    <p class='ocr_par' dir='ltr' id='par_1_112' title="bbox 2233 4604 3804 4689">
     <span class='ocr_line' id='line_1_114' title="bbox 2233 4604 3804 4689; baseline -0.01 -19"><span class='ocrx_word' id='word_1_956' title='bbox 2233 4615 2594 4689; x_wconf 86' lang='lat' dir='ltr'><strong>putribilibus,</strong></span> <span class='ocrx_word' id='word_1_957' title='bbox 2648 4626 2821 4681; x_wconf 89' lang='lat' dir='ltr'><strong>neque</strong></span> <span class='ocrx_word' id='word_1_958' title='bbox 2870 4611 3010 4667; x_wconf 90' lang='lat' dir='ltr'><strong>ceris</strong></span> <span class='ocrx_word' id='word_1_959' title='bbox 3062 4610 3409 4679; x_wconf 84' lang='lat' dir='ltr'><strong>liquentibus,</strong></span> <span class='ocrx_word' id='word_1_960' title='bbox 3439 4610 3531 4665; x_wconf 86' lang='lat' dir='ltr'><strong>sed</strong></span> <span class='ocrx_word' id='word_1_961' title='bbox 3557 4611 3609 4663; x_wconf 85' lang='lat' dir='ltr'><strong>in</strong></span> <span class='ocrx_word' id='word_1_962' title='bbox 3638 4604 3804 4659; x_wconf 70' lang='lat' dir='ltr'><strong>tabulis</strong></span> 
     </span>
    </p>
   </div>
   <div class='ocr_carea' id='block_1_113' title="bbox 2228 4700 3803 4772">
    <p class='ocr_par' dir='ltr' id='par_1_113' title="bbox 2228 4700 3803 4772">
     <span class='ocr_line' id='line_1_115' title="bbox 2228 4700 3803 4772; baseline -0.008 -11"><span class='ocrx_word' id='word_1_963' title='bbox 2228 4704 2525 4761; x_wconf 82' lang='lat' dir='ltr'><strong>carnalibus</strong></span> <span class='ocrx_word' id='word_1_964' title='bbox 2553 4703 2723 4757; x_wconf 90' lang='lat' dir='ltr'><strong>cordis</strong></span> <span class='ocrx_word' id='word_1_965' title='bbox 2755 4712 2807 4749; x_wconf 72' lang='grc' dir='ltr'><strong>κε</strong></span> <span class='ocrx_word' id='word_1_966' title='bbox 2842 4702 2919 4755; x_wconf 86' lang='grc' dir='ltr'>ιιιί</span> <span class='ocrx_word' id='word_1_967' title='bbox 2948 4702 3161 4772; x_wconf 78' lang='lat' dir='ltr'><strong>pinxit:</strong></span> <span class='ocrx_word' id='word_1_968' title='bbox 3194 4702 3285 4755; x_wconf 88' lang='lat' dir='ltr'><strong>ubi</strong></span> <span class='ocrx_word' id='word_1_969' title='bbox 3317 4716 3417 4755; x_wconf 92' lang='lat' dir='ltr'><strong>nos</strong></span> <span class='ocrx_word' id='word_1_970' title='bbox 3462 4702 3739 4769; x_wconf 84' lang='lat' dir='ltr'><strong>impressus</strong></span> <span class='ocrx_word' id='word_1_971' title='bbox 3756 4700 3803 4747; x_wconf 83' lang='lat' dir='ltr'><strong>el</strong></span> 
     </span>
    </p>
   </div>
   <div class='ocr_carea' id='block_1_114' title="bbox 2232 4786 3804 4862">
    <p class='ocr_par' dir='ltr' id='par_1_114' title="bbox 2232 4786 3804 4862">
     <span class='ocr_line' id='line_1_116' title="bbox 2232 4786 3804 4862; baseline -0.008 -12"><span class='ocrx_word' id='word_1_972' title='bbox 2232 4798 2424 4852; x_wconf 62' lang='lat' dir='ltr'><strong>animus</strong></span> <span class='ocrx_word' id='word_1_973' title='bbox 2453 4802 2558 4848; x_wconf 77' lang='lat' dir='ltr'><strong>tua:</strong></span> <span class='ocrx_word' id='word_1_974' title='bbox 2580 4789 2964 4856; x_wconf 87' lang='lat' dir='ltr'><strong>conformatos,</strong></span> <span class='ocrx_word' id='word_1_975' title='bbox 3017 4791 3086 4862; x_wconf 80' lang='grc' dir='ltr'><strong>(Ῑ)</strong></span> <span class='ocrx_word' id='word_1_976' title='bbox 3120 4790 3242 4846; x_wconf 84' lang='lat' dir='ltr'><strong>iidei</strong></span> <span class='ocrx_word' id='word_1_977' title='bbox 3286 4800 3341 4846; x_wconf 89' lang='lat' dir='ltr'><strong>et</strong></span> <span class='ocrx_word' id='word_1_978' title='bbox 3387 4791 3573 4859; x_wconf 62' lang='lat' dir='ltr'><strong>gratias</strong></span> <span class='ocrx_word' id='word_1_979' title='bbox 3619 4786 3804 4842; x_wconf 88' lang='lat' dir='ltr'><strong>unitate</strong></span> 
     </span>
    </p>
   </div>
   <div class='ocr_carea' id='block_1_115' title="bbox 2794 4918 3799 4990">
    <p class='ocr_par' dir='ltr' id='par_1_115' title="bbox 2794 4918 3799 4990">
     <span class='ocr_line' id='line_1_117' title="bbox 2794 4918 3799 4990; baseline -0.009 -9"><span class='ocrx_word' id='word_1_980' title='bbox 2794 4936 2818 4965; x_wconf 77' lang='grc' dir='ltr'><strong>ο</strong></span> <span class='ocrx_word' id='word_1_981' title='bbox 2843 4925 2968 4982; x_wconf 89' lang='lat' dir='ltr'><strong>Luc.</strong></span> <span class='ocrx_word' id='word_1_982' title='bbox 2992 4943 3105 4990; x_wconf 79' lang='lat' dir='ltr'><strong>xix,</strong></span> <span class='ocrx_word' id='word_1_983' title='bbox 3138 4926 3222 4980; x_wconf 86' lang='grc'><strong>10.</strong></span> <span class='ocrx_word' id='word_1_984' title='bbox 3308 4928 3326 4965; x_wconf 79' lang='grc' dir='ltr'>ῐ</span> <span class='ocrx_word' id='word_1_985' title='bbox 3368 4926 3561 4981; x_wconf 84' lang='lat' dir='ltr'><strong>Johan.</strong></span> <span class='ocrx_word' id='word_1_986' title='bbox 3593 4938 3700 4985; x_wconf 78' lang='lat' dir='ltr'><strong>vin,</strong></span> <span class='ocrx_word' id='word_1_987' title='bbox 3727 4918 3799 4990; x_wconf 71' lang='lat' dir='ltr'><strong>l2.</strong></span> 
     </span>
    </p>
   </div>
   <div class='ocr_carea' id='block_1_116' title="bbox 2735 4988 3801 5062">
    <p class='ocr_par' dir='ltr' id='par_1_116' title="bbox 2735 4988 3801 5062">
     <span class='ocr_line' id='line_1_118' title="bbox 2735 4988 3801 5062; baseline -0.005 -11"><span class='ocrx_word' id='word_1_988' title='bbox 2735 4995 2759 5034; x_wconf 78' lang='grc' dir='ltr'>¹ί</span> <span class='ocrx_word' id='word_1_989' title='bbox 2804 4997 2957 5051; x_wconf 84' lang='lat' dir='ltr'><strong>Deut.</strong></span> <span class='ocrx_word' id='word_1_990' title='bbox 2992 4988 3179 5062; x_wconf 80' lang='lat' dir='ltr'><strong>xxxn,</strong></span> <span class='ocrx_word' id='word_1_991' title='bbox 3209 4996 3298 5052; x_wconf 90' lang='grc'><strong>59.</strong></span> <span class='ocrx_word' id='word_1_992' title='bbox 3384 4995 3399 5035; x_wconf 81' lang='grc' dir='ltr'>ι</span> <span class='ocrx_word' id='word_1_993' title='bbox 3446 4997 3574 5050; x_wconf 88' lang='lat' dir='ltr'><strong>Luc.</strong></span> <span class='ocrx_word' id='word_1_994' title='bbox 3622 5010 3686 5059; x_wconf 92' lang='grc' dir='ltr'><strong>ιι,</strong></span> <span class='ocrx_word' id='word_1_995' title='bbox 3723 4988 3801 5062; x_wconf 58' lang='grc' dir='ltr'><strong>ξιξ.</strong></span> 
     </span>
    </p>
   </div>
   <div class='ocr_carea' id='block_1_117' title="bbox 2322 5059 3802 5137">
    <p class='ocr_par' dir='ltr' id='par_1_117' title="bbox 2322 5059 3802 5137">
     <span class='ocr_line' id='line_1_119' title="bbox 2322 5059 3802 5137; baseline -0.007 -16"><span class='ocrx_word' id='word_1_996' title='bbox 2322 5083 2347 5121; x_wconf 81' lang='lat' dir='ltr'><strong>r</strong></span> <span class='ocrx_word' id='word_1_997' title='bbox 2384 5059 2600 5131; x_wconf 29' lang='lat' dir='ltr'><strong>Calan,</strong></span> <span class='ocrx_word' id='word_1_998' title='bbox 2636 5067 2721 5137; x_wconf 87' lang='grc'><strong>15.</strong></span> <span class='ocrx_word' id='word_1_999' title='bbox 2799 5078 2823 5115; x_wconf 75' lang='grc' dir='ltr'><strong>ιι</strong></span> <span class='ocrx_word' id='word_1_1000' title='bbox 2864 5066 3000 5137; x_wconf 76' lang='lat' dir='ltr'><strong>Eph.</strong></span> <span class='ocrx_word' id='word_1_1001' title='bbox 3035 5084 3099 5132; x_wconf 89' lang='grc' dir='ltr'><strong>ιι,</strong></span> <span class='ocrx_word' id='word_1_1002' title='bbox 3132 5059 3184 5120; x_wconf 79' lang='lat'><strong>6.</strong></span> <span class='ocrx_word' id='word_1_1003' title='bbox 3216 5136 3221 5137; x_wconf 18' lang='grc' dir='ltr'><em>ν</em></span> <span class='ocrx_word' id='word_1_1004' title='bbox 3266 5078 3288 5105; x_wconf 84' lang='grc' dir='ltr'>ι’</span> <span class='ocrx_word' id='word_1_1005' title='bbox 3320 5059 3802 5137; x_wconf 68' lang='lat' dir='ltr'><strong>Psal.cxvut,_&#39;57_.</strong></span> 
     </span>
    </p>
   </div>
   <div class='ocr_carea' id='block_1_118' title="bbox 2796 5203 3804 5270">
    <p class='ocr_par' dir='ltr' id='par_1_118' title="bbox 2796 5203 3804 5270">
     <span class='ocr_line' id='line_1_120' title="bbox 2796 5203 3804 5270; baseline 0.003 -11"><span class='ocrx_word' id='word_1_1006' title='bbox 2796 5219 2849 5245; x_wconf 75' lang='grc' dir='ltr'><strong>σε</strong></span> <span class='ocrx_word' id='word_1_1007' title='bbox 2892 5205 3033 5260; x_wconf 73' lang='lat' dir='ltr'><strong>Psal.</strong></span> <span class='ocrx_word' id='word_1_1008' title='bbox 3074 5222 3247 5270; x_wconf 76' lang='lat' dir='ltr'><strong>Lxxn,</strong></span> <span class='ocrx_word' id='word_1_1009' title='bbox 3290 5206 3378 5260; x_wconf 86' lang='lat'><strong>26.</strong></span> <span class='ocrx_word' id='word_1_1010' title='bbox 3422 5203 3426 5204; x_wconf 55' lang='grc'><strong><em>⁷</em></strong></span> <span class='ocrx_word' id='word_1_1011' title='bbox 3489 5205 3547 5243; x_wconf 71' lang='grc' dir='ltr'><strong>ἀει</strong></span> <span class='ocrx_word' id='word_1_1012' title='bbox 3588 5203 3705 5257; x_wconf 87' lang='lat' dir='ltr'><strong>Luc.</strong></span> <span class='ocrx_word' id='word_1_1013' title='bbox 3743 5212 3804 5262; x_wconf 66' lang='grc' dir='ltr'>ιι,</span> 
     </span>
    </p>
   </div>
   <div class='ocr_carea' id='block_1_119' title="bbox 2234 5437 3138 5505">
    <p class='ocr_par' dir='ltr' id='par_1_119' title="bbox 2234 5437 3138 5505">
     <span class='ocr_line' id='line_1_121' title="bbox 2234 5437 3138 5505; baseline 0.006 -16"><span class='ocrx_word' id='word_1_1014' title='bbox 2234 5446 2512 5505; x_wconf 85' lang='lat' dir='ltr'><strong>accepta...</strong></span> <span class='ocrx_word' id='word_1_1015' title='bbox 2550 5437 2666 5491; x_wconf 87' lang='lat' dir='ltr'><strong>boni</strong></span> <span class='ocrx_word' id='word_1_1016' title='bbox 2688 5450 2737 5490; x_wconf 77' lang='lat' dir='ltr'><strong>et</strong></span> <span class='ocrx_word' id='word_1_1017' title='bbox 2761 5440 2883 5493; x_wconf 84' lang='lat' dir='ltr'><strong>ntali</strong></span> <span class='ocrx_word' id='word_1_1018' title='bbox 2906 5441 3138 5494; x_wconf 87' lang='lat' dir='ltr'><strong>scientia.</strong></span> 
     </span>
    </p>
   </div>
   <div class='ocr_carea' id='block_1_120' title="bbox 2306 5506 3063 5576">
    <p class='ocr_par' dir='ltr' id='par_1_120' title="bbox 2306 5506 3063 5576">
     <span class='ocr_line' id='line_1_122' title="bbox 2306 5506 3063 5576; baseline 0.007 -17"><span class='ocrx_word' id='word_1_1019' title='bbox 2306 5510 2379 5576; x_wconf 80' lang='grc' dir='ltr'><strong>(ε)</strong></span> <span class='ocrx_word' id='word_1_1020' title='bbox 2421 5506 2517 5561; x_wconf 83' lang='lat' dir='ltr'><strong>Ms.</strong></span> <span class='ocrx_word' id='word_1_1021' title='bbox 2555 5507 2707 5561; x_wconf 82' lang='lat' dir='ltr'><strong>Vien.</strong></span> <span class='ocrx_word' id='word_1_1022' title='bbox 2741 5510 2841 5572; x_wconf 91' lang='lat' dir='ltr'><strong>bis,</strong></span> <span class='ocrx_word' id='word_1_1023' title='bbox 2876 5510 3063 5564; x_wconf 77' lang='lat' dir='ltr'><strong>videat.</strong></span> 
     </span>
    </p>
   </div>
   <div class='ocr_carea' id='block_1_121' title="bbox 2304 5576 3294 5647">
    <p class='ocr_par' dir='ltr' id='par_1_121' title="bbox 2304 5576 3294 5647">
     <span class='ocr_line' id='line_1_123' title="bbox 2304 5576 3294 5647; baseline 0.006 -18"><span class='ocrx_word' id='word_1_1024' title='bbox 2304 5578 2381 5647; x_wconf 76' lang='grc' dir='ltr'><strong>(ά)</strong></span> <span class='ocrx_word' id='word_1_1025' title='bbox 2420 5576 2520 5647; x_wconf 85' lang='lat' dir='ltr'><strong>Ms.</strong></span> <span class='ocrx_word' id='word_1_1026' title='bbox 2545 5577 2716 5632; x_wconf 87' lang='lat' dir='ltr'><strong>codex</strong></span> <span class='ocrx_word' id='word_1_1027' title='bbox 2744 5579 2922 5645; x_wconf 84' lang='lat' dir='ltr'><strong>Vien.,</strong></span> <span class='ocrx_word' id='word_1_1028' title='bbox 2946 5581 3294 5636; x_wconf 86' lang='lat' dir='ltr'><strong>immutamur.</strong></span> 
     </span>
    </p>
   </div>
   <div class='ocr_carea' id='block_1_122' title="bbox 2307 5646 3800 5785">
    <p class='ocr_par' dir='ltr' id='par_1_122' title="bbox 2307 5646 3800 5785">
     <span class='ocr_line' id='line_1_124' title="bbox 2307 5646 3800 5785; baseline -0.001 -86"><span class='ocrx_word' id='word_1_1029' title='bbox 2307 5651 2378 5785; x_wconf 44' lang='grc' dir='ltr'><strong>ἒς)</strong></span> <span class='ocrx_word' id='word_1_1030' title='bbox 2419 5646 2496 5699; x_wconf 87' lang='lat' dir='ltr'><strong>Ita</strong></span> <span class='ocrx_word' id='word_1_1031' title='bbox 2527 5662 2625 5701; x_wconf 89' lang='lat' dir='ltr'><strong>ms.</strong></span> <span class='ocrx_word' id='word_1_1032' title='bbox 2652 5647 2821 5702; x_wconf 87' lang='lat' dir='ltr'><strong>codex</strong></span> <span class='ocrx_word' id='word_1_1033' title='bbox 2846 5648 3184 5707; x_wconf 85' lang='lat' dir='ltr'><strong>Viennensis.</strong></span> <span class='ocrx_word' id='word_1_1034' title='bbox 3202 5649 3800 5721; x_wconf 76' lang='lat' dir='ltr'><strong>Alii,circuminstantite.</strong></span> 
     </span>
     <span class='ocr_line' id='line_1_125' title="bbox 2332 5715 2847 5785; baseline 0.006 -17"><span class='ocrx_word' id='word_1_1035' title='bbox 2332 5719 2375 5785; x_wconf 64' lang='grc' dir='ltr'>ι)</span> <span class='ocrx_word' id='word_1_1036' title='bbox 2418 5716 2512 5770; x_wconf 87' lang='lat' dir='ltr'><strong>Ms.</strong></span> <span class='ocrx_word' id='word_1_1037' title='bbox 2541 5715 2695 5784; x_wconf 77' lang='lat' dir='ltr'><strong>licg.,</strong></span> <span class='ocrx_word' id='word_1_1038' title='bbox 2725 5718 2847 5785; x_wconf 81' lang='lat' dir='ltr'><strong>ﬁde.</strong></span> 
     </span>
    </p>
   </div>
   <div class='ocr_carea' id='block_1_123' title="bbox 2332 5715 2847 5788">
    <p class='ocr_par' dir='ltr' id='par_1_123' title="bbox 2332 5715 2847 5788">
     <span class='ocr_line' id='line_1_126' title="bbox 2332 5715 2847 5788; baseline 0.006 -20"><span class='ocrx_word' id='word_1_1039' title='bbox 2332 5719 2375 5786; x_wconf 65' lang='grc' dir='ltr'><strong>ι’)</strong></span> <span class='ocrx_word' id='word_1_1040' title='bbox 2418 5716 2512 5770; x_wconf 87' lang='lat' dir='ltr'><strong>Ms.</strong></span> <span class='ocrx_word' id='word_1_1041' title='bbox 2541 5715 2695 5784; x_wconf 77' lang='lat' dir='ltr'><strong>licg.,</strong></span> <span class='ocrx_word' id='word_1_1042' title='bbox 2725 5718 2847 5788; x_wconf 80' lang='lat' dir='ltr'><strong>ﬁde.</strong></span> 
     </span>
    </p>
   </div>
  </div>
