  <div class='ocr_page' id='page_1' title='image "/cluster/home/n/w/nwhite01/storage/ocr_20150623/61/hvd.32044054758685/169.png"; bbox 0 0 3966 6184; ppageno 0'>
   <div class='ocr_carea' id='block_1_1' title="bbox 458 304 559 359">
    <p class='ocr_par' dir='ltr' id='par_1_1' title="bbox 458 304 559 359">
     <span class='ocr_line' id='line_1_1' title="bbox 458 304 559 359; baseline -0.02 0"><span class='ocrx_word' id='word_1_1' title='bbox 458 304 559 359; x_wconf 74' lang='lat'><strong>527</strong></span> 
     </span>
    </p>
   </div>
   <div class='ocr_carea' id='block_1_2' title="bbox 1624 288 2620 350">
    <p class='ocr_par' dir='ltr' id='par_1_2' title="bbox 1624 288 2620 350">
     <span class='ocr_line' id='line_1_2' title="bbox 1624 288 2620 350; baseline -0.008 -1"><span class='ocrx_word' id='word_1_2' title='bbox 1624 295 1681 350; x_wconf 89' lang='lat' dir='ltr'><strong>S.</strong></span> <span class='ocrx_word' id='word_1_3' title='bbox 1728 291 1998 348; x_wconf 68' lang='lat' dir='ltr'><strong>l‘AULlNl</strong></span> <span class='ocrx_word' id='word_1_4' title='bbox 2038 290 2285 346; x_wconf 70' lang='lat' dir='ltr'><strong>NOLANI</strong></span> <span class='ocrx_word' id='word_1_5' title='bbox 2322 288 2620 346; x_wconf 81' lang='lat' dir='ltr'><strong>EPISCOPI</strong></span> 
     </span>
    </p>
   </div>
   <div class='ocr_carea' id='block_1_3' title="bbox 3650 284 3754 342">
    <p class='ocr_par' dir='ltr' id='par_1_3' title="bbox 3650 284 3754 342">
     <span class='ocr_line' id='line_1_3' title="bbox 3650 284 3754 342; baseline 0.029 -3"><span class='ocrx_word' id='word_1_6' title='bbox 3650 284 3754 342; x_wconf 68' lang='lat'><strong>3‘28</strong></span> 
     </span>
    </p>
   </div>
   <div class='ocr_carea' id='block_1_4' title="bbox 457 396 3753 483">
    <p class='ocr_par' dir='ltr' id='par_1_4' title="bbox 457 396 3753 483">
     <span class='ocr_line' id='line_1_4' title="bbox 457 396 3753 483; baseline -0.006 -12"><span class='ocrx_word' id='word_1_7' title='bbox 457 423 779 483; x_wconf 84' lang='lat' dir='ltr'><strong>resurgeret,</strong></span> <span class='ocrx_word' id='word_1_8' title='bbox 810 412 1044 470; x_wconf 85' lang='lat' dir='ltr'><strong>surrexit</strong></span> <span class='ocrx_word' id='word_1_9' title='bbox 1068 419 1128 465; x_wconf 92' lang='lat' dir='ltr'><strong>ut</strong></span> <span class='ocrx_word' id='word_1_10' title='bbox 1153 417 1401 478; x_wconf 74' lang='lat' dir='ltr'><strong>regnaret</strong></span> <span class='ocrx_word' id='word_1_11' title='bbox 1424 410 1501 479; x_wconf 91' lang='lat' dir='ltr'><strong>(a)</strong></span> <span class='ocrx_word' id='word_1_12' title='bbox 1549 406 1822 475; x_wconf 73' lang='lat' dir='ltr'><strong>judicatus</strong></span> <span class='ocrx_word' id='word_1_13' title='bbox 1884 408 2037 477; x_wconf 78' lang='lat'><strong>191</strong></span> <span class='ocrx_word' id='word_1_14' title='bbox 2071 414 2112 466; x_wconf 75' lang='grc' dir='ltr'><strong>Λ</strong></span> <span class='ocrx_word' id='word_1_15' title='bbox 2144 405 2326 472; x_wconf 90' lang='lat' dir='ltr'><strong>regina</strong></span> <span class='ocrx_word' id='word_1_16' title='bbox 2355 410 2589 474; x_wconf 86' lang='lat' dir='ltr'><strong>poterat,</strong></span> <span class='ocrx_word' id='word_1_17' title='bbox 2618 412 2675 455; x_wconf 89' lang='lat' dir='ltr'><strong>et</strong></span> <span class='ocrx_word' id='word_1_18' title='bbox 2697 400 2884 469; x_wconf 75' lang='lat' dir='ltr'><strong>religio</strong></span> <span class='ocrx_word' id='word_1_19' title='bbox 2912 398 3205 465; x_wconf 79' lang='lat' dir='ltr'><strong>suadebat,</strong></span> <span class='ocrx_word' id='word_1_20' title='bbox 3236 396 3517 453; x_wconf 72' lang='lat' dir='ltr'><strong>:edificatis</strong></span> <span class='ocrx_word' id='word_1_21' title='bbox 3559 397 3753 453; x_wconf 85' lang='lat' dir='ltr'><strong>basili-</strong></span> 
     </span>
    </p>
   </div>
   <div class='ocr_carea' id='block_1_5' title="bbox 457 496 2048 574">
    <p class='ocr_par' dir='ltr' id='par_1_5' title="bbox 457 496 2048 574">
     <span class='ocr_line' id='line_1_5' title="bbox 457 496 2048 574; baseline -0.006 -14"><span class='ocrx_word' id='word_1_22' title='bbox 457 517 513 560; x_wconf 92' lang='lat' dir='ltr'><strong>ut</strong></span> <span class='ocrx_word' id='word_1_23' title='bbox 536 506 821 574; x_wconf 88' lang='lat' dir='ltr'><strong>judicaret.</strong></span> <span class='ocrx_word' id='word_1_24' title='bbox 847 504 931 557; x_wconf 87' lang='lat' dir='ltr'><strong>Me</strong></span> <span class='ocrx_word' id='word_1_25' title='bbox 950 502 1238 557; x_wconf 88' lang='lat' dir='ltr'><strong>miserum!</strong></span> <span class='ocrx_word' id='word_1_26' title='bbox 1268 500 1443 553; x_wconf 82' lang='lat' dir='ltr'><strong>Etiam</strong></span> <span class='ocrx_word' id='word_1_27' title='bbox 1473 499 1577 553; x_wconf 89' lang='lat' dir='ltr'><strong>ista</strong></span> <span class='ocrx_word' id='word_1_28' title='bbox 1606 514 1705 568; x_wconf 90' lang='lat' dir='ltr'><strong>pro</strong></span> <span class='ocrx_word' id='word_1_29' title='bbox 1734 498 1888 552; x_wconf 83' lang='lat' dir='ltr'><strong>nobis</strong></span> <span class='ocrx_word' id='word_1_30' title='bbox 1941 496 2048 551; x_wconf 84' lang='lat' dir='ltr'><strong>Do-</strong></span> 
     </span>
    </p>
   </div>
   <div class='ocr_carea' id='block_1_6' title="bbox 459 587 2050 664">
    <p class='ocr_par' dir='ltr' id='par_1_6' title="bbox 459 587 2050 664">
     <span class='ocr_line' id='line_1_6' title="bbox 459 587 2050 664; baseline -0.008 -13"><span class='ocrx_word' id='word_1_31' title='bbox 459 599 633 651; x_wconf 90' lang='lat' dir='ltr'><strong>minus</strong></span> <span class='ocrx_word' id='word_1_32' title='bbox 663 596 1006 664; x_wconf 90' lang='lat' dir='ltr'><strong>omnipotens</strong></span> <span class='ocrx_word' id='word_1_33' title='bbox 1032 593 1240 661; x_wconf 85' lang='lat' dir='ltr'><strong>perpeti</strong></span> <span class='ocrx_word' id='word_1_34' title='bbox 1272 606 1378 644; x_wconf 91' lang='lat' dir='ltr'><strong>non</strong></span> <span class='ocrx_word' id='word_1_35' title='bbox 1407 588 1698 652; x_wconf 81' lang='lat' dir='ltr'><strong>recusavit,</strong></span> <span class='ocrx_word' id='word_1_36' title='bbox 1722 592 1782 641; x_wconf 85' lang='lat' dir='ltr'><strong>ut</strong></span> <span class='ocrx_word' id='word_1_37' title='bbox 1827 587 1919 641; x_wconf 88' lang='lat' dir='ltr'><strong>ubi</strong></span> <span class='ocrx_word' id='word_1_38' title='bbox 1948 601 2050 655; x_wconf 90' lang='lat' dir='ltr'><strong>pro</strong></span> 
     </span>
    </p>
   </div>
   <div class='ocr_carea' id='block_1_7' title="bbox 459 678 2056 755">
    <p class='ocr_par' dir='ltr' id='par_1_7' title="bbox 459 678 2056 755">
     <span class='ocr_line' id='line_1_7' title="bbox 459 678 2056 755; baseline -0.008 -13"><span class='ocrx_word' id='word_1_39' title='bbox 459 690 631 742; x_wconf 89' lang='lat' dir='ltr'><strong>salute</strong></span> <span class='ocrx_word' id='word_1_40' title='bbox 660 688 873 755; x_wconf 78' lang='lat' dir='ltr'><strong>generis</strong></span> <span class='ocrx_word' id='word_1_41' title='bbox 902 685 1120 739; x_wconf 86' lang='lat' dir='ltr'><strong>humani</strong></span> <span class='ocrx_word' id='word_1_42' title='bbox 1140 680 1427 738; x_wconf 85' lang='lat' dir='ltr'><strong>cruciﬁxus</strong></span> <span class='ocrx_word' id='word_1_43' title='bbox 1448 679 1799 751; x_wconf 84' lang='lat' dir='ltr'><strong>pependerat,</strong></span> <span class='ocrx_word' id='word_1_44' title='bbox 1846 679 1918 732; x_wconf 88' lang='lat' dir='ltr'><strong>ibi</strong></span> <span class='ocrx_word' id='word_1_45' title='bbox 1960 678 2056 731; x_wconf 90' lang='lat' dir='ltr'><strong>bo-</strong></span> 
     </span>
    </p>
   </div>
   <div class='ocr_carea' id='block_1_8' title="bbox 461 766 2055 843">
    <p class='ocr_par' dir='ltr' id='par_1_8' title="bbox 461 766 2055 843">
     <span class='ocr_line' id='line_1_8' title="bbox 461 766 2055 843; baseline -0.008 -12"><span class='ocrx_word' id='word_1_46' title='bbox 461 780 661 831; x_wconf 91' lang='lat' dir='ltr'><strong>minum</strong></span> <span class='ocrx_word' id='word_1_47' title='bbox 694 777 973 843; x_wconf 68' lang='lat' dir='ltr'><strong>sacrilegio</strong></span> <span class='ocrx_word' id='word_1_48' title='bbox 997 780 1343 843; x_wconf 79' lang='lat' dir='ltr'><strong>sperneretur</strong></span> <span class='ocrx_word' id='word_1_49' title='bbox 1376 788 1387 823; x_wconf 94' lang='lat'><strong>:</strong></span> <span class='ocrx_word' id='word_1_50' title='bbox 1421 779 1477 825; x_wconf 91' lang='lat' dir='ltr'><strong>et</strong></span> <span class='ocrx_word' id='word_1_51' title='bbox 1506 786 1669 840; x_wconf 86' lang='lat' dir='ltr'><strong>super</strong></span> <span class='ocrx_word' id='word_1_52' title='bbox 1715 783 1932 824; x_wconf 92' lang='lat' dir='ltr'><strong>crucem</strong></span> <span class='ocrx_word' id='word_1_53' title='bbox 1963 766 2055 837; x_wconf 89' lang='lat' dir='ltr'><strong>(ad</strong></span> 
     </span>
    </p>
   </div>
   <div class='ocr_carea' id='block_1_9' title="bbox 463 857 2056 937">
    <p class='ocr_par' dir='ltr' id='par_1_9' title="bbox 463 857 2056 937">
     <span class='ocr_line' id='line_1_9' title="bbox 463 857 2056 937; baseline -0.008 -16"><span class='ocrx_word' id='word_1_54' title='bbox 463 885 622 937; x_wconf 86' lang='lat' dir='ltr'><strong>quam</strong></span> <span class='ocrx_word' id='word_1_55' title='bbox 653 869 784 921; x_wconf 88' lang='lat' dir='ltr'><strong>orbe</strong></span> <span class='ocrx_word' id='word_1_56' title='bbox 811 880 1093 929; x_wconf 89' lang='lat' dir='ltr'><strong>concusso,</strong></span> <span class='ocrx_word' id='word_1_57' title='bbox 1126 871 1183 918; x_wconf 91' lang='lat' dir='ltr'><strong>et</strong></span> <span class='ocrx_word' id='word_1_58' title='bbox 1208 863 1326 917; x_wconf 91' lang='lat' dir='ltr'><strong>sole</strong></span> <span class='ocrx_word' id='word_1_59' title='bbox 1354 861 1558 929; x_wconf 89' lang='lat' dir='ltr'><strong>refugo,</strong></span> <span class='ocrx_word' id='word_1_60' title='bbox 1591 868 1647 914; x_wconf 91' lang='lat' dir='ltr'><strong>et</strong></span> <span class='ocrx_word' id='word_1_61' title='bbox 1670 857 2056 912; x_wconf 87' lang='lat' dir='ltr'><strong>dissilientihus</strong></span> 
     </span>
    </p>
   </div>
   <div class='ocr_carea' id='block_1_10' title="bbox 463 952 2054 1014">
    <p class='ocr_par' dir='ltr' id='par_1_10' title="bbox 463 952 2054 1014">
     <span class='ocr_line' id='line_1_10' title="bbox 463 952 2054 1014; baseline -0.008 -2"><span class='ocrx_word' id='word_1_62' title='bbox 463 967 796 1012; x_wconf 87' lang='lat' dir='ltr'><strong>mortuorum</strong></span> <span class='ocrx_word' id='word_1_63' title='bbox 843 955 1171 1010; x_wconf 81' lang='lat' dir='ltr'><strong>excitatione</strong></span> <span class='ocrx_word' id='word_1_64' title='bbox 1215 952 1598 1014; x_wconf 88' lang='lat' dir='ltr'><strong>monumentis,</strong></span> <span class='ocrx_word' id='word_1_65' title='bbox 1652 965 1831 1004; x_wconf 89' lang='lat' dir='ltr'><strong>rerum</strong></span> <span class='ocrx_word' id='word_1_66' title='bbox 1862 957 2054 1002; x_wconf 87' lang='lat' dir='ltr'><strong>natura</strong></span> 
     </span>
    </p>
   </div>
   <div class='ocr_carea' id='block_1_11' title="bbox 424 1039 2057 1112">
    <p class='ocr_par' dir='ltr' id='par_1_11' title="bbox 424 1039 2057 1112">
     <span class='ocr_line' id='line_1_11' title="bbox 424 1039 2057 1112; baseline -0.006 -12"><span class='ocrx_word' id='word_1_67' title='bbox 424 1074 431 1079; x_wconf 92' lang='lat'><strong><em>-</em></strong></span> <span class='ocrx_word' id='word_1_68' title='bbox 468 1048 774 1112; x_wconf 81' lang='lat' dir='ltr'><strong>nutaverat)</strong></span> <span class='ocrx_word' id='word_1_69' title='bbox 801 1047 976 1099; x_wconf 84' lang='lat' dir='ltr'><strong>stabat</strong></span> <span class='ocrx_word' id='word_1_70' title='bbox 996 1045 1339 1099; x_wconf 87' lang='lat' dir='ltr'><strong>simulacrum</strong></span> <span class='ocrx_word' id='word_1_71' title='bbox 1359 1041 1637 1104; x_wconf 76' lang='lat' dir='ltr'><strong>dtemonis,</strong></span> <span class='ocrx_word' id='word_1_72' title='bbox 1678 1048 1733 1093; x_wconf 91' lang='lat' dir='ltr'><strong>et</strong></span> <span class='ocrx_word' id='word_1_73' title='bbox 1757 1055 1850 1093; x_wconf 86' lang='lat' dir='ltr'><strong>ara</strong></span> <span class='ocrx_word' id='word_1_74' title='bbox 1887 1039 2057 1092; x_wconf 87' lang='lat' dir='ltr'><strong>simu-</strong></span> 
     </span>
    </p>
   </div>
   <div class='ocr_carea' id='block_1_12' title="bbox 466 1128 2062 1207">
    <p class='ocr_par' dir='ltr' id='par_1_12' title="bbox 466 1128 2062 1207">
     <span class='ocr_line' id='line_1_12' title="bbox 466 1128 2062 1207; baseline -0.006 -16"><span class='ocrx_word' id='word_1_75' title='bbox 466 1138 595 1193; x_wconf 89' lang='lat' dir='ltr'><strong>lacri</strong></span> <span class='ocrx_word' id='word_1_76' title='bbox 627 1139 887 1207; x_wconf 85' lang='lat' dir='ltr'><strong>pecudum</strong></span> <span class='ocrx_word' id='word_1_77' title='bbox 911 1137 1066 1191; x_wconf 88' lang='lat' dir='ltr'><strong>busta</strong></span> <span class='ocrx_word' id='word_1_78' title='bbox 1091 1134 1355 1197; x_wconf 81' lang='lat' dir='ltr'><strong>fumabat;</strong></span> <span class='ocrx_word' id='word_1_79' title='bbox 1377 1140 1433 1185; x_wconf 91' lang='lat' dir='ltr'><strong>et</strong></span> <span class='ocrx_word' id='word_1_80' title='bbox 1455 1132 1550 1185; x_wconf 89' lang='lat' dir='ltr'><strong>Dei</strong></span> <span class='ocrx_word' id='word_1_81' title='bbox 1574 1145 1768 1184; x_wconf 88' lang='lat' dir='ltr'><strong>nomen</strong></span> <span class='ocrx_word' id='word_1_82' title='bbox 1788 1128 2062 1183; x_wconf 84' lang='lat' dir='ltr'><strong>defereba-</strong></span> 
     </span>
    </p>
   </div>
   <div class='ocr_carea' id='block_1_13' title="bbox 468 1220 2059 1295">
    <p class='ocr_par' dir='ltr' id='par_1_13' title="bbox 468 1220 2059 1295">
     <span class='ocr_line' id='line_1_13' title="bbox 468 1220 2059 1295; baseline -0.006 -11"><span class='ocrx_word' id='word_1_83' title='bbox 468 1240 554 1284; x_wconf 92' lang='lat' dir='ltr'><strong>tur</strong></span> <span class='ocrx_word' id='word_1_84' title='bbox 572 1231 766 1284; x_wconf 87' lang='lat' dir='ltr'><strong>statuis</strong></span> <span class='ocrx_word' id='word_1_85' title='bbox 794 1238 1152 1290; x_wconf 87' lang='lat' dir='ltr'><strong>mortuorum,</strong></span> <span class='ocrx_word' id='word_1_86' title='bbox 1177 1242 1299 1281; x_wconf 91' lang='lat' dir='ltr'><strong>cum</strong></span> <span class='ocrx_word' id='word_1_87' title='bbox 1324 1226 1437 1295; x_wconf 90' lang='lat' dir='ltr'><strong>ipse</strong></span> <span class='ocrx_word' id='word_1_88' title='bbox 1466 1226 1708 1278; x_wconf 87' lang='lat' dir='ltr'><strong>vivorum</strong></span> <span class='ocrx_word' id='word_1_89' title='bbox 1732 1223 1872 1276; x_wconf 88' lang='lat' dir='ltr'><strong>Deus</strong></span> <span class='ocrx_word' id='word_1_90' title='bbox 1895 1232 1942 1285; x_wconf 78' lang='grc'>⁸,</span> <span class='ocrx_word' id='word_1_91' title='bbox 1966 1220 2059 1289; x_wconf 87' lang='lat' dir='ltr'><strong>qui</strong></span> 
     </span>
    </p>
   </div>
   <div class='ocr_carea' id='block_1_14' title="bbox 468 1311 2061 1383">
    <p class='ocr_par' dir='ltr' id='par_1_14' title="bbox 468 1311 2061 1383">
     <span class='ocr_line' id='line_1_14' title="bbox 468 1311 2061 1383; baseline -0.006 -8"><span class='ocrx_word' id='word_1_92' title='bbox 468 1331 523 1374; x_wconf 89' lang='lat' dir='ltr'><strong>et</strong></span> <span class='ocrx_word' id='word_1_93' title='bbox 552 1322 876 1375; x_wconf 83' lang='lat' dir='ltr'><strong>resurrectio</strong></span> <span class='ocrx_word' id='word_1_94' title='bbox 905 1327 1239 1372; x_wconf 89' lang='lat' dir='ltr'><strong>mortuorum</strong></span> <span class='ocrx_word' id='word_1_95' title='bbox 1267 1324 1372 1383; x_wconf 85' lang='lat' dir='ltr'><strong>est,</strong></span> <span class='ocrx_word' id='word_1_96' title='bbox 1400 1331 1508 1369; x_wconf 88' lang='lat' dir='ltr'><strong>non</strong></span> <span class='ocrx_word' id='word_1_97' title='bbox 1528 1315 1701 1369; x_wconf 90' lang='lat' dir='ltr'><strong>solum</strong></span> <span class='ocrx_word' id='word_1_98' title='bbox 1725 1313 1941 1377; x_wconf 87' lang='lat' dir='ltr'><strong>mortui,</strong></span> <span class='ocrx_word' id='word_1_99' title='bbox 1964 1311 2061 1367; x_wconf 82' lang='lat' dir='ltr'><strong>sed</strong></span> 
     </span>
    </p>
   </div>
   <div class='ocr_carea' id='block_1_15' title="bbox 469 1400 2060 1475">
    <p class='ocr_par' dir='ltr' id='par_1_15' title="bbox 469 1400 2060 1475">
     <span class='ocr_line' id='line_1_15' title="bbox 469 1400 2060 1475; baseline -0.006 -11"><span class='ocrx_word' id='word_1_100' title='bbox 469 1421 524 1464; x_wconf 90' lang='lat' dir='ltr'><strong>et</strong></span> <span class='ocrx_word' id='word_1_101' title='bbox 577 1409 816 1465; x_wconf 80' lang='lat' dir='ltr'><strong>cruciﬁxi</strong></span> <span class='ocrx_word' id='word_1_102' title='bbox 870 1408 1105 1463; x_wconf 90' lang='lat' dir='ltr'><strong>hominis</strong></span> <span class='ocrx_word' id='word_1_103' title='bbox 1150 1406 1613 1475; x_wconf 88' lang='lat' dir='ltr'><strong>hlasphemaretur</strong></span> <span class='ocrx_word' id='word_1_104' title='bbox 1650 1402 1960 1472; x_wconf 87' lang='lat' dir='ltr'><strong>opprobrio.</strong></span> <span class='ocrx_word' id='word_1_105' title='bbox 2002 1400 2060 1454; x_wconf 85' lang='lat' dir='ltr'><strong>in</strong></span> 
     </span>
    </p>
   </div>
   <div class='ocr_carea' id='block_1_16' title="bbox 471 1492 2061 1569">
    <p class='ocr_par' dir='ltr' id='par_1_16' title="bbox 471 1492 2061 1569">
     <span class='ocr_line' id='line_1_16' title="bbox 471 1492 2061 1569; baseline -0.008 -13"><span class='ocrx_word' id='word_1_106' title='bbox 471 1501 786 1556; x_wconf 85' lang='lat' dir='ltr'><strong>Bethlehem</strong></span> <span class='ocrx_word' id='word_1_107' title='bbox 814 1514 1052 1569; x_wconf 90' lang='lat' dir='ltr'><strong>quoque,</strong></span> <span class='ocrx_word' id='word_1_108' title='bbox 1104 1497 1195 1552; x_wconf 91' lang='lat' dir='ltr'><strong>ubi</strong></span> <span class='ocrx_word' id='word_1_109' title='bbox 1242 1504 1517 1566; x_wconf 84' lang='lat' dir='ltr'><strong>agnoverat</strong></span> <span class='ocrx_word' id='word_1_110' title='bbox 1571 1492 1661 1547; x_wconf 86' lang='lat' dir='ltr'><strong>bos</strong></span> <span class='ocrx_word' id='word_1_111' title='bbox 1714 1507 2061 1561; x_wconf 74' lang='lat' dir='ltr'><strong>possessorem</strong></span> 
     </span>
    </p>
   </div>
   <div class='ocr_carea' id='block_1_17' title="bbox 470 1583 2063 1660">
    <p class='ocr_par' dir='ltr' id='par_1_17' title="bbox 470 1583 2063 1660">
     <span class='ocr_line' id='line_1_17' title="bbox 470 1583 2063 1660; baseline -0.007 -13"><span class='ocrx_word' id='word_1_112' title='bbox 470 1611 639 1655; x_wconf 86' lang='lat' dir='ltr'><strong>suum,</strong></span> <span class='ocrx_word' id='word_1_113' title='bbox 672 1602 721 1646; x_wconf 91' lang='lat' dir='ltr'><strong>et</strong></span> <span class='ocrx_word' id='word_1_114' title='bbox 750 1594 930 1647; x_wconf 80' lang='lat' dir='ltr'><strong>asinus</strong></span> <span class='ocrx_word' id='word_1_115' title='bbox 954 1606 1181 1660; x_wconf 70' lang='lat' dir='ltr'><strong>praesepe</strong></span> <span class='ocrx_word' id='word_1_116' title='bbox 1210 1587 1418 1641; x_wconf 79' lang='lat' dir='ltr'><strong>Domini</strong></span> <span class='ocrx_word' id='word_1_117' title='bbox 1466 1586 1545 1638; x_wconf 84' lang='lat' dir='ltr'><strong>sui</strong></span> <span class='ocrx_word' id='word_1_118' title='bbox 1571 1584 1629 1649; x_wconf 74' lang='lat' dir='ltr'><strong>b;</strong></span> <span class='ocrx_word' id='word_1_119' title='bbox 1680 1584 1749 1638; x_wconf 91' lang='lat' dir='ltr'><strong>ibi</strong></span> <span class='ocrx_word' id='word_1_120' title='bbox 1797 1583 2063 1652; x_wconf 84' lang='lat' dir='ltr'><strong>principes</strong></span> 
     </span>
    </p>
   </div>
   <div class='ocr_carea' id='block_1_18' title="bbox 473 1672 2059 1741">
    <p class='ocr_par' dir='ltr' id='par_1_18' title="bbox 473 1672 2059 1741">
     <span class='ocr_line' id='line_1_18' title="bbox 473 1672 2059 1741; baseline -0.009 -2"><span class='ocrx_word' id='word_1_121' title='bbox 473 1686 753 1740; x_wconf 85' lang='lat' dir='ltr'><strong>hominum</strong></span> <span class='ocrx_word' id='word_1_122' title='bbox 800 1682 1019 1736; x_wconf 87' lang='lat' dir='ltr'><strong>inliciati</strong></span> <span class='ocrx_word' id='word_1_123' title='bbox 1048 1680 1383 1734; x_wconf 88' lang='lat' dir='ltr'><strong>Salvatorem</strong></span> <span class='ocrx_word' id='word_1_124' title='bbox 1408 1676 1599 1741; x_wconf 90' lang='lat' dir='ltr'><strong>Deum,</strong></span> <span class='ocrx_word' id='word_1_125' title='bbox 1630 1674 1856 1729; x_wconf 79' lang='lat' dir='ltr'><strong>infames</strong></span> <span class='ocrx_word' id='word_1_126' title='bbox 1883 1672 2059 1727; x_wconf 88' lang='lat' dir='ltr'><strong>homi-</strong></span> 
     </span>
    </p>
   </div>
   <div class='ocr_carea' id='block_1_19' title="bbox 2158 489 3754 558">
    <p class='ocr_par' dir='ltr' id='par_1_19' title="bbox 2158 489 3754 558">
     <span class='ocr_line' id='line_1_19' title="bbox 2158 489 3754 558; baseline -0.006 -7"><span class='ocrx_word' id='word_1_127' title='bbox 2158 496 2235 551; x_wconf 90' lang='lat' dir='ltr'><strong>cis</strong></span> <span class='ocrx_word' id='word_1_128' title='bbox 2256 494 2500 549; x_wconf 78' lang='lat' dir='ltr'><strong>contexit</strong></span> <span class='ocrx_word' id='word_1_129' title='bbox 2525 507 2717 548; x_wconf 89' lang='lat' dir='ltr'><strong>omnes</strong></span> <span class='ocrx_word' id='word_1_130' title='bbox 2744 498 2801 545; x_wconf 89' lang='lat' dir='ltr'><strong>et</strong></span> <span class='ocrx_word' id='word_1_131' title='bbox 2829 491 3065 544; x_wconf 85' lang='lat' dir='ltr'><strong>excoluit</strong></span> <span class='ocrx_word' id='word_1_132' title='bbox 3089 490 3258 554; x_wconf 90' lang='lat' dir='ltr'><strong>locos,</strong></span> <span class='ocrx_word' id='word_1_133' title='bbox 3304 490 3356 543; x_wconf 90' lang='lat' dir='ltr'><strong>in</strong></span> <span class='ocrx_word' id='word_1_134' title='bbox 3383 489 3578 558; x_wconf 84' lang='lat' dir='ltr'><strong>quibus</strong></span> <span class='ocrx_word' id='word_1_135' title='bbox 3609 489 3754 543; x_wconf 88' lang='lat' dir='ltr'><strong>salu-</strong></span> 
     </span>
    </p>
   </div>
   <div class='ocr_carea' id='block_1_20' title="bbox 2161 576 3755 651">
    <p class='ocr_par' dir='ltr' id='par_1_20' title="bbox 2161 576 3755 651">
     <span class='ocr_line' id='line_1_20' title="bbox 2161 576 3755 651; baseline -0.006 -13"><span class='ocrx_word' id='word_1_136' title='bbox 2161 584 2295 638; x_wconf 86' lang='lat' dir='ltr'><strong>taria</strong></span> <span class='ocrx_word' id='word_1_137' title='bbox 2327 583 2480 637; x_wconf 90' lang='lat' dir='ltr'><strong>nobis</strong></span> <span class='ocrx_word' id='word_1_138' title='bbox 2525 580 2777 651; x_wconf 86' lang='lat' dir='ltr'><strong>mysteria</strong></span> <span class='ocrx_word' id='word_1_139' title='bbox 2827 579 3045 648; x_wconf 88' lang='lat' dir='ltr'><strong>pietatis</strong></span> <span class='ocrx_word' id='word_1_140' title='bbox 3072 592 3201 641; x_wconf 76' lang='lat' dir='ltr'><strong>sum,</strong></span> <span class='ocrx_word' id='word_1_141' title='bbox 3256 576 3661 641; x_wconf 81' lang='lat' dir='ltr'><strong>incarnationis,</strong></span> <span class='ocrx_word' id='word_1_142' title='bbox 3698 585 3755 631; x_wconf 90' lang='lat' dir='ltr'><strong>et</strong></span> 
     </span>
    </p>
   </div>
   <div class='ocr_carea' id='block_1_21' title="bbox 2159 667 3734 744">
    <p class='ocr_par' dir='ltr' id='par_1_21' title="bbox 2159 667 3734 744">
     <span class='ocr_line' id='line_1_21' title="bbox 2159 667 3734 744; baseline -0.004 -17"><span class='ocrx_word' id='word_1_143' title='bbox 2159 674 2446 744; x_wconf 90' lang='lat' dir='ltr'><strong>passionis,</strong></span> <span class='ocrx_word' id='word_1_144' title='bbox 2483 678 2541 726; x_wconf 90' lang='lat' dir='ltr'><strong>et</strong></span> <span class='ocrx_word' id='word_1_145' title='bbox 2564 669 2994 735; x_wconf 83' lang='lat' dir='ltr'><strong>resurrectionis,</strong></span> <span class='ocrx_word' id='word_1_146' title='bbox 3027 676 3190 736; x_wconf 91' lang='lat' dir='ltr'><strong>atque</strong></span> <span class='ocrx_word' id='word_1_147' title='bbox 3212 667 3548 722; x_wconf 78' lang='lat' dir='ltr'><strong>ascensionis</strong></span> <span class='ocrx_word' id='word_1_148' title='bbox 3582 681 3734 721; x_wconf 88' lang='lat' dir='ltr'><strong>sacra</strong></span> 
     </span>
    </p>
   </div>
   <div class='ocr_carea' id='block_1_22' title="bbox 2158 756 3745 828">
    <p class='ocr_par' dir='ltr' id='par_1_22' title="bbox 2158 756 3745 828">
     <span class='ocr_line' id='line_1_22' title="bbox 2158 756 3745 828; baseline -0.004 -10"><span class='ocrx_word' id='word_1_149' title='bbox 2158 765 2357 819; x_wconf 88' lang='lat' dir='ltr'><strong>mentis</strong></span> <span class='ocrx_word' id='word_1_150' title='bbox 2403 763 2661 817; x_wconf 87' lang='lat' dir='ltr'><strong>Dominus</strong></span> <span class='ocrx_word' id='word_1_151' title='bbox 2690 759 2985 814; x_wconf 90' lang='lat' dir='ltr'><strong>Redemtor</strong></span> <span class='ocrx_word' id='word_1_152' title='bbox 3012 758 3351 828; x_wconf 69' lang='lat' dir='ltr'><strong>impleverat.</strong></span> <span class='ocrx_word' id='word_1_153' title='bbox 3385 756 3578 811; x_wconf 85' lang='lat' dir='ltr'><strong>Mirum</strong></span> <span class='ocrx_word' id='word_1_154' title='bbox 3624 772 3745 813; x_wconf 83' lang='lat' dir='ltr'><strong>veru</strong></span> 
     </span>
    </p>
   </div>
   <div class='ocr_carea' id='block_1_23' title="bbox 2159 848 3751 923">
    <p class='ocr_par' dir='ltr' id='par_1_23' title="bbox 2159 848 3751 923">
     <span class='ocr_line' id='line_1_23' title="bbox 2159 848 3751 923; baseline -0.006 -13"><span class='ocrx_word' id='word_1_155' title='bbox 2159 857 2299 910; x_wconf 75' lang='lat' dir='ltr'><strong>inter</strong></span> <span class='ocrx_word' id='word_1_156' title='bbox 2352 856 2466 909; x_wconf 65' lang='lat' dir='ltr'><strong>haec</strong></span> <span class='ocrx_word' id='word_1_157' title='bbox 2514 852 2659 923; x_wconf 92' lang='lat' dir='ltr'><strong>quod</strong></span> <span class='ocrx_word' id='word_1_158' title='bbox 2708 853 2759 905; x_wconf 92' lang='lat' dir='ltr'><strong>in</strong></span> <span class='ocrx_word' id='word_1_159' title='bbox 2813 851 3032 906; x_wconf 87' lang='lat' dir='ltr'><strong>basilica</strong></span> <span class='ocrx_word' id='word_1_160' title='bbox 3059 848 3405 904; x_wconf 77' lang='lat' dir='ltr'><strong>Asceusionis</strong></span> <span class='ocrx_word' id='word_1_161' title='bbox 3460 849 3612 903; x_wconf 90' lang='lat' dir='ltr'><strong>locus</strong></span> <span class='ocrx_word' id='word_1_162' title='bbox 3661 848 3751 902; x_wconf 89' lang='lat' dir='ltr'><strong>ille</strong></span> 
     </span>
    </p>
   </div>
   <div class='ocr_carea' id='block_1_24' title="bbox 2160 940 3748 1015">
    <p class='ocr_par' dir='ltr' id='par_1_24' title="bbox 2160 940 3748 1015">
     <span class='ocr_line' id='line_1_24' title="bbox 2160 940 3748 1015; baseline -0.005 -14"><span class='ocrx_word' id='word_1_163' title='bbox 2160 956 2368 1001; x_wconf 89' lang='lat' dir='ltr'><strong>tantum</strong></span> <span class='ocrx_word' id='word_1_164' title='bbox 2397 945 2467 1000; x_wconf 91' lang='lat' dir='ltr'><strong>de</strong></span> <span class='ocrx_word' id='word_1_165' title='bbox 2494 961 2602 1015; x_wconf 88' lang='lat' dir='ltr'><strong>quo</strong></span> <span class='ocrx_word' id='word_1_166' title='bbox 2643 945 2697 998; x_wconf 89' lang='lat' dir='ltr'><strong>in</strong></span> <span class='ocrx_word' id='word_1_167' title='bbox 2727 944 2870 997; x_wconf 86' lang='lat' dir='ltr'><strong>nube</strong></span> <span class='ocrx_word' id='word_1_168' title='bbox 2897 949 3179 1011; x_wconf 88' lang='lat' dir='ltr'><strong>susceptus</strong></span> <span class='ocrx_word' id='word_1_169' title='bbox 3207 940 3463 1007; x_wconf 83' lang='lat' dir='ltr'><strong>ascendit,</strong></span> <span class='ocrx_word' id='word_1_170' title='bbox 3493 940 3748 1008; x_wconf 74' lang='lat' dir='ltr'><strong>captiuam</strong></span> 
     </span>
    </p>
   </div>
   <div class='ocr_carea' id='block_1_25' title="bbox 2161 1030 3754 1106">
    <p class='ocr_par' dir='ltr' id='par_1_25' title="bbox 2161 1030 3754 1106">
     <span class='ocr_line' id='line_1_25' title="bbox 2161 1030 3754 1106; baseline -0.006 -11"><span class='ocrx_word' id='word_1_171' title='bbox 2161 1041 2216 1095; x_wconf 90' lang='lat' dir='ltr'><strong>in</strong></span> <span class='ocrx_word' id='word_1_172' title='bbox 2237 1055 2331 1095; x_wconf 90' lang='lat' dir='ltr'><strong>sua</strong></span> <span class='ocrx_word' id='word_1_173' title='bbox 2353 1054 2516 1094; x_wconf 89' lang='lat' dir='ltr'><strong>carne</strong></span> <span class='ocrx_word' id='word_1_174' title='bbox 2541 1038 2732 1090; x_wconf 83' lang='lat' dir='ltr'><strong>ducens</strong></span> <span class='ocrx_word' id='word_1_175' title='bbox 2761 1036 3108 1106; x_wconf 71' lang='lat' dir='ltr'><strong>captivitatem</strong></span> <span class='ocrx_word' id='word_1_176' title='bbox 3138 1041 3371 1087; x_wconf 88' lang='lat' dir='ltr'><strong>nostram</strong></span> <span class='ocrx_word' id='word_1_177' title='bbox 3391 1030 3441 1095; x_wconf 71' lang='grc' dir='ltr'>ἀ,</span> <span class='ocrx_word' id='word_1_178' title='bbox 3469 1033 3542 1085; x_wconf 86' lang='lat' dir='ltr'><strong>ita</strong></span> <span class='ocrx_word' id='word_1_179' title='bbox 3569 1047 3754 1087; x_wconf 83' lang='lat' dir='ltr'><strong>sacra-</strong></span> 
     </span>
    </p>
   </div>
   <div class='ocr_carea' id='block_1_26' title="bbox 2163 1128 3750 1199">
    <p class='ocr_par' dir='ltr' id='par_1_26' title="bbox 2163 1128 3750 1199">
     <span class='ocr_line' id='line_1_26' title="bbox 2163 1128 3750 1199; baseline -0.004 -11"><span class='ocrx_word' id='word_1_180' title='bbox 2163 1142 2246 1188; x_wconf 87' lang='lat' dir='ltr'><strong>tus</strong></span> <span class='ocrx_word' id='word_1_181' title='bbox 2265 1132 2458 1188; x_wconf 84' lang='lat' dir='ltr'><strong>divinis</strong></span> <span class='ocrx_word' id='word_1_182' title='bbox 2471 1132 2712 1199; x_wconf 82' lang='lat' dir='ltr'><strong>vestigiis</strong></span> <span class='ocrx_word' id='word_1_183' title='bbox 2730 1130 2945 1198; x_wconf 89' lang='lat' dir='ltr'><strong>dicitur,</strong></span> <span class='ocrx_word' id='word_1_184' title='bbox 2966 1137 3022 1184; x_wconf 92' lang='lat' dir='ltr'><strong>ut</strong></span> <span class='ocrx_word' id='word_1_185' title='bbox 3042 1144 3333 1197; x_wconf 90' lang='lat' dir='ltr'><strong>numquam</strong></span> <span class='ocrx_word' id='word_1_186' title='bbox 3354 1128 3461 1195; x_wconf 86' lang='lat' dir='ltr'><strong>tegi</strong></span> <span class='ocrx_word' id='word_1_187' title='bbox 3485 1143 3750 1182; x_wconf 85' lang='lat' dir='ltr'><strong>marmore</strong></span> 
     </span>
    </p>
   </div>
   <div class='ocr_carea' id='block_1_27' title="bbox 2165 1222 3752 1295">
    <p class='ocr_par' dir='ltr' id='par_1_27' title="bbox 2165 1222 3752 1295">
     <span class='ocr_line' id='line_1_27' title="bbox 2165 1222 3752 1295; baseline -0.004 -15"><span class='ocrx_word' id='word_1_188' title='bbox 2165 1226 2261 1295; x_wconf 86' lang='lat' dir='ltr'><strong>(V.</strong></span> <span class='ocrx_word' id='word_1_189' title='bbox 2296 1234 2408 1280; x_wconf 92' lang='lat' dir='ltr'><strong>not.</strong></span> <span class='ocrx_word' id='word_1_190' title='bbox 2445 1224 2578 1294; x_wconf 78' lang='lat' dir='ltr'><strong>H2)</strong></span> <span class='ocrx_word' id='word_1_191' title='bbox 2608 1232 2701 1278; x_wconf 91' lang='lat' dir='ltr'><strong>aut</strong></span> <span class='ocrx_word' id='word_1_192' title='bbox 2747 1228 2816 1292; x_wconf 85' lang='lat' dir='ltr'><strong>te)</strong></span> <span class='ocrx_word' id='word_1_193' title='bbox 2856 1222 3027 1293; x_wconf 90' lang='lat' dir='ltr'><strong>paviri</strong></span> <span class='ocrx_word' id='word_1_194' title='bbox 3073 1222 3359 1290; x_wconf 87' lang='lat' dir='ltr'><strong>receperit,</strong></span> <span class='ocrx_word' id='word_1_195' title='bbox 3391 1234 3605 1290; x_wconf 85' lang='lat' dir='ltr'><strong>semper</strong></span> <span class='ocrx_word' id='word_1_196' title='bbox 3653 1235 3752 1274; x_wconf 85' lang='lat' dir='ltr'><strong>ex-</strong></span> 
     </span>
    </p>
   </div>
   <div class='ocr_carea' id='block_1_28' title="bbox 2162 1311 3755 1384">
    <p class='ocr_par' dir='ltr' id='par_1_28' title="bbox 2162 1311 3755 1384">
     <span class='ocr_line' id='line_1_28' title="bbox 2162 1311 3755 1384; baseline -0.004 -13"><span class='ocrx_word' id='word_1_197' title='bbox 2162 1317 2334 1371; x_wconf 88' lang='lat' dir='ltr'><strong>cussis</strong></span> <span class='ocrx_word' id='word_1_198' title='bbox 2368 1316 2485 1371; x_wconf 90' lang='lat' dir='ltr'><strong>solo</strong></span> <span class='ocrx_word' id='word_1_199' title='bbox 2526 1324 2835 1384; x_wconf 87' lang='lat' dir='ltr'><strong>respuente,</strong></span> <span class='ocrx_word' id='word_1_200' title='bbox 2864 1328 2985 1382; x_wconf 68' lang='lat' dir='ltr'><strong>quae</strong></span> <span class='ocrx_word' id='word_1_201' title='bbox 3029 1328 3221 1367; x_wconf 90' lang='lat' dir='ltr'><strong>manus</strong></span> <span class='ocrx_word' id='word_1_202' title='bbox 3248 1311 3541 1366; x_wconf 90' lang='lat' dir='ltr'><strong>adornandi</strong></span> <span class='ocrx_word' id='word_1_203' title='bbox 3571 1311 3755 1365; x_wconf 90' lang='lat' dir='ltr'><strong>studio</strong></span> 
     </span>
    </p>
   </div>
   <div class='ocr_carea' id='block_1_29' title="bbox 2163 1402 3749 1475">
    <p class='ocr_par' dir='ltr' id='par_1_29' title="bbox 2163 1402 3749 1475">
     <span class='ocr_line' id='line_1_29' title="bbox 2163 1402 3749 1475; baseline -0.004 -14"><span class='ocrx_word' id='word_1_204' title='bbox 2163 1408 2391 1461; x_wconf 83' lang='lat' dir='ltr'><strong>tentavit</strong></span> <span class='ocrx_word' id='word_1_205' title='bbox 2414 1420 2704 1475; x_wconf 89' lang='lat' dir='ltr'><strong>apponere.</strong></span> <span class='ocrx_word' id='word_1_206' title='bbox 2742 1404 2930 1473; x_wconf 88' lang='lat' dir='ltr'><strong>Itaque</strong></span> <span class='ocrx_word' id='word_1_207' title='bbox 2958 1404 3011 1457; x_wconf 90' lang='lat' dir='ltr'><strong>in</strong></span> <span class='ocrx_word' id='word_1_208' title='bbox 3046 1412 3169 1457; x_wconf 86' lang='lat' dir='ltr'><strong>toto</strong></span> <span class='ocrx_word' id='word_1_209' title='bbox 3196 1402 3427 1456; x_wconf 77' lang='lat' dir='ltr'><strong>basilica:</strong></span> <span class='ocrx_word' id='word_1_210' title='bbox 3455 1403 3631 1470; x_wconf 90' lang='lat' dir='ltr'><strong>spatio</strong></span> <span class='ocrx_word' id='word_1_211' title='bbox 3659 1416 3749 1455; x_wconf 87' lang='lat' dir='ltr'><strong>so-</strong></span> 
     </span>
    </p>
   </div>
   <div class='ocr_carea' id='block_1_30' title="bbox 2164 1492 3750 1564">
    <p class='ocr_par' dir='ltr' id='par_1_30' title="bbox 2164 1492 3750 1564">
     <span class='ocr_line' id='line_1_30' title="bbox 2164 1492 3750 1564; baseline -0.004 -11"><span class='ocrx_word' id='word_1_212' title='bbox 2164 1499 2247 1554; x_wconf 91' lang='lat' dir='ltr'><strong>lus</strong></span> <span class='ocrx_word' id='word_1_213' title='bbox 2267 1498 2319 1551; x_wconf 91' lang='lat' dir='ltr'><strong>in</strong></span> <span class='ocrx_word' id='word_1_214' title='bbox 2340 1500 2421 1551; x_wconf 89' lang='lat' dir='ltr'><strong>sul</strong></span> <span class='ocrx_word' id='word_1_215' title='bbox 2441 1496 2659 1564; x_wconf 87' lang='lat' dir='ltr'><strong>cespitis</strong></span> <span class='ocrx_word' id='word_1_216' title='bbox 2677 1496 2857 1564; x_wconf 84' lang='lat' dir='ltr'><strong>specie</strong></span> <span class='ocrx_word' id='word_1_217' title='bbox 2885 1495 3063 1548; x_wconf 86' lang='lat' dir='ltr'><strong>virens</strong></span> <span class='ocrx_word' id='word_1_218' title='bbox 3090 1502 3401 1563; x_wconf 88' lang='lat' dir='ltr'><strong>permanet;</strong></span> <span class='ocrx_word' id='word_1_219' title='bbox 3433 1500 3488 1546; x_wconf 86' lang='lat' dir='ltr'><strong>et</strong></span> <span class='ocrx_word' id='word_1_220' title='bbox 3517 1492 3750 1561; x_wconf 88' lang='lat' dir='ltr'><strong>impres-</strong></span> 
     </span>
    </p>
   </div>
   <div class='ocr_carea' id='block_1_31' title="bbox 2164 1581 3748 1653">
    <p class='ocr_par' dir='ltr' id='par_1_31' title="bbox 2164 1581 3748 1653">
     <span class='ocr_line' id='line_1_31' title="bbox 2164 1581 3748 1653; baseline -0.004 -12"><span class='ocrx_word' id='word_1_221' title='bbox 2164 1603 2279 1641; x_wconf 91' lang='lat' dir='ltr'><strong>sam</strong></span> <span class='ocrx_word' id='word_1_222' title='bbox 2296 1587 2597 1641; x_wconf 91' lang='lat' dir='ltr'><strong>divinorum</strong></span> <span class='ocrx_word' id='word_1_223' title='bbox 2627 1583 2823 1653; x_wconf 91' lang='lat' dir='ltr'><strong>pedum</strong></span> <span class='ocrx_word' id='word_1_224' title='bbox 2846 1583 3249 1637; x_wconf 87' lang='lat' dir='ltr'><strong>venerationem</strong></span> <span class='ocrx_word' id='word_1_225' title='bbox 3273 1581 3465 1636; x_wconf 85' lang='lat' dir='ltr'><strong>calcati</strong></span> <span class='ocrx_word' id='word_1_226' title='bbox 3496 1581 3607 1635; x_wconf 92' lang='lat' dir='ltr'><strong>Deo</strong></span> <span class='ocrx_word' id='word_1_227' title='bbox 3626 1582 3748 1651; x_wconf 88' lang='lat' dir='ltr'><strong>pul-</strong></span> 
     </span>
    </p>
   </div>
   <div class='ocr_carea' id='block_1_32' title="bbox 2165 1670 3749 1745">
    <p class='ocr_par' dir='ltr' id='par_1_32' title="bbox 2165 1670 3749 1745">
     <span class='ocr_line' id='line_1_32' title="bbox 2165 1670 3749 1745; baseline -0.004 -16"><span class='ocrx_word' id='word_1_228' title='bbox 2165 1676 2308 1731; x_wconf 91' lang='lat' dir='ltr'><strong>veris</strong></span> <span class='ocrx_word' id='word_1_229' title='bbox 2327 1676 2606 1745; x_wconf 88' lang='lat' dir='ltr'><strong>perspicua</strong></span> <span class='ocrx_word' id='word_1_230' title='bbox 2636 1673 2791 1727; x_wconf 90' lang='lat' dir='ltr'><strong>simul</strong></span> <span class='ocrx_word' id='word_1_231' title='bbox 2816 1682 2873 1727; x_wconf 88' lang='lat' dir='ltr'><strong>et</strong></span> <span class='ocrx_word' id='word_1_232' title='bbox 2886 1673 3087 1740; x_wconf 88' lang='lat' dir='ltr'><strong>attigua</strong></span> <span class='ocrx_word' id='word_1_233' title='bbox 3112 1671 3208 1741; x_wconf 83' lang='lat' dir='ltr'><strong>(V.</strong></span> <span class='ocrx_word' id='word_1_234' title='bbox 3232 1687 3399 1725; x_wconf 90' lang='lat' dir='ltr'><strong>carm.</strong></span> <span class='ocrx_word' id='word_1_235' title='bbox 3430 1670 3516 1736; x_wconf 78' lang='grc'><strong>15,</strong></span> <span class='ocrx_word' id='word_1_236' title='bbox 3545 1687 3598 1724; x_wconf 92' lang='lat' dir='ltr'><strong>v.</strong></span> <span class='ocrx_word' id='word_1_237' title='bbox 3625 1670 3749 1739; x_wconf 85' lang='lat' dir='ltr'><strong>29l)</strong></span> 
     </span>
    </p>
   </div>
   <div class='ocr_carea' id='block_1_33' title="bbox 472 1761 3747 1841">
    <p class='ocr_par' dir='ltr' id='par_1_33' title="bbox 472 1761 3747 1841">
     <span class='ocr_line' id='line_1_33' title="bbox 472 1761 3747 1841; baseline -0.005 -11"><span class='ocrx_word' id='word_1_238' title='bbox 472 1792 599 1830; x_wconf 90' lang='lat' dir='ltr'><strong>nmu</strong></span> <span class='ocrx_word' id='word_1_239' title='bbox 624 1788 840 1828; x_wconf 88' lang='lat' dir='ltr'><strong>amores</strong></span> <span class='ocrx_word' id='word_1_240' title='bbox 875 1779 1186 1839; x_wconf 89' lang='lat' dir='ltr'><strong>mortesque</strong></span> <span class='ocrx_word' id='word_1_241' title='bbox 1215 1769 1518 1823; x_wconf 90' lang='lat' dir='ltr'><strong>coluerunt.</strong></span> <span class='ocrx_word' id='word_1_242' title='bbox 1570 1766 1789 1820; x_wconf 87' lang='lat' dir='ltr'><strong>Prodita</strong></span> <span class='ocrx_word' id='word_1_243' title='bbox 1810 1780 1952 1819; x_wconf 91' lang='lat' dir='ltr'><strong>novo</strong></span> <span class='ocrx_word' id='word_1_244' title='bbox 1980 1765 2056 1819; x_wconf 90' lang='lat' dir='ltr'><strong>si-</strong></span> <span class='ocrx_word' id='word_1_245' title='bbox 2094 1781 2138 1841; x_wconf 75' lang='grc' dir='ltr'><strong><em>Β</em></strong></span> <span class='ocrx_word' id='word_1_246' title='bbox 2165 1764 2544 1820; x_wconf 86' lang='lat' dir='ltr'><strong>venerantibus</strong></span> <span class='ocrx_word' id='word_1_247' title='bbox 2588 1778 2750 1817; x_wconf 90' lang='lat' dir='ltr'><strong>arena</strong></span> <span class='ocrx_word' id='word_1_248' title='bbox 2790 1768 3095 1826; x_wconf 84' lang='lat' dir='ltr'><strong>conservat,</strong></span> <span class='ocrx_word' id='word_1_249' title='bbox 3138 1769 3198 1815; x_wconf 92' lang='lat' dir='ltr'><strong>ut</strong></span> <span class='ocrx_word' id='word_1_250' title='bbox 3225 1775 3352 1815; x_wconf 87' lang='lat' dir='ltr'><strong>vere</strong></span> <span class='ocrx_word' id='word_1_251' title='bbox 3399 1761 3505 1816; x_wconf 91' lang='lat' dir='ltr'><strong>dici</strong></span> <span class='ocrx_word' id='word_1_252' title='bbox 3535 1763 3706 1831; x_wconf 91' lang='lat' dir='ltr'><strong>possit</strong></span> <span class='ocrx_word' id='word_1_253' title='bbox 3734 1779 3747 1815; x_wconf 90' lang='lat'>:</span> 
     </span>
    </p>
   </div>
   <div class='ocr_carea' id='block_1_34' title="bbox 471 1856 2061 1929">
    <p class='ocr_par' dir='ltr' id='par_1_34' title="bbox 471 1856 2061 1929">
     <span class='ocr_line' id='line_1_34' title="bbox 471 1856 2061 1929; baseline -0.007 -11"><span class='ocrx_word' id='word_1_254' title='bbox 471 1865 600 1919; x_wconf 66' lang='lat' dir='ltr'><strong>(iere</strong></span> <span class='ocrx_word' id='word_1_255' title='bbox 630 1862 790 1929; x_wconf 82' lang='lat' dir='ltr'><strong>Regis</strong></span> <span class='ocrx_word' id='word_1_256' title='bbox 812 1861 999 1915; x_wconf 62' lang='lat' dir='ltr'><strong>attenti</strong></span> <span class='ocrx_word' id='word_1_257' title='bbox 1029 1861 1103 1929; x_wconf 77' lang='grc' dir='ltr'><strong>(ὸ)</strong></span> <span class='ocrx_word' id='word_1_258' title='bbox 1137 1858 1457 1913; x_wconf 87' lang='lat' dir='ltr'><strong>incunabula</strong></span> <span class='ocrx_word' id='word_1_259' title='bbox 1486 1856 1575 1910; x_wconf 88' lang='lat' dir='ltr'><strong>ubi</strong></span> <span class='ocrx_word' id='word_1_260' title='bbox 1619 1856 1887 1924; x_wconf 86' lang='lat' dir='ltr'><strong>supplices</strong></span> <span class='ocrx_word' id='word_1_261' title='bbox 1939 1869 2061 1908; x_wconf 92' lang='lat' dir='ltr'><strong>cum</strong></span> 
     </span>
    </p>
   </div>
   <div class='ocr_carea' id='block_1_35' title="bbox 472 1945 2059 2021">
    <p class='ocr_par' dir='ltr' id='par_1_35' title="bbox 472 1945 2059 2021">
     <span class='ocr_line' id='line_1_35' title="bbox 472 1945 2059 2021; baseline -0.005 -14"><span class='ocrx_word' id='word_1_262' title='bbox 472 1954 586 2008; x_wconf 85' lang='lat' dir='ltr'><strong>suis</strong></span> <span class='ocrx_word' id='word_1_263' title='bbox 612 1953 804 2021; x_wconf 81' lang='lat' dir='ltr'><strong>apibus</strong></span> <span class='ocrx_word' id='word_1_264' title='bbox 834 1952 908 2021; x_wconf 77' lang='grc' dir='ltr'><strong>(ε)</strong></span> <span class='ocrx_word' id='word_1_265' title='bbox 933 1947 1566 2011; x_wconf 69' lang='lat' dir='ltr'><strong>adoraverantClialdtei,</strong></span> <span class='ocrx_word' id='word_1_266' title='bbox 1594 1946 1664 2001; x_wconf 89' lang='lat' dir='ltr'><strong>ibi</strong></span> <span class='ocrx_word' id='word_1_267' title='bbox 1695 1946 1950 2000; x_wconf 90' lang='lat' dir='ltr'><strong>barbaras</strong></span> <span class='ocrx_word' id='word_1_268' title='bbox 1998 1945 2059 1999; x_wconf 90' lang='lat' dir='ltr'><strong>li-</strong></span> 
     </span>
    </p>
   </div>
   <div class='ocr_carea' id='block_1_36' title="bbox 474 2036 2063 2097">
    <p class='ocr_par' dir='ltr' id='par_1_36' title="bbox 474 2036 2063 2097">
     <span class='ocr_line' id='line_1_36' title="bbox 474 2036 2063 2097; baseline -0.005 0"><span class='ocrx_word' id='word_1_269' title='bbox 474 2043 682 2097; x_wconf 81' lang='lat' dir='ltr'><strong>bidines</strong></span> <span class='ocrx_word' id='word_1_270' title='bbox 708 2047 1057 2097; x_wconf 88' lang='lat' dir='ltr'><strong>sacraverunt</strong></span> <span class='ocrx_word' id='word_1_271' title='bbox 1096 2038 1345 2093; x_wconf 89' lang='lat' dir='ltr'><strong>Romani.</strong></span> <span class='ocrx_word' id='word_1_272' title='bbox 1388 2036 1486 2091; x_wconf 90' lang='lat' dir='ltr'><strong>Ubi</strong></span> <span class='ocrx_word' id='word_1_273' title='bbox 1518 2045 1699 2090; x_wconf 92' lang='lat' dir='ltr'><strong>natum</strong></span> <span class='ocrx_word' id='word_1_274' title='bbox 1728 2036 2063 2091; x_wconf 88' lang='lat' dir='ltr'><strong>Salvatorem</strong></span> 
     </span>
    </p>
   </div>
   <div class='ocr_carea' id='block_1_37' title="bbox 475 2126 2065 2198">
    <p class='ocr_par' dir='ltr' id='par_1_37' title="bbox 475 2126 2065 2198">
     <span class='ocr_line' id='line_1_37' title="bbox 475 2126 2065 2198; baseline -0.003 -10"><span class='ocrx_word' id='word_1_275' title='bbox 475 2148 599 2188; x_wconf 91' lang='lat' dir='ltr'><strong>cum</strong></span> <span class='ocrx_word' id='word_1_276' title='bbox 642 2132 881 2188; x_wconf 78' lang='lat' dir='ltr'><strong>exercitu</strong></span> <span class='ocrx_word' id='word_1_277' title='bbox 933 2130 1245 2198; x_wconf 89' lang='lat' dir='ltr'><strong>angelorum</strong></span> <span class='ocrx_word' id='word_1_278' title='bbox 1271 2128 1620 2183; x_wconf 84' lang='lat' dir='ltr'><strong>concinentes</strong></span> <span class='ocrx_word' id='word_1_279' title='bbox 1644 2128 1849 2183; x_wconf 77' lang='lat' dir='ltr'><strong>cmlesti</strong></span> <span class='ocrx_word' id='word_1_280' title='bbox 1871 2126 2065 2193; x_wconf 89' lang='lat' dir='ltr'><strong>gaudio</strong></span> 
     </span>
    </p>
   </div>
   <div class='ocr_carea' id='block_1_38' title="bbox 476 2218 2066 2288">
    <p class='ocr_par' dir='ltr' id='par_1_38' title="bbox 476 2218 2066 2288">
     <span class='ocr_line' id='line_1_38' title="bbox 476 2218 2066 2288; baseline -0.003 -9"><span class='ocrx_word' id='word_1_281' title='bbox 476 2225 840 2281; x_wconf 87' lang='lat' dir='ltr'><strong>salutaverant</strong></span> <span class='ocrx_word' id='word_1_282' title='bbox 867 2222 1127 2276; x_wconf 89' lang='lat' dir='ltr'><strong>illustrata</strong></span> <span class='ocrx_word' id='word_1_283' title='bbox 1158 2228 1314 2274; x_wconf 90' lang='lat' dir='ltr'><strong>nocte</strong></span> <span class='ocrx_word' id='word_1_284' title='bbox 1342 2229 1589 2288; x_wconf 86' lang='lat' dir='ltr'><strong>pastores</strong></span> <span class='ocrx_word' id='word_1_285' title='bbox 1622 2229 1669 2281; x_wconf 77' lang='grc' dir='ltr'>ο,</span> <span class='ocrx_word' id='word_1_286' title='bbox 1724 2220 1795 2274; x_wconf 92' lang='lat' dir='ltr'><strong>ibi</strong></span> <span class='ocrx_word' id='word_1_287' title='bbox 1846 2218 2066 2274; x_wconf 85' lang='lat' dir='ltr'><strong>Veneris</strong></span> 
     </span>
    </p>
   </div>
   <div class='ocr_carea' id='block_1_39' title="bbox 478 2308 2064 2380">
    <p class='ocr_par' dir='ltr' id='par_1_39' title="bbox 478 2308 2064 2380">
     <span class='ocr_line' id='line_1_39' title="bbox 478 2308 2064 2380; baseline -0.004 -10"><span class='ocrx_word' id='word_1_288' title='bbox 478 2314 752 2370; x_wconf 76' lang='lat' dir='ltr'><strong>Amasium</strong></span> <span class='ocrx_word' id='word_1_289' title='bbox 775 2313 953 2366; x_wconf 67' lang='lat' dir='ltr'><strong>mixtae</strong></span> <span class='ocrx_word' id='word_1_290' title='bbox 978 2312 1241 2366; x_wconf 90' lang='lat' dir='ltr'><strong>semiviris</strong></span> <span class='ocrx_word' id='word_1_291' title='bbox 1270 2310 1527 2380; x_wconf 89' lang='lat' dir='ltr'><strong>planxere</strong></span> <span class='ocrx_word' id='word_1_292' title='bbox 1555 2311 1886 2365; x_wconf 89' lang='lat' dir='ltr'><strong>meretrices.</strong></span> <span class='ocrx_word' id='word_1_293' title='bbox 1920 2308 2064 2364; x_wconf 89' lang='lat' dir='ltr'><strong>Proh</strong></span> 
     </span>
    </p>
   </div>
   <div class='ocr_carea' id='block_1_40' title="bbox 478 2402 2063 2474">
    <p class='ocr_par' dir='ltr' id='par_1_40' title="bbox 478 2402 2063 2474">
     <span class='ocr_line' id='line_1_40' title="bbox 478 2402 2063 2474; baseline -0.003 -13"><span class='ocrx_word' id='word_1_294' title='bbox 478 2406 662 2461; x_wconf 88' lang='lat' dir='ltr'><strong>dolor!</strong></span> <span class='ocrx_word' id='word_1_295' title='bbox 713 2420 831 2473; x_wconf 65' lang='lat' dir='ltr'><strong>quae</strong></span> <span class='ocrx_word' id='word_1_296' title='bbox 884 2406 1056 2474; x_wconf 88' lang='lat' dir='ltr'><strong>pietas</strong></span> <span class='ocrx_word' id='word_1_297' title='bbox 1082 2405 1357 2458; x_wconf 88' lang='lat' dir='ltr'><strong>hominum</strong></span> <span class='ocrx_word' id='word_1_298' title='bbox 1384 2404 1524 2457; x_wconf 92' lang='lat' dir='ltr'><strong>hanc</strong></span> <span class='ocrx_word' id='word_1_299' title='bbox 1554 2402 1882 2471; x_wconf 88' lang='lat' dir='ltr'><strong>impietatem</strong></span> <span class='ocrx_word' id='word_1_300' title='bbox 1912 2418 2063 2458; x_wconf 86' lang='lat' dir='ltr'><strong>com-</strong></span> 
     </span>
    </p>
   </div>
   <div class='ocr_carea' id='block_1_41' title="bbox 480 2491 2065 2566">
    <p class='ocr_par' dir='ltr' id='par_1_41' title="bbox 480 2491 2065 2566">
     <span class='ocr_line' id='line_1_41' title="bbox 480 2491 2065 2566; baseline -0.002 -17"><span class='ocrx_word' id='word_1_301' title='bbox 480 2510 708 2566; x_wconf 89' lang='lat' dir='ltr'><strong>pensare</strong></span> <span class='ocrx_word' id='word_1_302' title='bbox 756 2496 993 2563; x_wconf 88' lang='lat' dir='ltr'><strong>poterit?</strong></span> <span class='ocrx_word' id='word_1_303' title='bbox 1049 2493 1151 2548; x_wconf 89' lang='lat' dir='ltr'><strong>Ubi</strong></span> <span class='ocrx_word' id='word_1_304' title='bbox 1204 2508 1356 2547; x_wconf 88' lang='lat' dir='ltr'><strong>sacra</strong></span> <span class='ocrx_word' id='word_1_305' title='bbox 1385 2494 1495 2546; x_wconf 89' lang='lat' dir='ltr'><strong>uati</strong></span> <span class='ocrx_word' id='word_1_306' title='bbox 1523 2492 1815 2547; x_wconf 86' lang='lat' dir='ltr'><strong>Salvatoris</strong></span> <span class='ocrx_word' id='word_1_307' title='bbox 1841 2491 2065 2547; x_wconf 82' lang='lat' dir='ltr'><strong>infantia</strong></span> 
     </span>
    </p>
   </div>
   <div class='ocr_carea' id='block_1_42' title="bbox 484 2581 2066 2653">
    <p class='ocr_par' dir='ltr' id='par_1_42' title="bbox 484 2581 2066 2653">
     <span class='ocr_line' id='line_1_42' title="bbox 484 2581 2066 2653; baseline 0.001 -16"><span class='ocrx_word' id='word_1_308' title='bbox 484 2586 741 2653; x_wconf 89' lang='lat' dir='ltr'><strong>vagierat,</strong></span> <span class='ocrx_word' id='word_1_309' title='bbox 787 2585 893 2638; x_wconf 90' lang='lat' dir='ltr'><strong>illic</strong></span> <span class='ocrx_word' id='word_1_310' title='bbox 938 2584 1159 2638; x_wconf 89' lang='lat' dir='ltr'><strong>Veneris</strong></span> <span class='ocrx_word' id='word_1_311' title='bbox 1213 2583 1446 2637; x_wconf 90' lang='lat' dir='ltr'><strong>lamenta</strong></span> <span class='ocrx_word' id='word_1_312' title='bbox 1505 2581 1815 2651; x_wconf 76' lang='lat' dir='ltr'><strong>[ingentium</strong></span> <span class='ocrx_word' id='word_1_313' title='bbox 1855 2583 2066 2638; x_wconf 87' lang='lat' dir='ltr'><strong>lascivis</strong></span> 
     </span>
    </p>
   </div>
   <div class='ocr_carea' id='block_1_43' title="bbox 434 2671 2064 2742">
    <p class='ocr_par' dir='ltr' id='par_1_43' title="bbox 434 2671 2064 2742">
     <span class='ocr_line' id='line_1_43' title="bbox 434 2671 2064 2742; baseline -0.001 -14"><span class='ocrx_word' id='word_1_314' title='bbox 434 2672 447 2677; x_wconf 73' lang='grc'><em>’</em></span> <span class='ocrx_word' id='word_1_315' title='bbox 482 2675 710 2729; x_wconf 83' lang='lat' dir='ltr'><strong>luctibus</strong></span> <span class='ocrx_word' id='word_1_316' title='bbox 732 2672 945 2728; x_wconf 88' lang='lat' dir='ltr'><strong>infamis</strong></span> <span class='ocrx_word' id='word_1_317' title='bbox 968 2674 1100 2726; x_wconf 91' lang='lat' dir='ltr'><strong>ritus</strong></span> <span class='ocrx_word' id='word_1_318' title='bbox 1118 2672 1355 2725; x_wconf 87' lang='lat' dir='ltr'><strong>ululabat</strong></span> <span class='ocrx_word' id='word_1_319' title='bbox 1385 2690 1397 2724; x_wconf 89' lang='lat'><strong>:</strong></span> <span class='ocrx_word' id='word_1_320' title='bbox 1431 2679 1488 2725; x_wconf 90' lang='lat' dir='ltr'><strong>et</strong></span> <span class='ocrx_word' id='word_1_321' title='bbox 1531 2673 1619 2725; x_wconf 88' lang='lat' dir='ltr'><strong>ubi</strong></span> <span class='ocrx_word' id='word_1_322' title='bbox 1654 2671 1813 2740; x_wconf 85' lang='lat' dir='ltr'><strong>Virgo</strong></span> <span class='ocrx_word' id='word_1_323' title='bbox 1835 2686 2064 2742; x_wconf 87' lang='lat' dir='ltr'><strong>pepere-</strong></span> 
     </span>
    </p>
   </div>
   <div class='ocr_carea' id='block_1_44' title="bbox 482 2766 1203 2830">
    <p class='ocr_par' dir='ltr' id='par_1_44' title="bbox 482 2766 1203 2830">
     <span class='ocr_line' id='line_1_44' title="bbox 482 2766 1203 2830; baseline 0.001 -12"><span class='ocrx_word' id='word_1_324' title='bbox 482 2776 585 2830; x_wconf 86' lang='lat' dir='ltr'><strong>rat,</strong></span> <span class='ocrx_word' id='word_1_325' title='bbox 611 2767 837 2820; x_wconf 86' lang='lat' dir='ltr'><strong>adulteri</strong></span> <span class='ocrx_word' id='word_1_326' title='bbox 867 2766 1203 2819; x_wconf 70' lang='lat' dir='ltr'><strong>colebantur.</strong></span> 
     </span>
    </p>
   </div>
   <div class='ocr_carea' id='block_1_45' title="bbox 551 2844 2065 2924">
    <p class='ocr_par' dir='ltr' id='par_1_45' title="bbox 551 2844 2065 2924">
     <span class='ocr_line' id='line_1_45' title="bbox 551 2844 2065 2924; baseline -0.003 -13"><span class='ocrx_word' id='word_1_327' title='bbox 551 2858 605 2911; x_wconf 62' lang='lat' dir='ltr'><strong>ai.</strong></span> <span class='ocrx_word' id='word_1_328' title='bbox 652 2857 846 2913; x_wconf 83' lang='lat' dir='ltr'><strong>Mansit</strong></span> <span class='ocrx_word' id='word_1_329' title='bbox 874 2858 978 2911; x_wconf 91' lang='lat' dir='ltr'><strong>hoc</strong></span> <span class='ocrx_word' id='word_1_330' title='bbox 997 2856 1161 2911; x_wconf 87' lang='lat' dir='ltr'><strong>seculi</strong></span> <span class='ocrx_word' id='word_1_331' title='bbox 1192 2855 1385 2924; x_wconf 87' lang='lat' dir='ltr'><strong>prioris</strong></span> <span class='ocrx_word' id='word_1_332' title='bbox 1412 2854 1561 2909; x_wconf 86' lang='lat' dir='ltr'><strong>nefas</strong></span> <span class='ocrx_word' id='word_1_333' title='bbox 1588 2844 1646 2908; x_wconf 66' lang='lat' dir='ltr'><strong>in&#39;</strong></span> <span class='ocrx_word' id='word_1_334' title='bbox 1665 2861 1907 2922; x_wconf 90' lang='lat' dir='ltr'><strong>tempora</strong></span> <span class='ocrx_word' id='word_1_335' title='bbox 1963 2868 2065 2907; x_wconf 89' lang='lat' dir='ltr'><strong>no-</strong></span> 
     </span>
    </p>
   </div>
   <div class='ocr_carea' id='block_1_46' title="bbox 479 2944 2065 3019">
    <p class='ocr_par' dir='ltr' id='par_1_46' title="bbox 479 2944 2065 3019">
     <span class='ocr_line' id='line_1_46' title="bbox 479 2944 2065 3019; baseline -0.006 -14"><span class='ocrx_word' id='word_1_336' title='bbox 479 2952 605 3005; x_wconf 85' lang='lat' dir='ltr'><strong>stris</strong></span> <span class='ocrx_word' id='word_1_337' title='bbox 634 2950 880 3019; x_wconf 89' lang='lat' dir='ltr'><strong>proxima</strong></span> <span class='ocrx_word' id='word_1_338' title='bbox 908 2947 1279 3011; x_wconf 88' lang='lat' dir='ltr'><strong>Constantini;</strong></span> <span class='ocrx_word' id='word_1_339' title='bbox 1310 2947 1403 3015; x_wconf 91' lang='lat' dir='ltr'><strong>qui</strong></span> <span class='ocrx_word' id='word_1_340' title='bbox 1452 2947 1701 3015; x_wconf 85' lang='lat' dir='ltr'><strong>princeps</strong></span> <span class='ocrx_word' id='word_1_341' title='bbox 1742 2958 1863 2999; x_wconf 84' lang='lat' dir='ltr'><strong>esse</strong></span> <span class='ocrx_word' id='word_1_342' title='bbox 1914 2944 2065 3013; x_wconf 92' lang='lat' dir='ltr'><strong>prin-</strong></span> 
     </span>
    </p>
   </div>
   <div class='ocr_carea' id='block_1_47' title="bbox 479 3032 2065 3112">
    <p class='ocr_par' dir='ltr' id='par_1_47' title="bbox 479 3032 2065 3112">
     <span class='ocr_line' id='line_1_47' title="bbox 479 3032 2065 3112; baseline -0.009 -13"><span class='ocrx_word' id='word_1_343' title='bbox 479 3043 688 3112; x_wconf 87' lang='lat' dir='ltr'><strong>cipibus</strong></span> <span class='ocrx_word' id='word_1_344' title='bbox 711 3039 1033 3094; x_wconf 87' lang='lat' dir='ltr'><strong>Christianis</strong></span> <span class='ocrx_word' id='word_1_345' title='bbox 1059 3054 1169 3093; x_wconf 90' lang='lat' dir='ltr'><strong>non</strong></span> <span class='ocrx_word' id='word_1_346' title='bbox 1197 3038 1369 3106; x_wconf 89' lang='lat' dir='ltr'><strong>magis</strong></span> <span class='ocrx_word' id='word_1_347' title='bbox 1405 3051 1503 3091; x_wconf 89' lang='lat' dir='ltr'><strong>sua</strong></span> <span class='ocrx_word' id='word_1_348' title='bbox 1530 3049 1693 3103; x_wconf 88' lang='lat' dir='ltr'><strong>quam</strong></span> <span class='ocrx_word' id='word_1_349' title='bbox 1721 3034 1909 3088; x_wconf 88' lang='lat' dir='ltr'><strong>matris</strong></span> <span class='ocrx_word' id='word_1_350' title='bbox 1958 3032 2065 3087; x_wconf 87' lang='lat' dir='ltr'><strong>lle-</strong></span> 
     </span>
    </p>
   </div>
   <div class='ocr_carea' id='block_1_48' title="bbox 2166 1851 3397 1926">
    <p class='ocr_par' dir='ltr' id='par_1_48' title="bbox 2166 1851 3397 1926">
     <span class='ocr_line' id='line_1_48' title="bbox 2166 1851 3397 1926; baseline -0.006 -15"><span class='ocrx_word' id='word_1_351' title='bbox 2166 1857 2493 1911; x_wconf 84' lang='lat' dir='ltr'><strong>adorarimus</strong></span> <span class='ocrx_word' id='word_1_352' title='bbox 2533 1857 2603 1926; x_wconf 77' lang='lat' dir='ltr'><strong>ff)</strong></span> <span class='ocrx_word' id='word_1_353' title='bbox 2636 1854 2720 1908; x_wconf 87' lang='lat' dir='ltr'><strong>ubi</strong></span> <span class='ocrx_word' id='word_1_354' title='bbox 2748 1862 2997 1908; x_wconf 82' lang='lat' dir='ltr'><strong>steterunt</strong></span> <span class='ocrx_word' id='word_1_355' title='bbox 3024 1852 3179 1923; x_wconf 88' lang='lat' dir='ltr'><strong>pedes</strong></span> <span class='ocrx_word' id='word_1_356' title='bbox 3207 1851 3318 1921; x_wconf 88' lang='lat' dir='ltr'><strong>ejus</strong></span> <span class='ocrx_word' id='word_1_357' title='bbox 3352 1860 3397 1904; x_wconf 77' lang='grc' dir='ltr'><strong>ο.</strong></span> 
     </span>
    </p>
   </div>
   <div class='ocr_carea' id='block_1_49' title="bbox 2239 1942 3751 2011">
    <p class='ocr_par' dir='ltr' id='par_1_49' title="bbox 2239 1942 3751 2011">
     <span class='ocr_line' id='line_1_49' title="bbox 2239 1942 3751 2011; baseline -0.001 -13"><span class='ocrx_word' id='word_1_358' title='bbox 2239 1945 2290 1999; x_wconf 87' lang='grc'><strong>5.</strong></span> <span class='ocrx_word' id='word_1_359' title='bbox 2332 1946 2439 2001; x_wconf 90' lang='lat' dir='ltr'><strong>Sed</strong></span> <span class='ocrx_word' id='word_1_360' title='bbox 2468 1946 2521 1999; x_wconf 94' lang='lat' dir='ltr'><strong>in</strong></span> <span class='ocrx_word' id='word_1_361' title='bbox 2550 1945 2775 1999; x_wconf 87' lang='lat' dir='ltr'><strong>historia</strong></span> <span class='ocrx_word' id='word_1_362' title='bbox 2805 1944 2982 1998; x_wconf 90' lang='lat' dir='ltr'><strong>crucis</strong></span> <span class='ocrx_word' id='word_1_363' title='bbox 3010 1942 3240 2011; x_wconf 91' lang='lat' dir='ltr'><strong>accipite</strong></span> <span class='ocrx_word' id='word_1_364' title='bbox 3269 1955 3521 2009; x_wconf 86' lang='lat' dir='ltr'><strong>magnum</strong></span> <span class='ocrx_word' id='word_1_365' title='bbox 3551 1950 3607 1996; x_wconf 89' lang='lat' dir='ltr'><strong>et</strong></span> <span class='ocrx_word' id='word_1_366' title='bbox 3630 1957 3751 1997; x_wconf 87' lang='lat' dir='ltr'><strong>vere</strong></span> 
     </span>
    </p>
   </div>
   <div class='ocr_carea' id='block_1_50' title="bbox 2167 2033 3752 2102">
    <p class='ocr_par' dir='ltr' id='par_1_50' title="bbox 2167 2033 3752 2102">
     <span class='ocr_line' id='line_1_50' title="bbox 2167 2033 3752 2102; baseline -0.002 -10"><span class='ocrx_word' id='word_1_367' title='bbox 2167 2038 2406 2092; x_wconf 91' lang='lat' dir='ltr'><strong>divinum</strong></span> <span class='ocrx_word' id='word_1_368' title='bbox 2436 2036 2773 2091; x_wconf 84' lang='lat' dir='ltr'><strong>miraculum.</strong></span> <span class='ocrx_word' id='word_1_369' title='bbox 2805 2034 3010 2102; x_wconf 85' lang='lat' dir='ltr'><strong>Regina</strong></span> <span class='ocrx_word' id='word_1_370' title='bbox 3042 2034 3130 2088; x_wconf 90' lang='lat' dir='ltr'><strong>illa</strong></span> <span class='ocrx_word' id='word_1_371' title='bbox 3156 2033 3479 2089; x_wconf 88' lang='lat' dir='ltr'><strong>venerabilis</strong></span> <span class='ocrx_word' id='word_1_372' title='bbox 3510 2041 3570 2087; x_wconf 93' lang='lat' dir='ltr'><strong>ut</strong></span> <span class='ocrx_word' id='word_1_373' title='bbox 3606 2036 3752 2089; x_wconf 87' lang='lat' dir='ltr'><strong>venit</strong></span> 
     </span>
    </p>
   </div>
   <div class='ocr_carea' id='block_1_51' title="bbox 2168 2127 3750 2201">
    <p class='ocr_par' dir='ltr' id='par_1_51' title="bbox 2168 2127 3750 2201">
     <span class='ocr_line' id='line_1_51' title="bbox 2168 2127 3750 2201; baseline 0.001 -19"><span class='ocrx_word' id='word_1_374' title='bbox 2168 2130 2591 2201; x_wconf 77' lang='lat' dir='ltr'><strong>Hierosolymam</strong></span> <span class='ocrx_word' id='word_1_375' title='bbox 2619 2128 2904 2197; x_wconf 81' lang='lat' dir='ltr'><strong>diligenter</strong></span> <span class='ocrx_word' id='word_1_376' title='bbox 2931 2135 2986 2182; x_wconf 92' lang='lat' dir='ltr'><strong>et</strong></span> <span class='ocrx_word' id='word_1_377' title='bbox 3012 2128 3099 2197; x_wconf 91' lang='lat' dir='ltr'><strong>pie</strong></span> <span class='ocrx_word' id='word_1_378' title='bbox 3127 2127 3279 2193; x_wconf 91' lang='lat' dir='ltr'><strong>locis,</strong></span> <span class='ocrx_word' id='word_1_379' title='bbox 3304 2128 3381 2198; x_wconf 84' lang='lat' dir='ltr'><strong>(g)</strong></span> <span class='ocrx_word' id='word_1_380' title='bbox 3405 2128 3510 2183; x_wconf 92' lang='lat' dir='ltr'><strong>illic</strong></span> <span class='ocrx_word' id='word_1_381' title='bbox 3531 2137 3587 2184; x_wconf 92' lang='lat' dir='ltr'><strong>et</strong></span> <span class='ocrx_word' id='word_1_382' title='bbox 3610 2129 3750 2183; x_wconf 89' lang='lat' dir='ltr'><strong>circa</strong></span> 
     </span>
    </p>
   </div>
   <div class='ocr_carea' id='block_1_52' title="bbox 2166 2218 3751 2288">
    <p class='ocr_par' dir='ltr' id='par_1_52' title="bbox 2166 2218 3751 2288">
     <span class='ocr_line' id='line_1_52' title="bbox 2166 2218 3751 2288; baseline 0 -15"><span class='ocrx_word' id='word_1_383' title='bbox 2166 2222 2435 2287; x_wconf 84' lang='lat' dir='ltr'><strong>omnibus,</strong></span> <span class='ocrx_word' id='word_1_384' title='bbox 2458 2220 2759 2273; x_wconf 85' lang='lat' dir='ltr'><strong>divinorum</strong></span> <span class='ocrx_word' id='word_1_385' title='bbox 2783 2219 2993 2273; x_wconf 82' lang='lat' dir='ltr'><strong>curiOsa</strong></span> <span class='ocrx_word' id='word_1_386' title='bbox 3020 2218 3322 2288; x_wconf 70' lang='lat' dir='ltr'><strong>insignium,</strong></span> <span class='ocrx_word' id='word_1_387' title='bbox 3354 2226 3410 2273; x_wconf 86' lang='lat' dir='ltr'><strong>et</strong></span> <span class='ocrx_word' id='word_1_388' title='bbox 3429 2219 3601 2274; x_wconf 87' lang='lat' dir='ltr'><strong>oculis</strong></span> <span class='ocrx_word' id='word_1_389' title='bbox 3628 2219 3751 2273; x_wconf 92' lang='lat' dir='ltr'><strong>hau-</strong></span> 
     </span>
    </p>
   </div>
   <div class='ocr_carea' id='block_1_53' title="bbox 2168 2308 3751 2379">
    <p class='ocr_par' dir='ltr' id='par_1_53' title="bbox 2168 2308 3751 2379">
     <span class='ocr_line' id='line_1_53' title="bbox 2168 2308 3751 2379; baseline 0.001 -15"><span class='ocrx_word' id='word_1_390' title='bbox 2168 2311 2274 2365; x_wconf 90' lang='lat' dir='ltr'><strong>rire</strong></span> <span class='ocrx_word' id='word_1_391' title='bbox 2330 2312 2564 2379; x_wconf 85' lang='lat' dir='ltr'><strong>gestiens</strong></span> <span class='ocrx_word' id='word_1_392' title='bbox 2611 2308 2768 2364; x_wconf 86' lang='lat' dir='ltr'><strong>fidem</strong></span> <span class='ocrx_word' id='word_1_393' title='bbox 2820 2324 2979 2378; x_wconf 90' lang='lat' dir='ltr'><strong>quam</strong></span> <span class='ocrx_word' id='word_1_394' title='bbox 3032 2309 3133 2378; x_wconf 92' lang='lat' dir='ltr'><strong>piis</strong></span> <span class='ocrx_word' id='word_1_395' title='bbox 3182 2309 3403 2365; x_wconf 88' lang='lat' dir='ltr'><strong>auribus</strong></span> <span class='ocrx_word' id='word_1_396' title='bbox 3452 2310 3751 2378; x_wconf 87' lang='lat' dir='ltr'><strong>litterisque</strong></span> 
     </span>
    </p>
   </div>
   <div class='ocr_carea' id='block_1_54' title="bbox 2168 2398 3751 2470">
    <p class='ocr_par' dir='ltr' id='par_1_54' title="bbox 2168 2398 3751 2470">
     <span class='ocr_line' id='line_1_54' title="bbox 2168 2398 3751 2470; baseline 0.001 -16"><span class='ocrx_word' id='word_1_397' title='bbox 2168 2408 2516 2470; x_wconf 88' lang='lat' dir='ltr'><strong>perceperat,</strong></span> <span class='ocrx_word' id='word_1_398' title='bbox 2546 2415 2759 2454; x_wconf 87' lang='lat' dir='ltr'><strong>crucem</strong></span> <span class='ocrx_word' id='word_1_399' title='bbox 2807 2399 3015 2454; x_wconf 88' lang='lat' dir='ltr'><strong>Domini</strong></span> <span class='ocrx_word' id='word_1_400' title='bbox 3067 2398 3455 2455; x_wconf 90' lang='lat' dir='ltr'><strong>studiosissime</strong></span> <span class='ocrx_word' id='word_1_401' title='bbox 3484 2399 3751 2469; x_wconf 88' lang='lat' dir='ltr'><strong>inquirere</strong></span> 
     </span>
    </p>
   </div>
   <div class='ocr_carea' id='block_1_55' title="bbox 2166 2489 3750 2559">
    <p class='ocr_par' dir='ltr' id='par_1_55' title="bbox 2166 2489 3750 2559">
     <span class='ocr_line' id='line_1_55' title="bbox 2166 2489 3750 2559; baseline 0 -15"><span class='ocrx_word' id='word_1_402' title='bbox 2166 2492 2355 2545; x_wconf 85' lang='lat' dir='ltr'><strong>adorsa</strong></span> <span class='ocrx_word' id='word_1_403' title='bbox 2378 2489 2599 2545; x_wconf 90' lang='lat' dir='ltr'><strong>est.Sed</strong></span> <span class='ocrx_word' id='word_1_404' title='bbox 2620 2505 2739 2559; x_wconf 67' lang='lat' dir='ltr'><strong>qua:</strong></span> <span class='ocrx_word' id='word_1_405' title='bbox 2763 2490 2846 2544; x_wconf 90' lang='lat' dir='ltr'><strong>via</strong></span> <span class='ocrx_word' id='word_1_406' title='bbox 2872 2489 2955 2545; x_wconf 92' lang='lat' dir='ltr'><strong>vel</strong></span> <span class='ocrx_word' id='word_1_407' title='bbox 2986 2490 3123 2544; x_wconf 90' lang='lat' dir='ltr'><strong>ratio</strong></span> <span class='ocrx_word' id='word_1_408' title='bbox 3151 2489 3455 2544; x_wconf 87' lang='lat' dir='ltr'><strong>inveniendi</strong></span> <span class='ocrx_word' id='word_1_409' title='bbox 3485 2492 3750 2556; x_wconf 89' lang='lat' dir='ltr'><strong>subesset,</strong></span> 
     </span>
    </p>
   </div>
   <div class='ocr_carea' id='block_1_56' title="bbox 2167 2580 3748 2651">
    <p class='ocr_par' dir='ltr' id='par_1_56' title="bbox 2167 2580 3748 2651">
     <span class='ocr_line' id='line_1_56' title="bbox 2167 2580 3748 2651; baseline 0.001 -16"><span class='ocrx_word' id='word_1_410' title='bbox 2167 2598 2288 2636; x_wconf 83' lang='lat' dir='ltr'><strong>cum</strong></span> <span class='ocrx_word' id='word_1_411' title='bbox 2329 2581 2488 2636; x_wconf 87' lang='lat' dir='ltr'><strong>index</strong></span> <span class='ocrx_word' id='word_1_412' title='bbox 2518 2582 2742 2635; x_wconf 90' lang='lat' dir='ltr'><strong>idoneus</strong></span> <span class='ocrx_word' id='word_1_413' title='bbox 2790 2596 2948 2635; x_wconf 90' lang='lat' dir='ltr'><strong>nemo</strong></span> <span class='ocrx_word' id='word_1_414' title='bbox 2978 2581 3206 2635; x_wconf 82' lang='lat' dir='ltr'><strong>inveniri</strong></span> <span class='ocrx_word' id='word_1_415' title='bbox 3236 2580 3419 2651; x_wconf 75' lang='lat' dir='ltr'><strong>posset</strong></span> <span class='ocrx_word' id='word_1_416' title='bbox 3440 2582 3481 2648; x_wconf 80' lang='lat'><strong>°,</strong></span> <span class='ocrx_word' id='word_1_417' title='bbox 3513 2581 3603 2636; x_wconf 84' lang='lat' dir='ltr'><strong>ubi</strong></span> <span class='ocrx_word' id='word_1_418' title='bbox 3633 2598 3748 2637; x_wconf 87' lang='lat' dir='ltr'><strong>me-</strong></span> 
     </span>
    </p>
   </div>
   <div class='ocr_carea' id='block_1_57' title="bbox 2167 2674 3746 2741">
    <p class='ocr_par' dir='ltr' id='par_1_57' title="bbox 2167 2674 3746 2741">
     <span class='ocr_line' id='line_1_57' title="bbox 2167 2674 3746 2741; baseline -0.001 -11"><span class='ocrx_word' id='word_1_419' title='bbox 2167 2675 2390 2730; x_wconf 86' lang='lat' dir='ltr'><strong>moriam</strong></span> <span class='ocrx_word' id='word_1_420' title='bbox 2421 2682 2476 2729; x_wconf 88' lang='lat' dir='ltr'><strong>et</strong></span> <span class='ocrx_word' id='word_1_421' title='bbox 2514 2690 2698 2729; x_wconf 92' lang='lat' dir='ltr'><strong>curam</strong></span> <span class='ocrx_word' id='word_1_422' title='bbox 2746 2674 3008 2741; x_wconf 77' lang='lat' dir='ltr'><strong>religiosa:</strong></span> <span class='ocrx_word' id='word_1_423' title='bbox 3050 2674 3396 2728; x_wconf 77' lang='lat' dir='ltr'><strong>conscientia:</strong></span> <span class='ocrx_word' id='word_1_424' title='bbox 3433 2674 3518 2728; x_wconf 92' lang='lat' dir='ltr'><strong>vel</strong></span> <span class='ocrx_word' id='word_1_425' title='bbox 3566 2675 3746 2728; x_wconf 87' lang='lat' dir='ltr'><strong>obser-</strong></span> 
     </span>
    </p>
   </div>
   <div class='ocr_carea' id='block_1_58' title="bbox 2168 2763 3746 2835">
    <p class='ocr_par' dir='ltr' id='par_1_58' title="bbox 2168 2763 3746 2835">
     <span class='ocr_line' id='line_1_58' title="bbox 2168 2763 3746 2835; baseline -0.002 -15"><span class='ocrx_word' id='word_1_426' title='bbox 2168 2768 2360 2820; x_wconf 61' lang='lat' dir='ltr'><strong>vantiae</strong></span> <span class='ocrx_word' id='word_1_427' title='bbox 2398 2774 2453 2820; x_wconf 93' lang='lat' dir='ltr'><strong>et</strong></span> <span class='ocrx_word' id='word_1_428' title='bbox 2503 2765 2793 2833; x_wconf 89' lang='lat' dir='ltr'><strong>antiquitas</strong></span> <span class='ocrx_word' id='word_1_429' title='bbox 2838 2764 2936 2817; x_wconf 64' lang='lat' dir='ltr'><strong>aevi</strong></span> <span class='ocrx_word' id='word_1_430' title='bbox 2990 2763 3208 2835; x_wconf 81' lang='lat' dir='ltr'><strong>(Virgil.</strong></span> <span class='ocrx_word' id='word_1_431' title='bbox 3240 2763 3337 2818; x_wconf 62' lang='lat' dir='ltr'><strong>sevi</strong></span> <span class='ocrx_word' id='word_1_432' title='bbox 3366 2766 3664 2829; x_wconf 75' lang='lat' dir='ltr'><strong>vetustas),</strong></span> <span class='ocrx_word' id='word_1_433' title='bbox 3696 2772 3746 2819; x_wconf 87' lang='lat' dir='ltr'><strong>et</strong></span> 
     </span>
    </p>
   </div>
   <div class='ocr_carea' id='block_1_59' title="bbox 2166 2853 3746 2927">
    <p class='ocr_par' dir='ltr' id='par_1_59' title="bbox 2166 2853 3746 2927">
     <span class='ocr_line' id='line_1_59' title="bbox 2166 2853 3746 2927; baseline -0.003 -15"><span class='ocrx_word' id='word_1_434' title='bbox 2166 2856 2560 2927; x_wconf 91' lang='lat' dir='ltr'><strong>superstitionis</strong></span> <span class='ocrx_word' id='word_1_435' title='bbox 2588 2856 2762 2924; x_wconf 74' lang='lat' dir='ltr'><strong>impia:</strong></span> <span class='ocrx_word' id='word_1_436' title='bbox 2802 2853 3122 2909; x_wconf 89' lang='lat' dir='ltr'><strong>diuturnitas</strong></span> <span class='ocrx_word' id='word_1_437' title='bbox 3152 2854 3518 2909; x_wconf 86' lang='lat' dir='ltr'><strong>abolevisset?</strong></span> <span class='ocrx_word' id='word_1_438' title='bbox 3546 2854 3746 2910; x_wconf 89' lang='lat' dir='ltr'><strong>Verum</strong></span> 
     </span>
    </p>
   </div>
   <div class='ocr_carea' id='block_1_60' title="bbox 2168 2944 3746 3017">
    <p class='ocr_par' dir='ltr' id='par_1_60' title="bbox 2168 2944 3746 3017">
     <span class='ocr_line' id='line_1_60' title="bbox 2168 2944 3746 3017; baseline -0.001 -16"><span class='ocrx_word' id='word_1_439' title='bbox 2168 2948 2284 3017; x_wconf 91' lang='lat' dir='ltr'><strong>ipso</strong></span> <span class='ocrx_word' id='word_1_440' title='bbox 2313 2949 2551 3001; x_wconf 91' lang='lat' dir='ltr'><strong>omnium</strong></span> <span class='ocrx_word' id='word_1_441' title='bbox 2581 2956 2636 3000; x_wconf 87' lang='lat' dir='ltr'><strong>et</strong></span> <span class='ocrx_word' id='word_1_442' title='bbox 2655 2944 2816 3001; x_wconf 89' lang='lat' dir='ltr'><strong>terris</strong></span> <span class='ocrx_word' id='word_1_443' title='bbox 2835 2952 2889 2998; x_wconf 92' lang='lat' dir='ltr'><strong>et</strong></span> <span class='ocrx_word' id='word_1_444' title='bbox 2909 2944 3101 2999; x_wconf 89' lang='lat' dir='ltr'><strong>animis</strong></span> <span class='ocrx_word' id='word_1_445' title='bbox 3122 2952 3431 3014; x_wconf 91' lang='lat' dir='ltr'><strong>opertorum</strong></span> <span class='ocrx_word' id='word_1_446' title='bbox 3454 2946 3671 3000; x_wconf 89' lang='lat' dir='ltr'><strong>conscio</strong></span> <span class='ocrx_word' id='word_1_447' title='bbox 3694 2955 3746 3000; x_wconf 87' lang='lat' dir='ltr'><strong>et</strong></span> 
     </span>
    </p>
   </div>
   <div class='ocr_carea' id='block_1_61' title="bbox 2138 3032 3747 3104">
    <p class='ocr_par' dir='ltr' id='par_1_61' title="bbox 2138 3032 3747 3104">
     <span class='ocr_line' id='line_1_61' title="bbox 2138 3032 3747 3104; baseline -0.002 -12"><span class='ocrx_word' id='word_1_448' title='bbox 2138 3047 2306 3101; x_wconf 66' lang='lat' dir='ltr'><strong>,tesle</strong></span> <span class='ocrx_word' id='word_1_449' title='bbox 2332 3036 2559 3091; x_wconf 90' lang='lat' dir='ltr'><strong>Domino</strong></span> <span class='ocrx_word' id='word_1_450' title='bbox 2589 3036 2630 3100; x_wconf 82' lang='grc'>⁷,</span> <span class='ocrx_word' id='word_1_451' title='bbox 2673 3032 2844 3087; x_wconf 80' lang='lat' dir='ltr'><strong>fidelis</strong></span> <span class='ocrx_word' id='word_1_452' title='bbox 2871 3034 3065 3088; x_wconf 90' lang='lat' dir='ltr'><strong>mulier</strong></span> <span class='ocrx_word' id='word_1_453' title='bbox 3093 3043 3335 3089; x_wconf 88' lang='lat' dir='ltr'><strong>sanctum</strong></span> <span class='ocrx_word' id='word_1_454' title='bbox 3367 3034 3622 3104; x_wconf 89' lang='lat' dir='ltr'><strong>Spiritum</strong></span> <span class='ocrx_word' id='word_1_455' title='bbox 3652 3050 3747 3104; x_wconf 89' lang='lat' dir='ltr'><strong>per</strong></span> 
     </span>
    </p>
   </div>
   <div class='ocr_carea' id='block_1_62' title="bbox 478 3123 3746 3206">
    <p class='ocr_par' dir='ltr' id='par_1_62' title="bbox 478 3123 3746 3206">
     <span class='ocr_line' id='line_1_62' title="bbox 478 3123 3746 3206; baseline -0.003 -19"><span class='ocrx_word' id='word_1_456' title='bbox 478 3133 613 3187; x_wconf 68' lang='lat' dir='ltr'><strong>lenae</strong></span> <span class='ocrx_word' id='word_1_457' title='bbox 643 3131 744 3185; x_wconf 85' lang='lat' dir='ltr'><strong>fide</strong></span> <span class='ocrx_word' id='word_1_458' title='bbox 772 3130 970 3184; x_wconf 90' lang='lat' dir='ltr'><strong>meruit</strong></span> <span class='ocrx_word' id='word_1_459' title='bbox 1010 3145 1022 3180; x_wconf 90' lang='lat'><strong>:</strong></span> <span class='ocrx_word' id='word_1_460' title='bbox 1049 3143 1169 3197; x_wconf 79' lang='lat' dir='ltr'><strong>qua:</strong></span> <span class='ocrx_word' id='word_1_461' title='bbox 1188 3127 1400 3191; x_wconf 90' lang='lat' dir='ltr'><strong>divino,</strong></span> <span class='ocrx_word' id='word_1_462' title='bbox 1433 3136 1493 3180; x_wconf 88' lang='lat' dir='ltr'><strong>ut</strong></span> <span class='ocrx_word' id='word_1_463' title='bbox 1519 3126 1695 3179; x_wconf 88' lang='lat' dir='ltr'><strong>exitus</strong></span> <span class='ocrx_word' id='word_1_464' title='bbox 1738 3124 1940 3188; x_wconf 86' lang='lat' dir='ltr'><strong>docuit,</strong></span> <span class='ocrx_word' id='word_1_465' title='bbox 1991 3123 2067 3177; x_wconf 86' lang='lat' dir='ltr'><strong>in-</strong></span> <span class='ocrx_word' id='word_1_466' title='bbox 2091 3144 2137 3206; x_wconf 71' lang='lat' dir='ltr'>c</span> <span class='ocrx_word' id='word_1_467' title='bbox 2168 3130 2412 3184; x_wconf 57' lang='lat' dir='ltr'><strong>anhelum</strong></span> <span class='ocrx_word' id='word_1_468' title='bbox 2438 3128 2586 3199; x_wconf 83' lang='lat' dir='ltr'><strong>pium</strong></span> <span class='ocrx_word' id='word_1_469' title='bbox 2614 3125 2810 3180; x_wconf 90' lang='lat' dir='ltr'><strong>meruit</strong></span> <span class='ocrx_word' id='word_1_470' title='bbox 2844 3143 2857 3178; x_wconf 88' lang='lat'><strong>:</strong></span> <span class='ocrx_word' id='word_1_471' title='bbox 2888 3140 2995 3193; x_wconf 89' lang='lat' dir='ltr'><strong>quo</strong></span> <span class='ocrx_word' id='word_1_472' title='bbox 3026 3126 3329 3195; x_wconf 87' lang='lat' dir='ltr'><strong>aspirante,</strong></span> <span class='ocrx_word' id='word_1_473' title='bbox 3364 3141 3483 3180; x_wconf 88' lang='lat' dir='ltr'><strong>cum</strong></span> <span class='ocrx_word' id='word_1_474' title='bbox 3532 3140 3647 3179; x_wconf 88' lang='lat' dir='ltr'><strong>rem</strong></span> <span class='ocrx_word' id='word_1_475' title='bbox 3678 3126 3746 3180; x_wconf 90' lang='lat' dir='ltr'><strong>ab</strong></span> 
     </span>
    </p>
   </div>
   <div class='ocr_carea' id='block_1_63' title="bbox 477 3217 2065 3293">
    <p class='ocr_par' dir='ltr' id='par_1_63' title="bbox 477 3217 2065 3293">
     <span class='ocr_line' id='line_1_63' title="bbox 477 3217 2065 3293; baseline -0.006 -16"><span class='ocrx_word' id='word_1_476' title='bbox 477 3225 678 3293; x_wconf 87' lang='lat' dir='ltr'><strong>spirata</strong></span> <span class='ocrx_word' id='word_1_477' title='bbox 707 3221 954 3283; x_wconf 90' lang='lat' dir='ltr'><strong>consilio,</strong></span> <span class='ocrx_word' id='word_1_478' title='bbox 978 3234 1098 3273; x_wconf 89' lang='lat' dir='ltr'><strong>cum</strong></span> <span class='ocrx_word' id='word_1_479' title='bbox 1128 3217 1556 3288; x_wconf 85' lang='lat' dir='ltr'><strong>Hierosolymam</strong></span> <span class='ocrx_word' id='word_1_480' title='bbox 1595 3224 1916 3285; x_wconf 87' lang='lat' dir='ltr'><strong>agnosceret</strong></span> <span class='ocrx_word' id='word_1_481' title='bbox 1962 3230 2065 3269; x_wconf 87' lang='lat' dir='ltr'><strong>no-</strong></span> 
     </span>
    </p>
   </div>
   <div class='ocr_carea' id='block_1_64' title="bbox 477 3304 2059 3380">
    <p class='ocr_par' dir='ltr' id='par_1_64' title="bbox 477 3304 2059 3380">
     <span class='ocr_line' id='line_1_64' title="bbox 477 3304 2059 3380; baseline -0.006 -13"><span class='ocrx_word' id='word_1_482' title='bbox 477 3314 641 3376; x_wconf 90' lang='lat' dir='ltr'><strong>mine,</strong></span> <span class='ocrx_word' id='word_1_483' title='bbox 673 3311 755 3380; x_wconf 79' lang='grc' dir='ltr'><strong>(ά)</strong></span> <span class='ocrx_word' id='word_1_484' title='bbox 802 3325 923 3379; x_wconf 80' lang='lat' dir='ltr'><strong>qua:</strong></span> <span class='ocrx_word' id='word_1_485' title='bbox 963 3309 1201 3374; x_wconf 79' lang='lat' dir='ltr'><strong>Augusta</strong></span> <span class='ocrx_word' id='word_1_486' title='bbox 1250 3322 1370 3362; x_wconf 89' lang='lat' dir='ltr'><strong>cum</strong></span> <span class='ocrx_word' id='word_1_487' title='bbox 1412 3306 1521 3361; x_wconf 85' lang='lat' dir='ltr'><strong>filio</strong></span> <span class='ocrx_word' id='word_1_488' title='bbox 1559 3305 1925 3372; x_wconf 85' lang='lat' dir='ltr'><strong>conregnabat</strong></span> <span class='ocrx_word' id='word_1_489' title='bbox 1953 3308 1971 3376; x_wconf 90' lang='lat'>(</span> <span class='ocrx_word' id='word_1_490' title='bbox 1996 3304 2059 3358; x_wconf 86' lang='lat' dir='ltr'><strong>V.</strong></span> 
     </span>
    </p>
   </div>
   <div class='ocr_carea' id='block_1_65' title="bbox 482 3395 2061 3469">
    <p class='ocr_par' dir='ltr' id='par_1_65' title="bbox 482 3395 2061 3469">
     <span class='ocr_line' id='line_1_65' title="bbox 482 3395 2061 3469; baseline -0.006 -12"><span class='ocrx_word' id='word_1_491' title='bbox 482 3411 598 3457; x_wconf 85' lang='lat' dir='ltr'><strong>not.</strong></span> <span class='ocrx_word' id='word_1_492' title='bbox 644 3400 788 3469; x_wconf 79' lang='lat' dir='ltr'><strong>Ml),</strong></span> <span class='ocrx_word' id='word_1_493' title='bbox 812 3414 936 3453; x_wconf 92' lang='lat' dir='ltr'><strong>eum</strong></span> <span class='ocrx_word' id='word_1_494' title='bbox 964 3397 1175 3465; x_wconf 89' lang='lat' dir='ltr'><strong>rogavit</strong></span> <span class='ocrx_word' id='word_1_495' title='bbox 1203 3405 1260 3451; x_wconf 92' lang='lat' dir='ltr'><strong>ut</strong></span> <span class='ocrx_word' id='word_1_496' title='bbox 1283 3396 1385 3451; x_wconf 91' lang='lat' dir='ltr'><strong>sibi</strong></span> <span class='ocrx_word' id='word_1_497' title='bbox 1414 3395 1720 3449; x_wconf 87' lang='lat' dir='ltr'><strong>facultatem</strong></span> <span class='ocrx_word' id='word_1_498' title='bbox 1747 3396 1903 3449; x_wconf 89' lang='lat' dir='ltr'><strong>daret</strong></span> <span class='ocrx_word' id='word_1_499' title='bbox 1927 3410 2061 3449; x_wconf 89' lang='lat' dir='ltr'><strong>cun-</strong></span> 
     </span>
    </p>
   </div>
   <div class='ocr_carea' id='block_1_66' title="bbox 478 3486 2058 3557">
    <p class='ocr_par' dir='ltr' id='par_1_66' title="bbox 478 3486 2058 3557">
     <span class='ocr_line' id='line_1_66' title="bbox 478 3486 2058 3557; baseline -0.004 -10"><span class='ocrx_word' id='word_1_500' title='bbox 478 3502 565 3547; x_wconf 88' lang='lat' dir='ltr'><strong>cta</strong></span> <span class='ocrx_word' id='word_1_501' title='bbox 597 3492 707 3545; x_wconf 91' lang='lat' dir='ltr'><strong>illic</strong></span> <span class='ocrx_word' id='word_1_502' title='bbox 736 3492 852 3544; x_wconf 87' lang='lat' dir='ltr'><strong>loca</strong></span> <span class='ocrx_word' id='word_1_503' title='bbox 881 3487 1174 3542; x_wconf 88' lang='lat' dir='ltr'><strong>Dominicis</strong></span> <span class='ocrx_word' id='word_1_504' title='bbox 1202 3488 1460 3557; x_wconf 88' lang='lat' dir='ltr'><strong>impressa</strong></span> <span class='ocrx_word' id='word_1_505' title='bbox 1489 3486 1747 3553; x_wconf 86' lang='lat' dir='ltr'><strong>vestigiis,</strong></span> <span class='ocrx_word' id='word_1_506' title='bbox 1771 3495 1827 3541; x_wconf 91' lang='lat' dir='ltr'><strong>et</strong></span> <span class='ocrx_word' id='word_1_507' title='bbox 1844 3486 2058 3541; x_wconf 88' lang='lat' dir='ltr'><strong>divino-</strong></span> 
     </span>
    </p>
   </div>
   <div class='ocr_carea' id='block_1_67' title="bbox 482 3579 2053 3650">
    <p class='ocr_par' dir='ltr' id='par_1_67' title="bbox 482 3579 2053 3650">
     <span class='ocr_line' id='line_1_67' title="bbox 482 3579 2053 3650; baseline -0.003 -13"><span class='ocrx_word' id='word_1_508' title='bbox 482 3601 599 3638; x_wconf 93' lang='lat' dir='ltr'><strong>rum</strong></span> <span class='ocrx_word' id='word_1_509' title='bbox 638 3596 763 3650; x_wconf 86' lang='lat' dir='ltr'><strong>erga</strong></span> <span class='ocrx_word' id='word_1_510' title='bbox 794 3596 895 3636; x_wconf 90' lang='lat' dir='ltr'><strong>nos</strong></span> <span class='ocrx_word' id='word_1_511' title='bbox 919 3595 1142 3649; x_wconf 89' lang='lat' dir='ltr'><strong>operum</strong></span> <span class='ocrx_word' id='word_1_512' title='bbox 1176 3580 1383 3648; x_wconf 89' lang='lat' dir='ltr'><strong>signata</strong></span> <span class='ocrx_word' id='word_1_513' title='bbox 1433 3579 1777 3634; x_wconf 89' lang='lat' dir='ltr'><strong>monimentis</strong></span> <span class='ocrx_word' id='word_1_514' title='bbox 1805 3593 2053 3649; x_wconf 89' lang='lat' dir='ltr'><strong>purgare,</strong></span> 
     </span>
    </p>
   </div>
   <div class='ocr_carea' id='block_1_68' title="bbox 474 3670 2057 3743">
    <p class='ocr_par' dir='ltr' id='par_1_68' title="bbox 474 3670 2057 3743">
     <span class='ocr_line' id='line_1_68' title="bbox 474 3670 2057 3743; baseline -0.004 -13"><span class='ocrx_word' id='word_1_515' title='bbox 474 3675 763 3730; x_wconf 85' lang='lat' dir='ltr'><strong>destructis</strong></span> <span class='ocrx_word' id='word_1_516' title='bbox 805 3673 1019 3743; x_wconf 89' lang='lat' dir='ltr'><strong>templis</strong></span> <span class='ocrx_word' id='word_1_517' title='bbox 1058 3680 1115 3726; x_wconf 93' lang='lat' dir='ltr'><strong>et</strong></span> <span class='ocrx_word' id='word_1_518' title='bbox 1143 3672 1318 3734; x_wconf 89' lang='lat' dir='ltr'><strong>idolis,</strong></span> <span class='ocrx_word' id='word_1_519' title='bbox 1368 3672 1436 3726; x_wconf 89' lang='lat' dir='ltr'><strong>ab</strong></span> <span class='ocrx_word' id='word_1_520' title='bbox 1464 3670 1609 3724; x_wconf 91' lang='lat' dir='ltr'><strong>omni</strong></span> <span class='ocrx_word' id='word_1_521' title='bbox 1639 3671 1929 3741; x_wconf 74' lang='lat' dir='ltr'><strong>prophante</strong></span> <span class='ocrx_word' id='word_1_522' title='bbox 1957 3670 2057 3724; x_wconf 89' lang='lat' dir='ltr'><strong>im-</strong></span> 
     </span>
    </p>
   </div>
   <div class='ocr_carea' id='block_1_69' title="bbox 474 3761 2052 3836">
    <p class='ocr_par' dir='ltr' id='par_1_69' title="bbox 474 3761 2052 3836">
     <span class='ocr_line' id='line_1_69' title="bbox 474 3761 2052 3836; baseline -0.001 -17"><span class='ocrx_word' id='word_1_523' title='bbox 474 3768 689 3836; x_wconf 81' lang='lat' dir='ltr'><strong>pietath</strong></span> <span class='ocrx_word' id='word_1_524' title='bbox 714 3765 965 3832; x_wconf 85' lang='lat' dir='ltr'><strong>contagio</strong></span> <span class='ocrx_word' id='word_1_525' title='bbox 984 3805 1001 3831; x_wconf 97' lang='lat'><strong>,</strong></span> <span class='ocrx_word' id='word_1_526' title='bbox 1031 3772 1087 3819; x_wconf 89' lang='lat' dir='ltr'><strong>et</strong></span> <span class='ocrx_word' id='word_1_527' title='bbox 1112 3763 1359 3832; x_wconf 86' lang='lat' dir='ltr'><strong>religioni</strong></span> <span class='ocrx_word' id='word_1_528' title='bbox 1397 3778 1509 3818; x_wconf 73' lang='lat' dir='ltr'><strong>sua:</strong></span> <span class='ocrx_word' id='word_1_529' title='bbox 1556 3762 1809 3827; x_wconf 85' lang='lat' dir='ltr'><strong>reddere;</strong></span> <span class='ocrx_word' id='word_1_530' title='bbox 1840 3770 1901 3817; x_wconf 90' lang='lat' dir='ltr'><strong>ut</strong></span> <span class='ocrx_word' id='word_1_531' title='bbox 1947 3761 2052 3817; x_wconf 87' lang='lat' dir='ltr'><strong>Ec-</strong></span> 
     </span>
    </p>
   </div>
   <div class='ocr_carea' id='block_1_70' title="bbox 475 3853 2052 3927">
    <p class='ocr_par' dir='ltr' id='par_1_70' title="bbox 475 3853 2052 3927">
     <span class='ocr_line' id='line_1_70' title="bbox 475 3853 2052 3927; baseline -0.004 -14"><span class='ocrx_word' id='word_1_532' title='bbox 475 3858 638 3913; x_wconf 85' lang='lat' dir='ltr'><strong>clesia</strong></span> <span class='ocrx_word' id='word_1_533' title='bbox 676 3856 894 3911; x_wconf 87' lang='lat' dir='ltr'><strong>tandem</strong></span> <span class='ocrx_word' id='word_1_534' title='bbox 940 3857 993 3909; x_wconf 89' lang='lat' dir='ltr'><strong>in</strong></span> <span class='ocrx_word' id='word_1_535' title='bbox 1049 3863 1193 3927; x_wconf 80' lang='lat' dir='ltr'><strong>terra</strong></span> <span class='ocrx_word' id='word_1_536' title='bbox 1240 3855 1462 3922; x_wconf 88' lang='lat' dir='ltr'><strong>originis</strong></span> <span class='ocrx_word' id='word_1_537' title='bbox 1506 3871 1616 3910; x_wconf 74' lang='lat' dir='ltr'><strong>suze</strong></span> <span class='ocrx_word' id='word_1_538' title='bbox 1666 3853 2052 3911; x_wconf 89' lang='lat' dir='ltr'><strong>celebraretur.</strong></span> 
     </span>
    </p>
   </div>
   <div class='ocr_carea' id='block_1_71' title="bbox 472 3944 2055 4015">
    <p class='ocr_par' dir='ltr' id='par_1_71' title="bbox 472 3944 2055 4015">
     <span class='ocr_line' id='line_1_71' title="bbox 472 3944 2055 4015; baseline -0.001 -16"><span class='ocrx_word' id='word_1_539' title='bbox 472 3946 656 4014; x_wconf 86' lang='lat' dir='ltr'><strong>Itaque</strong></span> <span class='ocrx_word' id='word_1_540' title='bbox 684 3955 933 4015; x_wconf 91' lang='lat' dir='ltr'><strong>prompto</strong></span> <span class='ocrx_word' id='word_1_541' title='bbox 984 3945 1075 3998; x_wconf 84' lang='lat' dir='ltr'><strong>filii</strong></span> <span class='ocrx_word' id='word_1_542' title='bbox 1104 3944 1443 4014; x_wconf 89' lang='lat' dir='ltr'><strong>imperatoris</strong></span> <span class='ocrx_word' id='word_1_543' title='bbox 1483 3960 1702 3999; x_wconf 78' lang='lat' dir='ltr'><strong>assensu</strong></span> <span class='ocrx_word' id='word_1_544' title='bbox 1745 3953 1919 3999; x_wconf 90' lang='lat' dir='ltr'><strong>mater</strong></span> <span class='ocrx_word' id='word_1_545' title='bbox 1946 3944 2055 3998; x_wconf 83' lang='lat' dir='ltr'><strong>Au-</strong></span> 
     </span>
    </p>
   </div>
   <div class='ocr_carea' id='block_1_72' title="bbox 471 4035 2056 4105">
    <p class='ocr_par' dir='ltr' id='par_1_72' title="bbox 471 4035 2056 4105">
     <span class='ocr_line' id='line_1_72' title="bbox 471 4035 2056 4105; baseline -0.001 -15"><span class='ocrx_word' id='word_1_546' title='bbox 471 4045 648 4104; x_wconf 88' lang='lat' dir='ltr'><strong>gusta,</strong></span> <span class='ocrx_word' id='word_1_547' title='bbox 687 4035 970 4105; x_wconf 87' lang='lat' dir='ltr'><strong>patefactis</strong></span> <span class='ocrx_word' id='word_1_548' title='bbox 1013 4035 1083 4087; x_wconf 88' lang='lat' dir='ltr'><strong>ad</strong></span> <span class='ocrx_word' id='word_1_549' title='bbox 1146 4049 1312 4103; x_wconf 89' lang='lat' dir='ltr'><strong>opera</strong></span> <span class='ocrx_word' id='word_1_550' title='bbox 1359 4043 1547 4088; x_wconf 89' lang='lat' dir='ltr'><strong>sancta</strong></span> <span class='ocrx_word' id='word_1_551' title='bbox 1602 4035 1888 4097; x_wconf 87' lang='lat' dir='ltr'><strong>thesauris,</strong></span> <span class='ocrx_word' id='word_1_552' title='bbox 1938 4042 2056 4089; x_wconf 88' lang='lat' dir='ltr'><strong>toto</strong></span> 
     </span>
    </p>
   </div>
   <div class='ocr_carea' id='block_1_73' title="bbox 470 4125 2050 4197">
    <p class='ocr_par' dir='ltr' id='par_1_73' title="bbox 470 4125 2050 4197">
     <span class='ocr_line' id='line_1_73' title="bbox 470 4125 2050 4197; baseline 0.001 -16"><span class='ocrx_word' id='word_1_553' title='bbox 470 4128 636 4181; x_wconf 83' lang='lat' dir='ltr'><strong>abusa</strong></span> <span class='ocrx_word' id='word_1_554' title='bbox 665 4125 793 4181; x_wconf 86' lang='lat' dir='ltr'><strong>fisco</strong></span> <span class='ocrx_word' id='word_1_555' title='bbox 814 4133 897 4180; x_wconf 87' lang='lat' dir='ltr'><strong>est</strong></span> <span class='ocrx_word' id='word_1_556' title='bbox 921 4143 934 4177; x_wconf 92' lang='lat'>:</span> <span class='ocrx_word' id='word_1_557' title='bbox 967 4132 1277 4193; x_wconf 89' lang='lat' dir='ltr'><strong>quantoque</strong></span> <span class='ocrx_word' id='word_1_558' title='bbox 1302 4132 1481 4178; x_wconf 86' lang='lat' dir='ltr'><strong>sumtu</strong></span> <span class='ocrx_word' id='word_1_559' title='bbox 1513 4132 1675 4193; x_wconf 89' lang='lat' dir='ltr'><strong>atque</strong></span> <span class='ocrx_word' id='word_1_560' title='bbox 1702 4125 1851 4180; x_wconf 91' lang='lat' dir='ltr'><strong>cultu</strong></span> <span class='ocrx_word' id='word_1_561' title='bbox 1896 4126 2050 4197; x_wconf 70' lang='lat'><strong>192</strong></span> 
     </span>
    </p>
   </div>
   <div class='ocr_carea' id='block_1_74' title="bbox 541 4276 1931 4348">
    <p class='ocr_par' dir='ltr' id='par_1_74' title="bbox 541 4276 1931 4348">
     <span class='ocr_line' id='line_1_74' title="bbox 541 4276 1931 4348; baseline 0.003 -15"><span class='ocrx_word' id='word_1_562' title='bbox 541 4292 569 4319; x_wconf 78' lang='grc' dir='ltr'>ι</span> <span class='ocrx_word' id='word_1_563' title='bbox 597 4280 785 4333; x_wconf 84' lang='lat' dir='ltr'><strong>Matth.</strong></span> <span class='ocrx_word' id='word_1_564' title='bbox 817 4296 928 4334; x_wconf 84' lang='lat' dir='ltr'><strong>xxn</strong></span> <span class='ocrx_word' id='word_1_565' title='bbox 948 4322 963 4347; x_wconf 89' lang='lat'><strong>,</strong></span> <span class='ocrx_word' id='word_1_566' title='bbox 990 4277 1084 4345; x_wconf 78' lang='lat'><strong>32;</strong></span> <span class='ocrx_word' id='word_1_567' title='bbox 1113 4276 1287 4334; x_wconf 83' lang='lat' dir='ltr'><strong>Johan</strong></span> <span class='ocrx_word' id='word_1_568' title='bbox 1314 4294 1400 4336; x_wconf 79' lang='lat' dir='ltr'><strong>xl.</strong></span> <span class='ocrx_word' id='word_1_569' title='bbox 1430 4278 1518 4334; x_wconf 84' lang='lat'><strong>25.</strong></span> <span class='ocrx_word' id='word_1_570' title='bbox 1596 4279 1623 4319; x_wconf 72' lang='grc' dir='ltr'>δ</span> <span class='ocrx_word' id='word_1_571' title='bbox 1655 4279 1774 4336; x_wconf 93' lang='lat' dir='ltr'><strong>lsai.</strong></span> <span class='ocrx_word' id='word_1_572' title='bbox 1808 4298 1845 4348; x_wconf 85' lang='grc' dir='ltr'>ι,</span> <span class='ocrx_word' id='word_1_573' title='bbox 1876 4281 1931 4336; x_wconf 80' lang='lat'><strong>3.</strong></span> 
     </span>
    </p>
   </div>
   <div class='ocr_carea' id='block_1_75' title="bbox 473 4349 961 4413">
    <p class='ocr_par' dir='ltr' id='par_1_75' title="bbox 473 4349 961 4413">
     <span class='ocr_line' id='line_1_75' title="bbox 473 4349 961 4413; baseline -0.006 -8"><span class='ocrx_word' id='word_1_574' title='bbox 473 4360 498 4389; x_wconf 76' lang='grc' dir='ltr'><strong>ο</strong></span> <span class='ocrx_word' id='word_1_575' title='bbox 528 4349 668 4405; x_wconf 86' lang='lat' dir='ltr'><strong>Psal.</strong></span> <span class='ocrx_word' id='word_1_576' title='bbox 693 4365 874 4413; x_wconf 80' lang='lat' dir='ltr'><strong>cxxxt,</strong></span> <span class='ocrx_word' id='word_1_577' title='bbox 911 4350 961 4402; x_wconf 86' lang='lat'><strong>7.</strong></span> 
     </span>
    </p>
   </div>
   <div class='ocr_carea' id='block_1_76' title="bbox 2166 3214 3745 3274">
    <p class='ocr_par' dir='ltr' id='par_1_76' title="bbox 2166 3214 3745 3274">
     <span class='ocr_line' id='line_1_76' title="bbox 2166 3214 3745 3274; baseline -0.005 0"><span class='ocrx_word' id='word_1_578' title='bbox 2166 3220 2396 3274; x_wconf 88' lang='lat' dir='ltr'><strong>humana</strong></span> <span class='ocrx_word' id='word_1_579' title='bbox 2444 3215 2770 3271; x_wconf 90' lang='lat' dir='ltr'><strong>conscientia</strong></span> <span class='ocrx_word' id='word_1_580' title='bbox 2811 3214 3065 3269; x_wconf 85' lang='lat' dir='ltr'><strong>divinitus</strong></span> <span class='ocrx_word' id='word_1_581' title='bbox 3093 3223 3355 3268; x_wconf 85' lang='lat' dir='ltr'><strong>remotam</strong></span> <span class='ocrx_word' id='word_1_582' title='bbox 3400 3214 3597 3268; x_wconf 87' lang='lat' dir='ltr'><strong>frustra</strong></span> <span class='ocrx_word' id='word_1_583' title='bbox 3627 3214 3745 3267; x_wconf 90' lang='lat' dir='ltr'><strong>dili-</strong></span> 
     </span>
    </p>
   </div>
   <div class='ocr_carea' id='block_1_77' title="bbox 2163 3304 3744 3380">
    <p class='ocr_par' dir='ltr' id='par_1_77' title="bbox 2163 3304 3744 3380">
     <span class='ocr_line' id='line_1_77' title="bbox 2163 3304 3744 3380; baseline -0.006 -13"><span class='ocrx_word' id='word_1_584' title='bbox 2163 3326 2294 3380; x_wconf 87' lang='lat' dir='ltr'><strong>gens</strong></span> <span class='ocrx_word' id='word_1_585' title='bbox 2321 3306 2634 3376; x_wconf 89' lang='lat' dir='ltr'><strong>requisisset</strong></span> <span class='ocrx_word' id='word_1_586' title='bbox 2672 3306 2713 3371; x_wconf 80' lang='grc'>⁸,</span> <span class='ocrx_word' id='word_1_587' title='bbox 2744 3305 2810 3359; x_wconf 90' lang='lat' dir='ltr'><strong>de</strong></span> <span class='ocrx_word' id='word_1_588' title='bbox 2838 3304 2961 3360; x_wconf 89' lang='lat' dir='ltr'><strong>loco</strong></span> <span class='ocrx_word' id='word_1_589' title='bbox 3006 3312 3211 3358; x_wconf 92' lang='lat' dir='ltr'><strong>tantum</strong></span> <span class='ocrx_word' id='word_1_590' title='bbox 3244 3304 3507 3373; x_wconf 89' lang='lat' dir='ltr'><strong>passionis</strong></span> <span class='ocrx_word' id='word_1_591' title='bbox 3545 3304 3744 3358; x_wconf 88' lang='lat' dir='ltr'><strong>certior</strong></span> 
     </span>
    </p>
   </div>
   <div class='ocr_carea' id='block_1_78' title="bbox 2162 3393 3743 3464">
    <p class='ocr_par' dir='ltr' id='par_1_78' title="bbox 2162 3393 3743 3464">
     <span class='ocr_line' id='line_1_78' title="bbox 2162 3393 3743 3464; baseline -0.006 -8"><span class='ocrx_word' id='word_1_592' title='bbox 2162 3401 2275 3457; x_wconf 86' lang='lat' dir='ltr'><strong>fleri</strong></span> <span class='ocrx_word' id='word_1_593' title='bbox 2304 3397 2524 3453; x_wconf 86' lang='lat' dir='ltr'><strong>studuit.</strong></span> <span class='ocrx_word' id='word_1_594' title='bbox 2566 3395 2753 3464; x_wconf 83' lang='lat' dir='ltr'><strong>Itaque</strong></span> <span class='ocrx_word' id='word_1_595' title='bbox 2806 3409 2915 3449; x_wconf 92' lang='lat' dir='ltr'><strong>non</strong></span> <span class='ocrx_word' id='word_1_596' title='bbox 2962 3395 3135 3449; x_wconf 91' lang='lat' dir='ltr'><strong>solum</strong></span> <span class='ocrx_word' id='word_1_597' title='bbox 3178 3394 3245 3448; x_wconf 93' lang='lat' dir='ltr'><strong>de</strong></span> <span class='ocrx_word' id='word_1_598' title='bbox 3295 3393 3612 3448; x_wconf 87' lang='lat' dir='ltr'><strong>Christianis</strong></span> <span class='ocrx_word' id='word_1_599' title='bbox 3648 3394 3743 3447; x_wconf 86' lang='lat' dir='ltr'><strong>do-</strong></span> 
     </span>
    </p>
   </div>
   <div class='ocr_carea' id='block_1_79' title="bbox 2161 3484 3743 3556">
    <p class='ocr_par' dir='ltr' id='par_1_79' title="bbox 2161 3484 3743 3556">
     <span class='ocr_line' id='line_1_79' title="bbox 2161 3484 3743 3556; baseline -0.008 -5"><span class='ocrx_word' id='word_1_600' title='bbox 2161 3495 2333 3551; x_wconf 88' lang='lat' dir='ltr'><strong>ctrina</strong></span> <span class='ocrx_word' id='word_1_601' title='bbox 2353 3487 2705 3547; x_wconf 85' lang='lat' dir='ltr'><strong>etsanctitate</strong></span> <span class='ocrx_word' id='word_1_602' title='bbox 2731 3487 2919 3556; x_wconf 90' lang='lat' dir='ltr'><strong>plenos</strong></span> <span class='ocrx_word' id='word_1_603' title='bbox 2950 3487 3112 3552; x_wconf 91' lang='lat' dir='ltr'><strong>viros,</strong></span> <span class='ocrx_word' id='word_1_604' title='bbox 3143 3485 3237 3540; x_wconf 89' lang='lat' dir='ltr'><strong>sed</strong></span> <span class='ocrx_word' id='word_1_605' title='bbox 3266 3494 3321 3539; x_wconf 87' lang='lat' dir='ltr'><strong>ct</strong></span> <span class='ocrx_word' id='word_1_606' title='bbox 3346 3485 3412 3539; x_wconf 90' lang='lat' dir='ltr'><strong>de</strong></span> <span class='ocrx_word' id='word_1_607' title='bbox 3430 3484 3627 3541; x_wconf 67' lang='lat' dir='ltr'><strong>Judreis</strong></span> <span class='ocrx_word' id='word_1_608' title='bbox 3650 3500 3743 3556; x_wconf 87' lang='lat' dir='ltr'><strong>pe—</strong></span> 
     </span>
    </p>
   </div>
   <div class='ocr_carea' id='block_1_80' title="bbox 2160 3576 3741 3647">
    <p class='ocr_par' dir='ltr' id='par_1_80' title="bbox 2160 3576 3741 3647">
     <span class='ocr_line' id='line_1_80' title="bbox 2160 3576 3741 3647; baseline -0.003 -13"><span class='ocrx_word' id='word_1_609' title='bbox 2160 3581 2462 3644; x_wconf 89' lang='lat' dir='ltr'><strong>ritissimos,</strong></span> <span class='ocrx_word' id='word_1_610' title='bbox 2492 3587 2549 3631; x_wconf 91' lang='lat' dir='ltr'><strong>ut</strong></span> <span class='ocrx_word' id='word_1_611' title='bbox 2576 3578 2828 3647; x_wconf 71' lang='lat' dir='ltr'><strong>proprite,</strong></span> <span class='ocrx_word' id='word_1_612' title='bbox 2862 3591 2966 3645; x_wconf 88' lang='lat' dir='ltr'><strong>qua</strong></span> <span class='ocrx_word' id='word_1_613' title='bbox 2997 3576 3176 3630; x_wconf 90' lang='lat' dir='ltr'><strong>miseri</strong></span> <span class='ocrx_word' id='word_1_614' title='bbox 3202 3584 3258 3630; x_wconf 92' lang='lat' dir='ltr'><strong>et</strong></span> <span class='ocrx_word' id='word_1_615' title='bbox 3280 3577 3604 3643; x_wconf 88' lang='lat' dir='ltr'><strong>gloriantur,</strong></span> <span class='ocrx_word' id='word_1_616' title='bbox 3640 3577 3741 3630; x_wconf 83' lang='lat' dir='ltr'><strong>im-</strong></span> 
     </span>
    </p>
   </div>
   <div class='ocr_carea' id='block_1_81' title="bbox 2160 3666 3741 3741">
    <p class='ocr_par' dir='ltr' id='par_1_81' title="bbox 2160 3666 3741 3741">
     <span class='ocr_line' id='line_1_81' title="bbox 2160 3666 3741 3741; baseline 0.001 -17"><span class='ocrx_word' id='word_1_617' title='bbox 2160 3671 2374 3741; x_wconf 86' lang='lat' dir='ltr'><strong>pietatis</strong></span> <span class='ocrx_word' id='word_1_618' title='bbox 2396 3669 2599 3723; x_wconf 89' lang='lat' dir='ltr'><strong>indices</strong></span> <span class='ocrx_word' id='word_1_619' title='bbox 2621 3668 2928 3739; x_wconf 89' lang='lat' dir='ltr'><strong>exquisivit,</strong></span> <span class='ocrx_word' id='word_1_620' title='bbox 2945 3677 3000 3723; x_wconf 91' lang='lat' dir='ltr'><strong>et</strong></span> <span class='ocrx_word' id='word_1_621' title='bbox 3020 3668 3222 3723; x_wconf 89' lang='lat' dir='ltr'><strong>accitos</strong></span> <span class='ocrx_word' id='word_1_622' title='bbox 3241 3670 3295 3721; x_wconf 91' lang='lat' dir='ltr'><strong>in</strong></span> <span class='ocrx_word' id='word_1_623' title='bbox 3314 3666 3741 3740; x_wconf 84' lang='lat' dir='ltr'><strong>Hierosolymam</strong></span> 
     </span>
    </p>
   </div>
   <div class='ocr_carea' id='block_1_82' title="bbox 2162 3757 3743 3828">
    <p class='ocr_par' dir='ltr' id='par_1_82' title="bbox 2162 3757 3743 3828">
     <span class='ocr_line' id='line_1_82' title="bbox 2162 3757 3743 3828; baseline -0.001 -12"><span class='ocrx_word' id='word_1_624' title='bbox 2162 3759 2526 3828; x_wconf 87' lang='lat' dir='ltr'><strong>congregavit.</strong></span> <span class='ocrx_word' id='word_1_625' title='bbox 2558 3757 2692 3812; x_wconf 90' lang='lat' dir='ltr'><strong>Tum</strong></span> <span class='ocrx_word' id='word_1_626' title='bbox 2714 3758 2953 3812; x_wconf 89' lang='lat' dir='ltr'><strong>omnium</strong></span> <span class='ocrx_word' id='word_1_627' title='bbox 2981 3772 3084 3812; x_wconf 91' lang='lat' dir='ltr'><strong>una</strong></span> <span class='ocrx_word' id='word_1_628' title='bbox 3114 3758 3181 3812; x_wconf 88' lang='lat' dir='ltr'><strong>de</strong></span> <span class='ocrx_word' id='word_1_629' title='bbox 3207 3759 3327 3813; x_wconf 92' lang='lat' dir='ltr'><strong>loco</strong></span> <span class='ocrx_word' id='word_1_630' title='bbox 3350 3759 3743 3815; x_wconf 84' lang='lat' dir='ltr'><strong>testificationis</strong></span> 
     </span>
    </p>
   </div>
   <div class='ocr_carea' id='block_1_83' title="bbox 2156 3848 3740 3922">
    <p class='ocr_par' dir='ltr' id='par_1_83' title="bbox 2156 3848 3740 3922">
     <span class='ocr_line' id='line_1_83' title="bbox 2156 3848 3740 3922; baseline -0.001 -19"><span class='ocrx_word' id='word_1_631' title='bbox 2156 3855 2175 3885; x_wconf 79' lang='grc' dir='ltr'><strong><em>ο</em></strong></span> <span class='ocrx_word' id='word_1_632' title='bbox 2205 3852 2282 3922; x_wconf 81' lang='lat' dir='ltr'><strong>(id</strong></span> <span class='ocrx_word' id='word_1_633' title='bbox 2310 3859 2385 3903; x_wconf 90' lang='lat' dir='ltr'><strong>est</strong></span> <span class='ocrx_word' id='word_1_634' title='bbox 2414 3848 2654 3920; x_wconf 88' lang='lat' dir='ltr'><strong>martyrii</strong></span> <span class='ocrx_word' id='word_1_635' title='bbox 2674 3866 2762 3903; x_wconf 86' lang='lat' dir='ltr'><strong>seu</strong></span> <span class='ocrx_word' id='word_1_636' title='bbox 2789 3848 3071 3917; x_wconf 90' lang='lat' dir='ltr'><strong>passionis,</strong></span> <span class='ocrx_word' id='word_1_637' title='bbox 3104 3856 3158 3900; x_wconf 84' lang='lat' dir='ltr'><strong>ut</strong></span> <span class='ocrx_word' id='word_1_638' title='bbox 3195 3850 3374 3918; x_wconf 85' lang='lat' dir='ltr'><strong>supra)</strong></span> <span class='ocrx_word' id='word_1_639' title='bbox 3398 3848 3740 3917; x_wconf 82' lang='lat' dir='ltr'><strong>conﬁrmata,</strong></span> 
     </span>
    </p>
   </div>
   <div class='ocr_carea' id='block_1_84' title="bbox 2153 3938 3739 4009">
    <p class='ocr_par' dir='ltr' id='par_1_84' title="bbox 2153 3938 3739 4009">
     <span class='ocr_line' id='line_1_84' title="bbox 2153 3938 3739 4009; baseline -0.001 -14"><span class='ocrx_word' id='word_1_640' title='bbox 2153 3940 2313 4009; x_wconf 88' lang='lat' dir='ltr'><strong>jussit</strong></span> <span class='ocrx_word' id='word_1_641' title='bbox 2341 3940 2504 4005; x_wconf 90' lang='lat' dir='ltr'><strong>illico,</strong></span> <span class='ocrx_word' id='word_1_642' title='bbox 2544 3948 2769 4007; x_wconf 90' lang='lat' dir='ltr'><strong>urgente</strong></span> <span class='ocrx_word' id='word_1_643' title='bbox 2795 3939 2914 3993; x_wconf 90' lang='lat' dir='ltr'><strong>sine</strong></span> <span class='ocrx_word' id='word_1_644' title='bbox 2938 3938 3100 3993; x_wconf 92' lang='lat' dir='ltr'><strong>dubio</strong></span> <span class='ocrx_word' id='word_1_645' title='bbox 3140 3943 3416 4008; x_wconf 62' lang='lat' dir='ltr'><strong>concepta:</strong></span> <span class='ocrx_word' id='word_1_646' title='bbox 3444 3940 3739 3993; x_wconf 88' lang='lat' dir='ltr'><strong>revelatio-</strong></span> 
     </span>
    </p>
   </div>
   <div class='ocr_carea' id='block_1_85' title="bbox 2157 4031 3739 4102">
    <p class='ocr_par' dir='ltr' id='par_1_85' title="bbox 2157 4031 3739 4102">
     <span class='ocr_line' id='line_1_85' title="bbox 2157 4031 3739 4102; baseline -0.001 -15"><span class='ocrx_word' id='word_1_647' title='bbox 2157 4034 2241 4087; x_wconf 91' lang='lat' dir='ltr'><strong>nis</strong></span> <span class='ocrx_word' id='word_1_648' title='bbox 2269 4033 2541 4096; x_wconf 89' lang='lat' dir='ltr'><strong>instinctu,</strong></span> <span class='ocrx_word' id='word_1_649' title='bbox 2576 4032 2628 4085; x_wconf 93' lang='lat' dir='ltr'><strong>in</strong></span> <span class='ocrx_word' id='word_1_650' title='bbox 2676 4032 2849 4102; x_wconf 90' lang='lat' dir='ltr'><strong>ipsum</strong></span> <span class='ocrx_word' id='word_1_651' title='bbox 2890 4031 3068 4086; x_wconf 92' lang='lat' dir='ltr'><strong>locum</strong></span> <span class='ocrx_word' id='word_1_652' title='bbox 3098 4044 3317 4099; x_wconf 88' lang='lat' dir='ltr'><strong>operam</strong></span> <span class='ocrx_word' id='word_1_653' title='bbox 3365 4031 3617 4085; x_wconf 91' lang='lat' dir='ltr'><strong>fossionis</strong></span> <span class='ocrx_word' id='word_1_654' title='bbox 3646 4046 3739 4086; x_wconf 90' lang='lat' dir='ltr'><strong>ac-</strong></span> 
     </span>
    </p>
   </div>
   <div class='ocr_carea' id='block_1_86' title="bbox 2158 4122 3737 4194">
    <p class='ocr_par' dir='ltr' id='par_1_86' title="bbox 2158 4122 3737 4194">
     <span class='ocr_line' id='line_1_86' title="bbox 2158 4122 3737 4194; baseline -0.001 -16"><span class='ocrx_word' id='word_1_655' title='bbox 2158 4124 2327 4192; x_wconf 87' lang='lat' dir='ltr'><strong>cingi;</strong></span> <span class='ocrx_word' id='word_1_656' title='bbox 2348 4131 2641 4194; x_wconf 84' lang='lat' dir='ltr'><strong>parataque</strong></span> <span class='ocrx_word' id='word_1_657' title='bbox 2662 4138 2790 4178; x_wconf 87' lang='lat' dir='ltr'><strong>mox</strong></span> <span class='ocrx_word' id='word_1_658' title='bbox 2810 4122 3005 4177; x_wconf 89' lang='lat' dir='ltr'><strong>civium</strong></span> <span class='ocrx_word' id='word_1_659' title='bbox 3020 4122 3221 4193; x_wconf 85' lang='lat' dir='ltr'><strong>pariter</strong></span> <span class='ocrx_word' id='word_1_660' title='bbox 3240 4130 3295 4176; x_wconf 89' lang='lat' dir='ltr'><strong>et</strong></span> <span class='ocrx_word' id='word_1_661' title='bbox 3310 4122 3527 4177; x_wconf 87' lang='lat' dir='ltr'><strong>militari</strong></span> <span class='ocrx_word' id='word_1_662' title='bbox 3548 4139 3737 4187; x_wconf 90' lang='lat' dir='ltr'><strong>manu,</strong></span> 
     </span>
    </p>
   </div>
   <div class='ocr_carea' id='block_1_87' title="bbox 2012 4280 3739 4355">
    <p class='ocr_par' dir='ltr' id='par_1_87' title="bbox 2012 4280 3739 4355">
     <span class='ocr_line' id='line_1_87' title="bbox 2012 4280 3739 4355; baseline 0.003 -20"><span class='ocrx_word' id='word_1_663' title='bbox 2012 4294 2033 4322; x_wconf 76' lang='grc' dir='ltr'><strong>ε</strong></span> <span class='ocrx_word' id='word_1_664' title='bbox 2074 4282 2203 4337; x_wconf 90' lang='lat' dir='ltr'><strong>Luc.</strong></span> <span class='ocrx_word' id='word_1_665' title='bbox 2243 4298 2320 4351; x_wconf 85' lang='grc' dir='ltr'><strong>ιι,</strong></span> <span class='ocrx_word' id='word_1_666' title='bbox 2364 4283 2452 4339; x_wconf 82' lang='lat' dir='ltr'><strong>l5.</strong></span> <span class='ocrx_word' id='word_1_667' title='bbox 2528 4280 2699 4341; x_wconf 80' lang='lat' dir='ltr'><strong>dAct.</strong></span> <span class='ocrx_word' id='word_1_668' title='bbox 2758 4297 2809 4348; x_wconf 86' lang='grc' dir='ltr'>ι,</span> <span class='ocrx_word' id='word_1_669' title='bbox 2838 4280 2905 4349; x_wconf 92' lang='lat'><strong>9;</strong></span> <span class='ocrx_word' id='word_1_670' title='bbox 2954 4282 3154 4353; x_wconf 84' lang='lat' dir='ltr'><strong>Ephes.</strong></span> <span class='ocrx_word' id='word_1_671' title='bbox 3185 4300 3257 4348; x_wconf 81' lang='lat' dir='ltr'><strong>tv,</strong></span> <span class='ocrx_word' id='word_1_672' title='bbox 3289 4283 3343 4339; x_wconf 91' lang='lat'><strong>8.</strong></span> <span class='ocrx_word' id='word_1_673' title='bbox 3374 4283 3514 4341; x_wconf 86' lang='lat' dir='ltr'><strong>Psal.</strong></span> <span class='ocrx_word' id='word_1_674' title='bbox 3546 4302 3629 4355; x_wconf 81' lang='lat' dir='ltr'><strong>Vl,</strong></span> <span class='ocrx_word' id='word_1_675' title='bbox 3670 4287 3739 4341; x_wconf 79' lang='lat' dir='ltr'><strong>l9</strong></span> 
     </span>
    </p>
   </div>
   <div class='ocr_carea' id='block_1_88' title="bbox 540 4504 3735 4579">
    <p class='ocr_par' dir='ltr' id='par_1_88' title="bbox 540 4504 3735 4579">
     <span class='ocr_line' id='line_1_88' title="bbox 540 4504 3735 4579; baseline 0.002 -21"><span class='ocrx_word' id='word_1_676' title='bbox 540 4506 618 4577; x_wconf 91' lang='lat' dir='ltr'><strong>(a)</strong></span> <span class='ocrx_word' id='word_1_677' title='bbox 646 4504 769 4561; x_wconf 91' lang='lat' dir='ltr'><strong>Mss.</strong></span> <span class='ocrx_word' id='word_1_678' title='bbox 798 4504 931 4573; x_wconf 87' lang='lat' dir='ltr'><strong>Reg.</strong></span> <span class='ocrx_word' id='word_1_679' title='bbox 972 4504 1124 4579; x_wconf 85' lang='lat' dir='ltr'><strong>Vien.</strong></span> <span class='ocrx_word' id='word_1_680' title='bbox 1153 4514 1208 4561; x_wconf 91' lang='lat' dir='ltr'><strong>et</strong></span> <span class='ocrx_word' id='word_1_681' title='bbox 1228 4505 1362 4579; x_wconf 4' lang='lat' dir='ltr'><strong>pedit.</strong></span> <span class='ocrx_word' id='word_1_682' title='bbox 1389 4504 1539 4579; x_wconf 80' lang='lat' dir='ltr'><strong>Grin.</strong></span> <span class='ocrx_word' id='word_1_683' title='bbox 1572 4507 1624 4560; x_wconf 90' lang='lat' dir='ltr'><strong>in</strong></span> <span class='ocrx_word' id='word_1_684' title='bbox 1680 4521 1872 4575; x_wconf 74' lang='lat' dir='ltr'><strong>marg,</strong></span> <span class='ocrx_word' id='word_1_685' title='bbox 1922 4524 2042 4562; x_wconf 88' lang='lat' dir='ltr'><strong>snr-</strong></span> <span class='ocrx_word' id='word_1_686' title='bbox 2074 4513 2195 4571; x_wconf 84' lang='lat' dir='ltr'><strong>De.</strong></span> <span class='ocrx_word' id='word_1_687' title='bbox 2254 4508 2343 4573; x_wconf 77' lang='grc'>48,</span> <span class='ocrx_word' id='word_1_688' title='bbox 2400 4518 2593 4577; x_wconf 79' lang='lat' dir='ltr'><strong>tegitur</strong></span> <span class='ocrx_word' id='word_1_689' title='bbox 2641 4508 2840 4563; x_wconf 80' lang='lat' dir='ltr'><strong>Helena</strong></span> <span class='ocrx_word' id='word_1_690' title='bbox 2893 4519 3057 4563; x_wconf 81' lang='lat' dir='ltr'><strong>mater</strong></span> <span class='ocrx_word' id='word_1_691' title='bbox 3107 4509 3353 4579; x_wconf 77' lang='lat' dir='ltr'><strong>principis</strong></span> <span class='ocrx_word' id='word_1_692' title='bbox 3385 4507 3735 4579; x_wconf 83' lang='lat' dir='ltr'><strong>Constantini,</strong></span> 
     </span>
    </p>
   </div>
   <div class='ocr_carea' id='block_1_89' title="bbox 471 4576 2041 4647">
    <p class='ocr_par' dir='ltr' id='par_1_89' title="bbox 471 4576 2041 4647">
     <span class='ocr_line' id='line_1_89' title="bbox 471 4576 2041 4647; baseline 0.003 -19"><span class='ocrx_word' id='word_1_693' title='bbox 471 4578 600 4647; x_wconf 71' lang='lat' dir='ltr'><strong>rexit</strong></span> <span class='ocrx_word' id='word_1_694' title='bbox 624 4586 678 4627; x_wconf 85' lang='lat' dir='ltr'><strong>ut</strong></span> <span class='ocrx_word' id='word_1_695' title='bbox 700 4584 936 4647; x_wconf 81' lang='lat' dir='ltr'><strong>regnaret</strong></span> <span class='ocrx_word' id='word_1_696' title='bbox 957 4576 1235 4645; x_wconf 72' lang='lat' dir='ltr'><strong>judex,vel</strong></span> <span class='ocrx_word' id='word_1_697' title='bbox 1266 4594 1357 4630; x_wconf 71' lang='lat' dir='ltr'><strong>rex</strong></span> <span class='ocrx_word' id='word_1_698' title='bbox 1376 4577 1642 4647; x_wconf 70' lang='lat' dir='ltr'><strong>judicare!</strong></span> <span class='ocrx_word' id='word_1_699' title='bbox 1670 4594 1750 4631; x_wconf 86' lang='lat' dir='ltr'><strong>me</strong></span> <span class='ocrx_word' id='word_1_700' title='bbox 1779 4580 2041 4633; x_wconf 69' lang='lat' dir='ltr'><strong>miserum.</strong></span> 
     </span>
    </p>
   </div>
   <div class='ocr_carea' id='block_1_90' title="bbox 468 4644 1235 4713">
    <p class='ocr_par' dir='ltr' id='par_1_90' title="bbox 468 4644 1235 4713">
     <span class='ocr_line' id='line_1_90' title="bbox 468 4644 1235 4713; baseline 0.001 -16"><span class='ocrx_word' id='word_1_701' title='bbox 468 4644 796 4699; x_wconf 78' lang='lat' dir='ltr'><strong>Concinnior</strong></span> <span class='ocrx_word' id='word_1_702' title='bbox 814 4644 1024 4713; x_wconf 88' lang='lat' dir='ltr'><strong>vulgata</strong></span> <span class='ocrx_word' id='word_1_703' title='bbox 1059 4647 1235 4700; x_wconf 90' lang='lat' dir='ltr'><strong>lectio.</strong></span> 
     </span>
    </p>
   </div>
   <div class='ocr_carea' id='block_1_91' title="bbox 542 4713 2043 4785">
    <p class='ocr_par' dir='ltr' id='par_1_91' title="bbox 542 4713 2043 4785">
     <span class='ocr_line' id='line_1_91' title="bbox 542 4713 2043 4785; baseline 0.004 -20"><span class='ocrx_word' id='word_1_704' title='bbox 542 4714 615 4776; x_wconf 78' lang='grc' dir='ltr'><strong>(ὁ)</strong></span> <span class='ocrx_word' id='word_1_705' title='bbox 643 4713 768 4785; x_wconf 86' lang='lat' dir='ltr'><strong>Mss.</strong></span> <span class='ocrx_word' id='word_1_706' title='bbox 796 4715 1009 4785; x_wconf 84' lang='lat' dir='ltr'><strong>codices</strong></span> <span class='ocrx_word' id='word_1_707' title='bbox 1039 4715 1170 4783; x_wconf 87' lang='lat' dir='ltr'><strong>Reg.</strong></span> <span class='ocrx_word' id='word_1_708' title='bbox 1203 4724 1258 4768; x_wconf 87' lang='lat' dir='ltr'><strong>et</strong></span> <span class='ocrx_word' id='word_1_709' title='bbox 1286 4714 1441 4770; x_wconf 91' lang='lat' dir='ltr'><strong>Vien.</strong></span> <span class='ocrx_word' id='word_1_710' title='bbox 1485 4730 1604 4772; x_wconf 91' lang='lat' dir='ltr'><strong>cum</strong></span> <span class='ocrx_word' id='word_1_711' title='bbox 1633 4716 1842 4771; x_wconf 90' lang='lat' dir='ltr'><strong>duobus</strong></span> <span class='ocrx_word' id='word_1_712' title='bbox 1867 4716 2043 4785; x_wconf 90' lang='lat' dir='ltr'><strong>editis,</strong></span> 
     </span>
    </p>
   </div>
   <div class='ocr_carea' id='block_1_92' title="bbox 467 4783 1127 4853">
    <p class='ocr_par' dir='ltr' id='par_1_92' title="bbox 467 4783 1127 4853">
     <span class='ocr_line' id='line_1_92' title="bbox 467 4783 1127 4853; baseline -0.002 -15"><span class='ocrx_word' id='word_1_713' title='bbox 467 4785 552 4838; x_wconf 82' lang='lat' dir='ltr'><strong>ubi</strong></span> <span class='ocrx_word' id='word_1_714' title='bbox 581 4783 835 4836; x_wconf 84' lang='lat' dir='ltr'><strong>cunabula</strong></span> <span class='ocrx_word' id='word_1_715' title='bbox 857 4785 1127 4853; x_wconf 81' lang='lat' dir='ltr'><strong>supplices.</strong></span> 
     </span>
    </p>
   </div>
   <div class='ocr_carea' id='block_1_93' title="bbox 539 4853 2045 4925">
    <p class='ocr_par' dir='ltr' id='par_1_93' title="bbox 539 4853 2045 4925">
     <span class='ocr_line' id='line_1_93' title="bbox 539 4853 2045 4925; baseline 0.004 -21"><span class='ocrx_word' id='word_1_716' title='bbox 539 4859 609 4921; x_wconf 79' lang='grc' dir='ltr'><strong>(ε)</strong></span> <span class='ocrx_word' id='word_1_717' title='bbox 640 4853 715 4925; x_wconf 87' lang='lat' dir='ltr'><strong>lta</strong></span> <span class='ocrx_word' id='word_1_718' title='bbox 737 4853 1138 4925; x_wconf 79' lang='lat' dir='ltr'><strong>emendavimus</strong></span> <span class='ocrx_word' id='word_1_719' title='bbox 1158 4868 1225 4925; x_wconf 66' lang='lat' dir='ltr'><strong>ex</strong></span> <span class='ocrx_word' id='word_1_720' title='bbox 1255 4853 1384 4908; x_wconf 87' lang='lat' dir='ltr'><strong>edit.</strong></span> <span class='ocrx_word' id='word_1_721' title='bbox 1414 4853 1564 4925; x_wconf 80' lang='lat' dir='ltr'><strong>Grin.</strong></span> <span class='ocrx_word' id='word_1_722' title='bbox 1595 4863 1651 4909; x_wconf 90' lang='lat' dir='ltr'><strong>et</strong></span> <span class='ocrx_word' id='word_1_723' title='bbox 1695 4855 1771 4909; x_wconf 92' lang='lat' dir='ltr'><strong>sic</strong></span> <span class='ocrx_word' id='word_1_724' title='bbox 1799 4855 2045 4925; x_wconf 85' lang='lat' dir='ltr'><strong>profecto</strong></span> 
     </span>
    </p>
   </div>
   <div class='ocr_carea' id='block_1_94' title="bbox 467 4922 2049 4993">
    <p class='ocr_par' dir='ltr' id='par_1_94' title="bbox 467 4922 2049 4993">
     <span class='ocr_line' id='line_1_94' title="bbox 467 4922 2049 4993; baseline 0.003 -18"><span class='ocrx_word' id='word_1_725' title='bbox 467 4923 770 4991; x_wconf 86' lang='lat' dir='ltr'><strong>legendum.</strong></span> <span class='ocrx_word' id='word_1_726' title='bbox 803 4922 934 4976; x_wconf 83' lang='lat' dir='ltr'><strong>Vide</strong></span> <span class='ocrx_word' id='word_1_727' title='bbox 955 4923 1237 4977; x_wconf 89' lang='lat' dir='ltr'><strong>antecedd.</strong></span> <span class='ocrx_word' id='word_1_728' title='bbox 1265 4932 1319 4978; x_wconf 91' lang='lat' dir='ltr'><strong>et</strong></span> <span class='ocrx_word' id='word_1_729' title='bbox 1340 4938 1491 4993; x_wconf 89' lang='lat' dir='ltr'><strong>seqq.</strong></span> <span class='ocrx_word' id='word_1_730' title='bbox 1531 4923 1633 4977; x_wconf 81' lang='lat' dir='ltr'><strong>Alii</strong></span> <span class='ocrx_word' id='word_1_731' title='bbox 1658 4922 1895 4993; x_wconf 82' lang='lat' dir='ltr'><strong>codices,</strong></span> <span class='ocrx_word' id='word_1_732' title='bbox 1917 4927 2049 4979; x_wconf 85' lang='lat' dir='ltr'><strong>udo-</strong></span> 
     </span>
    </p>
   </div>
   <div class='ocr_carea' id='block_1_95' title="bbox 468 5001 724 5046">
    <p class='ocr_par' dir='ltr' id='par_1_95' title="bbox 468 5001 724 5046">
     <span class='ocr_line' id='line_1_95' title="bbox 468 5001 724 5046; baseline -0.012 0"><span class='ocrx_word' id='word_1_733' title='bbox 468 5001 724 5046; x_wconf 72' lang='lat' dir='ltr'><strong>faverunt.</strong></span> 
     </span>
    </p>
   </div>
   <div class='ocr_carea' id='block_1_96' title="bbox 536 5060 2043 5129">
    <p class='ocr_par' dir='ltr' id='par_1_96' title="bbox 536 5060 2043 5129">
     <span class='ocr_line' id='line_1_96' title="bbox 536 5060 2043 5129; baseline 0.005 -16"><span class='ocrx_word' id='word_1_734' title='bbox 536 5064 613 5129; x_wconf 54' lang='lat' dir='ltr'><strong>id)</strong></span> <span class='ocrx_word' id='word_1_735' title='bbox 649 5062 800 5115; x_wconf 89' lang='lat' dir='ltr'><strong>llunc</strong></span> <span class='ocrx_word' id='word_1_736' title='bbox 841 5060 1016 5115; x_wconf 89' lang='lat' dir='ltr'><strong>locum</strong></span> <span class='ocrx_word' id='word_1_737' title='bbox 1059 5061 1112 5115; x_wconf 92' lang='lat' dir='ltr'><strong>in</strong></span> <span class='ocrx_word' id='word_1_738' title='bbox 1139 5063 1387 5117; x_wconf 90' lang='lat' dir='ltr'><strong>omnibus</strong></span> <span class='ocrx_word' id='word_1_739' title='bbox 1415 5062 1572 5118; x_wconf 88' lang='lat' dir='ltr'><strong>editis</strong></span> <span class='ocrx_word' id='word_1_740' title='bbox 1599 5065 1843 5119; x_wconf 89' lang='lat' dir='ltr'><strong>mutilum</strong></span> <span class='ocrx_word' id='word_1_741' title='bbox 1865 5074 1922 5119; x_wconf 90' lang='lat' dir='ltr'><strong>et</strong></span> <span class='ocrx_word' id='word_1_742' title='bbox 1948 5064 2043 5120; x_wconf 81' lang='lat' dir='ltr'><strong>de-</strong></span> 
     </span>
    </p>
   </div>
   <div class='ocr_carea' id='block_1_97' title="bbox 464 5132 2043 5204">
    <p class='ocr_par' dir='ltr' id='par_1_97' title="bbox 464 5132 2043 5204">
     <span class='ocr_line' id='line_1_97' title="bbox 464 5132 2043 5204; baseline 0.004 -21"><span class='ocrx_word' id='word_1_743' title='bbox 464 5139 743 5204; x_wconf 77' lang='lat' dir='ltr'><strong>pravatum</strong></span> <span class='ocrx_word' id='word_1_744' title='bbox 765 5146 893 5204; x_wconf 82' lang='lat' dir='ltr'><strong>cum</strong></span> <span class='ocrx_word' id='word_1_745' title='bbox 916 5147 982 5185; x_wconf 88' lang='lat' dir='ltr'><strong>ex</strong></span> <span class='ocrx_word' id='word_1_746' title='bbox 1004 5146 1133 5204; x_wconf 81' lang='lat' dir='ltr'><strong>mss.</strong></span> <span class='ocrx_word' id='word_1_747' title='bbox 1162 5132 1434 5204; x_wconf 86' lang='lat' dir='ltr'><strong>codicibus</strong></span> <span class='ocrx_word' id='word_1_748' title='bbox 1463 5133 1749 5204; x_wconf 82' lang='lat' dir='ltr'><strong>restituere</strong></span> <span class='ocrx_word' id='word_1_749' title='bbox 1777 5150 1885 5188; x_wconf 92' lang='lat' dir='ltr'><strong>non</strong></span> <span class='ocrx_word' id='word_1_750' title='bbox 1917 5150 2043 5204; x_wconf 88' lang='lat' dir='ltr'><strong>pos-</strong></span> 
     </span>
    </p>
   </div>
   <div class='ocr_carea' id='block_1_98' title="bbox 465 5200 2041 5271">
    <p class='ocr_par' dir='ltr' id='par_1_98' title="bbox 465 5200 2041 5271">
     <span class='ocr_line' id='line_1_98' title="bbox 465 5200 2041 5271; baseline 0.003 -18"><span class='ocrx_word' id='word_1_751' title='bbox 465 5214 660 5271; x_wconf 85' lang='lat' dir='ltr'><strong>scmus,</strong></span> <span class='ocrx_word' id='word_1_752' title='bbox 694 5200 988 5268; x_wconf 89' lang='lat' dir='ltr'><strong>Sulpicium</strong></span> <span class='ocrx_word' id='word_1_753' title='bbox 1013 5201 1288 5265; x_wconf 87' lang='lat' dir='ltr'><strong>Severum,</strong></span> <span class='ocrx_word' id='word_1_754' title='bbox 1318 5202 1385 5255; x_wconf 91' lang='lat' dir='ltr'><strong>ad</strong></span> <span class='ocrx_word' id='word_1_755' title='bbox 1415 5218 1573 5271; x_wconf 89' lang='lat' dir='ltr'><strong>quem</strong></span> <span class='ocrx_word' id='word_1_756' title='bbox 1600 5202 1722 5255; x_wconf 84' lang='lat' dir='ltr'><strong>data</strong></span> <span class='ocrx_word' id='word_1_757' title='bbox 1751 5212 1835 5257; x_wconf 90' lang='lat' dir='ltr'><strong>est</strong></span> <span class='ocrx_word' id='word_1_758' title='bbox 1856 5200 2041 5258; x_wconf 55' lang='lat' dir='ltr'><strong>ist&#39;haec</strong></span> 
     </span>
    </p>
   </div>
   <div class='ocr_carea' id='block_1_99' title="bbox 460 5270 2036 5341">
    <p class='ocr_par' dir='ltr' id='par_1_99' title="bbox 460 5270 2036 5341">
     <span class='ocr_line' id='line_1_99' title="bbox 460 5270 2036 5341; baseline 0.002 -19"><span class='ocrx_word' id='word_1_759' title='bbox 460 5270 709 5341; x_wconf 86' lang='lat' dir='ltr'><strong>epistola,</strong></span> <span class='ocrx_word' id='word_1_760' title='bbox 740 5270 1102 5341; x_wconf 82' lang='lat' dir='ltr'><strong>consuluimus</strong></span> <span class='ocrx_word' id='word_1_761' title='bbox 1128 5272 1179 5324; x_wconf 92' lang='lat' dir='ltr'><strong>in</strong></span> <span class='ocrx_word' id='word_1_762' title='bbox 1208 5271 1404 5326; x_wconf 79' lang='lat' dir='ltr'><strong>Hister.</strong></span> <span class='ocrx_word' id='word_1_763' title='bbox 1436 5270 1573 5325; x_wconf 74' lang='lat' dir='ltr'><strong>Sacr.</strong></span> <span class='ocrx_word' id='word_1_764' title='bbox 1605 5272 1698 5325; x_wconf 91' lang='lat' dir='ltr'><strong>lib.</strong></span> <span class='ocrx_word' id='word_1_765' title='bbox 1730 5289 1785 5336; x_wconf 80' lang='grc' dir='ltr'><strong>ιι,</strong></span> <span class='ocrx_word' id='word_1_766' title='bbox 1814 5272 2036 5341; x_wconf 68' lang='grc' dir='ltr'><strong>ςερ.48,</strong></span> 
     </span>
    </p>
   </div>
   <div class='ocr_carea' id='block_1_100' title="bbox 464 5339 2040 5407">
    <p class='ocr_par' dir='ltr' id='par_1_100' title="bbox 464 5339 2040 5407">
     <span class='ocr_line' id='line_1_100' title="bbox 464 5339 2040 5407; baseline 0.003 -17"><span class='ocrx_word' id='word_1_767' title='bbox 464 5339 550 5393; x_wconf 86' lang='lat' dir='ltr'><strong>ubi</strong></span> <span class='ocrx_word' id='word_1_768' title='bbox 582 5353 643 5391; x_wconf 86' lang='lat' dir='ltr'><strong>ea</strong></span> <span class='ocrx_word' id='word_1_769' title='bbox 667 5354 785 5407; x_wconf 78' lang='lat' dir='ltr'><strong>qua:</strong></span> <span class='ocrx_word' id='word_1_770' title='bbox 804 5339 872 5393; x_wconf 88' lang='lat' dir='ltr'><strong>de</strong></span> <span class='ocrx_word' id='word_1_771' title='bbox 897 5340 1207 5394; x_wconf 88' lang='lat' dir='ltr'><strong>inventione</strong></span> <span class='ocrx_word' id='word_1_772' title='bbox 1233 5349 1432 5396; x_wconf 75' lang='lat' dir='ltr'><strong>sancta:</strong></span> <span class='ocrx_word' id='word_1_773' title='bbox 1457 5343 1630 5395; x_wconf 89' lang='lat' dir='ltr'><strong>crucis</strong></span> <span class='ocrx_word' id='word_1_774' title='bbox 1674 5339 1921 5396; x_wconf 86' lang='lat' dir='ltr'><strong>edisserit</strong></span> <span class='ocrx_word' id='word_1_775' title='bbox 1971 5357 2040 5396; x_wconf 92' lang='lat' dir='ltr'><strong>ex</strong></span> 
     </span>
    </p>
   </div>
   <div class='ocr_carea' id='block_1_101' title="bbox 463 5408 2034 5478">
    <p class='ocr_par' dir='ltr' id='par_1_101' title="bbox 463 5408 2034 5478">
     <span class='ocr_line' id='line_1_101' title="bbox 463 5408 2034 5478; baseline 0.003 -18"><span class='ocrx_word' id='word_1_776' title='bbox 463 5408 563 5478; x_wconf 82' lang='lat' dir='ltr'><strong>hac</strong></span> <span class='ocrx_word' id='word_1_777' title='bbox 592 5408 817 5476; x_wconf 86' lang='lat' dir='ltr'><strong>epistola</strong></span> <span class='ocrx_word' id='word_1_778' title='bbox 845 5408 911 5461; x_wconf 89' lang='lat' dir='ltr'><strong>ab</strong></span> <span class='ocrx_word' id='word_1_779' title='bbox 941 5411 1057 5478; x_wconf 92' lang='lat' dir='ltr'><strong>ipso</strong></span> <span class='ocrx_word' id='word_1_780' title='bbox 1078 5410 1279 5463; x_wconf 90' lang='lat' dir='ltr'><strong>inserta</strong></span> <span class='ocrx_word' id='word_1_781' title='bbox 1325 5410 1487 5465; x_wconf 89' lang='lat' dir='ltr'><strong>fuisse</strong></span> <span class='ocrx_word' id='word_1_782' title='bbox 1531 5412 1887 5465; x_wconf 86' lang='lat' dir='ltr'><strong>certissimum</strong></span> <span class='ocrx_word' id='word_1_783' title='bbox 1932 5420 2034 5465; x_wconf 89' lang='lat' dir='ltr'><strong>est.</strong></span> 
     </span>
    </p>
   </div>
   <div class='ocr_carea' id='block_1_102' title="bbox 462 5476 2037 5546">
    <p class='ocr_par' dir='ltr' id='par_1_102' title="bbox 462 5476 2037 5546">
     <span class='ocr_line' id='line_1_102' title="bbox 462 5476 2037 5546; baseline 0.002 -16"><span class='ocrx_word' id='word_1_784' title='bbox 462 5476 552 5532; x_wconf 93' lang='lat' dir='ltr'><strong>Sic</strong></span> <span class='ocrx_word' id='word_1_785' title='bbox 578 5478 755 5544; x_wconf 69' lang='lat' dir='ltr'><strong>igitur,</strong></span> <span class='ocrx_word' id='word_1_786' title='bbox 785 5478 925 5530; x_wconf 89' lang='lat' dir='ltr'><strong>nulla</strong></span> <span class='ocrx_word' id='word_1_787' title='bbox 947 5476 977 5531; x_wconf 85' lang='lat' dir='ltr'><strong>e</strong></span> <span class='ocrx_word' id='word_1_788' title='bbox 1007 5486 1191 5533; x_wconf 89' lang='lat' dir='ltr'><strong>nostro</strong></span> <span class='ocrx_word' id='word_1_789' title='bbox 1220 5477 1358 5533; x_wconf 88' lang='lat' dir='ltr'><strong>facta</strong></span> <span class='ocrx_word' id='word_1_790' title='bbox 1408 5480 1699 5546; x_wconf 76' lang='lat' dir='ltr'><strong>adtlitione,</strong></span> <span class='ocrx_word' id='word_1_791' title='bbox 1730 5481 2037 5535; x_wconf 87' lang='lat' dir='ltr'><strong>emendavi-</strong></span> 
     </span>
    </p>
   </div>
   <div class='ocr_carea' id='block_1_103' title="bbox 463 5547 2037 5617">
    <p class='ocr_par' dir='ltr' id='par_1_103' title="bbox 463 5547 2037 5617">
     <span class='ocr_line' id='line_1_103' title="bbox 463 5547 2037 5617; baseline 0.004 -20"><span class='ocrx_word' id='word_1_792' title='bbox 463 5562 580 5617; x_wconf 70' lang='lat' dir='ltr'><strong>tnus</strong></span> <span class='ocrx_word' id='word_1_793' title='bbox 608 5563 673 5601; x_wconf 84' lang='lat' dir='ltr'><strong>ex</strong></span> <span class='ocrx_word' id='word_1_794' title='bbox 702 5547 936 5617; x_wconf 87' lang='lat' dir='ltr'><strong>Sulpicio</strong></span> <span class='ocrx_word' id='word_1_795' title='bbox 963 5547 1164 5602; x_wconf 84' lang='lat' dir='ltr'><strong>Severo</strong></span> <span class='ocrx_word' id='word_1_796' title='bbox 1192 5550 1623 5603; x_wconf 79' lang='lat' dir='ltr'><strong>succurrentibus</strong></span> <span class='ocrx_word' id='word_1_797' title='bbox 1671 5565 1796 5604; x_wconf 87' lang='lat' dir='ltr'><strong>mss.</strong></span> <span class='ocrx_word' id='word_1_798' title='bbox 1840 5550 2037 5604; x_wconf 89' lang='lat' dir='ltr'><strong>codici-</strong></span> 
     </span>
    </p>
   </div>
   <div class='ocr_carea' id='block_1_104' title="bbox 462 5613 2041 5689">
    <p class='ocr_par' dir='ltr' id='par_1_104' title="bbox 462 5613 2041 5689">
     <span class='ocr_line' id='line_1_104' title="bbox 462 5613 2041 5689; baseline 0.003 -22"><span class='ocrx_word' id='word_1_799' title='bbox 462 5613 584 5689; x_wconf 78' lang='lat' dir='ltr'><strong>bus,</strong></span> <span class='ocrx_word' id='word_1_800' title='bbox 639 5634 753 5689; x_wconf 70' lang='lat' dir='ltr'><strong>qua:</strong></span> <span class='ocrx_word' id='word_1_801' title='bbox 797 5613 1028 5689; x_wconf 57' lang='lat' dir='ltr'><strong>Angusta</strong></span> <span class='ocrx_word' id='word_1_802' title='bbox 1066 5634 1179 5670; x_wconf 87' lang='lat' dir='ltr'><strong>cum</strong></span> <span class='ocrx_word' id='word_1_803' title='bbox 1206 5618 1317 5687; x_wconf 81' lang='lat' dir='ltr'><strong>filio</strong></span> <span class='ocrx_word' id='word_1_804' title='bbox 1345 5619 1713 5689; x_wconf 72' lang='lat' dir='ltr'><strong>cortregitabat,</strong></span> <span class='ocrx_word' id='word_1_805' title='bbox 1742 5635 1855 5671; x_wconf 88' lang='lat' dir='ltr'><strong>eum</strong></span> <span class='ocrx_word' id='word_1_806' title='bbox 1884 5637 2041 5689; x_wconf 85' lang='lat' dir='ltr'><strong>roga-</strong></span> 
     </span>
    </p>
   </div>
   <div class='ocr_carea' id='block_1_105' title="bbox 464 5685 2035 5759">
    <p class='ocr_par' dir='ltr' id='par_1_105' title="bbox 464 5685 2035 5759">
     <span class='ocr_line' id='line_1_105' title="bbox 464 5685 2035 5759; baseline 0.004 -22"><span class='ocrx_word' id='word_1_807' title='bbox 464 5685 552 5749; x_wconf 73' lang='lat' dir='ltr'><strong>rit,</strong></span> <span class='ocrx_word' id='word_1_808' title='bbox 582 5685 684 5740; x_wconf 83' lang='lat' dir='ltr'><strong>etc.</strong></span> <span class='ocrx_word' id='word_1_809' title='bbox 719 5685 1361 5759; x_wconf 46' lang='lat' dir='ltr'><strong>Apud&#39;Sulpicium&#39;enim</strong></span> <span class='ocrx_word' id='word_1_810' title='bbox 1388 5689 1439 5742; x_wconf 90' lang='lat' dir='ltr'><strong>in</strong></span> <span class='ocrx_word' id='word_1_811' title='bbox 1471 5685 1671 5743; x_wconf 54' lang='lat' dir='ltr'><strong>ll&#39;istor.</strong></span> <span class='ocrx_word' id='word_1_812' title='bbox 1698 5705 1837 5744; x_wconf 84' lang='lat' dir='ltr'><strong>sacr.</strong></span> <span class='ocrx_word' id='word_1_813' title='bbox 1862 5685 1965 5745; x_wconf 45' lang='lat' dir='ltr'><strong>lib?</strong></span> <span class='ocrx_word' id='word_1_814' title='bbox 1980 5706 2035 5756; x_wconf 85' lang='grc' dir='ltr'><strong>ιι,</strong></span> 
     </span>
    </p>
   </div>
   <div class='ocr_carea' id='block_1_106' title="bbox 2149 4578 3736 4651">
    <p class='ocr_par' dir='ltr' id='par_1_106' title="bbox 2149 4578 3736 4651">
     <span class='ocr_line' id='line_1_106' title="bbox 2149 4578 3736 4651; baseline 0 -18"><span class='ocrx_word' id='word_1_815' title='bbox 2149 4596 2266 4641; x_wconf 61' lang='lat' dir='ltr'><strong>qua</strong></span> <span class='ocrx_word' id='word_1_816' title='bbox 2298 4596 2532 4635; x_wconf 73' lang='lat' dir='ltr'><strong>sucusu</strong></span> <span class='ocrx_word' id='word_1_817' title='bbox 2563 4595 2668 4633; x_wconf 81' lang='lat' dir='ltr'><strong>cun</strong></span> <span class='ocrx_word' id='word_1_818' title='bbox 2694 4596 2831 4634; x_wconf 80' lang='lat' dir='ltr'><strong>FILIO</strong></span> <span class='ocrx_word' id='word_1_819' title='bbox 2860 4578 3402 4651; x_wconf 22' lang='lat' dir='ltr'><strong>conascmenﬂcum</strong></span> <span class='ocrx_word' id='word_1_820' title='bbox 3426 4578 3736 4651; x_wconf 54' lang='lat' dir='ltr'><strong>Hierosoly-</strong></span> 
     </span>
    </p>
   </div>
   <div class='ocr_carea' id='block_1_107' title="bbox 2152 4647 3737 4721">
    <p class='ocr_par' dir='ltr' id='par_1_107' title="bbox 2152 4647 3737 4721">
     <span class='ocr_line' id='line_1_107' title="bbox 2152 4647 3737 4721; baseline 0.003 -20"><span class='ocrx_word' id='word_1_821' title='bbox 2152 4666 2288 4721; x_wconf 67' lang='lat' dir='ltr'><strong>mam</strong></span> <span class='ocrx_word' id='word_1_822' title='bbox 2337 4651 3053 4721; x_wconf 4' lang='lat' dir='ltr'><strong>agnosceregconcupisceret,</strong></span> <span class='ocrx_word' id='word_1_823' title='bbox 3114 4657 3229 4721; x_wconf 75' lang='lat' dir='ltr'><strong>etc.</strong></span> <span class='ocrx_word' id='word_1_824' title='bbox 3270 4647 3324 4701; x_wconf 94' lang='lat' dir='ltr'><strong>ln</strong></span> <span class='ocrx_word' id='word_1_825' title='bbox 3355 4664 3483 4721; x_wconf 68' lang='lat' dir='ltr'><strong>mss.</strong></span> <span class='ocrx_word' id='word_1_826' title='bbox 3517 4648 3653 4716; x_wconf 83' lang='lat' dir='ltr'><strong>Reg.</strong></span> <span class='ocrx_word' id='word_1_827' title='bbox 3676 4647 3737 4705; x_wconf 73' lang='lat' dir='ltr'><strong>et</strong></span> 
     </span>
    </p>
   </div>
   <div class='ocr_carea' id='block_1_108' title="bbox 2154 4710 3735 4784">
    <p class='ocr_par' dir='ltr' id='par_1_108' title="bbox 2154 4710 3735 4784">
     <span class='ocr_line' id='line_1_108' title="bbox 2154 4710 3735 4784; baseline 0.003 -14"><span class='ocrx_word' id='word_1_828' title='bbox 2154 4716 2317 4773; x_wconf 87' lang='lat' dir='ltr'><strong>Vatic.</strong></span> <span class='ocrx_word' id='word_1_829' title='bbox 2354 4710 2408 4773; x_wconf 49' lang='lat' dir='ltr'><strong>e&#39;t</strong></span> <span class='ocrx_word' id='word_1_830' title='bbox 2436 4720 2489 4772; x_wconf 90' lang='lat' dir='ltr'><strong>in</strong></span> <span class='ocrx_word' id='word_1_831' title='bbox 2520 4719 2697 4784; x_wconf 90' lang='lat' dir='ltr'><strong>editis,</strong></span> <span class='ocrx_word' id='word_1_832' title='bbox 2721 4710 3118 4781; x_wconf 49' lang='lat' dir='ltr'><strong>consecutae”,</strong></span> <span class='ocrx_word' id='word_1_833' title='bbox 3143 4726 3199 4773; x_wconf 90' lang='lat' dir='ltr'><strong>et</strong></span> <span class='ocrx_word' id='word_1_834' title='bbox 3222 4720 3271 4772; x_wconf 87' lang='lat' dir='ltr'><strong>in</strong></span> <span class='ocrx_word' id='word_1_835' title='bbox 3302 4733 3401 4771; x_wconf 90' lang='lat' dir='ltr'><strong>ms.</strong></span> <span class='ocrx_word' id='word_1_836' title='bbox 3421 4710 3735 4782; x_wconf 50' lang='lat' dir='ltr'><strong>Vien.,&#39;suu</strong></span> 
     </span>
    </p>
   </div>
   <div class='ocr_carea' id='block_1_109' title="bbox 2150 4786 3729 4909">
    <p class='ocr_par' dir='ltr' id='par_1_109' title="bbox 2150 4786 3729 4909">
     <span class='ocr_line' id='line_1_109' title="bbox 2150 4786 3729 4909; baseline 0.002 -68"><span class='ocrx_word' id='word_1_837' title='bbox 2150 4802 2397 4909; x_wconf 71' lang='lat' dir='ltr'><strong>ROtlllAVlT.</strong></span> <span class='ocrx_word' id='word_1_838' title='bbox 2431 4790 2567 4843; x_wconf 86' lang='lat' dir='ltr'><strong>Ante</strong></span> <span class='ocrx_word' id='word_1_839' title='bbox 2590 4797 2725 4856; x_wconf 84' lang='lat' dir='ltr'><strong>erat,</strong></span> <span class='ocrx_word' id='word_1_840' title='bbox 2757 4790 2979 4853; x_wconf 86' lang='lat' dir='ltr'><strong>nomine,</strong></span> <span class='ocrx_word' id='word_1_841' title='bbox 3005 4787 3354 4859; x_wconf 84' lang='lat' dir='ltr'><strong>conregnabat</strong></span> <span class='ocrx_word' id='word_1_842' title='bbox 3377 4796 3429 4839; x_wconf 88' lang='lat' dir='ltr'><strong>ut</strong></span> <span class='ocrx_word' id='word_1_843' title='bbox 3453 4786 3570 4853; x_wconf 83' lang='lat' dir='ltr'><strong>sibi,</strong></span> <span class='ocrx_word' id='word_1_844' title='bbox 3598 4801 3729 4856; x_wconf 85' lang='lat' dir='ltr'><strong>etc.,</strong></span> 
     </span>
     <span class='ocr_line' id='line_1_110' title="bbox 2150 4872 2503 4909; baseline 0 0"><span class='ocrx_word' id='word_1_845' title='bbox 2150 4872 2219 4909; x_wconf 87' lang='lat' dir='ltr'><strong>nu</strong></span> <span class='ocrx_word' id='word_1_846' title='bbox 2263 4873 2297 4909; x_wconf 94' lang='lat' dir='ltr'><strong>o</strong></span> <span class='ocrx_word' id='word_1_847' title='bbox 2325 4874 2503 4909; x_wconf 90' lang='lat' dir='ltr'><strong>sensu.</strong></span> 
     </span>
    </p>
   </div>
   <div class='ocr_carea' id='block_1_110' title="bbox 2150 4860 2503 4912">
    <p class='ocr_par' dir='ltr' id='par_1_110' title="bbox 2150 4860 2503 4912">
     <span class='ocr_line' id='line_1_111' title="bbox 2150 4860 2503 4912; baseline 0.003 -3"><span class='ocrx_word' id='word_1_848' title='bbox 2150 4860 2297 4911; x_wconf 90' lang='lat' dir='ltr'><strong>nullo</strong></span> <span class='ocrx_word' id='word_1_849' title='bbox 2325 4874 2503 4912; x_wconf 89' lang='lat' dir='ltr'><strong>sensu.</strong></span> 
     </span>
    </p>
   </div>
   <div class='ocr_carea' id='block_1_111' title="bbox 2228 4926 3734 4997">
    <p class='ocr_par' dir='ltr' id='par_1_111' title="bbox 2228 4926 3734 4997">
     <span class='ocr_line' id='line_1_112' title="bbox 2228 4926 3734 4997; baseline 0.001 -17"><span class='ocrx_word' id='word_1_850' title='bbox 2228 4928 2298 4997; x_wconf 91' lang='lat' dir='ltr'><strong>(e)</strong></span> <span class='ocrx_word' id='word_1_851' title='bbox 2328 4927 2425 4982; x_wconf 88' lang='lat' dir='ltr'><strong>Ms.</strong></span> <span class='ocrx_word' id='word_1_852' title='bbox 2461 4926 2616 4981; x_wconf 89' lang='lat' dir='ltr'><strong>Vien.</strong></span> <span class='ocrx_word' id='word_1_853' title='bbox 2644 4928 3000 4997; x_wconf 74' lang='lat' dir='ltr'><strong>pavimentqu</strong></span> <span class='ocrx_word' id='word_1_854' title='bbox 3048 4926 3157 4997; x_wconf 83' lang='lat' dir='ltr'><strong>Sed</strong></span> <span class='ocrx_word' id='word_1_855' title='bbox 3184 4928 3370 4996; x_wconf 73' lang='lat' dir='ltr'><strong>periri,</strong></span> <span class='ocrx_word' id='word_1_856' title='bbox 3401 4943 3525 4982; x_wconf 92' lang='lat' dir='ltr'><strong>vera</strong></span> <span class='ocrx_word' id='word_1_857' title='bbox 3550 4928 3734 4995; x_wconf 89' lang='lat' dir='ltr'><strong>lectio,</strong></span> 
     </span>
    </p>
   </div>
   <div class='ocr_carea' id='block_1_112' title="bbox 2148 4995 3733 5066">
    <p class='ocr_par' dir='ltr' id='par_1_112' title="bbox 2148 4995 3733 5066">
     <span class='ocr_line' id='line_1_113' title="bbox 2148 4995 3733 5066; baseline -0.001 -15"><span class='ocrx_word' id='word_1_858' title='bbox 2148 4995 2826 5066; x_wconf 23' lang='lat' dir='ltr'><strong>qum’confirmatur&#39;carm.</strong></span> <span class='ocrx_word' id='word_1_859' title='bbox 2860 4995 2948 5059; x_wconf 83' lang='lat'><strong>25,</strong></span> <span class='ocrx_word' id='word_1_860' title='bbox 2982 5014 3031 5050; x_wconf 92' lang='lat' dir='ltr'><strong>v.</strong></span> <span class='ocrx_word' id='word_1_861' title='bbox 3067 4995 3249 5066; x_wconf 49' lang='lat'><strong>40.3...</strong></span> <span class='ocrx_word' id='word_1_862' title='bbox 3283 4999 3451 5051; x_wconf 83' lang='lat' dir='ltr'><strong>medio</strong></span> <span class='ocrx_word' id='word_1_863' title='bbox 3500 5000 3733 5066; x_wconf 86' lang='lat' dir='ltr'><strong>spatiosa</strong></span> 
     </span>
    </p>
   </div>
   <div class='ocr_carea' id='block_1_113' title="bbox 2144 5064 3733 5136">
    <p class='ocr_par' dir='ltr' id='par_1_113' title="bbox 2144 5064 3733 5136">
     <span class='ocr_line' id='line_1_114' title="bbox 2144 5064 3733 5136; baseline 0 -17"><span class='ocrx_word' id='word_1_864' title='bbox 2144 5064 2335 5136; x_wconf 80' lang='lat' dir='ltr'><strong>pavito.</strong></span> <span class='ocrx_word' id='word_1_865' title='bbox 2392 5067 2465 5119; x_wconf 93' lang='lat' dir='ltr'><strong>De</strong></span> <span class='ocrx_word' id='word_1_866' title='bbox 2518 5064 2713 5136; x_wconf 79' lang='lat' dir='ltr'><strong>Christi</strong></span> <span class='ocrx_word' id='word_1_867' title='bbox 2759 5067 3094 5136; x_wconf 83' lang='lat' dir='ltr'><strong>vestigiisiu</strong></span> <span class='ocrx_word' id='word_1_868' title='bbox 3145 5065 3336 5136; x_wconf 80' lang='lat' dir='ltr'><strong>Oliveti</strong></span> <span class='ocrx_word' id='word_1_869' title='bbox 3361 5064 3544 5121; x_wconf 85' lang='lat' dir='ltr'><strong>monte</strong></span> <span class='ocrx_word' id='word_1_870' title='bbox 3570 5068 3733 5119; x_wconf 87' lang='lat' dir='ltr'><strong>humo</strong></span> 
     </span>
    </p>
   </div>
   <div class='ocr_carea' id='block_1_114' title="bbox 2147 5134 3731 5204">
    <p class='ocr_par' dir='ltr' id='par_1_114' title="bbox 2147 5134 3731 5204">
     <span class='ocr_line' id='line_1_115' title="bbox 2147 5134 3731 5204; baseline 0.001 -16"><span class='ocrx_word' id='word_1_871' title='bbox 2147 5134 2420 5204; x_wconf 88' lang='lat' dir='ltr'><strong>impressis</strong></span> <span class='ocrx_word' id='word_1_872' title='bbox 2442 5136 2644 5188; x_wconf 89' lang='lat' dir='ltr'><strong>mentio</strong></span> <span class='ocrx_word' id='word_1_873' title='bbox 2671 5134 2728 5188; x_wconf 89' lang='lat' dir='ltr'><strong>fit</strong></span> <span class='ocrx_word' id='word_1_874' title='bbox 2747 5136 2909 5189; x_wconf 91' lang='lat' dir='ltr'><strong>etiam</strong></span> <span class='ocrx_word' id='word_1_875' title='bbox 2936 5137 2987 5188; x_wconf 90' lang='lat' dir='ltr'><strong>in</strong></span> <span class='ocrx_word' id='word_1_876' title='bbox 3019 5135 3155 5189; x_wconf 88' lang='lat' dir='ltr'><strong>libro</strong></span> <span class='ocrx_word' id='word_1_877' title='bbox 3174 5136 3243 5189; x_wconf 91' lang='lat' dir='ltr'><strong>de</strong></span> <span class='ocrx_word' id='word_1_878' title='bbox 3273 5134 3428 5189; x_wconf 89' lang='lat' dir='ltr'><strong>Locis</strong></span> <span class='ocrx_word' id='word_1_879' title='bbox 3451 5136 3731 5190; x_wconf 83' lang='lat' dir='ltr'><strong>liebrait-is</strong></span> 
     </span>
    </p>
   </div>
   <div class='ocr_carea' id='block_1_115' title="bbox 2146 5204 3729 5273">
    <p class='ocr_par' dir='ltr' id='par_1_115' title="bbox 2146 5204 3729 5273">
     <span class='ocr_line' id='line_1_116' title="bbox 2146 5204 3729 5273; baseline 0.001 -16"><span class='ocrx_word' id='word_1_880' title='bbox 2146 5205 2285 5258; x_wconf 88' lang='lat' dir='ltr'><strong>inter</strong></span> <span class='ocrx_word' id='word_1_881' title='bbox 2332 5204 2637 5273; x_wconf 83' lang='lat' dir='ltr'><strong>Hieronymi</strong></span> <span class='ocrx_word' id='word_1_882' title='bbox 2691 5220 2891 5272; x_wconf 90' lang='lat' dir='ltr'><strong>opera;</strong></span> <span class='ocrx_word' id='word_1_883' title='bbox 2931 5205 3069 5273; x_wconf 87' lang='lat' dir='ltr'><strong>apud</strong></span> <span class='ocrx_word' id='word_1_884' title='bbox 3100 5206 3452 5272; x_wconf 77' lang='lat' dir='ltr'><strong>Augustinum</strong></span> <span class='ocrx_word' id='word_1_885' title='bbox 3493 5214 3729 5259; x_wconf 85' lang='lat' dir='ltr'><strong>tractatu</strong></span> 
     </span>
    </p>
   </div>
   <div class='ocr_carea' id='block_1_116' title="bbox 2146 5262 3727 5344">
    <p class='ocr_par' dir='ltr' id='par_1_116' title="bbox 2146 5262 3727 5344">
     <span class='ocr_line' id='line_1_117' title="bbox 2146 5262 3727 5344; baseline 0.001 -19"><span class='ocrx_word' id='word_1_886' title='bbox 2146 5273 2212 5344; x_wconf 53' lang='grc' dir='ltr'><em>ᾧ]</em></span> <span class='ocrx_word' id='word_1_887' title='bbox 2244 5276 2293 5327; x_wconf 91' lang='lat' dir='ltr'><strong>in</strong></span> <span class='ocrx_word' id='word_1_888' title='bbox 2317 5290 2433 5341; x_wconf 87' lang='lat' dir='ltr'><strong>cap.</strong></span> <span class='ocrx_word' id='word_1_889' title='bbox 2460 5289 2492 5325; x_wconf 73' lang='grc' dir='ltr'>ι</span> <span class='ocrx_word' id='word_1_890' title='bbox 2521 5262 2743 5344; x_wconf 40' lang='lat' dir='ltr'><strong>Johann-</strong></span> <span class='ocrx_word' id='word_1_891' title='bbox 2765 5290 2817 5326; x_wconf 92' lang='lat' dir='ltr'><strong>n.</strong></span> <span class='ocrx_word' id='word_1_892' title='bbox 2853 5262 2915 5337; x_wconf 43' lang='lat'><strong>4&#39;;</strong></span> <span class='ocrx_word' id='word_1_893' title='bbox 2941 5262 3079 5342; x_wconf 57' lang='lat' dir='ltr'><strong>a&#39;pud</strong></span> <span class='ocrx_word' id='word_1_894' title='bbox 3128 5262 3419 5344; x_wconf 66' lang='grc' dir='ltr'><strong>διηρίεὶιιιη</strong></span> <span class='ocrx_word' id='word_1_895' title='bbox 3470 5274 3727 5328; x_wconf 86' lang='lat' dir='ltr'><strong>Severum</strong></span> 
     </span>
    </p>
   </div>
   <div class='ocr_carea' id='block_1_117' title="bbox 2146 5342 3723 5412">
    <p class='ocr_par' dir='ltr' id='par_1_117' title="bbox 2146 5342 3723 5412">
     <span class='ocr_line' id='line_1_118' title="bbox 2146 5342 3723 5412; baseline 0.002 -17"><span class='ocrx_word' id='word_1_896' title='bbox 2146 5342 2344 5398; x_wconf 88' lang='lat' dir='ltr'><strong>llistor.</strong></span> <span class='ocrx_word' id='word_1_897' title='bbox 2394 5357 2532 5395; x_wconf 88' lang='lat' dir='ltr'><strong>sacr.</strong></span> <span class='ocrx_word' id='word_1_898' title='bbox 2561 5342 2652 5395; x_wconf 84' lang='lat' dir='ltr'><strong>lib.</strong></span> <span class='ocrx_word' id='word_1_899' title='bbox 2687 5358 2741 5405; x_wconf 86' lang='grc' dir='ltr'>η,</span> <span class='ocrx_word' id='word_1_900' title='bbox 2774 5360 2893 5412; x_wconf 89' lang='lat' dir='ltr'><strong>cap.</strong></span> <span class='ocrx_word' id='word_1_901' title='bbox 2915 5344 3013 5407; x_wconf 76' lang='grc'><strong>48,</strong></span> <span class='ocrx_word' id='word_1_902' title='bbox 3038 5352 3093 5397; x_wconf 90' lang='lat' dir='ltr'><strong>et</strong></span> <span class='ocrx_word' id='word_1_903' title='bbox 3120 5342 3260 5411; x_wconf 84' lang='lat' dir='ltr'><strong>apud</strong></span> <span class='ocrx_word' id='word_1_904' title='bbox 3296 5344 3494 5397; x_wconf 88' lang='lat' dir='ltr'><strong>Bedam</strong></span> <span class='ocrx_word' id='word_1_905' title='bbox 3518 5344 3586 5398; x_wconf 91' lang='lat' dir='ltr'><strong>de</strong></span> <span class='ocrx_word' id='word_1_906' title='bbox 3615 5344 3723 5398; x_wconf 59' lang='lat' dir='ltr'><strong>Ro—</strong></span> 
     </span>
    </p>
   </div>
   <div class='ocr_carea' id='block_1_118' title="bbox 2144 5412 3523 5481">
    <p class='ocr_par' dir='ltr' id='par_1_118' title="bbox 2144 5412 3523 5481">
     <span class='ocr_line' id='line_1_119' title="bbox 2144 5412 3523 5481; baseline 0.001 -17"><span class='ocrx_word' id='word_1_907' title='bbox 2144 5413 2376 5465; x_wconf 86' lang='lat' dir='ltr'><strong>minibus</strong></span> <span class='ocrx_word' id='word_1_908' title='bbox 2406 5412 2641 5481; x_wconf 85' lang='lat' dir='ltr'><strong>locorum</strong></span> <span class='ocrx_word' id='word_1_909' title='bbox 2667 5412 2716 5464; x_wconf 92' lang='lat' dir='ltr'><strong>in</strong></span> <span class='ocrx_word' id='word_1_910' title='bbox 2748 5414 2894 5467; x_wconf 83' lang='lat' dir='ltr'><strong>Actis</strong></span> <span class='ocrx_word' id='word_1_911' title='bbox 2915 5413 3281 5479; x_wconf 84' lang='lat' dir='ltr'><strong>apostolorum</strong></span> <span class='ocrx_word' id='word_1_912' title='bbox 3306 5430 3422 5481; x_wconf 81' lang='lat' dir='ltr'><strong>cap.</strong></span> <span class='ocrx_word' id='word_1_913' title='bbox 3452 5429 3523 5467; x_wconf 85' lang='lat' dir='ltr'><strong>vn</strong></span> 
     </span>
    </p>
   </div>
   <div class='ocr_carea' id='block_1_119' title="bbox 2214 5480 3365 5553">
    <p class='ocr_par' dir='ltr' id='par_1_119' title="bbox 2214 5480 3365 5553">
     <span class='ocr_line' id='line_1_120' title="bbox 2214 5480 3365 5553; baseline 0.002 -19"><span class='ocrx_word' id='word_1_914' title='bbox 2214 5486 2280 5553; x_wconf 66' lang='grc' dir='ltr'><strong>(ῃ</strong></span> <span class='ocrx_word' id='word_1_915' title='bbox 2312 5481 2407 5553; x_wconf 61' lang='lat' dir='ltr'><strong>Ms.</strong></span> <span class='ocrx_word' id='word_1_916' title='bbox 2436 5480 2619 5553; x_wconf 82' lang='lat' dir='ltr'><strong>codex_</strong></span> <span class='ocrx_word' id='word_1_917' title='bbox 2639 5480 2951 5553; x_wconf 80' lang='lat' dir='ltr'><strong>Viennensis</strong></span> <span class='ocrx_word' id='word_1_918' title='bbox 2975 5482 3123 5533; x_wconf 90' lang='lat' dir='ltr'><strong>addit</strong></span> <span class='ocrx_word' id='word_1_919' title='bbox 3150 5484 3203 5553; x_wconf 70' lang='lat' dir='ltr'><strong>in</strong></span> <span class='ocrx_word' id='word_1_920' title='bbox 3233 5485 3365 5536; x_wconf 79' lang='lat' dir='ltr'><strong>loco.</strong></span> 
     </span>
    </p>
   </div>
   <div class='ocr_carea' id='block_1_120' title="bbox 2210 5550 3725 5617">
    <p class='ocr_par' dir='ltr' id='par_1_120' title="bbox 2210 5550 3725 5617">
     <span class='ocr_line' id='line_1_121' title="bbox 2210 5550 3725 5617; baseline 0 -13"><span class='ocrx_word' id='word_1_921' title='bbox 2210 5550 2285 5617; x_wconf 62' lang='lat' dir='ltr'><strong>to&quot;</strong></span> <span class='ocrx_word' id='word_1_922' title='bbox 2317 5551 2407 5604; x_wconf 90' lang='lat' dir='ltr'><strong>Sic</strong></span> <span class='ocrx_word' id='word_1_923' title='bbox 2433 5550 2833 5606; x_wconf 86' lang='lat' dir='ltr'><strong>emendavimus</strong></span> <span class='ocrx_word' id='word_1_924' title='bbox 2875 5566 2939 5605; x_wconf 77' lang='lat' dir='ltr'><strong>ex</strong></span> <span class='ocrx_word' id='word_1_925' title='bbox 2991 5566 3116 5604; x_wconf 89' lang='lat' dir='ltr'><strong>mss.</strong></span> <span class='ocrx_word' id='word_1_926' title='bbox 3155 5551 3284 5615; x_wconf 75' lang='lat' dir='ltr'><strong>Reg.</strong></span> <span class='ocrx_word' id='word_1_927' title='bbox 3313 5563 3368 5606; x_wconf 88' lang='lat' dir='ltr'><strong>et</strong></span> <span class='ocrx_word' id='word_1_928' title='bbox 3396 5550 3550 5605; x_wconf 83' lang='lat' dir='ltr'><strong>Vien.</strong></span> <span class='ocrx_word' id='word_1_929' title='bbox 3586 5550 3725 5605; x_wconf 83' lang='lat' dir='ltr'><strong>Ante</strong></span> 
     </span>
    </p>
   </div>
   <div class='ocr_carea' id='block_1_121' title="bbox 2140 5618 3224 5687">
    <p class='ocr_par' dir='ltr' id='par_1_121' title="bbox 2140 5618 3224 5687">
     <span class='ocr_line' id='line_1_122' title="bbox 2140 5618 3224 5687; baseline 0.001 -16"><span class='ocrx_word' id='word_1_930' title='bbox 2140 5631 2255 5673; x_wconf 86' lang='lat' dir='ltr'><strong>erat</strong></span> <span class='ocrx_word' id='word_1_931' title='bbox 2286 5623 2410 5674; x_wconf 78' lang='lat' dir='ltr'><strong>illis.</strong></span> <span class='ocrx_word' id='word_1_932' title='bbox 2438 5618 2567 5673; x_wconf 83' lang='lat' dir='ltr'><strong>Vide</strong></span> <span class='ocrx_word' id='word_1_933' title='bbox 2597 5636 2652 5672; x_wconf 92' lang='lat' dir='ltr'><strong>n.</strong></span> <span class='ocrx_word' id='word_1_934' title='bbox 2683 5619 2735 5687; x_wconf 71' lang='grc'>4,</span> <span class='ocrx_word' id='word_1_935' title='bbox 2758 5630 2940 5675; x_wconf 86' lang='lat' dir='ltr'><strong>cuncta</strong></span> <span class='ocrx_word' id='word_1_936' title='bbox 2962 5621 3067 5673; x_wconf 86' lang='lat' dir='ltr'><strong>illic</strong></span> <span class='ocrx_word' id='word_1_937' title='bbox 3091 5621 3224 5673; x_wconf 81' lang='lat' dir='ltr'><strong>loca.</strong></span> 
     </span>
    </p>
   </div>
  </div>
