3966 6184
238 340 239 343 γ
325 270 430 327 seu

1670 282 1993 342 EPISTOLA
2034 286 2231 343 XXXII.

3447 307 3555 362 333

324 380 463 437 brevi
490 378 731 437 laborem
769 380 922 454 193
960 382 1112 440 istius
1133 385 1421 443 molitionis
1440 383 1643 457 hausit;
1674 402 1729 448 et
1748 410 1879 450 con-
1908 404 1959 459 Α
1985 411 2196 467 semper
2211 406 2321 454 tota
2336 404 2725 460 venerantibus.
2752 406 2855 462 Sed
2872 408 3022 464 istam
3053 410 3423 481 imputribilem
3446 418 3553 472 vir.

314 473 396 525 tra
422 486 576 542 spem
610 471 869 539 omnium,
900 475 997 530 sed
1026 477 1324 533 secundum
1357 480 1523 550 ipsius
1551 491 1756 539 tantum
1795 503 1881 542 re-

314 563 449 628 ginae
478 561 670 629 fidem,
700 563 808 617 alta
837 566 1115 631 egestione
1151 570 1403 624 reseratis
1449 578 1604 626 terra:
1656 576 1877 643 sinibus,

313 650 500 705 abditae
521 653 695 707 erucis
723 668 916 709 arcana
941 664 1244 724 patuerunt.
1267 658 1375 715 Sed
1400 676 1521 716 cum
1549 673 1655 719 tres
1681 668 1882 735 pariter

312 757 514 803 cruces,
534 751 593 796 ut
620 744 890 812 quondam
921 746 1037 800 lixa:
1064 746 1289 805 Domino
1317 758 1372 805 et
1392 751 1684 810 latronibus
1712 765 1877 812 stete-

314 840 453 897 rant,
479 842 705 902 repertaa
730 832 989 901 fuissent;
1022 839 1305 905 gratulatio
1343 852 1674 912 repertarum
1716 849 1879 917 cuspit

305 925 465 977 anxia
495 924 827 980 dubitatione
874 929 1147 995 confundi,
1168 929 1315 999 justo
1362 934 1571 1002 piorum
1610 945 1776 999 metu,
1808 953 1875 993 ne

302 1013 534 1070 forsitan
582 1023 676 1070 aut
718 1033 817 1086 pro
855 1033 1013 1073 cruce
1059 1020 1270 1076 Domini
1306 1025 1599 1092 patibulum
1653 1028 1874 1085 latronis

301 1104 582 1172 eligerent,
610 1116 702 1160 aut
722 1108 956 1163 salutare
976 1109 1179 1177 lignum
1206 1128 1303 1181 pro
1331 1114 1510 1183 stipite
1536 1115 1759 1172 latronis
1779 1119 1872 1173 ab-

298 1193 529 1265 jiciendo
556 1197 839 1252 violarent.
866 1198 1122 1269 Respexit
1148 1202 1262 1271 pias
1284 1201 1511 1259 ﬁdeliter
1534 1208 1870 1262 :cstuantium

298 1301 455 1342 curas
493 1286 749 1343 Dominus
775 1331 789 1356 ,
818 1297 874 1343 et
927 1290 1026 1360 ipsi
1072 1293 1404 1361 potissimum
1450 1310 1569 1364 quso
1618 1305 1728 1352 tam
1771 1300 1870 1368 pia:

297 1378 674 1433 sollicitudinis
720 1381 970 1451 princeps
1006 1391 1123 1436 erat
1162 1383 1319 1452 hujus
1345 1388 1550 1441 consilii
1579 1388 1757 1445 lumen
1787 1391 1868 1445 in-

299 1466 452 1533 fudit,
482 1480 543 1525 ut
570 1472 800 1541 aliquem
850 1488 1039 1528 recens
1082 1484 1348 1531 mortuum
1376 1479 1570 1548 inquiri
1594 1488 1649 1536 et
1685 1480 1866 1538 inferri

292 1559 523 1630 juberet.
556 1561 665 1617 Nec
690 1578 863 1631 mora,
890 1566 1112 1623 verbum
1139 1564 1334 1622 factum
1367 1586 1380 1622 :
1412 1569 1644 1627 cadaver
1662 1572 1865 1628 illatum

292 1663 404 1717 est;
438 1653 745 1722 deponitur,
791 1653 993 1723 jacenti
1033 1670 1135 1710 una
1163 1657 1230 1711 de
1254 1660 1501 1715 crucibus
1526 1662 1859 1731 admovetur,

1983 495 2151 541 tutem
2190 498 2245 543 et
2287 490 2638 549 indetribilem
2683 497 3004 554 soliditatem
3044 502 3111 556 de
3137 504 3273 559 illius
3302 508 3540 575 profecto

1981 577 2155 632 carnis
2193 582 2447 646 sanguine
2488 584 2638 649 bibit,
2680 602 2797 656 qua:
2823 604 2978 659 passa
3017 601 3242 647 mortem
3271 612 3375 652 non
3415 600 3546 654 vidit

1979 671 2372 738 corruptionem
2392 671 2440 728 ιι.
2471 673 2757 744 Speramus
2782 688 2956 734 autem
2985 692 3040 737 et
3061 684 3209 739 vobis
3235 702 3340 740 non
3370 689 3545 745 solum

1976 760 2361 818 benedictionis
2382 768 2725 834 monimento,
2748 771 2841 825 sed
2870 781 2923 825 et
2951 774 3361 844 ineorruptionis
3382 784 3543 835 semi-

1977 853 2127 908 nario
2158 854 2234 924 (d)
2276 855 2527 919 futurum,
2561 866 2619 913 ut
2662 860 2778 930 ejus
2823 862 3079 932 inspectio
3108 863 3263 921 ﬁdem
3310 879 3540 925 vestram

1975 945 2133 998 etiam
2163 947 2230 1001 de
2253 950 2623 1006 recordatione
2652 954 2794 1007 beati
2814 955 2953 1011 illius
2976 957 3196 1013 latronis
3221 963 3541 1027 accendat“,

1973 1034 2063 1103 qui
2090 1036 2227 1090 bene
2247 1054 2399 1093 verso
2420 1039 2716 1106 latrocinio,
2746 1043 2931 1111 longas
2958 1046 3010 1100 in
3039 1050 3242 1117 magnis
3271 1051 3541 1108 laboribus

1972 1132 2278 1181 sanctorum
2306 1129 2419 1183 vias
2446 1130 2514 1184 de
2532 1135 2785 1187 momenti
2815 1134 2915 1190 fide
2953 1146 3008 1192 et
3033 1150 3302 1197 momento
3331 1144 3540 1200 confes-

1969 1214 2133 1269 sionis
2161 1218 2471 1289 anticipans,
2501 1238 2607 1277 non
2648 1224 2912 1281 immerito
2942 1239 3066 1284 ante
3094 1232 3238 1301 ipsos
3266 1237 3537 1304 apostolos

1970 1314 2025 1359 et
2045 1318 2305 1378 martyres
2323 1324 2670 1382 prceparalum
2690 1317 2813 1386 ipsis
2835 1318 2898 1370 ab
2918 1320 3084 1386 initio,
3104 1334 3158 1376 ut
3176 1325 3268 1387 ait,
3288 1326 3535 1397 regnumd

1965 1396 2167 1464 primus
2221 1399 2430 1466 invasit,
2483 1411 2539 1457 et
2582 1407 2703 1474 plus
2753 1409 2873 1464 εαξιί
2927 1413 3106 1480 praedo
3149 1396 3386 1486 diripuit,
3411 1422 3533 1489 quia

1965 1485 2230 1543 Christum
2278 1492 2587 1550 cruciﬁxum
2620 1497 2963 1557 similitudine
3006 1517 3115 1558 sum
3154 1485 3324 1576 poenae
3350 1485 3533 1568 videns

1964 1577 2019 1631 in
2045 1593 2113 1633 eo
2140 1588 2301 1644 statu,
2332 1584 2398 1639 de
2426 1600 2532 1654 quo
2560 1588 2721 1643 etiam
2748 1591 3127 1663 discipulorum
3157 1598 3285 1655 ﬁdes
3322 1604 3529 1659 turbata

1966 1678 2264 1738 nutaverat,
2296 1673 2578 1732 Dominum
2607 1688 2784 1736 tamen
2813 1684 3124 1752 majestatis,
3157 1698 3214 1745 ut
3239 1701 3374 1758 erat,
3402 1711 3530 1749 eon-

288 1752 343 1797 et
384 1743 557 1797 altera
590 1761 603 1795 :
635 1746 729 1797 sed
767 1744 842 1813 (a)
873 1758 1087 1799 reorum
1134 1746 1274 1814 ligna
1321 1764 1466 1804 mors
1500 1753 1717 1820 Sprevit.
1752 1751 1859 1807 Po-
1892 1758 1934 1816 Β
1962 1757 2131 1815 fessus
2158 1773 2267 1828 est;
2301 1775 2353 1819 et
2390 1776 2575 1836 petens
2613 1771 2666 1826 in
2706 1787 2871 1841 regno
2896 1743 3005 1831 'Dei
3033 1780 3074 1811 ι’
3103 1743 3410 1839 memoriam
3448 1803 3527 1842 su.

292 1844 493 1891 stremo
522 1835 843 1889 dominicam
890 1850 1101 1890 crucem
1136 1838 1312 1906 prodit
1337 1844 1679 1910 resurrectio,
1709 1851 1765 1898 et
1791 1845 1857 1900 ad

287 1926 533 1981 salutaris
560 1925 689 1994 ligni
718 1934 913 1981 tactum
936 1936 1109 1981 morte
1139 1928 1357 1999 profuga
1388 1932 1541 1987 funus
1575 1935 1650 1995 (id
1675 1945 1751 1990 est
1777 1952 1863 1993 ca-

286 2015 467 2081 daver,
493 2014 573 2069 vel
592 2024 839 2077 mortuus
865 2017 1128 2071 excitatus
1148 2021 1247 2086 est)
1264 2035 1565 2086 excussum,
1583 2031 1637 2078 et
1663 2040 1858 2094 corpus

291 2114 525 2162 erectum
572 2113 692 2172 est;
723 2107 1154 2177 tremefactisque
1193 2110 1492 2167 viventibus
1517 2116 1667 2169 stetit
1710 2132 1854 2171 mor-

292 2204 432 2263 tuus;
463 2205 522 2252 et
568 2195 897 2263 funebribus,
942 2208 999 2253 ut
1033 2198 1264 2255 Lazarus
1299 2204 1586 2271 quondam,
1633 2206 1855 2261 vinculis

289 2288 583 2358 expeditus,
604 2287 747 2344 illico
770 2289 909 2344 inter
924 2289 997 2360 (ὁ)
1020 2300 1417 2361 exspectatores
1436 2308 1563 2352 suos
1588 2296 1854 2354 redivivus

287 2378 503 2433 incessit
533 2391 581 2433 σι.

343 2468 398 2522 6.
439 2468 580 2539 Ergo
608 2485 738 2524 crux
768 2470 973 2526 Domini
1022 2480 1102 2529 tot
1137 2483 1323 2544 operta
1351 2477 1595 2535 mtatibus
1615 2520 1631 2545 ,
1662 2489 1719 2535 et
1752 2481 1848 2537 Ju-

277 2557 402 2614 dais
431 2560 486 2614 in
532 2567 774 2630 tempore
801 2563 1064 2631 passionis
1098 2566 1442 2633 abscondita,
1473 2584 1647 2639 neque
1674 2574 1849 2640 genti-

275 2649 373 2704 bus
402 2650 458 2703 in
484 2649 836 2707 adiﬁcatione
864 2652 971 2707 fani
999 2662 1197 2709 terram
1234 2657 1349 2711 sine
1376 2658 1538 2714 dubio
1567 2660 1633 2714 ad
1677 2661 1848 2730 ipsam

274 2738 531 2795 fabricam
559 2743 895 2810 egerentibus
921 2744 1154 2798 revelata
1186 2746 1247 2812 εδ,
1280 2762 1457 2803 nonne
1483 2764 1642 2804 manu
1672 2750 1843 2817 latuit,

272 2839 327 2885 ut
353 2847 499 2885 nunc
522 2831 851 2886 inveniretur
869 2848 990 2887 cum
1017 2834 1262 2903 religiose
1276 2841 1647 2907 quzereretur?
1672 2840 1768 2906 Ita,
1788 2850 1848 2896 ut

271 2936 482 2977 crucem
523 2920 720 2977 Christi
766 2922 963 2990 decuit,
1016 2927 1385 2994 experimento
1441 2931 1846 2988 resurrectionis

266 3012 483 3067 inventa
528 3020 585 3067 et
624 3014 849 3082 probata
886 3030 1015 3070 crux
1052 3016 1248 3071 Christi
1274 3028 1385 3083 est;
1415 3018 1682 3090 dignoque
1719 3039 1845 3077 mox

266 3107 468 3162 ambitu
499 3107 576 3179 (id
594 3117 673 3162 est
692 3108 895 3165 honore
920 3119 974 3165 et
998 3112 1215 3182 pompa)
1237 3125 1600 3183 consecratur,
1626 3119 1839 3176 condita
1864 3115 1911 3179 ϐ

268 3200 317 3254 in
354 3200 626 3271 passionis
656 3200 775 3256 loco
801 3202 1017 3257 basilica
1043 3245 1057 3268 ,
1088 3220 1204 3274 quae
1246 3207 1447 3260 auratis
1491 3223 1714 3264 corusca
1757 3210 1839 3264 la-

268 3290 572 3359 quearibus,
601 3297 656 3344 et
676 3292 851 3346 aureis
870 3290 1016 3348 dives
1036 3293 1311 3360 altaribus,
1335 3311 1533 3352 arcano
1552 3299 1779 3367 positam
1796 3303 1836 3334 “

260 3381 499 3437 sacrario
526 3396 740 3437 crucem
777 3392 955 3438 servat
985 3402 999 3437 :
1030 3400 1190 3455 quam
1229 3387 1508 3457 episcopus
1536 3390 1682 3444 urbis
1725 3391 1840 3460 ejus

257 3473 587 3543 quotannis,
617 3489 738 3528 cum
786 3473 990 3531 Pascha
1025 3477 1236 3532 Domini
1276 3480 1481 3549 agitur,
1511 3482 1836 3538 adorandam

262 3566 459 3636 populo
512 3566 757 3636 princeps
807 3567 921 3637 ipse
963 3572 1330 3626 venerantium
1383 3573 1601 3643 promit.
1655 3572 1838 3645 Neque

262 3670 456 3728 prater
482 3658 621 3713 hanc
647 3659 805 3724 diem,
836 3673 941 3728 qua
969 3662 1139 3716 crucis
1173 3662 1334 3731 ipsius
1362 3665 1671 3735 mysterium
1691 3668 1834 3721 cele-

259 3749 464 3813 bratur,
510 3751 644 3821 ipsa,
676 3765 794 3819 quae
840 3762 1291 3808 sacramentorum
1332 3771 1498 3811 causa
1543 3765 1652 3820 est,
1682 3760 1835 3827 quasi

259 3840 526 3909 quoddam
575 3856 739 3895 sacra:
779 3841 1129 3898 solemnitatis
1168 3844 1374 3913 insigne
1419 3845 1701 3916 profertur,
1733 3850 1835 3905 nisi

258 3930 525 3984 interdum
576 3930 958 4000 religiosissimi
1011 3934 1304 4002 postulent,
1344 3936 1434 4004 qui
1481 3937 1581 3992 hac
1627 3948 1832 3995 tantum

255 4036 417 4075 causa
445 4021 537 4077 illo
566 4023 887 4092 peregrinati
915 4023 1247 4091 advenerint,
1269 4036 1327 4081 ut
1353 4028 1453 4082 sibi
1480 4028 1596 4096 ejus
1622 4033 1830 4086 revela-

253 4115 328 4169 tio
362 4114 517 4182 quasi
546 4114 597 4168 in
634 4115 863 4184 pretium
891 4115 1191 4186 longinqua:
1217 4120 1659 4189 peregrinationis
1684 4123 1831 4178 defe-

253 4214 426 4260 ratur.
450 4204 602 4271 Quod
624 4205 797 4261 solum
825 4206 1060 4276 episcopi
1083 4209 1342 4265 beneﬁcio
1366 4211 1594 4267 obtineri
1617 4214 1824 4269 ferunt:

251 4295 403 4365 cujus
429 4306 485 4351 et
513 4304 718 4350 tantum
743 4312 964 4352 munere
985 4297 1051 4353 de
1078 4298 1265 4354 eadem
1302 4316 1459 4357 cruce
1487 4303 1600 4359 haec
1625 4306 1827 4360 minuta

249 4389 389 4443 sacri
421 4387 548 4455 ligni
592 4387 659 4442 ad
684 4402 931 4457 magnam
962 4389 1083 4444 fidei
1111 4399 1167 4445 et
1190 4391 1575 4450 benedictionis
1599 4397 1821 4463 gratiam

1962 1847 2097 1915 fieri,
2130 1854 2182 1906 in
2209 1856 2492 1923 gloriam”
2512 1867 2918 1923 resurrectionis
2945 1879 3068 1925 ante
3099 1875 3264 1942 ipsam
3287 1893 3525 1935 resurre-

1960 1941 2191 1998 ctionem
2219 1947 2445 2004 credidit
2470 1968 2482 2002 :
2512 1966 2673 2020 quam
2701 1958 2964 2025 apostoli,
2997 1941 3340 2035 posteaquam
3384 1969 3524 2027 facta

1958 2040 2056 2096 est,
2080 2050 2187 2090 non
2212 2045 2415 2095 tantum
2439 2043 2688 2111 videndo,
2708 2048 2801 2102 sed
2821 2054 3145 2121 experiendo
3167 2060 3522 2118 crediderunt.

1957 2121 2065 2178 Nec
2091 2125 2192 2194 ipsi
2222 2136 2399 2185 tamen
2425 2132 2492 2188 de
2519 2139 2911 2195 resurrectione
2956 2146 3132 2199 carnis
3159 2150 3336 2216 potius
3366 2166 3521 2220 quam

1954 2215 2021 2270 de
2044 2221 2446 2278 resurrectionis
2482 2226 2738 2293 qualitate
2766 2229 3065 2289 dubitantes
3096 2246 3118 2273 ε
3138 2215 3305 2307 ;7quia
3334 2215 3523 2299 videli-

1952 2317 2041 2364 cet
2061 2310 2105 2343 ³⁸
2131 2312 2221 2381 qui
2251 2313 2303 2367 in
2332 2315 2516 2371 orbem
2550 2325 2810 2374 terrarum
2851 2324 3094 2380 mittendi
3117 2327 3290 2384 forent
3315 2332 3381 2387 ad
3408 2350 3521 2389 om-

1955 2399 2102 2455 nium
2131 2404 2367 2471 gentium
2407 2406 2856 2476 informationem,
2888 2429 2995 2469 non
3037 2418 3253 2475 auribus
3293 2430 3518 2493 tantum,

1950 2490 2045 2545 sed
2070 2500 2125 2546 et
2152 2494 2321 2550 oculis
2340 2497 2727 2566 pmdicandam
2757 2502 2913 2559 ﬁdem
2939 2522 3133 2578 capere
3158 2510 3439 2583 debebant,
3459 2490 3518 2577 ut

1947 2584 2091 2650 quod
2119 2584 2319 2643 firmius
2347 2588 2672 2657 didicissent,
2706 2600 3038 2654 constantius
3061 2603 3349 2662 edocerent
3382 2609 3425 2665 ι.

2422 2681 2753 2742 EPISTULA
2778 2693 2797 2712 '
2837 2688 2927 2744 XX
2935 2690 3042 2747 XII.

1945 2766 2259 2852 Expostulat
2292 2776 2638 2852 cum.Se_vera,
2657 2797 2704 2852 γα
2721 2798 2819 2852 quo
2848 2800 2962 2838 cum
2990 2785 3049 2841 S.
3075 2786 3133 2841 Μ
3136 2792 3305 2848 artino
3334 2795 3405 2848 ad
3424 2813 3514 2850 sa-

2016 2856 2157 2920 c_rum
2176 2846 2367 2920 {autem
2389 2846 2615 2920 depictus
2638 2846 2825 2920 fuerat.
2853 2852 2911 2905 Μ
2914 2856 3016 2908 itlil
3044 2874 3216 2914 versus
3236 2846 3513 2920 iussi-iliciu-

2014 2908 2127 2988 ἀρε,
2157 2908 2537 2988 quiostendimt
2552 2918 2610 2988 id
2629 2908 2819 2988 factum
2847 2934 2903 2975 ut
2927 2908 3061 2978 esset

2013 2980 2099 3049 pla
2126 2980 2513 3060 pgniggntiltus,
2540 2980 2799 3060 drlinus
2826 2980 3511 3060 innocentibus.—IVCbhd—ii'diu

2018 3065 2052 3139 ς
2252 3051 2446 3139 {elicis
2475 3054 2754 3139 basilicam.
2774 3060 3029 3139 describit,
3045 3075 3111 3139 Aet

2011 3117 2236 3202 basilicis
2265 3122 2491 3204 olance
2511 3135 2561 3180 et
2597 3125 2871 3204 Fundana?
2898 3117 3509 3204 inscripta'rm‘iltwit'.‘

2010 3190 2373 3286 ηιὶξεήεγάίιε
2417 3210 2605 3286 opera:
2634 3206 2686 3251 et
2716 3202 3012 3286 spirituque
3038 3190 3091 3261 ἧι
3133 3190 3509 3286 ιιῆίὧᾶ

2011 3261 2404 3330 aedificationem
2428 3261 2628 3338 egregie
2653 3261 2969 3327 commendat
2999 3277 3037 3330 ¹.

2011 3370 2059 3425 1.
2103 3371 2317 3431 lnsertis
2347 3375 2416 3446 (e)
2447 3378 2529 3433 his
2554 3381 2827 3438 versiculis
2853 3394 3043 3456 patens
3074 3392 3267 3460 pagina
3307 3396 3506 3453 sollici-

1938 3461 2069 3515 tavit
2089 3462 2321 3531 linguam
2349 3473 2404 3520 et
2428 3483 2644 3524 manum
2668 3480 2726 3526 ut
2753 3486 3039 3545 occuparet
3061 3484 3322 3553 vacantia,
3347 3496 3402 3542 et
3427 3492 3505 3560 (f)

1934 3559 2197 3612 succurrit
2223 3559 2399 3615 animo
2427 3576 2543 3616 esse
2569 3565 2711 3632 quod
2734 3566 3041 3624 scriberem.
3073 3570 3335 3644 Perquam
3363 3559 3505 3637 enim

1934 3647 2191 3714 gratulor,
2222 3650 2364 3718 quod
2394 3667 2551 3705 unam
2580 3655 2757 3709 cordis
2786 3664 2840 3710 et
2866 3661 3106 3728 corporis
3135 3666 3339 3729 nostri,
3374 3684 3504 3738 ope-

1933 3752 2049 3791 rum
2074 3755 2285 3809 quoque
2307 3749 2362 3793 ct
2388 3752 2633 3795 votorum
2658 3744 3057 3803 similitudinem
3087 3756 3498 3828 ostenderimus,

1931 3829 2121 3883 eodem
2153 3837 2390 3899 tempore
2426 3830 2671 3887 basilicas
2708 3834 2991 3892 dominicis
3037 3840 3348 3909 adjicientcs
3382 3850 3498 3903 ovi-

1930 3927 2084 3981 libus.
2120 3925 2199 3980 Tu
2226 3942 2357 3980 vero
2399 3927 2472 3998 (g)
2500 3928 2658 3981 etiam
2701 3931 3068 3999 baptisterium
3105 3933 3339 3995 basilicis
3365 3941 3498 3996 dua-

1928 4016 2028 4071 bus
2055 4017 2425 4087 interpositum
2452 4018 2754 4087 condidisti,
2784 4031 2841 4076 ut
2864 4040 2962 4079 nos
2990 4025 3042 4079 in
3071 4026 3259 4084 borum
3286 4046 3496 4103 quoque

1928 4125 2170 4178 operum,
2208 4112 2359 4182 195
2388 4127 2507 4181 qua:
2549 4113 2827 4169 visibiliter
2865 4125 3236 4185 exstruuntur,
3266 4123 3496 4179 aedifica-

1927 4200 2075 4254 tione
2104 4215 2404 4270 superares.
2438 4200 2543 4255 Sed
2572 4202 2797 4257 Domino
2825 4205 3046 4274 gratias,
3064 4209 3152 4276 qui
3180 4210 3323 4265 dedit
3344 4215 3495 4269 nobis

1927 4292 1979 4346 in
2008 4307 2114 4360 quo
2139 4300 2193 4347 et
2221 4292 2360 4347 vinci
2389 4293 2668 4348 victoriam
2697 4295 3031 4372 duceremus.
3065 4299 3333 4358 Vincimus
3353 4306 3493 4360 enim

1923 4392 2070 4448 voto,
2104 4384 2156 4437 in
2183 4399 2290 4453 quo
2328 4384 2589 4438 vincimur
2614 4386 2783 4453 gratia
2808 4387 2874 4441 ab
2903 4402 2968 4441 eo
2989 4403 3145 4457 quem
3172 4393 3327 4448 nobis
3349 4394 3493 4463 judi-

249 4478 435 4531 haberi
464 4478 638 4531 datur.
670 4476 797 4544 Quae
823 4479 1033 4547 quidem
1063 4496 1191 4535 crux
1225 4483 1275 4537 in
1301 4486 1525 4539 materia
1554 4486 1819 4541 insensata
1852 4489 1898 4546 ι)
1924 4477 2009 4533 cio
2033 4476 2728 4545 anteponimus,dilectione
2754 4493 3144 4547 comparamus.
3175 4480 3253 4537 Tu
3275 4501 3332 4540 es
3359 4486 3493 4542 istc’

248 4570 355 4622 vim
377 4569 554 4622 vivam
583 4576 792 4632 tenens,
818 4568 890 4622 ita
914 4584 981 4623 ex
1001 4570 1092 4624 illo
1113 4578 1354 4640 tempore
1374 4574 1663 4630 innumeris
1682 4591 1819 4645 pene

248 4659 492 4728 quotidie
520 4659 793 4714 hominum
827 4660 963 4715 votis
1001 4660 1199 4728 lignum
1228 4680 1382 4719 suum
1409 4667 1731 4733 commodat,
1761 4677 1821 4722 ut

246 4752 566 4806 detrimenta
597 4752 751 4822 194.
789 4767 895 4805 ηοη
922 4754 1116 4807 sentiat
1156 4754 1251 4824 (V.
1280 4764 1393 4810 not.
1416 4756 1563 4827 145),
1591 4765 1647 4813 et
1668 4760 1820 4828 quasi

246 4844 446 4898 intacta
468 4852 779 4911 permaneat
797 4843 1033 4912 quotidie
1054 4844 1124 4915 (ε)
1149 4845 1360 4902 dividua
1391 4850 1739 4913 sumentibus,
1764 4860 1818 4905 et

318 4988 343 5016 ⁸
364 4976 561 5046 Johan.
590 4993 663 5041 χι,
692 4976 778 5030 44.
854 4976 1031 5032 stal.
1056 4995 1147 5046 xv,
1172 4979 1258 5045 10;
1280 4980 1397 5035 Act.
1421 4998 1486 5046 n;
1517 4981 1604 5035 27.

248 5066 338 5113 xx,
374 5048 465 5101 ‘27.
544 5045 562 5084 ί
596 5046 783 5101 Matth.
836 5064 1018 5115 xxvm,
1050 5049 1134 5103 l9.

1921 4584 2082 4637 quem
2126 4567 2419 4636 loquimur;
2464 4574 2519 4620 tu
2567 4567 2782 4635 inquam
2832 4584 2954 4638 pars
2999 4574 3164 4627 nostri
3212 4574 3408 4644 major;
3440 4589 3490 4634 et

1920 4663 2143 4727 melior;
2175 4670 2232 4714 tu
2278 4660 2489 4728 requies
2526 4668 2728 4722 nostra,
2772 4667 2828 4714 tu
2857 4662 3122 4730 gaudium,
3154 4666 3206 4719 in
3253 4676 3305 4723 te
3333 4670 3490 4724 recli-

1921 4754 2067 4808 natio
2089 4752 2278 4822 capitis
2305 4751 2490 4815 nostri,
2522 4758 2577 4804 et
2597 4751 2787 4805 mentis
2814 4751 3071 4808 habitatio
3098 4765 3195 4809 est.
3228 4755 3355 4823 Quae
3380 4776 3486 4818 non

1922 4852 2126 4899 tantum
2147 4843 2201 4897 in
2221 4841 2469 4911 praesenti
2494 4849 2754 4911 tempore,
2784 4842 2877 4899 sed
2897 4852 2955 4898 ut
2979 4860 3252 4916 speramus
3278 4858 3333 4904 et
3360 4868 3496 4907 con-.

1686 4993 1707 5019 ο
1734 4981 1860 5036 an.
1890 4996 2038 5046 xxnt,
2062 4979 2149 5031 45.
2225 4973 2249 5013 δ
2278 4976 2465 5030 Matth.
2494 4991 2618 5042 xxv,
2648 4974 2735 5028 5i.
2799 4988 2821 5015 ε
2848 4976 2978 5033 Luc.
3003 4994 3144 5041 xxrv,
3168 4978 3269 5042 39;
3292 4980 3480 5038 Johan.

320 5185 339 5204 '
375 5178 521 5233 Alias
550 5176 649 5240 12;
678 5192 796 5247 qua:
837 5186 1015 5233 autem
1057 5179 1126 5233 5‘2
1152 5189 1287 5247 erat,
1315 5195 1455 5236 nunc
1485 5180 1569 5234 4:2.
1602 5181 1808 5249 Scripta
1839 5197 1981 5235 anno
2006 5179 2126 5241 403,
2150 5185 2205 5231 et
2232 5177 2389 5232 missa
2418 5192 2539 5231 cum
2566 5178 2857 5246 superiore.

315 5302 393 5367 (τι)
429 5294 527 5350 Ms.
550 5292 729 5356 Vien.,
755 5305 952 5342 earum.
977 5290 1075 5345 Ms.
1094 5290 1227 5361 Reg.
1251 5308 1369 5345 cum
1386 5291 1544 5345 editis
1562 5299 1808 5359 quatuor,

241 5385 499 5507 ωῗὲῗιίιςι
528 5449 628 5487 ms.
655 5431 784 5500 Reg.
805 5450 926 5507 cum
950 5431 1125 5507 tribus
1144 5430 1320 5507 editis.
1344 5430 1480 5507 V_cra
1503 5432 1678 5487 lectio.
1706 5429 1808 5483 Alii

242 5498 477 5568 codices,
507 5498 835 5582 specta'tores.
868 5502 1185 5582 Yivdeepist.
1214 5498 1267 5562 6,
1293 5518 1342 5553 η.
1469 5571 1497 5582 Α.
1602 5568 1614 5582 ι

318 5579 387 5649 (ο)
529 5568 634 5652 ius.
665 5571 795 5640 Reg.
828 5580 881 5626 et
918 5568 1156 5652 Daunius
1187 5588 1199 5621 :
1229 5585 1355 5623 vera
1381 5571 1556 5652 lectio.
1587 5568 1686 5622 Alii
1714 5585 1807 5625 co-

243 5642 411 5712 dices,
438 5644 694 5699 dividuum
725 5642 1054 5707 sumtibus,
1081 5653 1129 5695 et
1154 5657 1352 5710 semper
1378 5649 1537 5695 totam
1563 5656 1806 5695 veneran-

246 5718 396 5774 tibus.

491 5810 760 5868 PATROI..
808 5804 973 5866 LXI.

1986 5290 2063 5370 (ᾳ)
2103 5288 2200 5341 Ms.
2229 5286 2382 5368 Reg,
2407 5289 2649 5375 futurum.
2676 5288 2770 5370 Ms.
2799 5288 2992 5369 vatim,
3026 5293 3268 5375 mictum,
3292 5294 3345 5348 in
3372 5312 3475 5365 qna

1913 5360 2141 5413 lectione
2180 5359 2490 5410 monimento
2524 5366 2578 5411 et
2618 5361 2891 5412 seminario
2934 5359 3089 5415 erunt
3133 5359 3269 5418 sexti
3296 5359 3471 5423 casus.

1913 5429 2195 5574 ῗλῗεῗᾘξ.
2223 5496 2397 5561 Vien.,
2440 5495 2765 5567 Compositis.
2808 5497 2949 5555 Edit.
2980 5499 3162 5558 Schot.
3192 5503 3243 5557 in
3273 5518 3467 5574 marg.,

1915 5566 2213 5621 Recensitis.
2272 5588 2277 5603 -

2009 5640 2058 5707 ἵ.)
2084 5637 2185 5707 Ms.
2220 5638 2392 5703 Vicn.,
2424 5640 2663 5693 occurrit.

2009 5640 2058 5707 ί)
2089 5638 2185 5692 Ms.
2220 5638 2392 5703 Vicn.,
2424 5640 2663 5693 occurrit.

1979 5638 2055 5778 £9)
2083 5704 2181 5762 Ms.
2211 5707 2364 5777 Reg,
2393 5709 2564 5763 eodem
2594 5725 2611 5763 :
2641 5723 2749 5763 non
2776 5708 2932 5763 male.

2881 5801 2944 5859 ll
