3966 6184
472 216 566 271 55f

1568 218 1617 275 S.
1661 215 1929 274 PAULINI
1968 214 2217 272 ΝοιλΝι
2256 215 2549 273 EPISCOPI

3576 225 3667 283 33?.

472 330 679 383 fidimus
706 327 760 382 in
790 328 1014 385 Domino
1043 337 1298 401 perpetua
1327 330 1481 385 nobis
1509 331 1576 385 ab
1604 331 1767 400 ipsius
1790 344 2028 393 munere,
2061 334 2109 392 Α
2202 327 2333 382 item
2355 327 2421 382 de
2441 327 2635 382 eodem
2663 344 2676 380 :

470 429 523 475 et
554 422 604 474 in
634 421 795 489 ipsius
822 436 1049 491 corpore
1077 438 1140 477 ac
1166 422 1355 492 Spiritu
1385 422 1638 476 manebit.
1672 421 1797 475 Ideo
1824 421 1869 475 si
1910 420 2039 489 quid

471 530 565 583 per
592 514 815 580 gratiam
837 515 1043 571 Domini
1067 517 1292 587 amplius
1313 531 1459 586 agas,
1479 516 1756 571 nobiscum
1775 514 2036 585 profecto,

469 613 614 657 certe
645 621 740 673 pro
771 605 922 659 nobis
950 606 1083 672 agis.

533 696 586 748 2.
614 695 718 750 Sed
738 697 788 750 in
819 713 885 752 eo
919 707 1098 753 metuo
1120 714 1187 753 ne
1215 699 1467 769 operibus
1488 700 1612 763 tuis,
1639 700 1831 769 quibus
1858 700 2043 769 iniqua

470 787 670 839 viarum
722 788 1038 842 secularium
1080 788 1280 857 dirigis,
1312 796 1367 843 et
1394 789 1592 844 clivosa
1619 788 1943 858 complanas,
1975 803 2042 842 ex

470 875 581 943 illo,
612 878 677 932 de
706 893 812 947 quo
841 894 1051 948 semper
1077 893 1377 947 conqueror
1405 877 1597 935 affectu
1617 879 1671 933 in
1694 894 1793 934 nos
1813 886 1928 947 tuo,
1957 894 2044 933 sa-

470 967 670 1020 lebram
701 966 1005 1023 offensionis
1033 968 1352 1035 immisceas,
1379 970 1523 1039 quod
1548 969 1855 1039 splendidos
1881 970 2045 1024 devo-

471 1057 628 1110 tionis
658 1058 711 1111 in
738 1057 949 1113 Christo
980 1066 1081 1112 tuae
1113 1059 1296 1114 titulos
1322 1060 1520 1114 nostris
1549 1059 1851 1114 nominibus
1874 1058 2043 1112 infus-

468 1162 587 1212 cas;
620 1156 674 1203 et
706 1148 863 1217 justis
903 1150 1175 1205 laboribus
1209 1150 1345 1205 hanc
1382 1151 1714 1221 iniquitatem
1742 1150 1963 1218 inseris,
1987 1157 2045 1204 ut

468 1240 643 1293 locum
697 1251 939 1295 sanctum
986 1242 1147 1295 etiam
1192 1241 1423 1295 vultibus
1462 1241 1763 1309 iniquorum
1811 1240 2040 1309 polluas.

469 1330 630 1385 Recte
661 1332 801 1385 enim
830 1333 881 1386 in
913 1332 1031 1388 loco
1058 1330 1365 1387 refectionis
1389 1332 1461 1402 (id
1497 1341 1573 1386 est
1598 1330 1916 1401 haptisterii)
1944 1332 2044 1385 hu-

466 1436 635 1474 mana:
662 1421 917 1476 Martinus
940 1422 1192 1491 pingitur,
1223 1422 1314 1491 qui
1342 1422 1575 1477 cretestis
1603 1422 1832 1475 hominis
1860 1420 2032 1489 imagi-

467 1527 589 1566 nem
618 1512 856 1581 perfecta
902 1511 1100 1567 Christi
1142 1513 1439 1569 imitatione
1477 1514 1751 1583 portavit;
1783 1521 1842 1566 ut
1879 1511 2046 1583 depo—

467 1604 714 1657 nentibus
735 1602 789 1656 in
811 1603 1025 1659 lavacro
1046 1610 1274 1658 terrente
1302 1604 1547 1673 imaginis
1570 1612 1906 1670 vetustatem,
1934 1605 2045 1658 imi-

2264 434 2412 508 Div‘es
2426 448 2570 508 opum
2593 435 2802 508 Christo,
2825 448 3007 508 pauper
3029 438 3137 508 sibi,
3164 438 3355 508 pulchra
3375 441 3574 495 Severus

2327 495 2541 547 Culmina
2556 501 2760 546 sacratis
2781 495 2996 549 fontibus
3026 495 3252 551 instituit.

2265 559 2326 609 Et
2341 560 2461 622 quia
2482 559 2719 607 caelestes
2741 560 2895 622 aulam
2923 561 3162 622 condebat
3188 564 3235 611 in
3254 570 3401 622 actus,

2331 618 2434 677 Qua
2455 628 2807 669 renovarentur
2823 620 2957 671 fonte
2982 621 3187 684 Deoque
3213 618 3455 675 homines:

2270 681 2427 789 Digna
2450 684 2767 731 sacramentis
2784 686 2981 743 gemina
3002 685 3093 731 sub
3109 681 3323 743 imagine
3350 687 3515 748 pinxit.

2375 746 2551 789 isceret
2569 750 2623 789 ut
2640 748 2754 789 vitae
2775 745 2897 789 dona
2919 755 3117 789 renatus
3141 746 3296 789 homo.

2175 780 2186 791 .
2327 745 2551 791 Disceret
2569 750 2623 791 ut
2640 748 2754 793 vitae
2775 745 2897 793 dona
2919 755 3117 793 renatus
3141 746 3296 795 homo.

2272 802 2828 870 Martinum‘veneranda
2854 809 2940 853 viri
2962 813 3167 870 testatur
3192 808 3349 870 imago
3376 820 3391 858 :

2320 865 2492 920 Altera
2518 865 2767 914 Paulinum
2791 867 2942 915 forma
2960 868 3114 918 refert
3136 865 3385 918 humilém.

2269 926 2371 991 ille
2382 926 2531 991 fidem
2545 928 2784 991 exemplis
2804 936 2855 991 et
2871 929 3011 976 dictis
3026 931 3227 991 fortibus
3245 938 3411 991 armat,

2335 986 2395 1036 Ut
2414 989 2571 1035 meriti
2599 986 2777 1049 palmas
2800 990 3093 1038 intemerata
3117 990 3257 1039 ferat.

2275 1047 2534 1114 lsi_e_i_f_ocet
2556 1047 2674 1097 fusis
2695 1051 2943 1114 redimens
2967 1063 3053 1099 sua
3077 1053 3274 1101 crimina
3292 1054 3515 1114 nummis,

2334 1108 2485 1158 Vilior
2505 1117 2556 1159 ut
2578 1114 2640 1159 sit
2662 1123 2745 1159 res
2773 1113 2815 1170 ο,
2839 1124 2983 1173 quam
3006 1124 3091 1160 sua
3116 1115 3291 1173 cuique
3323 1112 3464 1162 salus.

2215 1214 2271 1267 4.
2310 1214 2468 1270 Certe
2495 1217 2751 1286 probatur
2773 1217 2883 1287 jam
2907 1226 2959 1272 te
2983 1234 3090 1273 non
3115 1218 3414 1288 ridendum,
3441 1220 3696 1291 magisque

2145 1304 2498 1374 probandum,
2529 1306 2574 1360 si
2602 1306 2705 1361 hac
2742 1314 2949 1361 tantum
2977 1308 3189 1367 ratione
3215 1308 3517 1377 longissime
3552 1310 3695 1365 dissi-

2145 1394 2299 1449 miles
2327 1396 2568 1450 cominus
2595 1395 2832 1466 pinxisse
2855 1396 3121 1465 videaris;
3145 1399 3279 1452 utin
3300 1398 3520 1454 Martino
3542 1397 3697 1454 forma

2140 1487 2355 1556 justiti:e
2383 1497 2439 1543 et
2461 1504 2665 1543 summa
2692 1489 2971 1555 virtutum,
3000 1490 3054 1544 in
3083 1491 3239 1546 nobis
3269 1492 3597 1547 conscientia:
3616 1491 3701 1545 ini-

2144 1578 2365 1647 quitatis
2391 1580 2610 1634 obtritio
2639 1587 2696 1633 et
2720 1577 2988 1635 confessio
3011 1589 3345 1647 cerneretur,
3370 1591 3428 1636 ut
3466 1590 3519 1637 et
3544 1582 3701 1637 beatis

465 1693 624 1747 tanda
649 1694 879 1749 cmlestis
907 1695 1101 1749 animae
1145 1701 1391 1749 occurrat
1416 1670 1663 1764 ieﬂigies.
1694 1694 1887 1749 Noster
1910 1709 2038 1750 vero
2073 1703 2116 1761 Β
2145 1670 2449 1764 ⁸⁸9³³91³³³
2477 1676 2687 1764 Patere}
2710 1678 2766 1764 (ξι
2791 1671 3021 1764 ωίξθῗίθ
3050 1670 3108 1725 Ῑ¹¹
3137 1672 3228 1728 ίηθ
3261 1673 3532 1764 δνθῳιυω
3563 1673 3702 1728 foru‘

463 1784 581 1853 quis
608 1783 715 1838 illic
742 1784 894 1839 locus
919 1792 1020 1845 est,
1042 1783 1134 1852 qui
1164 1799 1263 1839 nec
1291 1784 1577 1839 infantibus
1597 1785 1917 1849 innocentia,
1942 1800 2038 1839 ne-

462 1889 568 1943 que
593 1874 723 1929 viris
749 1875 1115 1929 concurrimus
1155 1875 1453 1945 sapientia?
1481 1883 1537 1929 et
1576 1876 1644 1929 ab
1686 1874 2038 1930 immaculatis

463 1966 686 2029 malitia,
743 1980 773 2020 a
818 1966 1066 2036 perfectis
1118 1966 1423 2021 infirmitate
1470 1965 1880 2035 distinguimur?
1909 1963 2038 2030 Quae

460 2072 579 2126 ergo
604 2059 819 2110 societas
850 2058 1029 2110 lumini
1057 2066 1106 2109 et
1130 2056 1345 2110 tenebris
1371 2059 1423 2110 u?
1460 2057 1599 2125 lupis
1628 2064 1681 2110 et
1709 2057 1896 2124 agnis?
1924 2072 2038 2112 ser-

462 2146 708 2215 pentibus
735 2156 786 2198 et
825 2145 1121 2199 columbis?
1156 2145 1259 2199 hoc
1298 2153 1409 2207 est,
1445 2145 1597 2199 nobis
1630 2152 1686 2198 et
1719 2146 1873 2214 196
1896 2143 2038 2198 Mar-

462 2235 607 2287 tino?
632 2234 819 2288 Nonne
840 2242 897 2286 tu
924 2233 1076 2287 lactis
1105 2241 1159 2286 et
1187 2232 1322 2287 fellis
1348 2233 1595 2301 poculum
1624 2231 2037 2311 miscuisti?Sed

461 2326 616 2390 bene,
643 2326 784 2393 quod
815 2342 920 2380 non
947 2332 1004 2379 ut
1046 2326 1098 2379 in
1129 2325 1422 2393 liquoribus
1452 2340 1559 2379 uno
1585 2324 1750 2379 calice
1776 2324 2031 2386 confusis,

462 2417 534 2470 ita
565 2416 617 2468 in
666 2414 966 2469 hominibus
1004 2416 1194 2469 eodem
1243 2415 1362 2469 loco
1414 2416 1613 2477 mixtis,
1643 2415 1687 2469 si
1731 2415 2036 2484 discrepent

463 2507 665 2560 meritis
687 2545 702 2569 ,
736 2506 859 2559 boni
886 2506 1123 2559 suavitas
1152 2505 1503 2559 amaritudine
1544 2506 1669 2559 mali
1696 2516 2029 2560 venenatur:

460 2607 753 2666 contraque
781 2599 958 2652 evenit
992 2606 1049 2651 ut
1092 2604 1345 2668 peccator
1377 2596 1523 2665 justo
1550 2599 1877 2666 compositus
1915 2612 2031 2651 ma-

460 2695 540 2761 gis
558 2690 797 2753 sordeat,
821 2698 875 2745 et
895 2700 1175 2760 peccatore
1201 2691 1398 2745 collato
1423 2692 1592 2759 magis
1605 2689 1779 2760 justus
1802 2692 2028 2747 eluceat.

461 2783 752 2849 Quominus
786 2796 1008 2836 moveor
1034 2796 1218 2835 errore
1245 2782 1482 2837 caritatis
1506 2790 1610 2835 tua:
1627 2820 1643 2845 ,
1667 2783 1791 2851 quia
1833 2783 2030 2838 nullam

461 2876 616 2928 beato
646 2874 721 2927 illi
751 2872 919 2928 fecisti
946 2873 1211 2942 injuriam,
1236 2874 1521 2944 potiusque
1546 2872 1616 2927 ad
1644 2875 1865 2943 gloriam
1891 2876 2033 2931 illius

459 2966 729 3022 contulisti
752 3006 767 3032 ,
799 2973 857 3020 ut
899 2973 1088 3019 contra
1116 2964 1496 3034 despicabilem
1525 2964 1686 3021 facies
1715 2968 2031 3024 venerabilis

459 3060 783 3131 pingeretur,
809 3072 916 3125 quo
937 3057 1187 3126 splendor
1215 3057 1330 3126 ejus
1358 3059 1761 3127 comparatione
1786 3060 2030 3114 tenebra-
2058 3062 2103 3127 C

465 3167 577 3204 rum
608 3150 801 3203 clarius
828 3148 1118 3213 emicaret,
1141 3149 1234 3216 qui
1261 3149 1420 3202 etiam
1451 3150 1504 3201 in
1532 3150 1884 3219 splendoribus
1912 3167 2035 3205 san-

460 3239 702 3296 czorumb
749 3240 1038 3308 conspicua
1082 3239 1321 3293 claritate
1363 3239 1655 3309 praefulget.
1709 3240 1777 3295 Et
1820 3244 2033 3311 quidem

460 3333 559 3387 nisi
580 3332 771 3385 scirem
818 3342 871 3385 te
925 3331 1165 3401 impenso
1204 3330 1354 3390 nimii
1397 3332 1451 3384 in
1490 3347 1588 3386 nos
1625 3335 1821 3389 amoris
1858 3337 2033 3393 studio

458 3426 593 3479 hanc
622 3423 932 3478 informasse
961 3425 1242 3493 picturam,
1272 3423 1593 3478 malitiosum
1633 3434 1683 3480 te
1709 3435 1765 3481 et
1782 3428 2032 3483 callidum

459 3517 790 3583 criminarer,
821 3516 910 3586 qui
956 3524 1150 3569 nostrae
1186 3514 1495 3570 humilitatis
1531 3516 1785 3573 obscuras
1826 3519 2026 3576 animo-

460 3625 575 3664 rum
605 3619 761 3665 nocte
784 3624 1059 3678 personas,
1088 3626 1156 3663 ex
1178 3609 1385 3664 adversi
1404 3608 1555 3678 juxta
1575 3612 1793 3680 parietis
1813 3613 2032 3682 regione

459 3703 696 3771 depictas
715 3710 900 3755 sancto
925 3701 1086 3770 capiti
1098 3700 1432 3767 contulisses,
1451 3712 1507 3755 ut
1527 3701 1673 3756 illum
1692 3710 1897 3757 tantum
1915 3703 2031 3773 pin-

456 3807 608 3861 geres
632 3835 647 3860 ,
678 3809 777 3847 nos
804 3807 931 3847 vero
961 3793 1135 3863 potius
1178 3793 1505 3848 deformares
1525 3836 1540 3859 ,
1572 3810 1706 3863 quos
1738 3795 1858 3865 jure
1901 3811 2031 3851 con-

456 3893 639 3955 specta
667 3884 877 3937 Martini
905 3883 1038 3938 facie
1065 3884 1401 3954 despuendos
1428 3885 1495 3940 ad
1522 3888 1776 3955 probrum
1798 3888 2029 3943 ridiculae

458 3975 871 4045 comparationis
899 3982 1215 4043 expuneres.
1247 3974 1351 4029 Sed
1388 3991 1454 4029 ne
1489 3977 1657 4030 nostri
1686 3993 1866 4045 causa,
1896 3995 2031 4047 quo—

458 4083 573 4119 rum
615 4065 781 4119 multo
824 4079 1006 4118 amore
1051 4066 1174 4117 dum
1224 4064 1453 4130 falleris,
1500 4065 1691 4119 falsum
1737 4066 1884 4133 facis,
1917 4072 2028 4125 haec

455 4155 838 4210 commentatio
867 4162 958 4207 tua
986 4154 1052 4207 de
1080 4153 1303 4208 caritate
1322 4155 1568 4224 prolapsa
1599 4156 1938 4225 irrideretur;
1973 4170 2029 4215 ut

457 4261 641 4300 revera
667 4252 843 4314 potest
871 4253 925 4298 et
952 4243 1126 4299 debet.

524 4337 575 4389 ὅ.
617 4335 728 4390 llac
753 4344 957 4390 tantum
977 4336 1148 4403 gratia
1167 4336 1317 4407 parui
1346 4337 1441 4391 tibi
1470 4338 1521 4392 in
1550 4342 1824 4399 versiculis
1843 4345 1908 4399 de
1929 4347 2026 4401 hu-

454 4428 681 4498 jusmodi
724 4437 812 4483 tua
842 4429 1045 4500 pictura
1075 4428 1141 4484 ad
1182 4438 1237 4484 te
1261 4430 1533 4486 mittendis
1554 4473 1569 4498 ,
1601 4442 1659 4487 ut
1700 4438 1907 4491 consilii
1948 4440 2024 4496 tui
2050 4437 2104 4497 D

455 4523 590 4578 ratio
619 4522 937 4593 proderetur
959 4565 975 4591 ,
1005 4537 1109 4592 qua
1138 4522 1421 4579 salubriter
1459 4539 1721 4580 novorum
1748 4529 2022 4589 hominum

456 4614 813 4670 inf‘ormationi
852 4616 1107 4681 studens,
1137 4613 1374 4670 diversas
1415 4615 1573 4684 longe
1622 4618 1723 4673 sibi
1767 4621 2023 4691 imagines

453 4705 856 4774 proposuisses;
890 4713 947 4759 ut
972 4713 1304 4773 emergentes
1329 4721 1359 4759 a
1385 4722 1539 4762 sacro
1563 4706 1729 4775 fonte,
1760 4720 1815 4765 et
1842 4715 2017 4769 vitan-

452 4797 574 4849 dum
596 4802 650 4848 et
668 4796 997 4863 sequendum
1026 4796 1224 4864 pariter
1251 4797 1705 4866 conspicarentnr.
1730 4801 1912 4871 Itaque
1939 4807 2017 4862 sic

453 4888 617 4941 habes
636 4888 690 4952 3;
719 4890 763 4941 si
785 4888 977 4957 placet,
1010 4898 1178 4945 utere.

572 4999 777 5069 Ahluitis
799 5004 1074 5069 quicunque
1099 5002 1279 5069 animas
1295 5010 1348 5051 et
1370 5003 1590 5069 membra
1616 5004 1831 5069 lavacris,

633 5061 828 5109 Cernite
851 5064 1119 5121 prapositas
1142 5065 1197 5109 ad
1221 5064 1340 5111 bona
1365 5063 1484 5113 facta
1512 5070 1622 5114 vias.

571 5123 749 5186 Adstat
766 5123 995 5183 perfectae
1021 5124 1250 5171 Martinus
1269 5127 1439 5186 regula
1472 5132 1582 5176 vita:
1609 5141 1620 5175 :

634 5184 865 5231 Paulinus
887 5198 1075 5232 veniam
1098 5198 1193 5245 quo
1210 5184 1436 5236 mereare
1456 5190 1614 5237 ducet.

570 5244 709 5310 Hunc
729 5253 1028 5310 peceatores,
1046 5244 1185 5310 illum
1209 5257 1425 5310 spectate
1449 5250 1575 5299 beati
1597 5266 1609 5300 :

632 5307 892 5367 Exemplar
907 5308 1081 5355 sanctis
1106 5307 1286 5367 illexit,
1306 5318 1397 5359 Iste
1416 5325 1531 5361 reis.

510 5423 545 5449 λ
566 5410 609 5467 ii
634 5411 757 5467 Cor.
785 5405 856 5474 vi,
882 5411 966 5465 14.
1042 5412 1070 5453 b
1100 5413 1237 5468 Psal.
1265 5432 1370 5483 cxx,
1396 5418 1446 5472 5.
1527 5430 1549 5457 ε
1572 5419 1627 5474 id
1656 5428 1737 5475 est
1756 5424 2003 5490 pecuniis.
2021 5425 2153 5481 Vide
2178 5427 2333 5495 epist.
2366 5425 2391 5477 1
2420 5427 2670 5495 append.,
2691 5446 2744 5483 n.
2769 5431 2822 5483 6.
2877 5430 2901 5468 ἀ
2932 5431 3067 5487 Psal.
3092 5450 3321 5502 xxxvm,
3356 5436 3416 5493 ξ’..

455 5523 504 5570 ι,
537 5505 623 5559 19.

2142 1760 2295 1830 tudo,
2323 1761 2380 1817 in
2408 1762 2565 1817 nobis
2590 1762 2841 1816 solatium
2869 1762 3093 1819 haberet
3114 1764 3349 1833 ignavia.
3374 1763 3522 1818 illum
3542 1764 3703 1819 intue-

2136 1861 2340 1919 rentur,
2380 1853 2471 1924 qui
2511 1864 2836 1924 przeceptum
2885 1853 3194 1910 sufficerent
3238 1856 3467 1928 implere
3510 1857 3703 1911 virtuti-

2135 1944 2274 2000 bus:
2304 1945 2358 2000 in
2401 1946 2556 2001 nobis
2615 1946 2766 2017 197
2820 1946 3258 2016 consolarentur,
3288 1947 3381 2016 qui
3424 1947 3702 2002 remedium

2135 2038 2336 2094 vellent
2384 2038 2577 2094 afferre
2611 2038 2943 2094 criminibus.
2974 2039 3109 2106 Quia
3154 2038 3486 2095 innocentiae
3528 2037 3706 2093 fiducia

2136 2128 2423 2195 destitutis,
2450 2136 2505 2183 et
2533 2144 2674 2184 nexu
2695 2128 2989 2199 iniquitatis
3015 2129 3313 2198 adstrictis,
3334 2131 3449 2185 sola
3478 2137 3537 2185 ut
3561 2130 3708 2199 capti-

2139 2220 2219 2273 vis
2248 2226 2429 2289 potest
2470 2219 2734 2274 redemtio
2769 2219 3073 2276 subvenire.
3114 2220 3313 2287 Quzeso
3342 2230 3398 2277 te
3424 2229 3624 2286 tamen,
3646 2234 3709 2274 ne

2135 2308 2492 2363 obedientiam
2535 2324 2710 2364 meam
2731 2310 2932 2364 crimen
2959 2309 3144 2380 facias,
3175 2312 3218 2367 si
3244 2327 3438 2368 versus
3460 2320 3578 2367 tuos
3596 2311 3708 2366 illos

2134 2395 2348 2452 luminis
2367 2386 2423 2452 et
2445 2397 2705 2465 favorum,
2737 2402 2877 2455 sicut
2906 2401 3258 2469 denuntiasti,
3291 2405 3518 2459 auferas.
3550 2404 3709 2461 Vere-

2132 2486 2305 2542 cunde
2330 2501 2511 2556 quaeso
2539 2487 2671 2543 illud
2699 2490 2867 2559 magis
2889 2531 2904 2556 ,
2938 2503 3100 2559 quam
3145 2506 3280 2547 vere
3325 2493 3561 2549 minatus
3603 2493 3707 2557 sis;

2133 2586 2211 2640 et,
2243 2577 2289 2632 si
2328 2578 2460 2633 istos
2499 2578 2876 2637 adscribendos
2903 2581 3208 2650 putaveris,
3243 2582 3323 2637 illi
3352 2589 3708 2653 permaneant,

2138 2676 2198 2720 ut
2223 2667 2415 2722 horum
2439 2667 2591 2737 quasi
2618 2668 2895 2738 gemmulas
2921 2670 3047 2736 sint,
3072 2678 3129 2724 et
3156 2669 3364 2727 faciant
3388 2672 3581 2728 vilibus
3609 2679 3713 2741 pre-

2136 2758 2269 2811 tium
2296 2766 2351 2813 et
2387 2758 2531 2814 claro
2560 2767 2678 2814 atra
2705 2759 3049 2829 distinguant.
3081 2761 3225 2817 Sane
3260 2772 3483 2834 accepta
3509 2763 3711 2819 licentia

2135 2850 2248 2905 dixi
2268 2850 2459 2920 lingua:
2487 2867 2640 2917 mete,
2662 2867 2769 2908 non
2785 2852 2937 2921 juxta
2966 2856 3291 2925 prophetam
3322 2855 3372 2923 ά,
3397 2866 3457 2912 ut
3480 2863 3713 2912 maneret

2134 2940 2190 2995 in
2216 2942 2407 3009 requie
2430 2957 2557 3008 sua,
2588 2952 2643 2997 et
2678 2943 2973 3000 custodiret
3013 2945 3128 3000 vias
3168 2961 3327 3004 meas
3360 2966 3374 3002 :
3406 2948 3502 3004 sed
3546 2946 3712 3017 potius

2133 3032 2391 3101 opposita:
2416 3033 2517 3086 sibi
2542 3033 2797 3088 custodiae
2825 3034 3005 3091 frenos
3032 3046 3335 3107 rumperet,
3399 3040 3555 3110 1.93
3594 3038 3714 3092 dum

2134 3121 2361 3175 serviret
2384 3121 2498 3175 tibi.
2523 3121 2600 3175 lta
2629 3130 2683 3177 te
2708 3123 2891 3193 diligo,
2923 3133 2979 3178 ut
3004 3126 3174 3195 magis,
3200 3127 3277 3184 de
3298 3125 3711 3199 obtemperando

2135 3211 2229 3265 tibi
2250 3226 2410 3280 quam
2433 3211 2499 3266 de
2519 3213 2853 3283 multiloquio
2882 3225 3160 3285 peccatum
3191 3218 3451 3275 timerem
3474 3230 3522 3275 ε.

2203 3302 2258 3357 5.
2297 3300 2464 3369 Quam
2511 3304 2581 3359 ob
2622 3319 2737 3360 rem
2780 3306 2942 3361 etiam
2988 3307 3224 3364 basilicis
3270 3312 3381 3366 tuis
3409 3309 3713 3371 versiculus.

2132 3393 2283 3464 quasi
2302 3395 2513 3450 votivos
2536 3397 2701 3451 sacris
2721 3395 2958 3454 fontibus
2989 3400 3173 3455 titulos
3200 3401 3499 3458 destinavi.
3521 3402 3579 3458 Si
3599 3400 3718 3471 quid

2133 3485 2186 3539 in
2215 3485 2299 3541 his
2340 3493 2463 3556 apte
2502 3486 2711 3542 locutus
2738 3488 2980 3554 videbor,
3021 3490 3137 3545 hrec
3163 3506 3392 3562 quoque
3422 3493 3601 3547 fratris
3626 3492 3716 3545 Vi-

2132 3576 2295 3631 ctoris
2322 3576 2490 3645 gratia
2513 3586 2615 3641 est,
2640 3578 2791 3647 cujus
2812 3580 2980 3635 oculis
3009 3588 3064 3634 et
3093 3581 3277 3638 verbis
3308 3584 3497 3639 omnia
3525 3596 3641 3651 quae
3667 3580 3720 3634 in

2131 3664 2342 3721 Christo
2372 3666 2597 3723 Domino
2634 3666 2806 3723 fecisti
2854 3678 2907 3723 et
2936 3671 3049 3738 agis
3084 3670 3228 3739 vidi;
3282 3682 3344 3729 et
3387 3674 3514 3730 ideo
3543 3684 3722 3727 versus

2131 3774 2265 3828 quos
2293 3767 2349 3813 et
2374 3760 2442 3812 de
2468 3759 2702 3814 basilicis
2729 3760 3022 3830 interposui
3062 3763 3179 3833 ipso
3223 3773 3430 3821 antore
3456 3762 3721 3830 censebis,

2129 3848 2221 3917 qui
2250 3847 2530 3901 materiam
2557 3848 2776 3902 diotavit
2803 3850 3141 3905 enarratione
3177 3849 3460 3909 factorum
3486 3861 3720 3909 tuorum.

2132 3938 2206 3992 De
2232 3937 2545 4007 haptisterio
2575 3939 2735 4007 igitur
2763 3940 2879 4008 ipso
2907 3950 3068 3995 erunt
3094 3942 3201 4008 isti,
3232 3943 3307 3999 de
3334 3943 3497 4014 cujus
3516 3945 3726 4016 pictura

2132 4034 2334 4081 tantum
2358 4036 2479 4082 sunt
2510 4028 2589 4082 illi
2609 4029 2931 4097 superiores.

2221 4140 2311 4191 Hic
2329 4141 2705 4203 reparandarum
2729 4153 2993 4203 generator
3012 4143 3116 4195 fons
3137 4149 3424 4201 animarum

2285 4202 2449 4250 Vivum
2472 4205 2631 4266 divino
2653 4202 2838 4266 lumine
2862 4206 3047 4255 ﬂumen
3070 4209 3187 4266 agit.

2222 4263 2426 4333 Sanctus
2446 4265 2495 4333 in
2519 4265 2645 4313 hunc
2666 4264 2797 4333 Ctlfl0_
2811 4267 3063 4333 descendit
3081 4263 3297 4330 Spiritus
3318 4284 3540 4333 amnem,

2283 4325 2580 4392 caelestique
2602 4338 2762 4392 sacras
2779 4328 2911 4378 fonte
2934 4325 3131 4379 maritat
3142 4344 3298 4392 aquas
3328 4349 3344 4385 :

2220 4385 2580 4453 Concipitunda
2603 4387 2760 4437 Deum
2788 4399 3135 4453 :sanctamque
3152 4385 3439 4453 linuoribus
3457 4398 3601 4447 alnus

2283 4446 2396 4513 Edit
2414 4449 2474 4513 ab
2493 4454 2678 4513 interno
2689 4452 2890 4513 semine
2907 4446 3208 4513 progeniem.

2217 4507 2337 4557 Mira
2362 4509 2458 4558 Dei
2482 4509 2658 4572 pietas!
2687 4507 2920 4560 Peccator
2937 4507 3043 4560 mer
3085 4516 3175 4561 itur
3198 4517 3375 4581 undis,

2275 4570 2383 4618 Mox
2412 4573 2484 4620 (a)
2510 4572 2681 4620 eadem
2707 4576 2918 4620 emergit
2935 4527 3219 4620 instigemus
3240 4592 3375 4620 arma

2275 4570 2383 4641 mox
2412 4570 2492 4633 (a)
2510 4572 2681 4641 eadem
2707 4570 3219 4641 emergitjustificatus
3240 4570 3403 4641 aqua.

2213 4628 2309 4702 Sic“
2324 4628 2478 4702 homo;
2492 4638 2542 4680 et
2557 4645 2727 4702 occasu
2750 4628 2880 4683 felici
2905 4628 3098 4702 functus
3121 4643 3173 4702 et
3195 4628 3335 4702 ortu,

2275 4694 2509 4758 'l‘errenis
2531 4696 2757 4758 moritur,
2784 4697 3038 4758 perpetuis
3062 4699 3233 4747 oritur.

2214 4751 2361 4826 Culpa
2382 4758 2527 4815 perit,
2552 4757 2638 4802 sed
2662 4751 2761 4826 vita
2785 4751 2944 4826 redit;
2967 4767 3114 4826 vetus
3128 4760 3306 4826 interit
3332 4763 3521 4826 Adam,

2317 4825 2497 4863 tnovus
2518 4820 2716 4865 aeternis
2736 4820 2942 4867 nascitur
2965 4820 3200 4880 imperiis.

2189 4919 2487 4990 Sequentes
2508 4919 2577 4975 ad
2594 4920 2936 4977 basilicarum
2963 4923 3226 4993 picturam
3255 4938 3400 4984 sunt
3435 4929 3482 4985 ⁸.

2211 5013 2443 5076 Corpore,
2464 5019 2650 5072 mente,
2678 5013 2793 5076 fide,
2814 5019 3108 5067 castissimus
3126 5016 3286 5067 incola
3313 5022 3515 5075 Christi

2273 5073 2487 5124 Condidit
2510 5078 2600 5123 ista
2631 5076 2735 5125 Deo
2759 5073 2883 5126 tecta
2901 5078 3119 5128 Severus
3134 5092 3303 5130 ovans.

2214 5134 2369 5212 Talus
2385 5138 2571 5212 etipse
2585 5137 2948 5212 ,Dei_tem.plum
2970 5144 3104 5212 viget
3124 5144 3324 5212 hospite
3348 5143 3581 5212 Christo,

2270 5194 2673 5265 Gaudentemque
2700 5199 2864 5265 humili
2888 5194 3183 5265 cordegerit
3209 5194 3512 5257 Dominum.

2207 5256 2334 5306 Ecce
2357 5257 2489 5306 velut
2506 5256 2633 5307 trino
2655 5260 2770 5308 colit
2793 5272 2935 5310 unam
2952 5256 3145 5313 nomine
3168 5273 3439 5318 mentem:

2269 5318 2346 5367 Sic
2368 5320 2545 5366 trinum
2568 5330 2730 5369 sancta
2749 5323 2770 5353 ⁵
2788 5324 2915 5371 mole
2933 5332 3131 5375 sacravit
3153 5339 3293 5388 Opus.

3506 5456 3532 5481 ε
3563 5444 3732 5505 Prov.

518 5617 594 5687 (a)
621 5615 711 5702 Sig
734 5615 1104 5702 mssguclodices
1127 5619 1281 5690 Reg,
1305 5620 1423 5676 Vat.
1465 5629 1522 5678 et
1549 5620 1702 5679 Vien.
1731 5638 1850 5681 cum
1899 5624 2062 5683 editis
2090 5626 2323 5697 quinque
2349 5665 2365 5692 ,
2419 5624 2631 5683 licentia
2671 5631 2899 5701 poetica.
2932 5630 3072 5687 Edit.
3105 5629 3317 5687 Poelm.
3338 5674 3355 5701 ,
3390 5638 3568 5696 idem.
3601 5642 3738 5702 Vide

448 5704 622 5787 carm:
647 5686 733 5756 15,
759 5703 806 5742 v.
839 5686 962 5745 554.
990 5752 993 5755 λ
