4006 6180
382 279 484 336 553

473 396 643 460 Ampla
662 395 802 460 dedit
823 393 1000 460 pondo
1015 395 1228 455 geminis
1245 393 1436 454 fastigia
1458 403 1616 460 tectis,

536 459 757 520 Legibus
771 464 824 506 ut
842 459 1306 520 sacrisicougrueret
1326 471 1570 508 numerus.

472 519 589 582 Nam
607 517 723 582 quia
745 517 1074 582 latorem_dno
1102 517 1415 582 Testamenta
1443 533 1528 582 per
1551 534 1699 570 unum

533 579 676 629 Pacta
705 581 862 628 Deum
879 581 927 643 in
953 579 1148 643 Christo
1166 581 1358 643 copulat
1378 579 1473 630 una
1499 581 1618 633 ﬁdes
1645 596 1656 632 :

471 641 568 691 Iste
591 643 712 689 duas
735 643 865 690 inter
881 642 1060 690 diversi
1079 641 1302 692 culminis
1321 644 1458 694 aulas

535 703 574 752 Τ
578 705 730 752 urrito
753 702 934 752 fontem
957 704 1176 764 tegmine
1197 706 1457 755 constituit.

472 765 600 828 Lagta
620 777 768 828 novos
790 767 1000 828 germinis
1018 772 1072 814 ut
1085 772 1244 814 mater
1267 765 1451 817 Eclesia
1474 767 1501 796 ⁸
1527 775 1694 828 partus

533 825 754 889 ﬁrcipiat
771 827 978 887 sinibus,
996 839 1119 889 quos
1140 840 1264 889 aqua
1288 825 1561 889 protulerit.

470 866 978 960 iussuiussu;
997 866 1264 960 armis;
1278 866 1660 960 ιζἰτέξίξξέὲηιίε
1686 903 1700 938 ε

533 950 632 1000 Una
655 948 744 998 sed
765 949 998 998 ambobus
1017 951 1171 1008 gratia
1197 948 1340 1000 fontis
1360 953 1516 1003 adest.

472 1010 575 1076 Le_x
597 1013 790 1071 antiqua
808 1024 978 1060 novam
998 1012 1177 1076 ﬁrmat,
1203 1019 1428 1076 veterem
1446 1026 1566 1064 nova
1585 1013 1798 1076 complet
1818 1027 1833 1063 :

533 1073 586 1121 In
612 1076 768 1122 veteri
791 1086 906 1134 spes
927 1078 1024 1132 est,
1049 1075 1096 1120 in
1115 1075 1330 1123 novitate
1349 1075 1486 1126 ﬁdes.

473 1134 568 1198 Sed
590 1141 730 1182 vetns
753 1141 899 1195 atque
918 1145 1094 1198 novum
1113 1135 1362 1198 conjungit
1381 1139 1536 1198 gratia
1553 1136 1756 1197 Christi;

536 1196 801 1256 Proiiterea
821 1196 980 1244 medio
999 1195 1105 1244 fons
1126 1195 1269 1246 datus
1286 1195 1360 1246 est
1382 1195 1556 1256 spatio.

473 1255 794 1320 indegparens
817 1269 954 1305 sacro
968 1258 1100 1306 ducit
1124 1259 1188 1306 de
1208 1258 1339 1307 fonte
1357 1255 1585 1308 saCerdos

539 1318 747 1368 Infantes
759 1320 928 1378 niveos
946 1320 968 1348 °
988 1331 1210 1378 corpore,
1234 1320 1400 1378 corde,
1427 1321 1595 1370 habitu
1621 1321 1670 1378 ας

471 1375 1251 1454 Cicrumdausquedrudes".festis
1280 1375 1510 1454 altaribus
1532 1375 1702 1447 agnos,

536 1439 608 1502 (a)
626 1440 782 1492 Cruda
800 1439 1064 1512 salutiferis
1087 1442 1258 1491 imbuit
1281 1455 1364 1491 ora
1382 1443 1520 1492 cibis.
1564 1439 1592 1447 '
1687 1439 1696 1443 ⁷

471 1499 592 1551 Hinc
609 1504 773 1552 senior
832 1515 975 1553 sociae
997 1505 1272 1564 congaudet
1295 1508 1437 1554 turba
1455 1514 1666 1556 catervae
1690 1518 1703 1554 :

533 1564 740 1614 Alleluia
761 1566 896 1613 novis
918 1565 1044 1613 halat
1065 1565 1195 1613 ovile
1216 1566 1398 1616 choris.

444 1666 495 1720 6.
536 1665 671 1722 Cum
699 1669 800 1725 bos
822 1669 1076 1738 operibus
1099 1669 1466 1725 nnanimitatis
1504 1678 1607 1726 tuae
1634 1670 1952 1728 manufactis

383 1757 660 1822 dedissem,
679 1759 820 1813 illam
837 1775 946 1813 non
967 1758 1325 1815 manufactam
1342 1761 1398 1816 in
1424 1761 1718 1818 domestica
1749 1773 1838 1817 tua
1861 1778 1951 1819 ec—
1984 1762 2028 1820 Β

385 1849 535 1904 clesia
563 1850 788 1918 gratiam
835 1851 969 1915 Dei,
998 1867 1103 1922 qua
1141 1860 1460 1922 perpetuum
1485 1855 1580 1909 tibi
1605 1855 1869 1926 hospitem
1901 1857 1954 1911 in

383 1954 440 1993 ea
467 1939 685 1995 Clarum
715 1941 934 2012 largitus
961 1951 1062 2007 est,
1096 1943 1254 1999 silere
1281 1960 1391 1999 non
1413 1946 1583 2015 potui.
1615 1945 1800 2016 Itaque
1825 1962 1954 2001 san-

379 2037 475 2086 cta
499 2029 668 2102 ipsius
706 2031 978 2090 memoria-3
1014 2050 1220 2103 versus,
1251 2051 1359 2090 non
1386 2037 1509 2106 quia
1535 2039 1735 2108 aliquid
1761 2040 1955 2096 divinis

377 2117 492 2190 ejus
537 2121 745 2178 meritis
784 2121 1002 2192 dignum
1048 2125 1195 2195 loqui
1240 2143 1472 2196 possem,
1513 2129 1608 2185 sed
1633 2139 1694 2186 ut
1720 2132 1952 2189 studium

378 2210 616 2279 plurimae
645 2211 698 2265 in
737 2212 880 2268 illius
931 2215 1161 2270 animam
1191 2219 1427 2274 caritatis
1452 2223 1830 2295 exprimerem,
1859 2241 1956 2281 au-

375 2315 462 2354 sus
489 2316 611 2355 sum
637 2301 834 2370 facere,
865 2311 920 2358 et
943 2306 1278 2361 unanimitati
1317 2315 1422 2362 tute
1450 2311 1683 2366 mittere.
1726 2313 1872 2380 Quos
1896 2323 1953 2370 tu

375 2406 555 2446 coram
599 2393 942 2465 199—200
985 2395 1213 2452 Domino
1241 2408 1438 2455 sanctae
1472 2409 1527 2456 et
1548 2401 1642 2470 (V.
1665 2419 1832 2459 carm.
1861 2405 1950 2472 24,

376 2497 424 2536 ν.
448 2481 576 2553 458)
598 2485 954 2555 cohospitanti
977 2497 1155 2543 tecum
1183 2504 1397 2561 semper
1423 2491 1476 2546 in
1505 2492 1733 2550 Domino
1762 2496 1954 2552 anima:

375 2572 489 2642 ejus
540 2574 795 2640 recitans,
841 2579 1125 2635 excusabis
1160 2579 1436 2637 audaciam
1477 2597 1674 2655 meam,
1706 2591 1764 2641 et
1799 2600 1955 2640 com-

375 2669 650 2725 mendabis
677 2672 1011 2742 obsequium.

466 2782 683 2832 Nominis
706 2791 759 2834 nt
782 2785 946 2845 titulo,
969 2787 1040 2836 sic
1054 2790 1234 2840 mentis
1253 2788 1439 2842 lumine
1463 2790 1631 2842 Clarus

469 2845 729 2920 rrfsbyter
754 2847 844 2895 hoc
866 2849 1067 2912 tegitur,
1089 2851 1178 2899 sed
1194 2853 1408 2901 membra
1429 2855 1610 2920 caduca
1633 2854 1883 2920 sepulcro;

469 2905 644 2977 lliber’a
668 2920 907 2977 corporeo
922 2905 1070 2977 meus
1085 2924 1288 2977 carcere
1315 2914 1495 2976 gaudet
1518 2917 1564 2963 in
1587 2905 1749 2977 astris,

471 2968 590 3038 l’ura
615 2968 1549 3038 probatorumsedemAsortita'piornm.

463 3028 639 3100 Sancta
663 3033 756 3079 sub
771 3035 972 3100 aeternis
993 3033 1227 3100 altaribus
1245 3028 1359 3085 ossa'
1378 3040 1654 3100 quiescunt,

468 3089 528 3162 lit
547 3093 922 3162 dnnicastapio
943 3096 1227 3162 referuntur
1249 3089 1452 3162 munera
1478 3089 1665 3150 Christo
1689 3101 1731 3162 ⁸,

470 3154 656 3202 Divinis
675 3155 696 3186 ⁸
714 3157 863 3205 sacris
879 3157 1051 3206 animae
1063 3157 1330 3220 jungantur
1348 3160 1542 3210 odores.

439 3259 575 3314 Item
599 3259 668 3314 de
697 3261 906 3324 eodem,
930 3270 990 3316 ut
1017 3278 1154 3332 quos
1182 3264 1434 3320 malueris
1454 3265 1602 3335 legas
1630 3267 1703 3318 '°:
1734 3267 1828 3321 sed
1853 3281 1954 3338 ego

371 3351 485 3406 scio
512 3351 567 3406 in
588 3351 691 3406 hoc
715 3361 766 3426 te
788 3353 966 3422 potius
995 3355 1267 3423 ambigere
1294 3355 1515 3422 debere,
1536 3373 1644 3412 non
1667 3365 1724 3411 nt
1746 3351 1954 3428 aliquos

372 3440 435 3494 ad
479 3441 689 3496 titulum
735 3443 972 3513 eligere,
1010 3443 1107 3502 sed
1158 3444 1226 3501 de
1272 3446 1419 3502 nullo
1465 3447 1664 3504 debeas
1704 3448 1952 3518 injuriam

315 3563 321 3571 -
373 3540 564 3586 sancto
583 3531 680 3588 Dei
708 3532 906 3590 facere.
1632 3541 1637 3546 ’

465 3622 729 3691 Presbyter
749 3623 837 3691 hic
848 3626 970 3675 situs
990 3629 1069 3675 est.
1089 3629 1348 3691 meritiset
1369 3629 1562 3691 nomine
1582 3627 1767 3691 Clarus,

459 3684 672 3750 ειμι-ιιιιο
686 3685 863 3750 studiis
883 3698 1076 3750 comes,
1098 3689 1330 3750 etimerili
1355 3690 1498 3739 modo
1515 3703 1715 3740 consors
1735 3705 1748 3742 :

465 3744 624 3812 yigua
651 3749 737 3812 pio
749 3748 924 3812 domus
947 3757 1024 3812 est
1036 3744 1221 3808 altaria,
1246 3751 1339 3799 sub
1357 3753 1536 3812 quibus
1556 3760 1690 3802 artus

456 3806 700 3877 fioitditur
721 3807 792 3869 (b)
820 3811 1070 3877 exanimos
1081 3825 1100 3877 ;A
1118 3806 1224 3858 nam
1249 3806 1451 3874 spiritus
1479 3814 1670 3864 aethere
1689 3817 1886 3877 gaudet,

456 3867 862 3932 Discipulnrnque
881 3871 983 3933 pari
1007 3867 1157 3921 sociat
1177 3885 1233 3920 sn
1242 3867 1329 3935 per
1344 3883 1473 3922 astra
1494 3867 1742 3940 magistro.

459 3971 1001 4041 lJare‘ﬁdetprzeclare
1027 3982 1153 4037 actu,
1172 3973 1437 4041 clarissime
1461 3975 1637 4041 fructu,

524 4037 619 4093 Qui
641 4039 784 4084 merit
801 4048 828 4101 _s
846 4037 1036 4101 titulum
1055 4037 1262 4101 ncnunis
1281 4039 1550 4099 aequiparas
1573 4037 1639 4101 ιιι

459 4095 606 4162 Casta
632 4103 768 4162 tuum
783 4098 934 4162 digne
955 4099 1118 4149 velant
1138 4098 1308 4148 altaria
1326 4095 1519 4162 corpus,

526 4157 591 4206 Ut
614 4157 855 4219 templum
868 4159 1043 4209 Christi
1068 4167 1300 4221 contegat
1327 4157 1545 4210 ara'De'i.

459 4220 560 4268 Sed
587 4222 719 4280 quia,
748 4227 799 4285 tu
822 4234 912 4269 non
938 4221 1047 4285 bac,
1067 4236 1165 4285 qua
1186 4220 1380 4283 carpus,
1401 4223 1523 4274 sede
1542 4227 1759 4285 teneris,-

523 4289 618 4337 «λιιι
643 4281 828 4330 meritis
849 4281 1038 4344 superis
1055 4281 1250 4344 spiritus
1268 4281 1511 4344 involitas;

461 4343 579 4389 Sive
605 4351 792 4404 patrum
810 4343 996 4391 sinibus
1014 4343 1238 4402 recubas,
1262 4343 1521 4396 Dominive
1544 4350 1635 4396 sub
1657 4361 1739 4398 ara

521 4405 780 4468 tloutleris,
801 4413 885 4454 aut
901 4419 1038 4455 sacro
1061 4408 1280 4468 pasceris
1300 4408 1349 4454 in
1375 4419 1578 4458 nemore
1607 4423 1621 4459 :

459 4465 692 4530 Qualibet
716 4465 774 4513 in
789 4469 993 4528 regione
1014 4465 1107 4529 pdli
1124 4469 1248 4518 situs
1265 4476 1349 4517 aut
1374 4472 1599 4530 paradisi,

524 4525 666 4575 tilare
690 4530 782 4575 sub
800 4525 985 4577 aeterna
1005 4525 1123 4590 pace
1147 4535 1319 4578 beatus
1341 4525 1472 4590 agis;

460 4587 582 4657 llaec
604 4587 1085 4657 peceatoruni_bonus
1101 4593 1274 4657 accipe
1297 4587 1407 4642 vota
1430 4587 1700 4657 rogantum,

528 4647 592 4714 lit
606 4647 682 4698 ‘sis
700 4650 887 4714 Paulini
909 4647 1260 4714 Therasizeqne
1285 4647 1491 4703 memor:

465 4708 634 4773 Dilige
657 4713 903 4760 mandatos
926 4708 1287 4763 interveniente
1313 4715 1518 4773 Severo,

523 4772 656 4829 Quos
677 4774 911 4836 ignorasti
932 4787 1138 4836 corpore
1157 4777 1232 4825 sic
1249 4775 1472 4826 meritos.

463 4831 688 4901 Uuanimi
699 4831 977 4901 communis
997 4831 1132 4901 a'mor
1152 4839 1395 4901 sitlomes
1418 4837 1639 4901 utrisque

526 4897 759 4955 Perpetui
784 4908 970 4945 summo
1001 4896 1203 4947 foederis
1221 4899 1270 4946 in
1293 4895 1511 4947 Domino.

455 4954 565 5020 Non
589 4954 1006 5020 petesitnplicitos
1027 4959 1266 5009 divellere
1289 4974 1302 5020 ;
1327 4960 1368 5008 si
1387 4961 1536 5008 trabis
1555 4973 1720 5020 unum,

527 5017 661 5066 Unus
682 5017 1036 5080 adhaerentem,
1060 5034 1159 5084 quo
1175 5017 1382 5084 rapitur,
1396 5021 1572 5082 rapiet.

367 5185 486 5241 HG.

435 5299 515 5364 (a)
539 5300 615 5354 Ita
637 5317 736 5356 ms.
769 5301 940 5356 codex
967 5302 1137 5358 Vatic.
1162 5319 1286 5359 cum
1310 5303 1346 5357 2
1373 5306 1546 5360 editis.
1574 5309 1674 5366 Ms.
1703 5309 1860 5365 Vien.
1891 5323 1947 5370 et

368 5367 641 5446 Latinius,
671 5371 834 5446 Bura.
875 5372 971 5446 Ms.
1019 5373 1150 5442 Reg.
1182 5384 1236 5428 et
1263 5376 1390 5429 editi
1419 5387 1558 5444 tres,
1587 5377 1755 5446 Cura,
1786 5367 1941 5438 men:

371 5440 514 5493 llose.
549 5439 646 5494 Ed.
678 5440 889 5508 SCllUL,
913 5442 1071 5496 Cara.
1099 5439 1109 5464 ⁴

436 5509 514 5579 (ὁ)
546 5510 698 5565 Arius
719 5513 955 5565 conditur
978 5515 1264 5568 exanimos.
1288 5515 1419 5570 Vide
1438 5519 1688 5572 eumdum
1714 5519 1942 5576 Graecis-

364 5593 515 5658 mum
540 5595 704 5635 carm.
735 5581 826 5658 ἥ,
852 5599 903 5636 v.
1044 5581 1173 5658 Edd.
1198 5595 1448 5654 quatuor,
1479 5590 1768 5658 exanimus,
1790 5607 1940 5647 men-

364 5648 500 5722 dose
525 5667 538 5702 :
570 5661 708 5722 ortus
737 5648 877 5706 enim
907 5654 1160 5722 singulari
1190 5648 1410 5711 n'nmero
1430 5648 1537 5712 non
1561 5648 1795 5714 effertur.

435 5719 525 5799 (c)_
552 5721 641 5775 Sic
651 5737 791 5799 loss.
825 5719 1033 5799 codices
1056 5730 1112 5778 et
1138 5724 1226 5781 ed.
1260 5726 1423 5799 llost.
1455 5729 1667 5782 licentia
1699 5731 1932 5799 poetica.

367 5785 619 5853 Gravius,
647 5789 904 5860 Grinzcus,
933 5793 1185 5853 Scitottus
1212 5805 1267 5852 ct
1287 5795 1644 5856 Poelinannns
1670 5785 1870 5858 o'll'ensi
1881 5803 1935 5857 in

571 5188 590 5227 ί
621 5188 784 5245 Forte
805 5192 977 5245 nobis.

1723 282 2048 340 EPISTULA
2089 283 2304 338 XXXII.

1974 407 2028 459 Δ

1977 3134 2024 3196 C

436 5116 776 5201 ἒγιιξθῄιιοι.
799 5119 926 5201 239.
997 5119 1026 5160 δ
1049 5121 1184 5177 Vide
1209 5122 1337 5178 ibid.
1416 5134 1436 5160 ο
1463 5121 1592 5181 Vide
1621 5134 1736 5182 not.
1761 5128 1880 5186 ut.

2061 5143 2444 5191 testaceum.
2514 5134 2647 5191 Vide
2687 5151 2854 5192 carm.
2883 5135 2971 5201 25,
3003 5153 3054 5191 v.
3097 5139 3220 5194 2H.

3534 287 3636 346 355

2143 397 2276 459 Ergo
2295 396 2562 446 iudividnos
2577 396 2759 459 pariter
2776 395 3105 459 complectere
3121 397 3312 455 fratres.

2245 411 2276 445 ο
2295 411 2562 446 ιιιαινιαιι
2577 411 2759 459 pariter
2776 411 3105 459 complectere
3121 411 3312 455 tratres.

2210 411 2370 521 Eique
2389 471 2570 522 sumus,
2595 459 2665 522 sic
2687 469 2774 506 nos
2790 459 2941 522 dilige
2969 461 3343 522 participans“.

2142 522 2224 585 Sil:
2242 519 2376 585 usus
2397 521 2570 585 accivit
2597 520 2757 585 ",“sic
2779 531 2869 567 nos
2891 519 3130 570 Martinus
3144 519 3353 585 "antavit;

2201 583 2281 631 Sic
2301 591 2351 632 et
2373 590 2424 647 tu
2445 583 2627 647 pariter
2649 581 2790 630 Clare
2809 588 2952 647 tuere
2974 593 3117 644 pares
3137 598 3149 631 :

2141 643 2244 691 Non
2268 644 2471 702 meritis,
2497 645 2587 693 sed
2606 653 2770 691 amore
2789 643 2961 705 pares;
2978 643 3038 692 ιιι
3061 650 3230 693 sancte
3253 645 3439 695 valebis

2203 705 2440 770 Exorare,
2469 717 2611 770 pares
2629 711 2684 770 et
2699 703 2890 770 meritis
2911 703 3048 770 ﬁeri,

2141 765 2195 816 Si
2211 779 2323 828 icnin
2343 765 2546 815 Martino
2569 767 2698 815 socia
2714 768 2903 827 pietate
2920 765 3132 828 labores,

2207 827 2268 878 Ut
2293 830 2481 890 vincant
2500 836 2675 877 vestrm
2693 829 2890 877 crimina
2907 835 3067 877 nostra
3093 827 3266 890 preces
3287 842 3302 879 :

2143 887 2367 952 Elgsimul
2392 893 2438 937 in
2466 891 2616 939 vestri
2637 891 2870 938 ducamur
2891 899 3024 939 sorte
3040 887 3236 952 Severi,

2202 950 2477 1013 Vestraque
2496 963 2584 1000 nos
2596 964 2793 1013 semper
2817 957 3045 1014 protegat
3065 950 3141 1001 ala
3159 950 3290 1002 sinu.

2119 1071 2172 1124 7.
2215 1072 2369 1138 Quod
2395 1073 2439 1128 si
2467 1073 2723 1129 Dominus
2756 1073 3078 1130 desiderium
3107 1077 3298 1132 anima:
3320 1085 3511 1133 vestra:
3546 1077 3628 1134 l'e-

2049 1165 2186 1219 cerit
2214 1165 2505 1220 secundum
2550 1165 2709 1222 ﬁdem
2735 1177 2968 1222 vestram
2994 1211 3009 1237 ,
3039 1169 3296 1238 adjiciens
3335 1171 3546 1225 ornatui
3575 1178 3633 1225 et

2049 1255 2457 1312 sanctiﬁcationi
2487 1273 2708 1328 operum
2736 1268 3039 1314 vestrorum
3063 1302 3078 1326 ,
3112 1269 3170 1315 ut
3211 1277 3394 1317 sacros
3421 1264 3630 1318 cineres

2050 1347 2118 1402 de
2146 1349 2344 1403 sanctis
2364 1349 2718 1416 gloriosorum
2741 1351 3107 1420 apostolorum
3129 1360 3222 1406 aut
3239 1362 3531 1424 martyrum
3553 1369 3632 1408 re-

2051 1437 2231 1507 liquiis
2260 1439 2628 1510 adipiscamini
2661 1442 2823 1512 (quia
2854 1442 2898 1475 “
2927 1443 3086 1512 hujus
3113 1445 3223 1500 voti
3254 1448 3631 1516 praesumtione

2051 1549 2148 1587 vos
2169 1533 2328 1588 aliam
2354 1534 2494 1604 apud
2517 1534 2888 1591 Primuliacum
2913 1545 3154 1592 nostram
3181 1547 3235 1592 et
3260 1539 3439 1608 priore
3462 1539 3632 1608 majo-

2053 1639 2169 1679 rem
2191 1626 2464 1680 basilicam
2489 1641 2816 1697 prcharasse
2836 1628 3204 1700 cognovimus)
3225 1629 3439 1705 dignum
3468 1645 3633 1700 Opere

2055 1715 2178 1771 ﬁdei
2205 1727 2424 1783 vestrae,
2454 1727 2510 1772 et
2535 1718 2713 1788 operis
2742 1716 2968 1773 ﬁdeliter
2995 1719 3255 1774 elaborati
3297 1719 3633 1777 dedicatione

2055 1807 2405 1876 proculdubio
2428 1808 2795 1870 celeberrima,
2820 1819 3127 1864 sanctorum
3156 1827 3369 1881 quoque
3397 1813 3633 1882 reliquiis

2053 1897 2252 1953 decens
2272 1900 2611 1964 arbitramur,
2635 1907 2692 1953 ut
2721 1901 2824 1954 hoc
2848 1900 3011 1954 etiam
3035 1901 3178 1972 quod
3199 1901 3266 1957 de
3294 1899 3454 1959 cruce
3481 1905 3632 1960 misi-

2055 2005 2192 2055 mus,
2249 1991 2451 2061 pariter
2501 1992 2802 2062 depositum
2857 2002 3230 2064 sacratumque
3279 1997 3629 2052 veneremini.

2054 2080 2207 2148 Quod
2235 2083 2280 2137 si
2310 2084 2384 2138 ita
2405 2085 2684 2154 placuerit,
2713 2085 3231 2156 placitum'vestrum
3255 2087 3327 2154 lii,
3351 2089 3395 2144 si
3427 2090 3630 2146 videbi‘

2056 2180 2161 2240 tur,
2195 2173 2440 2229 versiculi
2470 2177 2794 2255 nuntiabunt
2827 2193 2840 2228 :

2146 2286 2373 2338 Divinum
2388 2289 2665 2338 veneranda
2689 2295 2866 2349 tegunt
2888 2289 3054 2340 altaria
3072 2289 3247 2349 foedus.

2208 2349 2652 2412 Compositissacra
2674 2351 2716 2382 ³⁸
2743 2364 2850 2398 cum
2873 2363 3018 2400 cruce
3041 2354 3343 2412 martyribus.

2147 2409 2342 2460 Cuncta
2352 2410 2588 2461 salutiferi
2609 2420 2792 2462 coeunt
2813 2413 2885 2470 (ε)
2904 2415 3133 2473 martyria
3149 2409 3347 2473 Christi,

2208 2473 2360 2536 Crux,
2383 2485 2560 2533 corpus
2583 2475 2626 2533 θ,
2646 2476 2849 2536 sanguis
2867 2472 3111 2572 martyris,
3131 2477 3238 2537 ipse
3259 2472 3406 2525 Dens.

2208 2548 2366 2572 imnma
2391 2535 2524 2572 “nm
2546 2548 2744 2572 comnm-
2768 2537 2902 2572 vnhig
2921 2535 2964 2565 ιο
3025 2549 3109 2572 eum
3131 2550 3328 2572 mimum
3354 2551 3406 2572 tm

2146 2531 2367 2599 Namque
2391 2531 2529 2599 Dens
2541 2531 2902 2599 semper-Vobis
2921 2535 2964 2565 ¹⁶
2987 2531 3007 2572 ί
3025 2531 3111 2585 sua
3129 2531 3328 2599 munera
3354 2545 3544 2599 servat;

2209 2596 2371 2658 Atque
2391 2598 2474 2646 ubi
2499 2596 2733 2658 Christus,
2759 2600 2822 2647 ibi
2846 2597 3070 2659 Spiritus,
3083 2605 3136 2648 et
3153 2598 3303 2648 Pater
3321 2607 3412 2649 est.

2123 2659 2476 2731 201-202
2494 2669 2574 2718 Sic
2592 2670 2674 2720 ubi
2695 2682 2836 2732 crux,
2863 2675 2917 2721 et
2947 2677 3128 2733 martyr
3151 2671 3215 2734 ibi
3241 2685 3253 2719 :
3279 2683 3374 2734 qua
3395 2671 3474 2734 (α)
3498 2685 3626 2722 mav-

3158 2732 3270 2796 [tyr,
3289 2733 3355 2783 ibi
3380 2732 3431 2785 et
3453 2732 3596 2802 crux,

2209 2790 2417 2854 Martyrii
2440 2793 2619 2842 sanctis
2641 2805 2750 2854 quia
2771 2794 2845 2854 pia
2863 2807 3004 2846 causa
3025 2795 3130 2846 fuit.

2145 2851 2233 2917 illa
2254 2851 2414 2917 cibum
2436 2857 2546 2903 vita
2570 2851 2864 2917 mortalibus,
2887 2860 2963 2908 illa
2987 2870 3208 2917 coronas,

2206 2916 2324 2972 Quae
2351 2915 2420 2981 Do
2441 2917 2552 2964 nino
2569 2915 2766 2965 famulos
2785 2922 3086 2979 participant,
3105 2915 3316 2981 peperit.

2147 2973 2369 3044 ln_c_ruce
2393 2978 2485 3044 l_lxa
2505 2989 2617 3025 caro
2640 2983 2716 3026 est
2739 2973 2832 3044 qua
2858 2973 3049 3044 pascor,
3071 2973 3134 3044 de
3153 2973 3298 3030 cruce
3322 2983 3522 3044 sanguis

2209 3036 2298 3086 llle
2331 3038 2457 3096 ﬁnit,
2478 3046 2624 3087 Vitam
2645 3051 2742 3101 quo
2760 3036 2898 3100 bibo,
2923 3036 3065 3091 corda
3089 3041 3211 3091 lavo.

2146 3096 2353 3166 Christe,
2377 3107 2462 3149 tuo
2483 3096 2820 3166 coeant'simul
2846 3096 2952 3153 héec
2974 3112 3054 3152 tua
3075 3103 3197 3152 dona
3213 3104 3422 3166 Severo,

2211 3159 2637 3211 Portitorettestis
2659 3164 2721 3211 sit
2743 3166 2898 3213 crucis
2921 3167 3014 3214 iste
3039 3173 3154 3215 tuae.

2147 3219 2302 3290 ωερε
2317 3229 2407 3290 tua
2431 3223 2580 3290 vivat,
2598 3230 2712 3290 tuus
2731 3225 2802 3290 illi
2822 3227 2988 3286 pocula
3011 3229 3208 3290 sanguis

2206 3282 2448 3342 Praebeat,
2469 3285 2519 3332 in
2542 3282 2844 3352 verboyiya't
2869 3297 3078 3352 agatque
3101 3282 3202 3340 ῐυο.

2148 3343 2350 3405 Quaque
2373 3353 2504 3394 tuum
2522 3347 2654 3396 socio
2675 3348 2717 3379 ιτ
2737 3343 3287 3401 Martliium'ascendere
3303 3349 3446 3403 Claro

2211 3405 2356 3469 Vidit,
2376 3415 2428 3456 et
2447 3409 2553 3470 ipse
2575 3418 2658 3457 tuo
2681 3420 2892 3464 munere
2917 3413 2987 3475 (ε)
3013 3421 3182 3463 vectus
3196 3422 3296 3464 eat.

2299 3421 2356 3469 ιι,
2376 3421 2428 3456 ει
2447 3421 2553 3469 ipse
2575 3421 2658 3457 “10
2681 3423 2892 3464 munere
2917 3421 2987 3469 (ε)
3013 3421 3182 3463 νεοιυε
3196 3422 3296 3464 εει.

2123 3530 2176 3586 8.
2209 3532 2267 3587 Si
2293 3548 2424 3589 vero
2451 3535 2621 3604 magis
2653 3535 2865 3604 placeat
2889 3536 3040 3592 vobis
3069 3539 3208 3593 hanc
3242 3539 3310 3593 de
3348 3554 3508 3595 cruce
3535 3540 3623 3595 be-

2051 3625 2410 3681 nedictionem
2448 3627 2516 3680 ad
2544 3627 2910 3696 quotidianam
2955 3631 3173 3684 tutelam
3221 3637 3384 3700 atque
3410 3632 3626 3688 medici-

2051 3731 2173 3770 nam
2203 3717 2255 3770 in
2285 3725 2536 3786 promptu
2560 3718 2775 3784 habere,
2807 3735 2874 3772 ne
2903 3719 3070 3773 semel
3091 3719 3306 3775 condita
3337 3721 3390 3775 in
3413 3714 3632 3791 altario,

2049 3822 2158 3861 non
2187 3822 2399 3875 semper
2426 3805 2495 3860 ad
2525 3823 2739 3861 manum
2763 3851 2779 3875 ,
2818 3815 2878 3862 ut
2915 3824 3042 3864 usus
3069 3810 3271 3878 exigit,
3312 3821 3510 3882 pmsto
3534 3815 3628 3885 sit,

2049 3896 2244 3952 sufﬁcit
2264 3904 2319 3951 et
2342 3895 2431 3951 illa
2449 3896 2517 3951 ad
2541 3897 2772 3952 basilicae
2788 3899 3246 3955 consecrationem
3268 3903 3456 3969 gratia,
3481 3905 3628 3960 scili-

2048 3996 2137 4042 cet
2164 3988 2421 4043 Dominus
2466 4003 2589 4044 cnm
2617 3989 2879 4058 apostolis
2908 3996 2965 4044 et
2992 3991 3353 4062 martyribus;
3398 4011 3628 4064 quorum

2047 4078 2384 4134 venerandus
2411 4079 2548 4135 cinis
2583 4080 2628 4135 si
2657 4080 2776 4135 sine
2801 4081 2976 4136 crucis
3003 4082 3279 4138 consortio
3315 4085 3630 4154 subjiciatur

2048 4169 2305 4223 altaribus
2348 4168 2441 4239 (V.
2484 4177 2598 4225 not.
2641 4169 2766 4241 147)
2792 4211 2808 4237 ,
2861 4171 2948 4227 hic
3001 4180 3221 4242 opertos
3264 4174 3452 4231 titulus
3489 4177 3628 4232 indi-

2049 4260 2194 4314 cabit
2216 4277 2229 4312 :

2143 4371 2352 4438 Pignora
2377 4378 2652 4438 sanctorum
2673 4373 2850 4438 divina;
2871 4374 3021 4438 gloria
3045 4389 3228 4426 mensa:

2207 4433 2345 4497 velat
2361 4435 2634 4497 apostolicis
2651 4436 2782 4484 edita
2801 4433 3104 4497 corporibus.

2142 4495 2351 4557 Spiritus
2376 4504 2429 4544 et
2445 4495 2638 4544 Domini
2665 4497 2868 4546 medicis
2888 4495 3152 4548 virtutibus
3175 4501 3359 4548 instans

2208 4557 2303 4604 Per
2323 4557 2612 4620 documenta
2636 4569 2797 4605 sacros
2816 4560 2918 4607 viva
2944 4561 3115 4620 probat
3135 4559 3350 4612 cineres.

2143 4617 2224 4684 Sic
2247 4620 2492 4684 geminata
2517 4619 2609 4684 piis
2629 4620 2840 4684 adspirat
2863 4617 3014 4681 gratia
3037 4624 3178 4684 votis,

2205 4678 2330 4728 Infra
2355 4678 2659 4744 martyribus,
2678 4678 2891 4739 desuper
2908 4690 3011 4732 acta
3025 4678 3193 4734 sacris.

2142 4739 2264 4808 Vota
2283 4739 2572 4808 sacerdotis,
2592 4744 2839 4808 viventum
2864 4750 2916 4793 et
2943 4746 3211 4806 commoda,
3236 4759 3382 4808 parvo

2206 4803 2420 4852 Pulvere
2441 4810 2715 4853 sanctoru
2742 4805 2785 4836 ¹⁸
2812 4817 2940 4855 mors
2961 4809 3175 4867 pretiosa
3187 4803 3341 4871 juvat.

2120 4929 2172 4983 9.
2206 4927 2383 4984 Habes
2413 4943 2600 4984 versus
2625 4929 2880 5000 operibus
2919 4931 3137 5000 quidem
3178 4934 3284 4990 tuis
3330 4937 3534 4992 sanctis
3581 4947 3630 4994 et

2048 5018 2345 5090 magniﬁcis
2374 5020 2620 5089 indignos
2643 5061 2660 5090 ,
2703 5023 3036 5092 persuasioni
3065 5032 3246 5082 tamen
3273 5034 3379 5084 tua:
3397 5067 3415 5094 ,
3464 5043 3630 5099 quam

3299 5151 3323 5179 ε
3351 5143 3487 5201 Vide
3512 5153 3628 5201 not.
3670 5199 3693 5225 '

2049 5316 2340 5400 secundam
2379 5319 2637 5400 syllabam
2682 5321 2997 5392 productam
3037 5325 3093 5380 in
3121 5329 3397 5400 martyrio,
3430 5330 3628 5386 substi~

2051 5397 2280 5460 luerunt
2297 5390 2541 5460 insignia.

2123 5459 2202 5535 _(d)
2230 5459 2321 5514 Sic
2347 5459 2747 5535 eniendavimus
2787 5478 2854 5517 ex
2903 5463 3060 5520 editis
3097 5465 3301 5534 Boelm.
3324 5511 3339 5535 ,
3369 5467 3520 5523 Grin.
3573 5480 3628 5528 et

2048 5527 2229 5609 Schol.
2256 5571 2271 5595 ,
2319 5530 2477 5609 quod
2506 5535 2928 5600 praecedentibus
2975 5527 3123 5592 bene.
3155 5527 3461 5609 respondet.
3514 5527 3622 5598 Alii

2048 5599 2240 5672 codd.,_
2261 5599 2575 5672 martyriset
2596 5619 2743 5658 crux.

2054 5669 2299 5796 “signata
2322 5669 2422 5729 ms'.
2453 5671 2604 5730 Vicn.
2637 5672 2851 5732 favente
2892 5692 2992 5734 ms.
3034 5674 3220 5736 codice
3252 5676 3444 5752 Regio.
3498 5681 3624 5750 Alii:
