4006 6180
334 272 436 327 335

1427 261 1474 318 S.
1510 262 1778 317 l‘AULiNl
1818 261 2064 316 NOLANI
2106 260 2403 317 EPISCOl‘l

3455 264 3559 319 356

330 382 492 438 habes
516 380 609 435 tibi
636 379 701 445 de
738 395 823 434 me
854 379 1111 450 (Subaudi
1139 378 1331 448 magis)
1357 391 1519 447 quam
1544 377 1674 433 mihi
1705 377 1891 432 crede—
1919 383 1965 438 A
1995 384 2098 441 tur,
2124 385 2356 446 quatuor
2380 376 2496 445 ejus
2518 375 2751 433 basilicis
2779 375 2958 430 addita
2977 416 2992 441 ,
3023 374 3262 445 reliquiis
3289 350 3561 447 apostolo-

330 489 407 538 re,
438 479 821 543 competentes.
863 469 1009 537 Quos
1034 472 1079 526 si
1105 485 1212 525 non
1240 467 1515 523 erubueris
1541 468 1617 537 (α)
1646 475 1894 538 spectan-

326 567 426 622 dos
464 564 768 620 domestica:
806 562 1047 618 ecclesiae
1094 570 1196 614 tua:
1244 558 1537 629 parietibus
1584 558 1895 622 inscribere,

326 654 657 710 vindicabor.
719 652 894 708 Credo
938 653 1080 706 enim
1111 651 1193 704 vel
1224 657 1349 703 tunc
1390 648 1459 703 de
1506 647 1639 703 meis
1686 648 1898 717 ineptiis

328 746 653 811 erubesces;
702 752 756 798 et
802 742 1085 812 pmnitebit
1131 750 1185 795 te
1211 739 1461 794 desiderii
1508 748 1564 793 et
1603 740 1898 794 exactionis

330 843 431 889 tua:
455 876 472 902 ,
512 851 633 889 cum
663 832 887 888 aedificia
909 874 924 899 ,
981 846 1101 901 quae
1141 828 1482 884 immaculata
1520 828 1693 885 adhuc
1718 830 1896 900 operis

332 929 408 981 tui
445 927 613 995 gratia
651 924 971 995 splendent,
1032 923 1317 978 obscurata
1358 922 1545 978 nmniis
1584 922 1898 992 insipientia:

332 1032 464 1072 meae
488 1032 501 1081 ;
528 1023 609 1080 et,
641 1023 700 1069 ut
726 1014 886 1081 digno
916 1013 1050 1068 meis
1075 1014 1317 1070 versibus
1346 1015 1509 1070 verbo
1539 1021 1677 1075 utar,
1709 1025 1895 1067 cacca-

328 1110 453 1167 bata
485 1108 578 1179 (V.
608 1116 722 1161 not.
760 1105 882 1175 148)
909 1148 925 1175 ,
974 1107 1270 1163 ridentibus
1308 1108 1489 1164 multis
1523 1107 1608 1161 vel
1635 1120 1898 1160 nausean-

333 1201 474 1259 tibns
501 1198 753 1255 confusus
780 1197 1030 1267 aspicies.
1072 1196 1181 1253 Nec
1204 1199 1472 1254 laborabis
1501 1198 1713 1259 fallere,
1759 1204 1819 1250 ut
1847 1204 1901 1250 te

332 1293 504 1349 lector
530 1302 773 1346 antorem
801 1297 989 1360 putet;
1044 1304 1167 1345 cum
1197 1290 1242 1324 ¹⁰
1282 1290 1479 1360 ineptia
1509 1290 1707 1344 nemini
1756 1289 1808 1343 in
1847 1296 1900 1342 te

333 1392 461 1439 nota
483 1422 499 1449 ,
531 1382 700 1453 possit
728 1381 991 1436 instruere
1018 1380 1275 1435 lectorem
1298 1418 1316 1445 ,
1357 1396 1425 1435 ne
1455 1380 1548 1435 tibi
1578 1396 1752 1434 meum
1781 1395 1901 1434 car—

332 1491 477 1541 men,
504 1474 557 1528 id
596 1481 704 1537 est,
736 1471 941 1526 crimen
971 1471 1246 1541 imponat:
1278 1472 1367 1540 qui
1400 1480 1578 1526 tamen
1602 1470 1686 1525 vel
1717 1468 1899 1538 prodi—

334 1566 467 1620 toris
513 1563 598 1617 vel
646 1563 925 1632 scriptoris
971 1562 1187 1616 nomine
1224 1548 1517 1632 culpandus
1563 1576 1641 1615 es.
1688 1558 1792 1614 Sed
1834 1575 1901 1613 ne

334 1656 453 1725 quis
485 1669 570 1708 me
600 1655 913 1723 injuriosnm
938 1651 1143 1721 jndicet
1169 1652 1257 1706 illa
1278 1651 1464 1720 regula
1488 1666 1593 1723 qua
1609 1651 1905 1725 praiscribi-

338 1758 418 1801 tur
444 1765 457 1799 :
492 1741 639 1810 Quod
662 1745 751 1799 tibi
780 1745 1026 1808 nolueris,
1057 1743 1148 1796 alii
1175 1760 1238 1796 ne
1264 1744 1445 1815 feceris
1474 1752 1502 1780 ἰ
1527 1760 1540 1795 :
1582 1742 1724 1797 idem
1756 1757 1786 1796 a
1815 1756 1901 1795 me
1933 1738 1979 1797 B

336 1840 482 1909 prius
510 1838 759 1892 basilicas
801 1851 947 1891 meas
994 1836 1276 1905 pertulisse
1305 1836 1659 1904 praesentibus
1695 1835 1771 1890 illi
1800 1835 1899 1891 do-

334 1931 596 1987 cumentis
624 1928 874 1998 probabis
898 1946 911 1980 :
954 1935 1013 1981 ut
1048 1927 1151 1981 hoc
1178 1941 1392 1995 quoque
1420 1924 1672 1982 ostendas
1704 1924 1900 1980 unani-

334 2023 575 2076 mitatem
606 2028 841 2075 nostram
867 2058 882 2082 ,
935 2018 1079 2087 quod
1107 2018 1217 2072 sive
1244 2017 1415 2085 gratia
1453 2018 1566 2071 sive
1595 2015 1787 2085 injuria
1813 2030 1901 2070 me

335 2112 429 2166 tibi
476 2124 800 2179 comparans
823 2149 837 2173 ,
895 2107 1081 2161 eadem
1120 2106 1172 2159 in
1197 2113 1315 2160 tuas
1343 2120 1449 2174 qua
1484 2106 1646 2159 etiam
1676 2105 1731 2158 in
1754 2118 1902 2159 meas

333 2201 714 2258 tedificationes
739 2200 1041 2254 temeritate
1060 2198 1298 2269 peccavi.
1332 2195 1439 2251 Sed
1458 2197 1615 2267 hujus
1641 2198 1754 2252 sive
1782 2212 1902 2267 gra-

336 2297 452 2360 tiaa,
479 2295 630 2363 juxta
661 2290 1107 2362 patientissimum
1146 2289 1253 2343 mei
1281 2288 1518 2343 animum
1549 2297 1736 2354 tuum;
1791 2290 1903 2344 sive

333 2386 485 2456 juxta
512 2398 689 2437 meum
709 2380 1130 2448 indignissimum
1160 2393 1381 2442 munus,
1412 2377 1617 2447 injuriae
1637 2385 1793 2432 antor
1812 2385 1905 2431 aut

337 2492 461 2532 rcus
488 2483 675 2530 noster
713 2472 809 2526 tibi
839 2471 1021 2525 Victor
1066 2469 1359 2536 habeatur,
1406 2468 1496 2538 qui
1539 2468 1905 2523 sanctissimus

337 2578 533 2624 nostra;
570 2564 807 2620 caritatis
852 2563 1117 2631 interpres
1162 2560 1267 2616 hoc
1310 2574 1370 2615 se
1419 2560 1513 2615 tibi
1557 2560 1844 2627 gratiorem
1871 2575 1901 2615 a

336 2658 491 2714 nobis
518 2655 697 2711 redire
721 2652 1052 2725 prmsumsit,
1094 2666 1201 2720 quo
1229 2651 1277 2683 ”
1303 2650 1611 2721 depressior
1636 2650 1735 2706 sub
1763 2650 1904 2720 inju-

335 2756 421 2804 sto
438 2746 753 2816 ineptiarum
768 2744 832 2798 ad
853 2753 907 2799 te
930 2749 1231 2799 nostrarum
1254 2756 1416 2796 onere
1433 2741 1757 2798 revertisset.
1771 2741 1905 2796 Nam

336 2840 441 2894 hoc
467 2838 630 2893 etiam
659 2848 966 2891 accrescere
993 2832 1224 2888 fascibus
1250 2832 1361 2886 suis
1389 2831 1575 2897 voluit,
1604 2840 1664 2886 nt
1691 2838 1905 2887 nostra-

338 2944 456 2982 rum
484 2927 579 2981 tibi
629 2925 971 2980 basilicarum
1007 2937 1195 2977 vcrsns
1234 2920 1392 2976 simul
1418 2920 1762 2991 picturasque
1790 2937 1909 2991 por-

340 3028 495 3075 taret.
529 3018 828 3087 Meritoque
851 3014 1031 3079 faciet,
1053 3014 1099 3068 si
1119 3029 1239 3068 cum
1260 3013 1360 3068 hac
1378 3027 1437 3067 se
1457 3012 1553 3066 tibi
1573 3013 1907 3080 querimonia

2000 484 2119 523 rum
2167 476 2222 522 et
2260 476 2556 539 martyrum
2602 468 2950 540 203-205
2995 469 3135 522 intra
3182 467 3421 538 apsidem
3465 469 3559 537 (V.

1996 568 2109 614 not.
2126 559 2247 630 149)
2265 560 2493 615 trichora
2516 560 2670 631 (forte
2693 562 2960 632 legendum
2983 561 3269 615 trichoram
3285 577 3301 627 ;
3317 560 3419 615 vid.
3448 571 3560 617 not.

1997 651 2121 722 150)
2158 652 2257 707 sub
2284 652 2468 706 altaria
2496 652 2753 720 sacratis,
2795 669 2904 708 non
2930 653 3047 708 solo
3073 653 3217 707 beati
3244 652 3439 707 Felicis
3469 655 3566 706 lio-

1996 757 2128 797 nore
2173 742 2497 797 venerabilis
2541 752 2644 799 est.
2703 741 2955 814 Apsidem
3001 744 3118 797 solo
3165 751 3223 797 et
3270 742 3565 813 parietibus

1994 842 2374 888 marmoratam
2417 849 2632 891 camera
2679 835 2885 889 musivo
2932 834 3085 889 illusa
3140 833 3237 903 (V.
3280 843 3393 888 not.
3438 830 3566 900 151)

1994 925 2251 981 clariﬁcat
2276 943 2290 993 ;
2315 926 2467 996 cujus
2486 926 2709 995 pictura:
2735 925 2790 980 hi
2820 941 3002 980 versus
3028 934 3155 980 sunt
3178 943 3190 977 :

2118 1037 2274 1089 Pleno
2296 1048 2512 1089 coruscat
2527 1039 2738 1101 Trinitas
2766 1040 3013 1101 mysterio.

2119 1102 2225 1150 Stat
2245 1102 2460 1151 Christus
2485 1099 2684 1160 agnord;
2711 1114 2798 1148 vox
2816 1097 2982 1149 Patris
3008 1103 3030 1129 θ
3055 1097 3179 1147 cwlo
3202 1106 3333 1148 tonat
3358 1111 3372 1147 :

2120 1162 2182 1211 Et
2198 1175 2287 1223 per
2308 1159 2574 1211 columbam
2590 1159 2623 1223 gf
2651 1159 2859 1222 Spiritus
2875 1169 3067 1210 sanctus
3083 1162 3201 1209 tluit.

2119 1221 2323 1272 Crticem
2342 1235 2515 1274 corona
2542 1225 2566 1262 ις
2588 1221 2742 1271 lucido
2760 1224 2912 1282 cingit
2933 1224 3105 1283 globo;

2123 1284 2207 1335 Cui
2233 1298 2424 1334 corona:
2446 1289 2561 1333 sunt
2582 1295 2757 1333 corona
2792 1285 3013 1344 apostoli.

2122 1350 2335 1407 Quorum
2354 1345 2501 1407 ﬁgura
2526 1352 2603 1393 est
2624 1345 2673 1393 in
2695 1340 3025 1407 columbarum
3040 1343 3187 1393 choro
3212 1340 3257 1393 δ.

2185 1408 2270 1455 Pia
2292 1405 2542 1455 Trinitatis
2566 1408 2724 1455 unitas
2746 1405 2936 1455 Christo
2959 1406 3076 1464 coit,

2121 1466 2349 1529 Habente
2374 1470 2547 1529 etiipsa
2573 1466 2811 1516 Trinitate
2834 1468 3036 1529 insignia
3062 1480 3077 1515 :

2122 1528 2283 1590 Deum
2305 1528 2495 1578 revelat
2517 1542 2607 1577 vox
2634 1536 2852 1590 paterna,
2879 1535 2931 1577 ct
2951 1528 3158 1590 Spiritus
3186 1539 3197 1574 :

2124 1589 2351 1650 Sanctam
2373 1592 2585 1639 fatentur
2608 1589 2728 1638 crux
2754 1596 2807 1638 et
2830 1602 2984 1650 agnus
3007 1589 3263 1650 victimam.

2124 1649 2347 1714 ﬂegnnm
2372 1658 2425 1700 et
2441 1651 2735 1714 triumphum
2760 1646 3047 1714 purpura_e_t
3068 1648 3221 1714 palma
3249 1646 3470 1698 indicant.

2124 1710 2318 1762 Petram
2336 1710 2621 1773 superstati
2652 1710 2927 1773 ipse‘petra
2946 1711 2993 1741 ’δ
3008 1710 3257 1769 Ecclesiae,

2126 1773 2201 1836 De
2223 1788 2315 1836 qua
2338 1772 2495 1823 sonori
2516 1772 2722 1836 quattmr
2739 1772 2897 1821 fontes
2917 1772 2931 1823 i
2960 1779 3144 1831 meant,

2121 1835 2449 1899 Evangelistze
2467 1839 2571 1886 viva
2603 1835 2780 1885 Christi
2803 1836 3015 1883 ﬂumina.

2070 1963 2156 2017 11.
2188 1962 2452 2017 Inferiore
2485 1969 2664 2016 autem
2682 1961 2870 2027 balteo
2888 1999 2903 2023 ,
2944 1975 3051 2029 quo
3079 1960 3296 2031 parietis
3319 1960 3365 1991 ³³
3390 1970 3444 2013 et
3473 1975 3569 2013 ca-

2000 2069 2160 2110 merae
2189 2051 2479 2109 conﬁnium
2510 2051 2826 2121 interposita
2854 2064 3021 2121 gypso
3050 2049 3267 2120 crepido
3295 2048 3570 2118 conjungit

2001 2154 2092 2200 aut
2134 2144 2361 2207 dividit,
2416 2143 2503 2198 hic
2552 2142 2737 2196 titulus
2782 2141 2980 2197 indicat
3015 2141 3256 2210 deposita
3284 2140 3381 2194 sub
3410 2138 3569 2192 altari

2000 2244 2185 2292 sancta
2215 2240 2520 2289 sanctorum
2539 2249 2554 2286 :

2092 2346 2192 2419 Hic
2202 2347 2381 2419 pietas,
2410 2346 2485 2419 hic
2508 2346 2629 2419 alina
2654 2345 2792 2403 ﬁdes,
2817 2345 2901 2416 hic.
2913 2341 3077 2419 gloria.
3090 2341 3281 2401 Christi,

2154 2407 2244 2457 Hic
2263 2416 2340 2456 est
2359 2407 2642 2468 martyribus
2666 2420 2785 2455 crux
2809 2408 2985 2455 sociata
3006 2407 3126 2454 suis.

2091 2468 2212 2519 Nam
2234 2471 2394 2518 crucis
2413 2482 2442 2516 e
2464 2464 2594 2530 ligno
2615 2482 2838 2531 magnum
2862 2468 3024 2516 brevis
3047 2464 3200 2531 astnla
3224 2465 3417 2527 pignus,

2156 2530 2374 2593 Totaque
2398 2532 2445 2593 in
2470 2531 2649 2590 exiguo
2671 2530 2893 2593 segmine
2916 2530 2988 2577 vis
3004 2530 3160 2578 crucis
3179 2534 3271 2593 est.

2096 2590 2199 2642 Hoc
2218 2588 2489 2654 (dj'Melani
2514 2593 2538 2630 k
2556 2588 2975 2654 sanctae—delatum?
2988 2603 3190 2654 munere
3208 2588 3392 2654 Nolam,

2157 2651 2404 2715 Summum
2431 2654 2776 2715 Hierosolymte
2799 2652 2844 2683 ’⁸
2868 2653 3003 2715 venit
3023 2652 3086 2700 ab
3104 2652 3223 2698 urbe
3248 2651 3443 2700 bonum.

2095 2714 2269 2765 Sancta
2294 2714 2401 2764 Deo
2419 2712 2671 2775 geminum
2686 2714 2851 2763 velant
2879 2712 3044 2761 altaria
3072 2715 3323 2767 honorem,

2157 2777 2274 2826 Cum
2297 2788 2443 2826 cruce
2462 2775 2749 2838 apostolicos
2768 2788 2877 2836 quae
2901 2778 3085 2838 sociant
3114 2777 3325 2838 cineres.

2097 2837 2250 2896 Quam
2274 2840 2406 2887 bene
2425 2836 2690 2900 junguntur
2714 2837 2845 2899 ligno
2868 2837 3029 2884 crucis
3054 2847 3161 2900 ossa
3182 2836 3394 2900 piorum,

2162 2900 2255 2948 Pro
2273 2896 2495 2950 cruce’ut
2509 2896 2683 2949 occisis
2706 2896 2920 2948 in'cruce
2935 2900 2999 2946 sit
3020 2896 3218 2957 requies
3238 2896 3251 2944 !

2079 2999 2166 3054 12.
2199 3000 2391 3056 Totum
2426 3016 2554 3057 vero
2584 3008 2738 3055 extra
2765 2999 3024 3056 concham
3055 2996 3150 3068 (V.
3173 3004 3286 3051 not.
3319 2993 3443 3063 159)
3474 2993 3576 3048 ba-

339 3111 597 3167 deliciens
630 3117 685 3163 et
712 3085 906 3164 curvus
934 3105 1192 3170 intulerit,
1222 3113 1282 3159 ιιι
1310 3105 1541 3160 clamet:
1583 3103 1725 3161 Ecce
1748 3122 1906 3175 prop-
1933 3094 1977 3156 C
2009 3088 2171 3145 είιῖοίθ
2220 3092 2478 3161 Spatium:
2529 3092 2638 3147 ³1ιο
2680 3099 2735 3146 ει
2780 3092 3028 3145 lacunam
3073 3088 3303 3143 θυιηιίηθ
3349 3085 3578 3155 Seminis

340 3213 416 3257 ter
435 3202 683 3256 mandata
697 3200 947 3253 [abiaram
960 3206 1166 3250 tuorum
1186 3213 1277 3267 ego
1299 3195 1552 3249 ambulavi
1566 3197 1674 3249 uias
1689 3195 1844 3249 duras
1855 3194 1907 3261 h;

342 3304 400 3350 et
436 3294 675 3350 clamet:
726 3290 895 3361 Super
951 3289 1158 3342 dorsum
1208 3304 1373 3341 meum
1414 3286 1653 3357 fabricati
1702 3297 1820 3341 sunt
1866 3288 1909 3320 ²¹

342 3394 632 3447 peccatores
656 3423 671 3449 ,
702 3382 792 3450 qui
823 3382 874 3435 in
898 3388 978 3435 tot
1005 3379 1260 3450 epistolas
1287 3380 1331 3411 “
1360 3378 1785 3450 prolongaverunt
1813 3380 1916 3434 ini-

344 3478 587 3547 quitatem
616 3490 761 3528 suam
794 3484 840 3526 ο.

417 3587 505 3643 10.
548 3586 746 3656 Recepi
790 3585 952 3655 igitur
989 3592 1046 3639 et
1081 3583 1225 3639 hunc
1260 3581 1328 3637 ad
1356 3591 1572 3654 peccata
1603 3598 1722 3638 mea
1738 3597 1917 3640 cumu-

346 3683 477 3749 lum,
508 3690 566 3736 ut
588 3680 740 3735 fratri
759 3677 1103 3748 cupidissimo
1129 3675 1249 3730 talis
1268 3677 1509 3742 sarcinis,
1538 3691 1641 3745 qua
1661 3675 1776 3744 ejus
1796 3675 1915 3729 ani-

345 3790 436 3831 ma
458 3781 677 3847 gravato
702 3784 929 3841 corpore
955 3770 1228 3826 levaretur
1243 3808 1259 3835 ,
1299 3776 1607 3839 praestarem
1631 3784 1792 3838 quam
1819 3768 1917 3825 de-

347 3865 614 3923 siderabat
698 3862 963 3932 injuriam.
1012 3861 1144 3916 Nam
1172 3869 1229 3915 et
1266 3875 1393 3915 vere
1420 3858 1489 3914 ad
1514 3860 1919 3915 unanimitatem

350 3966 587 4013 nostram
630 3969 927 4025 congruere
954 3954 1068 4009 tunc
1106 3953 1249 4007 illius
1294 3952 1584 4022 postulatio
1617 3953 1917 4019 videbatur,

349 4065 455 4119 qua
499 4048 778 4104 asserebat
816 4053 876 4100 nt
918 4052 1194 4113 oporteret
1240 4043 1335 4097 tibi
1362 4051 1574 4097 nostras
1610 4043 1663 4096 in
1692 4042 1920 4098 Domino

350 4138 735 4197 aedificationes
773 4138 846 4192 ita
878 4142 1160 4190 notescere
1184 4175 1200 4203 ,
1248 4143 1306 4188 nt
1343 4134 1499 4189 nobis
1525 4141 1644 4188 tuas
1672 4134 1725 4189 in
1754 4134 1922 4189 titulis

351 4243 407 4288 et
432 4235 486 4287 in
518 4231 739 4302 picturis
768 4229 1004 4284 indicare
1038 4226 1318 4281 voluisses.
1376 4225 1492 4282 llac
1527 4226 1689 4295 igitur
1714 4228 1923 4281 ratione

351 4336 661 4393 persuasus,
693 4318 945 4373 basilicas
968 4322 1180 4372 nostras
1198 4315 1320 4380 tuis,
1350 4316 1490 4371 sicut
1517 4324 1572 4371 et
1593 4318 1770 4386 operis
1797 4325 1923 4370 tem-

353 4428 484 4484 pore
509 4420 565 4467 et
594 4410 700 4465 voti
722 4423 918 4478 genere
939 4406 1236 4476 conjuncta:
1262 4415 1415 4473 sunt,
1445 4407 1519 4461 ita
1546 4407 1708 4461 etiam
1729 4406 1919 4461 litteris

353 4501 730 4572 compaginare
767 4498 951 4553 curavi
975 4515 988 4552 :
1036 4505 1097 4551 ut
1134 4497 1188 4552 in
1217 4497 1319 4553 hoc
1346 4512 1560 4567 quoque
1589 4503 1770 4550 nostra
1797 4511 1922 4551 con-

351 4593 554 4663 junctio
584 4590 899 4659 lignraretur
920 4629 936 4654 ,
979 4603 1099 4658 quae
1120 4587 1360 4658 jungitur
1385 4587 1577 4641 animis
1598 4625 1613 4652 ,
1662 4594 1718 4640 et
1756 4585 1920 4640 distat

354 4684 521 4749 locis;
550 4683 628 4737 sic
649 4690 704 4737 et
732 4681 850 4745 ista,
883 4695 1001 4749 qua:
1028 4681 1081 4734 in
1106 4679 1322 4735 nomine
1350 4677 1560 4731 Domini
1588 4676 1782 4732 eodem
1809 4678 1919 4747 spi-

354 4775 459 4829 ritu
488 4774 759 4831 elaborata
779 4772 1190 4834 construximus,
1215 4769 1437 4824 diversis
1464 4768 1712 4836 abjnncta
1738 4769 1916 4837 regio—

355 4866 537 4931 nibus,
589 4863 827 4934 ejusdem
864 4871 1040 4916 tamen
1070 4860 1309 4931 epistolm
1351 4859 1489 4913 serie
1515 4859 1615 4912 sibi
1647 4866 1917 4928 tamquam

358 4958 431 5030 (b)
464 4958 768 5026 contignata
800 4955 846 4986 ’³
874 4955 1132 5008 visentur.
1198 4951 1424 5006 Basilica
1463 4951 1622 5020 igitur
1666 4951 1755 5004 illa
1800 4966 1920 5019 qua:

356 5051 425 5105 ad
459 5047 833 5104 dominmdium
871 5053 1113 5100 nostrum
1162 5057 1497 5098 communem
1539 5049 1825 5112 patronum
1866 5041 1919 5095 in

359 5141 573 5194 nomine
603 5137 812 5193 Domini
839 5135 1037 5191 Christi
1067 5134 1136 5205 (c)
1166 5134 1260 5189 Dei
1281 5133 1392 5202 jam
1412 5132 1657 5187 dedicata
1682 5131 1922 5187 celebra-

1946 4455 1999 4515 Ι)

2012 3184 2280 3251 utrimque
2326 3183 2619 3252 porticibus
2667 3182 2959 3248 dilatatur,
3009 3180 3199 3250 quibus
3242 3178 3441 3248 duplex
3479 3192 3579 3247 per

2012 3274 2254 3343 singulos
2279 3276 2436 3328 arcus
2464 3274 2829 3329 columnarum
2865 3272 2998 3328 ordo
3022 3271 3288 3340 dirigitur.
3318 3268 3577 3323 Cubicula

2015 3363 2111 3435 (V.
2141 3372 2254 3418 not.
2289 3363 2413 3433 160)
2444 3364 2584 3418 intra
2612 3366 2852 3434 porticus
2878 3371 3137 3433 quaterna
3160 3363 3329 3431 longis
3348 3360 3579 3415 basilicae

2013 3454 2269 3510 lateribus
2295 3456 2525 3521 inserta,
2579 3457 2801 3512 secretis
2829 3454 3097 3510 orantium
3124 3454 3210 3508 vel
3246 3454 3301 3506 in
3329 3452 3439 3523 iege
3467 3449 3579 3503 Do-

2014 3548 2141 3600 mini
2168 3547 2521 3601 meditantium
2543 3546 2559 3584 1
2581 3586 2597 3612 ,
2626 3557 2882 3616 praeterea
2910 3544 3183 3600 memoriis
3210 3543 3579 3611 religiosorum

2015 3651 2079 3691 ac
2107 3636 2445 3692 familiarium
2481 3636 2911 3692 accommodatos
2954 3633 3024 3690 ad
3063 3636 3214 3705 pacis
3239 3642 3454 3689 aeternae
3491 3647 3580 3686 re-

2015 3729 2195 3799 quiem
2238 3729 2386 3783 locos
2430 3728 2688 3798 praebent.
2741 3725 2911 3781 Omne
2954 3726 3255 3781 cubiculum
3300 3724 3437 3779 binis
3481 3737 3581 3793 per

2018 3818 2257 3871 liminum
2285 3815 2488 3871 frontes
2515 3817 2756 3872 versibus
2781 3825 3141 3887 praenotatur,
3182 3830 3316 3885 quos
3345 3815 3581 3868 inserere

2018 3908 2101 3964 his
2129 3909 2320 3963 litteris
2344 3908 2492 3963 nolui
2513 3908 2611 3977 (V.
2637 3915 2748 3963 not.
2775 3907 2921 3976 161),
2947 3923 3043 3963 eos
3064 3917 3240 3962 tamen
3260 3921 3393 3975 quos
3414 3904 3580 3974 ipsius

2014 3999 2247 4054 basilica:
2290 3999 2465 4053 aditus
2491 3999 2729 4066 habent,
2779 3997 3005 4068 scripsi;
3053 3997 3177 4067 quia
3224 4001 3474 4066 possent,
3531 3993 3581 4047 si

2020 4105 2277 4161 usurpare
2315 4090 2449 4145 velis
2471 4129 2488 4156 ,
2551 4097 2606 4144 et
2647 4088 2715 4143 ad
2758 4096 2969 4144 tuarum
3005 4087 3340 4142 basilicarum
3388 4083 3582 4154 ianuas

2019 4183 2326 4250 convenire,
2357 4190 2416 4236 nt
2445 4180 2588 4236 istud
2615 4188 2734 4235 est:

2111 4317 2209 4367 Pax
2234 4316 2320 4366 tibi
2345 4317 2425 4378 sit,
2444 4317 2736 4378 quicumque
2762 4312 2851 4378 Dei
2878 4311 3141 4378 penetralia
3165 4309 3338 4361 Christi

2172 4379 2383 4429 Pectore
2405 4374 2596 4440 paciﬁca
2617 4374 2848 4425 candidus
2866 4374 3157 4436 ingrederis.

2092 4501 2191 4557 Vel
2227 4502 2368 4566 hoc,
2418 4501 2487 4556 de
2527 4501 2680 4569 signo
2724 4496 2933 4552 Domini
2974 4495 3049 4567 (id
3087 4504 3164 4549 est
3206 4494 3358 4563 signo
3383 4491 3583 4573 crucis)

2023 4606 2185 4661 super
2212 4592 2507 4661 ingressum
2546 4590 2693 4661 picto
2719 4588 2819 4642 hac
2853 4586 3034 4656 specie
3057 4624 3072 4649 ,
3122 4599 3228 4654 qua
3266 4594 3452 4637 versus
3496 4582 3586 4635 in-

2019 4684 2163 4740 dicat
2186 4701 2199 4737 :

2145 4795 2303 4846 Cerne
2329 4798 2603 4843 coronatam
2624 4792 2817 4843 Domini
2837 4803 2986 4853 super
3005 4790 3122 4839 atria
3150 4788 3318 4853 Christi

2144 4859 2289 4907 Stare
2311 4869 2524 4915 crucem,
2547 4856 2670 4904 duro
2691 4850 3007 4916 spondentem
3037 4853 3167 4916 celsa
3192 4850 3339 4897 labori

2147 4918 2355 4967 Pramia
2380 4932 2392 4966 :
2418 4913 2536 4968 tolle
2562 4913 2775 4975 crucem,
2794 4917 2877 4976 qui
2898 4915 2971 4965 vis
2988 4913 3183 4961 auferre
3207 4922 3450 4960 coronam.

2091 5045 2259 5101 Alteri
2287 5046 2332 5077 "
2360 5053 2539 5099 autem
2566 5042 2798 5098 basilicae
2820 5083 2835 5108 ,
2884 5057 2987 5112 qua
3027 5039 3094 5094 de
3133 5038 3345 5095 hortulo
3372 5036 3454 5092 vel
3485 5050 3591 5106 po-

2024 5136 2197 5191 mario
2217 5135 2369 5204 quasi
2396 5135 2634 5204 privatus
2657 5132 2895 5204 aperitur
2922 5131 3192 5202 ingressus
3210 5168 3225 5193 ,
3257 5128 3311 5181 hi
3336 5125 3589 5182 versiculi

430 5264 455 5290 λ
485 5253 618 5308 Tob.
644 5249 825 5315 m1“.
898 5249 925 5289 δ
957 5248 1098 5303 Psal.
1123 5264 1232 5313 xvi,
1258 5246 1313 5300 2.
1392 5257 1415 5285 ο
1444 5245 1594 5315 Ρδειι.
1617 5262 1834 5312 cxxvm,
1867 5248 1918 5301 5.
1994 5249 2021 5289 ά
2051 5252 2174 5308 Not.
2203 5252 2325 5306 152.
2400 5260 2425 5290 ο
2453 5249 2721 5306 Not.155.
2798 5247 2819 5288 ί
2850 5248 2972 5304 Νοι.
3004 5246 3125 5301 154.
3203 5256 3229 5295 s
3260 5245 3381 5299 Not.
3412 5244 3530 5298 155.

365 5324 390 5361 ⁵
415 5324 537 5379 Νοι.
572 5320 697 5376 156.
779 5331 791 5355 ³
821 5318 1100 5383 Not.157.

432 5413 664 5495 (aii/iss.
701 5412 832 5479 Reg.
859 5419 915 5467 et
944 5410 1093 5466 Vien.
1144 5424 1266 5465 cum
1292 5408 1447 5463 editis
1489 5416 1717 5478 quatuor
1740 5448 1756 5474 ,
1803 5422 1918 5477 spe-

362 5485 1141 5625 cu?i$iia_edit._Bosv._!era
1174 5547 1332 5602 lectio
1355 5588 1370 5612 ,
1419 5561 1537 5625 qua:
1577 5546 1920 5625 conﬁrmatur

366 5613 530 5703 carni.
562 5622 652 5692 25,
679 5638 729 5676 v.
757 5620 855 5703 12,
884 5613 1057 5703 v.37.
1096 5618 1218 5681 Mss.
1252 5627 1361 5672 tres
1387 5613 1599 5671 codices
1620 5630 1740 5670 cum
1763 5618 1919 5671 editis

368 5702 611 5763 quatuor,
643 5700 962 5763 consignato.

442 5764 509 5823 (c)
542 5753 845 5817 Addidimus
883 5759 977 5813 Dei
1014 5774 1080 5814 cx
1108 5772 1232 5813 mss.
1267 5755 1396 5823 Reg.
1437 5764 1489 5809 ot
1516 5754 1663 5809 Vien.
1690 5753 1812 5810 llaec
1838 5755 1916 5810 le-

1182 5317 1193 5368 i
1226 5317 1348 5371 Not.
1384 5314 1504 5371 158.
1585 5314 1608 5352 ι
1632 5315 1756 5369 Νοι.
1788 5315 1912 5372 158.
1988 5321 2008 5360 1
2043 5321 2184 5377 Psal.
2207 5322 2320 5391 1,2.

2022 5415 2130 5471 ctio
2157 5412 2503 5471 confirmatur
2525 5430 2577 5467 n.
2610 5412 2694 5477 12,
2727 5429 2777 5467 v.
2810 5412 2862 5465 1.

2096 5486 2172 5555 (ά)
2222 5484 2313 5539 Sic
2342 5476 2878 5555 reposuimusmjuxta
2918 5495 3046 5555 mss.
3092 5478 3319 5555 codices
3346 5476 3473 5555 Reg,
3537 5488 3589 5541 et

2024 5547 2178 5610 Vién'.
2204 5563 2261 5609 et
2289 5547 2630 5608 editISchot.
2683 5547 2968 5608 verissima
3008 5549 3190 5610 lectio.
3221 5547 3321 5605 Alii
3354 5547 3591 5620 codices,

2028 5624 2266 5679 Melanis.
2302 5623 2434 5679 Vide
2462 5632 2575 5679 not.
2608 5620 2729 5677 138.
