  <div class='ocr_page' id='page_1' title='image "/cluster/home/n/w/nwhite01/storage/ocr_20150623/61/hvd.32044054758685/174.png"; bbox 0 0 3966 6184; ppageno 0'>
   <div class='ocr_carea' id='block_1_1' title="bbox 355 360 2252 423">
    <p class='ocr_par' dir='ltr' id='par_1_1' title="bbox 355 360 2252 423">
     <span class='ocr_line' id='line_1_1' title="bbox 355 360 2252 423; baseline 0.015 -31"><span class='ocrx_word' id='word_1_1' title='bbox 355 370 443 423; x_wconf 61' lang='lat'><strong>337</strong></span> <span class='ocrx_word' id='word_1_2' title='bbox 1676 360 1999 419; x_wconf 73' lang='lat' dir='ltr'><strong>EPISTULA</strong></span> <span class='ocrx_word' id='word_1_3' title='bbox 2042 362 2252 421; x_wconf 77' lang='lat' dir='ltr'><strong>XXXII.</strong></span> 
     </span>
    </p>
   </div>
   <div class='ocr_carea' id='block_1_2' title="bbox 3464 364 3575 424">
    <p class='ocr_par' dir='ltr' id='par_1_2' title="bbox 3464 364 3575 424">
     <span class='ocr_line' id='line_1_2' title="bbox 3464 364 3575 424; baseline 0.018 -2"><span class='ocrx_word' id='word_1_4' title='bbox 3464 364 3575 424; x_wconf 70' lang='lat'><strong>338</strong></span> 
     </span>
    </p>
   </div>
   <div class='ocr_carea' id='block_1_3' title="bbox 351 473 2432 547">
    <p class='ocr_par' dir='ltr' id='par_1_3' title="bbox 351 473 2432 547">
     <span class='ocr_line' id='line_1_3' title="bbox 351 473 2432 547; baseline 0.002 -18"><span class='ocrx_word' id='word_1_5' title='bbox 351 475 482 530; x_wconf 87' lang='lat' dir='ltr'><strong>hanc</strong></span> <span class='ocrx_word' id='word_1_6' title='bbox 507 475 848 529; x_wconf 68' lang='lat' dir='ltr'><strong>secretiorem</strong></span> <span class='ocrx_word' id='word_1_7' title='bbox 893 473 1064 531; x_wconf 91' lang='lat' dir='ltr'><strong>forem</strong></span> <span class='ocrx_word' id='word_1_8' title='bbox 1104 477 1341 547; x_wconf 85' lang='lat' dir='ltr'><strong>pandunt</strong></span> <span class='ocrx_word' id='word_1_9' title='bbox 1385 476 1478 545; x_wconf 87' lang='lat' dir='ltr'><strong>(V.</strong></span> <span class='ocrx_word' id='word_1_10' title='bbox 1509 492 1593 545; x_wconf 86' lang='lat' dir='ltr'><strong>ep.</strong></span> <span class='ocrx_word' id='word_1_11' title='bbox 1626 475 1726 539; x_wconf 67' lang='lat'><strong>&#39;28,</strong></span> <span class='ocrx_word' id='word_1_12' title='bbox 1761 493 1814 531; x_wconf 94' lang='lat' dir='ltr'><strong>n.</strong></span> <span class='ocrx_word' id='word_1_13' title='bbox 1842 476 1894 539; x_wconf 85' lang='grc'>5.</span> <span class='ocrx_word' id='word_1_14' title='bbox 1929 484 1974 536; x_wconf 79' lang='grc' dir='ltr'><strong>Δ</strong></span> <span class='ocrx_word' id='word_1_15' title='bbox 2072 479 2130 533; x_wconf 91' lang='lat' dir='ltr'><strong>lu</strong></span> <span class='ocrx_word' id='word_1_16' title='bbox 2157 497 2263 536; x_wconf 94' lang='lat' dir='ltr'><strong>uno</strong></span> <span class='ocrx_word' id='word_1_17' title='bbox 2292 482 2432 538; x_wconf 89' lang='lat' dir='ltr'><strong>hoc:</strong></span> 
     </span>
    </p>
   </div>
   <div class='ocr_carea' id='block_1_4' title="bbox 350 564 987 639">
    <p class='ocr_par' dir='ltr' id='par_1_4' title="bbox 350 564 987 639">
     <span class='ocr_line' id='line_1_4' title="bbox 350 564 987 639; baseline 0 -18"><span class='ocrx_word' id='word_1_18' title='bbox 350 576 400 622; x_wconf 80' lang='lat' dir='ltr'><strong>et</strong></span> <span class='ocrx_word' id='word_1_19' title='bbox 422 582 586 621; x_wconf 82' lang='lat' dir='ltr'><strong>carui.</strong></span> <span class='ocrx_word' id='word_1_20' title='bbox 618 564 707 631; x_wconf 76' lang='grc'><strong>24,</strong></span> <span class='ocrx_word' id='word_1_21' title='bbox 733 582 784 619; x_wconf 84' lang='grc' dir='ltr'>ν.</span> <span class='ocrx_word' id='word_1_22' title='bbox 816 566 943 639; x_wconf 79' lang='grc'>615)</span> <span class='ocrx_word' id='word_1_23' title='bbox 973 578 987 614; x_wconf 75' lang='grc' dir='ltr'><strong><em>ε</em></strong></span> 
     </span>
    </p>
   </div>
   <div class='ocr_carea' id='block_1_5' title="bbox 466 679 1539 739">
    <p class='ocr_par' dir='ltr' id='par_1_5' title="bbox 466 679 1539 739">
     <span class='ocr_line' id='line_1_5' title="bbox 466 679 1539 739; baseline 0.002 -15"><span class='ocrx_word' id='word_1_24' title='bbox 466 679 706 727; x_wconf 72' lang='lat' dir='ltr'><strong>Cteiestes</strong></span> <span class='ocrx_word' id='word_1_25' title='bbox 728 682 907 729; x_wconf 91' lang='lat' dir='ltr'><strong>intrate</strong></span> <span class='ocrx_word' id='word_1_26' title='bbox 926 680 1027 728; x_wconf 83' lang='lat' dir='ltr'><strong>vias</strong></span> <span class='ocrx_word' id='word_1_27' title='bbox 1046 692 1135 739; x_wconf 82' lang='lat' dir='ltr'><strong>per</strong></span> <span class='ocrx_word' id='word_1_28' title='bbox 1158 692 1343 729; x_wconf 76' lang='lat' dir='ltr'><strong>amoma</strong></span> <span class='ocrx_word' id='word_1_29' title='bbox 1364 681 1539 737; x_wconf 87' lang='lat' dir='ltr'><strong>vireta,</strong></span> 
     </span>
    </p>
   </div>
   <div class='ocr_carea' id='block_1_6' title="bbox 461 738 1815 802">
    <p class='ocr_par' dir='ltr' id='par_1_6' title="bbox 461 738 1815 802">
     <span class='ocr_line' id='line_1_6' title="bbox 461 738 1815 802; baseline 0.003 -16"><span class='ocrx_word' id='word_1_30' title='bbox 461 738 783 802; x_wconf 65' lang='lat' dir='ltr'><strong>Christicolze;</strong></span> <span class='ocrx_word' id='word_1_31' title='bbox 809 747 862 791; x_wconf 88' lang='lat' dir='ltr'><strong>et</strong></span> <span class='ocrx_word' id='word_1_32' title='bbox 881 740 1005 790; x_wconf 67' lang='lat' dir='ltr'><strong>laetis</strong></span> <span class='ocrx_word' id='word_1_33' title='bbox 1021 738 1168 790; x_wconf 80' lang='lat' dir='ltr'><strong>decet</strong></span> <span class='ocrx_word' id='word_1_34' title='bbox 1186 741 1280 789; x_wconf 89' lang='lat' dir='ltr'><strong>huc</strong></span> <span class='ocrx_word' id='word_1_35' title='bbox 1298 742 1549 802; x_wconf 88' lang='lat' dir='ltr'><strong>ingressus</strong></span> <span class='ocrx_word' id='word_1_36' title='bbox 1568 742 1627 790; x_wconf 91' lang='lat' dir='ltr'><strong>ab</strong></span> <span class='ocrx_word' id='word_1_37' title='bbox 1642 742 1815 800; x_wconf 83' lang='lat' dir='ltr'><strong>hortis,</strong></span> 
     </span>
    </p>
   </div>
   <div class='ocr_carea' id='block_1_7' title="bbox 464 800 1747 864">
    <p class='ocr_par' dir='ltr' id='par_1_7' title="bbox 464 800 1747 864">
     <span class='ocr_line' id='line_1_7' title="bbox 464 800 1747 864; baseline 0.002 -15"><span class='ocrx_word' id='word_1_38' title='bbox 464 800 603 850; x_wconf 85' lang='lat' dir='ltr'><strong>Unde</strong></span> <span class='ocrx_word' id='word_1_39' title='bbox 622 800 814 851; x_wconf 85' lang='lat' dir='ltr'><strong>sacrum</strong></span> <span class='ocrx_word' id='word_1_40' title='bbox 836 803 1024 852; x_wconf 89' lang='lat' dir='ltr'><strong>meritis</strong></span> <span class='ocrx_word' id='word_1_41' title='bbox 1046 803 1184 851; x_wconf 91' lang='lat' dir='ltr'><strong>datur</strong></span> <span class='ocrx_word' id='word_1_42' title='bbox 1209 800 1370 852; x_wconf 80' lang='lat' dir='ltr'><strong>exitus</strong></span> <span class='ocrx_word' id='word_1_43' title='bbox 1393 804 1437 851; x_wconf 89' lang='lat' dir='ltr'><strong>in</strong></span> <span class='ocrx_word' id='word_1_44' title='bbox 1463 804 1747 864; x_wconf 82' lang='lat' dir='ltr'><strong>paradisum.</strong></span> 
     </span>
    </p>
   </div>
   <div class='ocr_carea' id='block_1_8' title="bbox 408 909 1901 967">
    <p class='ocr_par' dir='ltr' id='par_1_8' title="bbox 408 909 1901 967">
     <span class='ocr_line' id='line_1_8' title="bbox 408 909 1901 967; baseline -0.001 -2"><span class='ocrx_word' id='word_1_45' title='bbox 408 909 520 966; x_wconf 79' lang='lat' dir='ltr'><strong>Hoc</strong></span> <span class='ocrx_word' id='word_1_46' title='bbox 562 911 702 965; x_wconf 90' lang='lat' dir='ltr'><strong>idem</strong></span> <span class='ocrx_word' id='word_1_47' title='bbox 738 912 932 967; x_wconf 87' lang='lat' dir='ltr'><strong>ostium</strong></span> <span class='ocrx_word' id='word_1_48' title='bbox 957 914 1003 944; x_wconf 77' lang='grc'><strong>’⁸</strong></span> <span class='ocrx_word' id='word_1_49' title='bbox 1027 912 1146 966; x_wconf 89' lang='lat' dir='ltr'><strong>aliis</strong></span> <span class='ocrx_word' id='word_1_50' title='bbox 1174 910 1416 967; x_wconf 81' lang='lat' dir='ltr'><strong>versibus</strong></span> <span class='ocrx_word' id='word_1_51' title='bbox 1444 910 1511 966; x_wconf 91' lang='lat' dir='ltr'><strong>ab</strong></span> <span class='ocrx_word' id='word_1_52' title='bbox 1540 910 1795 966; x_wconf 87' lang='lat' dir='ltr'><strong>interiore</strong></span> <span class='ocrx_word' id='word_1_53' title='bbox 1821 911 1901 965; x_wconf 92' lang='lat' dir='ltr'><strong>sui</strong></span> 
     </span>
    </p>
   </div>
   <div class='ocr_carea' id='block_1_9' title="bbox 342 1001 892 1072">
    <p class='ocr_par' dir='ltr' id='par_1_9' title="bbox 342 1001 892 1072">
     <span class='ocr_line' id='line_1_9' title="bbox 342 1001 892 1072; baseline 0 -17"><span class='ocrx_word' id='word_1_54' title='bbox 342 1001 514 1057; x_wconf 88' lang='lat' dir='ltr'><strong>fronte</strong></span> <span class='ocrx_word' id='word_1_55' title='bbox 541 1003 585 1035; x_wconf 78' lang='lat'>”</span> <span class='ocrx_word' id='word_1_56' title='bbox 613 1002 853 1072; x_wconf 81' lang='lat' dir='ltr'><strong>signatur</strong></span> <span class='ocrx_word' id='word_1_57' title='bbox 879 1020 892 1055; x_wconf 91' lang='lat'><strong>:</strong></span> 
     </span>
    </p>
   </div>
   <div class='ocr_carea' id='block_1_10' title="bbox 430 1114 1660 1177">
    <p class='ocr_par' dir='ltr' id='par_1_10' title="bbox 430 1114 1660 1177">
     <span class='ocr_line' id='line_1_10' title="bbox 430 1114 1660 1177; baseline -0.002 -13"><span class='ocrx_word' id='word_1_58' title='bbox 430 1115 501 1177; x_wconf 87' lang='lat' dir='ltr'><strong>(a)</strong></span> <span class='ocrx_word' id='word_1_59' title='bbox 528 1115 758 1177; x_wconf 79' lang='lat' dir='ltr'><strong>Quisquis</strong></span> <span class='ocrx_word' id='word_1_60' title='bbox 772 1116 834 1165; x_wconf 85' lang='lat' dir='ltr'><strong>ab</strong></span> <span class='ocrx_word' id='word_1_61' title='bbox 852 1116 956 1163; x_wconf 66' lang='lat' dir='ltr'><strong>aede</strong></span> <span class='ocrx_word' id='word_1_62' title='bbox 976 1114 1066 1163; x_wconf 85' lang='lat' dir='ltr'><strong>Dei</strong></span> <span class='ocrx_word' id='word_1_63' title='bbox 1093 1114 1323 1175; x_wconf 78' lang='lat' dir='ltr'><strong>perfectis</strong></span> <span class='ocrx_word' id='word_1_64' title='bbox 1336 1114 1514 1177; x_wconf 80' lang='lat' dir='ltr'><strong>ordine</strong></span> <span class='ocrx_word' id='word_1_65' title='bbox 1536 1115 1660 1165; x_wconf 83' lang='lat' dir='ltr'><strong>votis</strong></span> 
     </span>
    </p>
   </div>
   <div class='ocr_carea' id='block_1_11' title="bbox 488 1175 1555 1239">
    <p class='ocr_par' dir='ltr' id='par_1_11' title="bbox 488 1175 1555 1239">
     <span class='ocr_line' id='line_1_11' title="bbox 488 1175 1555 1239; baseline -0.003 -13"><span class='ocrx_word' id='word_1_66' title='bbox 488 1175 772 1237; x_wconf 81' lang='lat' dir='ltr'><strong>Egrederis,</strong></span> <span class='ocrx_word' id='word_1_67' title='bbox 800 1188 964 1226; x_wconf 68' lang='lat' dir='ltr'><strong>reme:</strong></span> <span class='ocrx_word' id='word_1_68' title='bbox 983 1189 1208 1239; x_wconf 88' lang='lat' dir='ltr'><strong>corpore,</strong></span> <span class='ocrx_word' id='word_1_69' title='bbox 1234 1175 1381 1226; x_wconf 88' lang='lat' dir='ltr'><strong>corde</strong></span> <span class='ocrx_word' id='word_1_70' title='bbox 1398 1188 1555 1225; x_wconf 89' lang='lat' dir='ltr'><strong>mane.</strong></span> 
     </span>
    </p>
   </div>
   <div class='ocr_carea' id='block_1_12' title="bbox 402 1279 1905 1350">
    <p class='ocr_par' dir='ltr' id='par_1_12' title="bbox 402 1279 1905 1350">
     <span class='ocr_line' id='line_1_12' title="bbox 402 1279 1905 1350; baseline 0.002 -16"><span class='ocrx_word' id='word_1_71' title='bbox 402 1281 489 1335; x_wconf 78' lang='grc'>15.</span> <span class='ocrx_word' id='word_1_72' title='bbox 539 1279 861 1350; x_wconf 87' lang='lat' dir='ltr'><strong>Prospectus</strong></span> <span class='ocrx_word' id='word_1_73' title='bbox 909 1296 1038 1336; x_wconf 90' lang='lat' dir='ltr'><strong>vero</strong></span> <span class='ocrx_word' id='word_1_74' title='bbox 1082 1281 1316 1336; x_wconf 66' lang='lat' dir='ltr'><strong>basilica:</strong></span> <span class='ocrx_word' id='word_1_75' title='bbox 1360 1297 1509 1345; x_wconf 87' lang='lat' dir='ltr'><strong>non,</strong></span> <span class='ocrx_word' id='word_1_76' title='bbox 1564 1287 1622 1336; x_wconf 92' lang='lat' dir='ltr'><strong>ut</strong></span> <span class='ocrx_word' id='word_1_77' title='bbox 1649 1281 1905 1338; x_wconf 78' lang='lat' dir='ltr'><strong>usitatior</strong></span> 
     </span>
    </p>
   </div>
   <div class='ocr_carea' id='block_1_13' title="bbox 336 1373 1901 1443">
    <p class='ocr_par' dir='ltr' id='par_1_13' title="bbox 336 1373 1901 1443">
     <span class='ocr_line' id='line_1_13' title="bbox 336 1373 1901 1443; baseline 0.001 -16"><span class='ocrx_word' id='word_1_78' title='bbox 336 1390 450 1429; x_wconf 86' lang='lat' dir='ltr'><strong>nios</strong></span> <span class='ocrx_word' id='word_1_79' title='bbox 472 1382 589 1441; x_wconf 89' lang='lat' dir='ltr'><strong>est,</strong></span> <span class='ocrx_word' id='word_1_80' title='bbox 618 1375 879 1428; x_wconf 88' lang='lat' dir='ltr'><strong>orientem</strong></span> <span class='ocrx_word' id='word_1_81' title='bbox 908 1381 1146 1443; x_wconf 85' lang='lat' dir='ltr'><strong>spectat,</strong></span> <span class='ocrx_word' id='word_1_82' title='bbox 1175 1373 1268 1428; x_wconf 92' lang='lat' dir='ltr'><strong>sed</strong></span> <span class='ocrx_word' id='word_1_83' title='bbox 1293 1373 1360 1427; x_wconf 90' lang='lat' dir='ltr'><strong>ad</strong></span> <span class='ocrx_word' id='word_1_84' title='bbox 1387 1373 1587 1428; x_wconf 91' lang='lat' dir='ltr'><strong>domini</strong></span> <span class='ocrx_word' id='word_1_85' title='bbox 1627 1374 1733 1428; x_wconf 92' lang='lat' dir='ltr'><strong>mei</strong></span> <span class='ocrx_word' id='word_1_86' title='bbox 1759 1373 1901 1429; x_wconf 85' lang='lat' dir='ltr'><strong>beati</strong></span> 
     </span>
    </p>
   </div>
   <div class='ocr_carea' id='block_1_14' title="bbox 337 1462 1899 1533">
    <p class='ocr_par' dir='ltr' id='par_1_14' title="bbox 337 1462 1899 1533">
     <span class='ocr_line' id='line_1_14' title="bbox 337 1462 1899 1533; baseline 0 -16"><span class='ocrx_word' id='word_1_87' title='bbox 337 1464 520 1519; x_wconf 80' lang='lat' dir='ltr'><strong>Felicis</strong></span> <span class='ocrx_word' id='word_1_88' title='bbox 546 1464 821 1519; x_wconf 87' lang='lat' dir='ltr'><strong>basilicam</strong></span> <span class='ocrx_word' id='word_1_89' title='bbox 844 1464 1076 1533; x_wconf 86' lang='lat' dir='ltr'><strong>pertinet</strong></span> <span class='ocrx_word' id='word_1_90' title='bbox 1094 1462 1402 1518; x_wconf 88' lang='lat' dir='ltr'><strong>memoriam</strong></span> <span class='ocrx_word' id='word_1_91' title='bbox 1425 1462 1499 1531; x_wconf 85' lang='lat' dir='ltr'><strong>(id</strong></span> <span class='ocrx_word' id='word_1_92' title='bbox 1520 1471 1596 1515; x_wconf 79' lang='lat' dir='ltr'><strong>est</strong></span> <span class='ocrx_word' id='word_1_93' title='bbox 1617 1462 1899 1533; x_wconf 89' lang='lat' dir='ltr'><strong>tumulum)</strong></span> 
     </span>
    </p>
   </div>
   <div class='ocr_carea' id='block_1_15' title="bbox 336 1555 1901 1627">
    <p class='ocr_par' dir='ltr' id='par_1_15' title="bbox 336 1555 1901 1627">
     <span class='ocr_line' id='line_1_15' title="bbox 336 1555 1901 1627; baseline -0.001 -15"><span class='ocrx_word' id='word_1_94' title='bbox 336 1558 443 1625; x_wconf 85' lang='lat' dir='ltr'><strong>ejus</strong></span> <span class='ocrx_word' id='word_1_95' title='bbox 470 1558 742 1627; x_wconf 89' lang='lat' dir='ltr'><strong>aspiciens</strong></span> <span class='ocrx_word' id='word_1_96' title='bbox 772 1575 786 1611; x_wconf 89' lang='lat'><strong>:</strong></span> <span class='ocrx_word' id='word_1_97' title='bbox 831 1565 1010 1611; x_wconf 89' lang='lat' dir='ltr'><strong>tamen</strong></span> <span class='ocrx_word' id='word_1_98' title='bbox 1037 1572 1159 1612; x_wconf 92' lang='lat' dir='ltr'><strong>cum</strong></span> <span class='ocrx_word' id='word_1_99' title='bbox 1187 1555 1395 1611; x_wconf 91' lang='lat' dir='ltr'><strong>duabus</strong></span> <span class='ocrx_word' id='word_1_100' title='bbox 1434 1556 1619 1611; x_wconf 78' lang='lat' dir='ltr'><strong>dextra</strong></span> <span class='ocrx_word' id='word_1_101' title='bbox 1662 1556 1901 1627; x_wconf 60' lang='lat' dir='ltr'><strong>laevaque</strong></span> 
     </span>
    </p>
   </div>
   <div class='ocr_carea' id='block_1_16' title="bbox 341 1646 1897 1718">
    <p class='ocr_par' dir='ltr' id='par_1_16' title="bbox 341 1646 1897 1718">
     <span class='ocr_line' id='line_1_16' title="bbox 341 1646 1897 1718; baseline -0.001 -15"><span class='ocrx_word' id='word_1_102' title='bbox 341 1647 617 1703; x_wconf 80' lang='lat' dir='ltr'><strong>conchulis</strong></span> <span class='ocrx_word' id='word_1_103' title='bbox 645 1647 740 1718; x_wconf 87' lang='lat' dir='ltr'><strong>(V.</strong></span> <span class='ocrx_word' id='word_1_104' title='bbox 774 1655 886 1701; x_wconf 87' lang='lat' dir='ltr'><strong>not.</strong></span> <span class='ocrx_word' id='word_1_105' title='bbox 914 1646 1035 1717; x_wconf 69' lang='lat'><strong>162)</strong></span> <span class='ocrx_word' id='word_1_106' title='bbox 1066 1648 1204 1701; x_wconf 86' lang='lat' dir='ltr'><strong>intra</strong></span> <span class='ocrx_word' id='word_1_107' title='bbox 1225 1647 1516 1717; x_wconf 89' lang='lat' dir='ltr'><strong>spatiosum</strong></span> <span class='ocrx_word' id='word_1_108' title='bbox 1538 1647 1617 1701; x_wconf 91' lang='lat' dir='ltr'><strong>sui</strong></span> <span class='ocrx_word' id='word_1_109' title='bbox 1640 1646 1897 1701; x_wconf 85' lang='lat' dir='ltr'><strong>ambitum</strong></span> 
     </span>
    </p>
   </div>
   <div class='ocr_carea' id='block_1_17' title="bbox 338 1735 1895 1808">
    <p class='ocr_par' dir='ltr' id='par_1_17' title="bbox 338 1735 1895 1808">
     <span class='ocr_line' id='line_1_17' title="bbox 338 1735 1895 1808; baseline 0.001 -18"><span class='ocrx_word' id='word_1_110' title='bbox 338 1737 466 1807; x_wconf 86' lang='lat' dir='ltr'><strong>apsis</strong></span> <span class='ocrx_word' id='word_1_111' title='bbox 492 1737 709 1791; x_wconf 87' lang='lat' dir='ltr'><strong>sinuata</strong></span> <span class='ocrx_word' id='word_1_112' title='bbox 737 1737 971 1803; x_wconf 82' lang='lat' dir='ltr'><strong>laxetur,</strong></span> <span class='ocrx_word' id='word_1_113' title='bbox 1012 1754 1117 1791; x_wconf 88' lang='lat' dir='ltr'><strong>una</strong></span> <span class='ocrx_word' id='word_1_114' title='bbox 1147 1736 1242 1808; x_wconf 88' lang='lat' dir='ltr'><strong>(V.</strong></span> <span class='ocrx_word' id='word_1_115' title='bbox 1274 1745 1388 1792; x_wconf 89' lang='lat' dir='ltr'><strong>not.</strong></span> <span class='ocrx_word' id='word_1_116' title='bbox 1414 1735 1537 1807; x_wconf 79' lang='grc'>165)</span> <span class='ocrx_word' id='word_1_117' title='bbox 1575 1752 1759 1791; x_wconf 89' lang='lat' dir='ltr'><strong>earum</strong></span> <span class='ocrx_word' id='word_1_118' title='bbox 1797 1738 1895 1792; x_wconf 91' lang='lat' dir='ltr'><strong>im-</strong></span> 
     </span>
    </p>
   </div>
   <div class='ocr_carea' id='block_1_18' title="bbox 343 1827 1970 1897">
    <p class='ocr_par' dir='ltr' id='par_1_18' title="bbox 343 1827 1970 1897">
     <span class='ocr_line' id='line_1_18' title="bbox 343 1827 1970 1897; baseline 0.002 -18"><span class='ocrx_word' id='word_1_119' title='bbox 343 1827 547 1882; x_wconf 81' lang='lat' dir='ltr'><strong>molanti</strong></span> <span class='ocrx_word' id='word_1_120' title='bbox 590 1827 797 1883; x_wconf 88' lang='lat' dir='ltr'><strong>hostias</strong></span> <span class='ocrx_word' id='word_1_121' title='bbox 820 1827 1153 1896; x_wconf 89' lang='lat' dir='ltr'><strong>jubilationis</strong></span> <span class='ocrx_word' id='word_1_122' title='bbox 1190 1828 1414 1883; x_wconf 86' lang='lat' dir='ltr'><strong>antistiti</strong></span> <span class='ocrx_word' id='word_1_123' title='bbox 1443 1836 1593 1897; x_wconf 90' lang='lat' dir='ltr'><strong>patet</strong></span> <span class='ocrx_word' id='word_1_124' title='bbox 1617 1829 1696 1896; x_wconf 80' lang='lat'><strong>&#39;°,</strong></span> <span class='ocrx_word' id='word_1_125' title='bbox 1723 1828 1892 1883; x_wconf 91' lang='lat' dir='ltr'><strong>altera</strong></span> <span class='ocrx_word' id='word_1_126' title='bbox 1924 1837 1970 1896; x_wconf 78' lang='grc' dir='ltr'>Β</span> 
     </span>
    </p>
   </div>
   <div class='ocr_carea' id='block_1_19' title="bbox 337 1917 1896 1990">
    <p class='ocr_par' dir='ltr' id='par_1_19' title="bbox 337 1917 1896 1990">
     <span class='ocr_line' id='line_1_19' title="bbox 337 1917 1896 1990; baseline 0.002 -20"><span class='ocrx_word' id='word_1_127' title='bbox 337 1921 354 1989; x_wconf 85' lang='grc'><strong>(</strong></span> <span class='ocrx_word' id='word_1_128' title='bbox 368 1919 415 1973; x_wconf 69' lang='grc' dir='ltr'>ν.</span> <span class='ocrx_word' id='word_1_129' title='bbox 447 1928 563 1975; x_wconf 90' lang='lat' dir='ltr'><strong>not.</strong></span> <span class='ocrx_word' id='word_1_130' title='bbox 594 1919 719 1988; x_wconf 71' lang='grc'>161)</span> <span class='ocrx_word' id='word_1_131' title='bbox 750 1927 872 1989; x_wconf 91' lang='lat' dir='ltr'><strong>post</strong></span> <span class='ocrx_word' id='word_1_132' title='bbox 893 1919 935 1950; x_wconf 75' lang='grc'>⁸⁸</span> <span class='ocrx_word' id='word_1_133' title='bbox 959 1917 1294 1975; x_wconf 86' lang='lat' dir='ltr'><strong>sacerdotem</strong></span> <span class='ocrx_word' id='word_1_134' title='bbox 1314 1919 1495 1990; x_wconf 87' lang='lat' dir='ltr'><strong>capaci</strong></span> <span class='ocrx_word' id='word_1_135' title='bbox 1516 1919 1635 1974; x_wconf 90' lang='lat' dir='ltr'><strong>sinu</strong></span> <span class='ocrx_word' id='word_1_136' title='bbox 1656 1926 1896 1988; x_wconf 88' lang='lat' dir='ltr'><strong>receptat</strong></span> 
     </span>
    </p>
   </div>
   <div class='ocr_carea' id='block_1_20' title="bbox 331 2010 1894 2081">
    <p class='ocr_par' dir='ltr' id='par_1_20' title="bbox 331 2010 1894 2081">
     <span class='ocr_line' id='line_1_20' title="bbox 331 2010 1894 2081; baseline 0.003 -19"><span class='ocrx_word' id='word_1_137' title='bbox 331 2019 561 2067; x_wconf 84' lang='lat' dir='ltr'><strong>orantes.</strong></span> <span class='ocrx_word' id='word_1_138' title='bbox 618 2011 915 2067; x_wconf 66' lang='lat' dir='ltr'><strong>Laetissimo</strong></span> <span class='ocrx_word' id='word_1_139' title='bbox 952 2027 1083 2067; x_wconf 91' lang='lat' dir='ltr'><strong>vero</strong></span> <span class='ocrx_word' id='word_1_140' title='bbox 1117 2019 1410 2081; x_wconf 89' lang='lat' dir='ltr'><strong>conspectu</strong></span> <span class='ocrx_word' id='word_1_141' title='bbox 1448 2019 1560 2065; x_wconf 89' lang='lat' dir='ltr'><strong>tota</strong></span> <span class='ocrx_word' id='word_1_142' title='bbox 1600 2010 1754 2066; x_wconf 90' lang='lat' dir='ltr'><strong>simul</strong></span> <span class='ocrx_word' id='word_1_143' title='bbox 1780 2011 1894 2067; x_wconf 67' lang='lat' dir='ltr'><strong>haec</strong></span> 
     </span>
    </p>
   </div>
   <div class='ocr_carea' id='block_1_21' title="bbox 332 2103 1893 2174">
    <p class='ocr_par' dir='ltr' id='par_1_21' title="bbox 332 2103 1893 2174">
     <span class='ocr_line' id='line_1_21' title="bbox 332 2103 1893 2174; baseline 0.001 -18"><span class='ocrx_word' id='word_1_144' title='bbox 332 2103 537 2157; x_wconf 85' lang='lat' dir='ltr'><strong>basilica</strong></span> <span class='ocrx_word' id='word_1_145' title='bbox 568 2103 645 2174; x_wconf 90' lang='lat' dir='ltr'><strong>(b)</strong></span> <span class='ocrx_word' id='word_1_146' title='bbox 686 2105 741 2158; x_wconf 91' lang='lat' dir='ltr'><strong>in</strong></span> <span class='ocrx_word' id='word_1_147' title='bbox 783 2103 1058 2162; x_wconf 86' lang='lat' dir='ltr'><strong>basilicam</strong></span> <span class='ocrx_word' id='word_1_148' title='bbox 1098 2104 1382 2159; x_wconf 87' lang='lat' dir='ltr'><strong>memorati</strong></span> <span class='ocrx_word' id='word_1_149' title='bbox 1407 2103 1731 2160; x_wconf 90' lang='lat' dir='ltr'><strong>confessoris</strong></span> <span class='ocrx_word' id='word_1_150' title='bbox 1771 2118 1893 2173; x_wconf 85' lang='lat' dir='ltr'><strong>ape-</strong></span> 
     </span>
    </p>
   </div>
   <div class='ocr_carea' id='block_1_22' title="bbox 332 2195 1894 2266">
    <p class='ocr_par' dir='ltr' id='par_1_22' title="bbox 332 2195 1894 2266">
     <span class='ocr_line' id='line_1_22' title="bbox 332 2195 1894 2266; baseline 0.003 -19"><span class='ocrx_word' id='word_1_151' title='bbox 332 2195 453 2249; x_wconf 89' lang='lat' dir='ltr'><strong>ritur</strong></span> <span class='ocrx_word' id='word_1_152' title='bbox 495 2195 653 2251; x_wconf 89' lang='lat' dir='ltr'><strong>trinis</strong></span> <span class='ocrx_word' id='word_1_153' title='bbox 693 2195 920 2252; x_wconf 88' lang='lat' dir='ltr'><strong>arcubus</strong></span> <span class='ocrx_word' id='word_1_154' title='bbox 962 2195 1214 2266; x_wconf 90' lang='lat' dir='ltr'><strong>paribus,</strong></span> <span class='ocrx_word' id='word_1_155' title='bbox 1251 2195 1564 2265; x_wconf 87' lang='lat' dir='ltr'><strong>perlucente</strong></span> <span class='ocrx_word' id='word_1_156' title='bbox 1605 2203 1894 2251; x_wconf 75' lang='lat' dir='ltr'><strong>transenna</strong></span> 
     </span>
    </p>
   </div>
   <div class='ocr_carea' id='block_1_23' title="bbox 329 2285 1891 2357">
    <p class='ocr_par' dir='ltr' id='par_1_23' title="bbox 329 2285 1891 2357">
     <span class='ocr_line' id='line_1_23' title="bbox 329 2285 1891 2357; baseline 0.001 -18"><span class='ocrx_word' id='word_1_157' title='bbox 329 2285 408 2355; x_wconf 75' lang='grc' dir='ltr'><strong>(γ.</strong></span> <span class='ocrx_word' id='word_1_158' title='bbox 443 2295 563 2341; x_wconf 89' lang='lat' dir='ltr'><strong>not.</strong></span> <span class='ocrx_word' id='word_1_159' title='bbox 594 2285 718 2356; x_wconf 82' lang='grc'>165)</span> <span class='ocrx_word' id='word_1_160' title='bbox 747 2304 760 2341; x_wconf 90' lang='lat'><strong>:</strong></span> <span class='ocrx_word' id='word_1_161' title='bbox 792 2302 888 2355; x_wconf 90' lang='lat' dir='ltr'><strong>per</strong></span> <span class='ocrx_word' id='word_1_162' title='bbox 913 2302 1072 2357; x_wconf 91' lang='lat' dir='ltr'><strong>quam</strong></span> <span class='ocrx_word' id='word_1_163' title='bbox 1100 2286 1333 2341; x_wconf 90' lang='lat' dir='ltr'><strong>vicissim</strong></span> <span class='ocrx_word' id='word_1_164' title='bbox 1352 2285 1452 2341; x_wconf 89' lang='lat' dir='ltr'><strong>sibi</strong></span> <span class='ocrx_word' id='word_1_165' title='bbox 1474 2293 1614 2341; x_wconf 91' lang='lat' dir='ltr'><strong>tecta</strong></span> <span class='ocrx_word' id='word_1_166' title='bbox 1633 2300 1696 2341; x_wconf 88' lang='lat' dir='ltr'><strong>ac</strong></span> <span class='ocrx_word' id='word_1_167' title='bbox 1717 2286 1891 2356; x_wconf 89' lang='lat' dir='ltr'><strong>spatia</strong></span> 
     </span>
    </p>
   </div>
   <div class='ocr_carea' id='block_1_24' title="bbox 327 2376 1891 2447">
    <p class='ocr_par' dir='ltr' id='par_1_24' title="bbox 327 2376 1891 2447">
     <span class='ocr_line' id='line_1_24' title="bbox 327 2376 1891 2447; baseline 0 -17"><span class='ocrx_word' id='word_1_168' title='bbox 327 2376 552 2431; x_wconf 71' lang='lat' dir='ltr'><strong>basilice</strong></span> <span class='ocrx_word' id='word_1_169' title='bbox 573 2378 848 2447; x_wconf 88' lang='lat' dir='ltr'><strong>utriusque</strong></span> <span class='ocrx_word' id='word_1_170' title='bbox 870 2376 1184 2447; x_wconf 78' lang='lat' dir='ltr'><strong>junguntur.</strong></span> <span class='ocrx_word' id='word_1_171' title='bbox 1224 2377 1355 2431; x_wconf 86' lang='lat' dir='ltr'><strong>Nam</strong></span> <span class='ocrx_word' id='word_1_172' title='bbox 1383 2377 1507 2446; x_wconf 87' lang='lat' dir='ltr'><strong>quia</strong></span> <span class='ocrx_word' id='word_1_173' title='bbox 1526 2391 1719 2431; x_wconf 89' lang='lat' dir='ltr'><strong>novam</strong></span> <span class='ocrx_word' id='word_1_174' title='bbox 1742 2392 1773 2431; x_wconf 86' lang='lat' dir='ltr'><strong>a</strong></span> <span class='ocrx_word' id='word_1_175' title='bbox 1800 2392 1891 2431; x_wconf 91' lang='lat' dir='ltr'><strong>ve-</strong></span> 
     </span>
    </p>
   </div>
   <div class='ocr_carea' id='block_1_25' title="bbox 326 2467 1889 2541">
    <p class='ocr_par' dir='ltr' id='par_1_25' title="bbox 326 2467 1889 2541">
     <span class='ocr_line' id='line_1_25' title="bbox 326 2467 1889 2541; baseline 0.001 -20"><span class='ocrx_word' id='word_1_176' title='bbox 326 2469 411 2521; x_wconf 85' lang='lat' dir='ltr'><strong>teri</strong></span> <span class='ocrx_word' id='word_1_177' title='bbox 439 2468 627 2537; x_wconf 87' lang='lat' dir='ltr'><strong>paries</strong></span> <span class='ocrx_word' id='word_1_178' title='bbox 654 2467 837 2541; x_wconf 88' lang='lat' dir='ltr'><strong>apside</strong></span> <span class='ocrx_word' id='word_1_179' title='bbox 856 2467 1128 2536; x_wconf 88' lang='lat' dir='ltr'><strong>cujusdam</strong></span> <span class='ocrx_word' id='word_1_180' title='bbox 1150 2467 1481 2523; x_wconf 89' lang='lat' dir='ltr'><strong>monumenti</strong></span> <span class='ocrx_word' id='word_1_181' title='bbox 1504 2468 1547 2499; x_wconf 82' lang='grc'><strong><em>³²</em></strong></span> <span class='ocrx_word' id='word_1_182' title='bbox 1576 2467 1889 2537; x_wconf 87' lang='lat' dir='ltr'><strong>interposita</strong></span> 
     </span>
    </p>
   </div>
   <div class='ocr_carea' id='block_1_26' title="bbox 324 2556 1888 2629">
    <p class='ocr_par' dir='ltr' id='par_1_26' title="bbox 324 2556 1888 2629">
     <span class='ocr_line' id='line_1_26' title="bbox 324 2556 1888 2629; baseline 0.001 -18"><span class='ocrx_word' id='word_1_183' title='bbox 324 2558 629 2613; x_wconf 79' lang='lat' dir='ltr'><strong>obstructus</strong></span> <span class='ocrx_word' id='word_1_184' title='bbox 657 2558 1001 2626; x_wconf 82' lang='lat' dir='ltr'><strong>excluderet,</strong></span> <span class='ocrx_word' id='word_1_185' title='bbox 1046 2557 1268 2613; x_wconf 88' lang='lat' dir='ltr'><strong>totidem</strong></span> <span class='ocrx_word' id='word_1_186' title='bbox 1308 2556 1489 2626; x_wconf 80' lang='lat' dir='ltr'><strong>januis</strong></span> <span class='ocrx_word' id='word_1_187' title='bbox 1533 2556 1828 2629; x_wconf 85' lang='lat' dir='ltr'><strong>patefactus</strong></span> <span class='ocrx_word' id='word_1_188' title='bbox 1854 2573 1888 2613; x_wconf 91' lang='lat' dir='ltr'><strong>a</strong></span> 
     </span>
    </p>
   </div>
   <div class='ocr_carea' id='block_1_27' title="bbox 325 2645 1885 2715">
    <p class='ocr_par' dir='ltr' id='par_1_27' title="bbox 325 2645 1885 2715">
     <span class='ocr_line' id='line_1_27' title="bbox 325 2645 1885 2715; baseline 0.003 -18"><span class='ocrx_word' id='word_1_189' title='bbox 325 2645 485 2700; x_wconf 81' lang='lat' dir='ltr'><strong>latere</strong></span> <span class='ocrx_word' id='word_1_190' title='bbox 511 2645 837 2701; x_wconf 81' lang='lat' dir='ltr'><strong>confessoris</strong></span> <span class='ocrx_word' id='word_1_191' title='bbox 869 2656 1001 2715; x_wconf 89' lang='lat' dir='ltr'><strong>quot</strong></span> <span class='ocrx_word' id='word_1_192' title='bbox 1021 2646 1067 2677; x_wconf 86' lang='grc'>³³</span> <span class='ocrx_word' id='word_1_193' title='bbox 1095 2661 1126 2700; x_wconf 90' lang='lat' dir='ltr'><strong>a</strong></span> <span class='ocrx_word' id='word_1_194' title='bbox 1155 2646 1332 2701; x_wconf 87' lang='lat' dir='ltr'><strong>fronte</strong></span> <span class='ocrx_word' id='word_1_195' title='bbox 1356 2646 1625 2715; x_wconf 81' lang='lat' dir='ltr'><strong>ingressus</strong></span> <span class='ocrx_word' id='word_1_196' title='bbox 1650 2645 1732 2702; x_wconf 90' lang='lat' dir='ltr'><strong>sui</strong></span> <span class='ocrx_word' id='word_1_197' title='bbox 1754 2646 1885 2702; x_wconf 89' lang='lat' dir='ltr'><strong>fori-</strong></span> 
     </span>
    </p>
   </div>
   <div class='ocr_carea' id='block_1_28' title="bbox 324 2734 1884 2804">
    <p class='ocr_par' dir='ltr' id='par_1_28' title="bbox 324 2734 1884 2804">
     <span class='ocr_line' id='line_1_28' title="bbox 324 2734 1884 2804; baseline 0.001 -17"><span class='ocrx_word' id='word_1_198' title='bbox 324 2734 408 2789; x_wconf 88' lang='lat' dir='ltr'><strong>bus</strong></span> <span class='ocrx_word' id='word_1_199' title='bbox 458 2749 605 2789; x_wconf 82' lang='lat' dir='ltr'><strong>nova</strong></span> <span class='ocrx_word' id='word_1_200' title='bbox 648 2734 1021 2798; x_wconf 87' lang='lat' dir='ltr'><strong>reserabatur,</strong></span> <span class='ocrx_word' id='word_1_201' title='bbox 1076 2734 1227 2803; x_wconf 88' lang='lat' dir='ltr'><strong>quasi</strong></span> <span class='ocrx_word' id='word_1_202' title='bbox 1257 2734 1526 2789; x_wconf 89' lang='lat' dir='ltr'><strong>diatritam</strong></span> <span class='ocrx_word' id='word_1_203' title='bbox 1557 2734 1602 2765; x_wconf 70' lang='lat'><strong><em>&quot;</em></strong></span> <span class='ocrx_word' id='word_1_204' title='bbox 1648 2734 1884 2804; x_wconf 89' lang='lat' dir='ltr'><strong>speciem</strong></span> 
     </span>
    </p>
   </div>
   <div class='ocr_carea' id='block_1_29' title="bbox 325 2824 1883 2895">
    <p class='ocr_par' dir='ltr' id='par_1_29' title="bbox 325 2824 1883 2895">
     <span class='ocr_line' id='line_1_29' title="bbox 325 2824 1883 2895; baseline 0.001 -18"><span class='ocrx_word' id='word_1_205' title='bbox 325 2824 407 2894; x_wconf 82' lang='lat' dir='ltr'><strong>(V.</strong></span> <span class='ocrx_word' id='word_1_206' title='bbox 440 2833 568 2879; x_wconf 86' lang='lat' dir='ltr'><strong>not.</strong></span> <span class='ocrx_word' id='word_1_207' title='bbox 598 2824 721 2893; x_wconf 84' lang='grc'>166)</span> <span class='ocrx_word' id='word_1_208' title='bbox 756 2825 823 2879; x_wconf 87' lang='lat' dir='ltr'><strong>ab</strong></span> <span class='ocrx_word' id='word_1_209' title='bbox 864 2833 1092 2895; x_wconf 91' lang='lat' dir='ltr'><strong>utraque</strong></span> <span class='ocrx_word' id='word_1_210' title='bbox 1132 2824 1186 2879; x_wconf 91' lang='lat' dir='ltr'><strong>in</strong></span> <span class='ocrx_word' id='word_1_211' title='bbox 1213 2832 1493 2894; x_wconf 88' lang='lat' dir='ltr'><strong>utramque</strong></span> <span class='ocrx_word' id='word_1_212' title='bbox 1516 2824 1561 2855; x_wconf 78' lang='grc'>³⁸</span> <span class='ocrx_word' id='word_1_213' title='bbox 1589 2825 1883 2894; x_wconf 89' lang='lat' dir='ltr'><strong>spectanti-</strong></span> 
     </span>
    </p>
   </div>
   <div class='ocr_carea' id='block_1_30' title="bbox 322 2914 1886 2985">
    <p class='ocr_par' dir='ltr' id='par_1_30' title="bbox 322 2914 1886 2985">
     <span class='ocr_line' id='line_1_30' title="bbox 322 2914 1886 2985; baseline 0.001 -16"><span class='ocrx_word' id='word_1_214' title='bbox 322 2915 407 2969; x_wconf 89' lang='lat' dir='ltr'><strong>bus</strong></span> <span class='ocrx_word' id='word_1_215' title='bbox 432 2916 681 2985; x_wconf 72' lang='lat' dir='ltr'><strong>pnebet,</strong></span> <span class='ocrx_word' id='word_1_216' title='bbox 724 2916 861 2969; x_wconf 85' lang='lat' dir='ltr'><strong>sicut</strong></span> <span class='ocrx_word' id='word_1_217' title='bbox 887 2915 1026 2969; x_wconf 90' lang='lat' dir='ltr'><strong>datis</strong></span> <span class='ocrx_word' id='word_1_218' title='bbox 1049 2916 1192 2969; x_wconf 90' lang='lat' dir='ltr'><strong>inter</strong></span> <span class='ocrx_word' id='word_1_219' title='bbox 1219 2922 1475 2984; x_wconf 87' lang='lat' dir='ltr'><strong>utrasque</strong></span> <span class='ocrx_word' id='word_1_220' title='bbox 1500 2914 1691 2984; x_wconf 90' lang='lat' dir='ltr'><strong>januas</strong></span> <span class='ocrx_word' id='word_1_221' title='bbox 1719 2915 1886 2971; x_wconf 91' lang='lat' dir='ltr'><strong>titulis</strong></span> 
     </span>
    </p>
   </div>
   <div class='ocr_carea' id='block_1_31' title="bbox 323 3006 1884 3079">
    <p class='ocr_par' dir='ltr' id='par_1_31' title="bbox 323 3006 1884 3079">
     <span class='ocr_line' id='line_1_31' title="bbox 323 3006 1884 3079; baseline 0.002 -18"><span class='ocrx_word' id='word_1_222' title='bbox 323 3008 600 3063; x_wconf 77' lang='lat' dir='ltr'><strong>indicatur.</strong></span> <span class='ocrx_word' id='word_1_223' title='bbox 650 3006 835 3077; x_wconf 84' lang='lat' dir='ltr'><strong>Itaque</strong></span> <span class='ocrx_word' id='word_1_224' title='bbox 873 3008 924 3063; x_wconf 94' lang='lat' dir='ltr'><strong>in</strong></span> <span class='ocrx_word' id='word_1_225' title='bbox 949 3008 1078 3079; x_wconf 88' lang='lat' dir='ltr'><strong>ipsis</strong></span> <span class='ocrx_word' id='word_1_226' title='bbox 1109 3008 1342 3063; x_wconf 70' lang='lat' dir='ltr'><strong>basilica:</strong></span> <span class='ocrx_word' id='word_1_227' title='bbox 1370 3024 1523 3063; x_wconf 68' lang='lat' dir='ltr'><strong>novre</strong></span> <span class='ocrx_word' id='word_1_228' title='bbox 1552 3008 1884 3078; x_wconf 80' lang='lat' dir='ltr'><strong>ingressibus</strong></span> 
     </span>
    </p>
   </div>
   <div class='ocr_carea' id='block_1_32' title="bbox 323 3099 833 3154">
    <p class='ocr_par' dir='ltr' id='par_1_32' title="bbox 323 3099 833 3154">
     <span class='ocr_line' id='line_1_32' title="bbox 323 3099 833 3154; baseline -0.002 -2"><span class='ocrx_word' id='word_1_229' title='bbox 323 3099 366 3152; x_wconf 78' lang='lat' dir='ltr'><strong>lii</strong></span> <span class='ocrx_word' id='word_1_230' title='bbox 391 3099 647 3154; x_wconf 76' lang='lat' dir='ltr'><strong>versiculi</strong></span> <span class='ocrx_word' id='word_1_231' title='bbox 673 3106 833 3153; x_wconf 87' lang='lat' dir='ltr'><strong>sunt:</strong></span> 
     </span>
    </p>
   </div>
   <div class='ocr_carea' id='block_1_33' title="bbox 399 3209 1700 3273">
    <p class='ocr_par' dir='ltr' id='par_1_33' title="bbox 399 3209 1700 3273">
     <span class='ocr_line' id='line_1_33' title="bbox 399 3209 1700 3273; baseline 0.002 -13"><span class='ocrx_word' id='word_1_232' title='bbox 399 3212 545 3260; x_wconf 77' lang='lat' dir='ltr'><strong>Alma</strong></span> <span class='ocrx_word' id='word_1_233' title='bbox 569 3211 740 3259; x_wconf 73' lang='lat' dir='ltr'><strong>domus</strong></span> <span class='ocrx_word' id='word_1_234' title='bbox 757 3209 928 3273; x_wconf 85' lang='lat' dir='ltr'><strong>triplici</strong></span> <span class='ocrx_word' id='word_1_235' title='bbox 956 3217 1089 3271; x_wconf 88' lang='lat' dir='ltr'><strong>patet</strong></span> <span class='ocrx_word' id='word_1_236' title='bbox 1105 3211 1490 3271; x_wconf 72' lang='lat' dir='ltr'><strong>ingredientibus</strong></span> <span class='ocrx_word' id='word_1_237' title='bbox 1512 3224 1625 3262; x_wconf 81' lang='lat' dir='ltr'><strong>arcu</strong></span> <span class='ocrx_word' id='word_1_238' title='bbox 1651 3213 1700 3273; x_wconf 81' lang='grc'><strong>⁸,</strong></span> 
     </span>
    </p>
   </div>
   <div class='ocr_carea' id='block_1_34' title="bbox 460 3273 1421 3334">
    <p class='ocr_par' dir='ltr' id='par_1_34' title="bbox 460 3273 1421 3334">
     <span class='ocr_line' id='line_1_34' title="bbox 460 3273 1421 3334; baseline 0.001 -14"><span class='ocrx_word' id='word_1_239' title='bbox 460 3273 796 3334; x_wconf 86' lang='lat' dir='ltr'><strong>&#39;l&#39;estaturque</strong></span> <span class='ocrx_word' id='word_1_240' title='bbox 816 3275 937 3334; x_wconf 88' lang='lat' dir='ltr'><strong>piam</strong></span> <span class='ocrx_word' id='word_1_241' title='bbox 950 3285 1094 3329; x_wconf 69' lang='lat' dir='ltr'><strong>ianua</strong></span> <span class='ocrx_word' id='word_1_242' title='bbox 1118 3281 1147 3321; x_wconf 77' lang='lat' dir='ltr'><strong>ti</strong></span> <span class='ocrx_word' id='word_1_243' title='bbox 1162 3275 1241 3321; x_wconf 87' lang='lat' dir='ltr'><strong>ina</strong></span> <span class='ocrx_word' id='word_1_244' title='bbox 1265 3274 1421 3321; x_wconf 92' lang='lat' dir='ltr'><strong>tidem.</strong></span> 
     </span>
    </p>
   </div>
   <div class='ocr_carea' id='block_1_35' title="bbox 385 3374 1886 3447">
    <p class='ocr_par' dir='ltr' id='par_1_35' title="bbox 385 3374 1886 3447">
     <span class='ocr_line' id='line_1_35' title="bbox 385 3374 1886 3447; baseline 0.004 -20"><span class='ocrx_word' id='word_1_245' title='bbox 385 3374 465 3428; x_wconf 71' lang='grc'>14.</span> <span class='ocrx_word' id='word_1_246' title='bbox 525 3374 658 3428; x_wconf 88' lang='lat' dir='ltr'><strong>Item</strong></span> <span class='ocrx_word' id='word_1_247' title='bbox 702 3374 889 3429; x_wconf 79' lang='lat' dir='ltr'><strong>dextra</strong></span> <span class='ocrx_word' id='word_1_248' title='bbox 934 3376 1169 3444; x_wconf 67' lang='lat' dir='ltr'><strong>laevaque</strong></span> <span class='ocrx_word' id='word_1_249' title='bbox 1207 3376 1456 3433; x_wconf 90' lang='lat' dir='ltr'><strong>crucibus</strong></span> <span class='ocrx_word' id='word_1_250' title='bbox 1493 3376 1657 3433; x_wconf 91' lang='lat' dir='ltr'><strong>minio</strong></span> <span class='ocrx_word' id='word_1_251' title='bbox 1699 3392 1886 3447; x_wconf 88' lang='lat' dir='ltr'><strong>super-</strong></span> 
     </span>
    </p>
   </div>
   <div class='ocr_carea' id='block_1_36' title="bbox 321 3464 1212 3534">
    <p class='ocr_par' dir='ltr' id='par_1_36' title="bbox 321 3464 1212 3534">
     <span class='ocr_line' id='line_1_36' title="bbox 321 3464 1212 3534; baseline 0 -17"><span class='ocrx_word' id='word_1_252' title='bbox 321 3464 466 3533; x_wconf 85' lang='lat' dir='ltr'><strong>pictis</strong></span> <span class='ocrx_word' id='word_1_253' title='bbox 498 3466 618 3519; x_wconf 65' lang='lat' dir='ltr'><strong>hiec</strong></span> <span class='ocrx_word' id='word_1_254' title='bbox 638 3466 1021 3534; x_wconf 87' lang='lat' dir='ltr'><strong>epigrammata</strong></span> <span class='ocrx_word' id='word_1_255' title='bbox 1049 3473 1173 3519; x_wconf 91' lang='lat' dir='ltr'><strong>sunt</strong></span> <span class='ocrx_word' id='word_1_256' title='bbox 1199 3483 1212 3518; x_wconf 92' lang='lat'>:</span> 
     </span>
    </p>
   </div>
   <div class='ocr_carea' id='block_1_37' title="bbox 430 3574 1593 3636">
    <p class='ocr_par' dir='ltr' id='par_1_37' title="bbox 430 3574 1593 3636">
     <span class='ocr_line' id='line_1_37' title="bbox 430 3574 1593 3636; baseline 0.003 -15"><span class='ocrx_word' id='word_1_257' title='bbox 430 3574 601 3636; x_wconf 77' lang='lat' dir='ltr'><strong>Ardua</strong></span> <span class='ocrx_word' id='word_1_258' title='bbox 624 3574 851 3636; x_wconf 66' lang='lat' dir='ltr'><strong>ﬂoriferae</strong></span> <span class='ocrx_word' id='word_1_259' title='bbox 872 3587 988 3623; x_wconf 82' lang='lat' dir='ltr'><strong>crux</strong></span> <span class='ocrx_word' id='word_1_260' title='bbox 1013 3577 1221 3633; x_wconf 77' lang='lat' dir='ltr'><strong>cingitur</strong></span> <span class='ocrx_word' id='word_1_261' title='bbox 1240 3576 1360 3624; x_wconf 70' lang='lat' dir='ltr'><strong>orbe</strong></span> <span class='ocrx_word' id='word_1_262' title='bbox 1382 3588 1593 3636; x_wconf 67' lang='lat' dir='ltr'><strong>coronae,</strong></span> 
     </span>
    </p>
   </div>
   <div class='ocr_carea' id='block_1_38' title="bbox 497 3635 1455 3686">
    <p class='ocr_par' dir='ltr' id='par_1_38' title="bbox 497 3635 1455 3686">
     <span class='ocr_line' id='line_1_38' title="bbox 497 3635 1455 3686; baseline 0.004 -4"><span class='ocrx_word' id='word_1_263' title='bbox 497 3635 562 3683; x_wconf 80' lang='lat' dir='ltr'><strong>Et</strong></span> <span class='ocrx_word' id='word_1_264' title='bbox 584 3635 775 3682; x_wconf 84' lang='lat' dir='ltr'><strong>Domini</strong></span> <span class='ocrx_word' id='word_1_265' title='bbox 802 3635 905 3683; x_wconf 88' lang='lat' dir='ltr'><strong>fuso</strong></span> <span class='ocrx_word' id='word_1_266' title='bbox 930 3639 1071 3684; x_wconf 89' lang='lat' dir='ltr'><strong>Iincta</strong></span> <span class='ocrx_word' id='word_1_267' title='bbox 1095 3650 1270 3685; x_wconf 88' lang='lat' dir='ltr'><strong>cruore</strong></span> <span class='ocrx_word' id='word_1_268' title='bbox 1294 3639 1455 3686; x_wconf 78' lang='lat' dir='ltr'><strong>rubet.</strong></span> 
     </span>
    </p>
   </div>
   <div class='ocr_carea' id='block_1_39' title="bbox 430 3696 1760 3758">
    <p class='ocr_par' dir='ltr' id='par_1_39' title="bbox 430 3696 1760 3758">
     <span class='ocr_line' id='line_1_39' title="bbox 430 3696 1760 3758; baseline 0.005 -14"><span class='ocrx_word' id='word_1_269' title='bbox 430 3696 659 3758; x_wconf 71' lang='lat' dir='ltr'><strong>Quaeque</strong></span> <span class='ocrx_word' id='word_1_270' title='bbox 683 3710 833 3757; x_wconf 84' lang='lat' dir='ltr'><strong>super</strong></span> <span class='ocrx_word' id='word_1_271' title='bbox 856 3700 1046 3757; x_wconf 81' lang='lat' dir='ltr'><strong>signum</strong></span> <span class='ocrx_word' id='word_1_272' title='bbox 1069 3700 1287 3747; x_wconf 88' lang='lat' dir='ltr'><strong>resident</strong></span> <span class='ocrx_word' id='word_1_273' title='bbox 1307 3698 1508 3747; x_wconf 77' lang='lat' dir='ltr'><strong>cmleste</strong></span> <span class='ocrx_word' id='word_1_274' title='bbox 1527 3700 1760 3750; x_wconf 69' lang='lat' dir='ltr'><strong>columbae</strong></span> 
     </span>
    </p>
   </div>
   <div class='ocr_carea' id='block_1_40' title="bbox 495 3758 1574 3822">
    <p class='ocr_par' dir='ltr' id='par_1_40' title="bbox 495 3758 1574 3822">
     <span class='ocr_line' id='line_1_40' title="bbox 495 3758 1574 3822; baseline 0.003 -15"><span class='ocrx_word' id='word_1_275' title='bbox 495 3758 813 3820; x_wconf 75' lang='lat' dir='ltr'><strong>Simpliciiius</strong></span> <span class='ocrx_word' id='word_1_276' title='bbox 828 3758 855 3797; x_wconf 80' lang='lat' dir='ltr'><strong>b</strong></span> <span class='ocrx_word' id='word_1_277' title='bbox 877 3760 1082 3821; x_wconf 86' lang='lat' dir='ltr'><strong>produnt</strong></span> <span class='ocrx_word' id='word_1_278' title='bbox 1100 3774 1248 3821; x_wconf 75' lang='lat' dir='ltr'><strong>regna</strong></span> <span class='ocrx_word' id='word_1_279' title='bbox 1271 3766 1442 3822; x_wconf 81' lang='lat' dir='ltr'><strong>patere</strong></span> <span class='ocrx_word' id='word_1_280' title='bbox 1468 3760 1574 3810; x_wconf 85' lang='lat' dir='ltr'><strong>Dei.</strong></span> 
     </span>
    </p>
   </div>
   <div class='ocr_carea' id='block_1_41' title="bbox 380 3860 862 3916">
    <p class='ocr_par' dir='ltr' id='par_1_41' title="bbox 380 3860 862 3916">
     <span class='ocr_line' id='line_1_41' title="bbox 380 3860 862 3916; baseline 0.006 -3"><span class='ocrx_word' id='word_1_281' title='bbox 380 3860 516 3916; x_wconf 85' lang='lat' dir='ltr'><strong>item</strong></span> <span class='ocrx_word' id='word_1_282' title='bbox 548 3860 615 3916; x_wconf 89' lang='lat' dir='ltr'><strong>de</strong></span> <span class='ocrx_word' id='word_1_283' title='bbox 635 3861 824 3916; x_wconf 90' lang='lat' dir='ltr'><strong>eodem</strong></span> <span class='ocrx_word' id='word_1_284' title='bbox 849 3880 862 3915; x_wconf 89' lang='lat'><strong>:</strong></span> 
     </span>
    </p>
   </div>
   <div class='ocr_carea' id='block_1_42' title="bbox 400 3973 1762 4035">
    <p class='ocr_par' dir='ltr' id='par_1_42' title="bbox 400 3973 1762 4035">
     <span class='ocr_line' id='line_1_42' title="bbox 400 3973 1762 4035; baseline 0.002 -14"><span class='ocrx_word' id='word_1_285' title='bbox 400 3973 504 4022; x_wconf 81' lang='lat' dir='ltr'><strong>Hac</strong></span> <span class='ocrx_word' id='word_1_286' title='bbox 523 3986 674 4022; x_wconf 89' lang='lat' dir='ltr'><strong>cruce</strong></span> <span class='ocrx_word' id='word_1_287' title='bbox 694 3986 781 4021; x_wconf 87' lang='lat' dir='ltr'><strong>nos</strong></span> <span class='ocrx_word' id='word_1_288' title='bbox 803 3974 999 4035; x_wconf 91' lang='lat' dir='ltr'><strong>mundo,</strong></span> <span class='ocrx_word' id='word_1_289' title='bbox 1027 3979 1079 4021; x_wconf 87' lang='lat' dir='ltr'><strong>et</strong></span> <span class='ocrx_word' id='word_1_290' title='bbox 1102 3974 1241 4022; x_wconf 74' lang='lat' dir='ltr'><strong>nobis</strong></span> <span class='ocrx_word' id='word_1_291' title='bbox 1265 3974 1485 4024; x_wconf 82' lang='lat' dir='ltr'><strong>interfice</strong></span> <span class='ocrx_word' id='word_1_292' title='bbox 1516 3976 1762 4025; x_wconf 87' lang='lat' dir='ltr'><strong>mundum.</strong></span> 
     </span>
    </p>
   </div>
   <div class='ocr_carea' id='block_1_43' title="bbox 464 4035 1418 4095">
    <p class='ocr_par' dir='ltr' id='par_1_43' title="bbox 464 4035 1418 4095">
     <span class='ocr_line' id='line_1_43' title="bbox 464 4035 1418 4095; baseline 0.002 -12"><span class='ocrx_word' id='word_1_293' title='bbox 464 4035 675 4083; x_wconf 86' lang='lat' dir='ltr'><strong>Interim</strong></span> <span class='ocrx_word' id='word_1_294' title='bbox 702 4036 855 4095; x_wconf 77' lang='lat' dir='ltr'><strong>culpa:</strong></span> <span class='ocrx_word' id='word_1_295' title='bbox 872 4036 1110 4083; x_wconf 73' lang='lat' dir='ltr'><strong>vivnlicans</strong></span> <span class='ocrx_word' id='word_1_296' title='bbox 1132 4038 1335 4084; x_wconf 87' lang='lat' dir='ltr'><strong>animam</strong></span> <span class='ocrx_word' id='word_1_297' title='bbox 1356 4036 1418 4085; x_wconf 78' lang='grc'><strong>³⁸.</strong></span> 
     </span>
    </p>
   </div>
   <div class='ocr_carea' id='block_1_44' title="bbox 380 4098 1879 4171">
    <p class='ocr_par' dir='ltr' id='par_1_44' title="bbox 380 4098 1879 4171">
     <span class='ocr_line' id='line_1_44' title="bbox 380 4098 1879 4171; baseline -0.001 -13"><span class='ocrx_word' id='word_1_298' title='bbox 380 4098 733 4168; x_wconf 79' lang='grc'><strong>205-206</strong></span> <span class='ocrx_word' id='word_1_299' title='bbox 756 4103 853 4155; x_wconf 81' lang='lat' dir='ltr'><strong>Nos</strong></span> <span class='ocrx_word' id='word_1_300' title='bbox 874 4118 1070 4167; x_wconf 86' lang='lat' dir='ltr'><strong>quoque</strong></span> <span class='ocrx_word' id='word_1_301' title='bbox 1087 4107 1309 4167; x_wconf 88' lang='lat' dir='ltr'><strong>perticies</strong></span> <span class='ocrx_word' id='word_1_302' title='bbox 1340 4105 1535 4168; x_wconf 89' lang='lat' dir='ltr'><strong>placitas</strong></span> <span class='ocrx_word' id='word_1_303' title='bbox 1552 4108 1659 4171; x_wconf 66' lang='lat' dir='ltr'><strong>tibi.</strong></span> <span class='ocrx_word' id='word_1_304' title='bbox 1671 4109 1879 4171; x_wconf 84' lang='lat' dir='ltr'><strong>Christe,</strong></span> 
     </span>
    </p>
   </div>
   <div class='ocr_carea' id='block_1_45' title="bbox 1569 4169 1849 4230">
    <p class='ocr_par' dir='ltr' id='par_1_45' title="bbox 1569 4169 1849 4230">
     <span class='ocr_line' id='line_1_45' title="bbox 1569 4169 1849 4230; baseline 0.004 -13"><span class='ocrx_word' id='word_1_305' title='bbox 1569 4172 1578 4228; x_wconf 88' lang='grc' dir='ltr'><strong>Ι</strong></span> <span class='ocrx_word' id='word_1_306' title='bbox 1589 4169 1849 4230; x_wconf 89' lang='lat' dir='ltr'><strong>columbas,</strong></span> 
     </span>
    </p>
   </div>
   <div class='ocr_carea' id='block_1_46' title="bbox 457 4226 1496 4290">
    <p class='ocr_par' dir='ltr' id='par_1_46' title="bbox 457 4226 1496 4290">
     <span class='ocr_line' id='line_1_46' title="bbox 457 4226 1496 4290; baseline 0.002 -14"><span class='ocrx_word' id='word_1_307' title='bbox 457 4228 513 4276; x_wconf 88' lang='lat' dir='ltr'><strong>Si</strong></span> <span class='ocrx_word' id='word_1_308' title='bbox 539 4228 703 4288; x_wconf 77' lang='lat' dir='ltr'><strong>vigeat</strong></span> <span class='ocrx_word' id='word_1_309' title='bbox 725 4228 857 4289; x_wconf 89' lang='lat' dir='ltr'><strong>puris</strong></span> <span class='ocrx_word' id='word_1_310' title='bbox 882 4226 956 4288; x_wconf 87' lang='lat' dir='ltr'><strong>(c)</strong></span> <span class='ocrx_word' id='word_1_311' title='bbox 980 4239 1072 4290; x_wconf 79' lang='lat' dir='ltr'><strong>pax</strong></span> <span class='ocrx_word' id='word_1_312' title='bbox 1099 4233 1179 4276; x_wconf 92' lang='lat' dir='ltr'><strong>tua</strong></span> <span class='ocrx_word' id='word_1_313' title='bbox 1202 4229 1496 4290; x_wconf 80' lang='lat' dir='ltr'><strong>pectoribus.</strong></span> 
     </span>
    </p>
   </div>
   <div class='ocr_carea' id='block_1_47' title="bbox 382 4330 1880 4403">
    <p class='ocr_par' dir='ltr' id='par_1_47' title="bbox 382 4330 1880 4403">
     <span class='ocr_line' id='line_1_47' title="bbox 382 4330 1880 4403; baseline 0.005 -21"><span class='ocrx_word' id='word_1_314' title='bbox 382 4330 466 4384; x_wconf 81' lang='grc'>15.</span> <span class='ocrx_word' id='word_1_315' title='bbox 493 4330 641 4384; x_wconf 87' lang='lat' dir='ltr'><strong>intra</strong></span> <span class='ocrx_word' id='word_1_316' title='bbox 670 4330 837 4400; x_wconf 90' lang='lat' dir='ltr'><strong>ipsam</strong></span> <span class='ocrx_word' id='word_1_317' title='bbox 867 4346 997 4385; x_wconf 90' lang='lat' dir='ltr'><strong>vero</strong></span> <span class='ocrx_word' id='word_1_318' title='bbox 1030 4338 1371 4387; x_wconf 85' lang='lat' dir='ltr'><strong>transennam</strong></span> <span class='ocrx_word' id='word_1_319' title='bbox 1395 4334 1521 4402; x_wconf 89' lang='lat' dir='ltr'><strong>(qua</strong></span> <span class='ocrx_word' id='word_1_320' title='bbox 1542 4334 1705 4388; x_wconf 85' lang='lat' dir='ltr'><strong>breve</strong></span> <span class='ocrx_word' id='word_1_321' title='bbox 1728 4333 1880 4403; x_wconf 92' lang='lat' dir='ltr'><strong>illud,</strong></span> 
     </span>
    </p>
   </div>
   <div class='ocr_carea' id='block_1_48' title="bbox 315 4423 1879 4495">
    <p class='ocr_par' dir='ltr' id='par_1_48' title="bbox 315 4423 1879 4495">
     <span class='ocr_line' id='line_1_48' title="bbox 315 4423 1879 4495; baseline 0.003 -19"><span class='ocrx_word' id='word_1_322' title='bbox 315 4424 451 4490; x_wconf 85' lang='lat' dir='ltr'><strong>quod</strong></span> <span class='ocrx_word' id='word_1_323' title='bbox 482 4423 816 4493; x_wconf 88' lang='lat' dir='ltr'><strong>propinquas</strong></span> <span class='ocrx_word' id='word_1_324' title='bbox 862 4424 964 4478; x_wconf 89' lang='lat' dir='ltr'><strong>sibi</strong></span> <span class='ocrx_word' id='word_1_325' title='bbox 1003 4424 1251 4480; x_wconf 88' lang='lat' dir='ltr'><strong>basilicas</strong></span> <span class='ocrx_word' id='word_1_326' title='bbox 1282 4425 1429 4495; x_wconf 86' lang='lat' dir='ltr'><strong>prius</strong></span> <span class='ocrx_word' id='word_1_327' title='bbox 1452 4427 1494 4457; x_wconf 82' lang='lat'><strong>&quot;</strong></span> <span class='ocrx_word' id='word_1_328' title='bbox 1529 4426 1879 4491; x_wconf 87' lang='lat' dir='ltr'><strong>discludebat,</strong></span> 
     </span>
    </p>
   </div>
   <div class='ocr_carea' id='block_1_49' title="bbox 317 4516 1879 4586">
    <p class='ocr_par' dir='ltr' id='par_1_49' title="bbox 317 4516 1879 4586">
     <span class='ocr_line' id='line_1_49' title="bbox 317 4516 1879 4586; baseline 0.005 -19"><span class='ocrx_word' id='word_1_329' title='bbox 317 4516 650 4570; x_wconf 83' lang='lat' dir='ltr'><strong>intervallum</strong></span> <span class='ocrx_word' id='word_1_330' title='bbox 693 4516 1060 4586; x_wconf 86' lang='lat' dir='ltr'><strong>continuatur)</strong></span> <span class='ocrx_word' id='word_1_331' title='bbox 1107 4532 1139 4572; x_wconf 93' lang='lat' dir='ltr'><strong>e</strong></span> <span class='ocrx_word' id='word_1_332' title='bbox 1180 4518 1401 4585; x_wconf 82' lang='lat' dir='ltr'><strong>regione</strong></span> <span class='ocrx_word' id='word_1_333' title='bbox 1443 4516 1674 4573; x_wconf 71' lang='lat' dir='ltr'><strong>basilica:</strong></span> <span class='ocrx_word' id='word_1_334' title='bbox 1730 4535 1879 4575; x_wconf 75' lang='lat' dir='ltr'><strong>nova:</strong></span> 
     </span>
    </p>
   </div>
   <div class='ocr_carea' id='block_1_50' title="bbox 314 4606 1488 4675">
    <p class='ocr_par' dir='ltr' id='par_1_50' title="bbox 314 4606 1488 4675">
     <span class='ocr_line' id='line_1_50' title="bbox 314 4606 1488 4675; baseline 0.001 -15"><span class='ocrx_word' id='word_1_335' title='bbox 314 4621 471 4675; x_wconf 85' lang='lat' dir='ltr'><strong>super</strong></span> <span class='ocrx_word' id='word_1_336' title='bbox 492 4606 797 4661; x_wconf 89' lang='lat' dir='ltr'><strong>medianum</strong></span> <span class='ocrx_word' id='word_1_337' title='bbox 826 4621 1007 4661; x_wconf 86' lang='lat' dir='ltr'><strong>arcum</strong></span> <span class='ocrx_word' id='word_1_338' title='bbox 1037 4607 1089 4661; x_wconf 93' lang='lat' dir='ltr'><strong>hi</strong></span> <span class='ocrx_word' id='word_1_339' title='bbox 1118 4623 1304 4663; x_wconf 89' lang='lat' dir='ltr'><strong>versus</strong></span> <span class='ocrx_word' id='word_1_340' title='bbox 1328 4615 1452 4663; x_wconf 90' lang='lat' dir='ltr'><strong>sunt</strong></span> <span class='ocrx_word' id='word_1_341' title='bbox 1476 4626 1488 4661; x_wconf 93' lang='lat'>:</span> 
     </span>
    </p>
   </div>
   <div class='ocr_carea' id='block_1_51' title="bbox 403 4716 1542 4779">
    <p class='ocr_par' dir='ltr' id='par_1_51' title="bbox 403 4716 1542 4779">
     <span class='ocr_line' id='line_1_51' title="bbox 403 4716 1542 4779; baseline 0.002 -14"><span class='ocrx_word' id='word_1_342' title='bbox 403 4716 465 4765; x_wconf 90' lang='lat' dir='ltr'><strong>Ut</strong></span> <span class='ocrx_word' id='word_1_343' title='bbox 484 4719 696 4766; x_wconf 86' lang='lat' dir='ltr'><strong>medium</strong></span> <span class='ocrx_word' id='word_1_344' title='bbox 725 4717 832 4767; x_wconf 82' lang='lat' dir='ltr'><strong>valli</strong></span> <span class='ocrx_word' id='word_1_345' title='bbox 857 4726 1139 4779; x_wconf 10' lang='lat' dir='ltr'><strong>paxrnostra</strong></span> <span class='ocrx_word' id='word_1_346' title='bbox 1164 4718 1365 4769; x_wconf 87' lang='lat' dir='ltr'><strong>resolvit</strong></span> <span class='ocrx_word' id='word_1_347' title='bbox 1389 4718 1542 4776; x_wconf 86' lang='lat' dir='ltr'><strong>lesus,</strong></span> 
     </span>
    </p>
   </div>
   <div class='ocr_carea' id='block_1_52' title="bbox 401 4778 1787 4835">
    <p class='ocr_par' dir='ltr' id='par_1_52' title="bbox 401 4778 1787 4835">
     <span class='ocr_line' id='line_1_52' title="bbox 401 4778 1787 4835; baseline 0.004 -9"><span class='ocrx_word' id='word_1_348' title='bbox 401 4781 460 4827; x_wconf 85' lang='lat' dir='ltr'><strong>i-.t</strong></span> <span class='ocrx_word' id='word_1_349' title='bbox 482 4792 626 4828; x_wconf 84' lang='lat' dir='ltr'><strong>cruce</strong></span> <span class='ocrx_word' id='word_1_350' title='bbox 651 4778 903 4827; x_wconf 76' lang='lat' dir='ltr'><strong>discidium</strong></span> <span class='ocrx_word' id='word_1_351' title='bbox 930 4778 972 4810; x_wconf 78' lang='grc'><strong>³⁸</strong></span> <span class='ocrx_word' id='word_1_352' title='bbox 998 4782 1247 4835; x_wconf 82' lang='lat' dir='ltr'><strong>perimens</strong></span> <span class='ocrx_word' id='word_1_353' title='bbox 1265 4781 1362 4829; x_wconf 87' lang='lat' dir='ltr'><strong>duo</strong></span> <span class='ocrx_word' id='word_1_354' title='bbox 1386 4781 1505 4829; x_wconf 84' lang='lat' dir='ltr'><strong>fecit</strong></span> <span class='ocrx_word' id='word_1_355' title='bbox 1528 4784 1577 4829; x_wconf 88' lang='lat' dir='ltr'><strong>in</strong></span> <span class='ocrx_word' id='word_1_356' title='bbox 1600 4791 1745 4829; x_wconf 90' lang='lat' dir='ltr'><strong>unum</strong></span> <span class='ocrx_word' id='word_1_357' title='bbox 1774 4796 1787 4831; x_wconf 88' lang='lat'><strong>:</strong></span> 
     </span>
    </p>
   </div>
   <div class='ocr_carea' id='block_1_53' title="bbox 396 4841 1568 4899">
    <p class='ocr_par' dir='ltr' id='par_1_53' title="bbox 396 4841 1568 4899">
     <span class='ocr_line' id='line_1_53' title="bbox 396 4841 1568 4899; baseline 0.003 -14"><span class='ocrx_word' id='word_1_358' title='bbox 396 4841 480 4889; x_wconf 71' lang='lat' dir='ltr'><strong>Sic</strong></span> <span class='ocrx_word' id='word_1_359' title='bbox 497 4853 635 4896; x_wconf 84' lang='lat' dir='ltr'><strong>nova,</strong></span> <span class='ocrx_word' id='word_1_360' title='bbox 657 4843 911 4889; x_wconf 83' lang='lat' dir='ltr'><strong>destructo</strong></span> <span class='ocrx_word' id='word_1_361' title='bbox 935 4843 1116 4890; x_wconf 87' lang='lat' dir='ltr'><strong>veteris</strong></span> <span class='ocrx_word' id='word_1_362' title='bbox 1136 4842 1413 4891; x_wconf 83' lang='lat' dir='ltr'><strong>discrimine</strong></span> <span class='ocrx_word' id='word_1_363' title='bbox 1433 4844 1568 4899; x_wconf 90' lang='lat' dir='ltr'><strong>tecti,</strong></span> 
     </span>
    </p>
   </div>
   <div class='ocr_carea' id='block_1_54' title="bbox 393 4900 1601 4964">
    <p class='ocr_par' dir='ltr' id='par_1_54' title="bbox 393 4900 1601 4964">
     <span class='ocr_line' id='line_1_54' title="bbox 393 4900 1601 4964; baseline -0.003 -13"><span class='ocrx_word' id='word_1_364' title='bbox 393 4900 613 4951; x_wconf 86' lang='lat' dir='ltr'><strong>Culmina</strong></span> <span class='ocrx_word' id='word_1_365' title='bbox 638 4904 957 4964; x_wconf 82' lang='lat' dir='ltr'><strong>conspicimus</strong></span> <span class='ocrx_word' id='word_1_366' title='bbox 984 4911 1225 4964; x_wconf 85' lang='lat' dir='ltr'><strong>portarum</strong></span> <span class='ocrx_word' id='word_1_367' title='bbox 1245 4903 1427 4952; x_wconf 72' lang='lat' dir='ltr'><strong>fmdere</strong></span> <span class='ocrx_word' id='word_1_368' title='bbox 1450 4903 1601 4961; x_wconf 76' lang='lat' dir='ltr'><strong>iungi.</strong></span> 
     </span>
    </p>
   </div>
   <div class='ocr_carea' id='block_1_55' title="bbox 394 4963 1576 5027">
    <p class='ocr_par' dir='ltr' id='par_1_55' title="bbox 394 4963 1576 5027">
     <span class='ocr_line' id='line_1_55' title="bbox 394 4963 1576 5027; baseline 0.005 -20"><span class='ocrx_word' id='word_1_369' title='bbox 394 4966 571 5027; x_wconf 67' lang='lat' dir='ltr'><strong>tjancta</strong></span> <span class='ocrx_word' id='word_1_370' title='bbox 590 4966 753 5027; x_wconf 87' lang='lat' dir='ltr'><strong>nitens</strong></span> <span class='ocrx_word' id='word_1_371' title='bbox 775 4963 965 5010; x_wconf 76' lang='lat' dir='ltr'><strong>famulis</strong></span> <span class='ocrx_word' id='word_1_372' title='bbox 984 4963 1208 5012; x_wconf 86' lang='lat' dir='ltr'><strong>interluit</strong></span> <span class='ocrx_word' id='word_1_373' title='bbox 1230 4967 1350 5027; x_wconf 83' lang='lat' dir='ltr'><strong>atria</strong></span> <span class='ocrx_word' id='word_1_374' title='bbox 1374 4964 1576 5027; x_wconf 79' lang='lat' dir='ltr'><strong>lymphis</strong></span> 
     </span>
    </p>
   </div>
   <div class='ocr_carea' id='block_1_56' title="bbox 394 5024 1828 5086">
    <p class='ocr_par' dir='ltr' id='par_1_56' title="bbox 394 5024 1828 5086">
     <span class='ocr_line' id='line_1_56' title="bbox 394 5024 1828 5086; baseline 0.003 -16"><span class='ocrx_word' id='word_1_375' title='bbox 394 5024 684 5086; x_wconf 73' lang='lat' dir='ltr'><strong>cantharus,</strong></span> <span class='ocrx_word' id='word_1_376' title='bbox 697 5026 1057 5086; x_wconf 80' lang='lat' dir='ltr'><strong>intrautuuique</strong></span> <span class='ocrx_word' id='word_1_377' title='bbox 1074 5038 1244 5075; x_wconf 89' lang='lat' dir='ltr'><strong>manus</strong></span> <span class='ocrx_word' id='word_1_378' title='bbox 1260 5026 1380 5074; x_wconf 82' lang='lat' dir='ltr'><strong>lavat</strong></span> <span class='ocrx_word' id='word_1_379' title='bbox 1394 5024 1541 5074; x_wconf 35' lang='lat' dir='ltr'><strong>’ain’ne</strong></span> <span class='ocrx_word' id='word_1_380' title='bbox 1558 5026 1773 5077; x_wconf 59' lang='lat' dir='ltr'><strong>ministro</strong></span> <span class='ocrx_word' id='word_1_381' title='bbox 1788 5030 1828 5075; x_wconf 72' lang='grc' dir='ltr'>ε.</span> 
     </span>
    </p>
   </div>
   <div class='ocr_carea' id='block_1_57' title="bbox 399 5084 1630 5148">
    <p class='ocr_par' dir='ltr' id='par_1_57' title="bbox 399 5084 1630 5148">
     <span class='ocr_line' id='line_1_57' title="bbox 399 5084 1630 5148; baseline 0.003 -17"><span class='ocrx_word' id='word_1_382' title='bbox 399 5084 549 5148; x_wconf 46' lang='grc' dir='ltr'><strong>[Ἶρι-ιδ</strong></span> <span class='ocrx_word' id='word_1_383' title='bbox 567 5088 757 5147; x_wconf 79' lang='lat' dir='ltr'><strong>gemina</strong></span> <span class='ocrx_word' id='word_1_384' title='bbox 780 5084 1019 5148; x_wconf 73' lang='lat' dir='ltr'><strong>Christum</strong></span> <span class='ocrx_word' id='word_1_385' title='bbox 1047 5086 1221 5137; x_wconf 77' lang='lat' dir='ltr'><strong>Felicis</strong></span> <span class='ocrx_word' id='word_1_386' title='bbox 1245 5088 1409 5136; x_wconf 89' lang='lat' dir='ltr'><strong>adorat</strong></span> <span class='ocrx_word' id='word_1_387' title='bbox 1432 5090 1478 5135; x_wconf 94' lang='lat' dir='ltr'><strong>in</strong></span> <span class='ocrx_word' id='word_1_388' title='bbox 1502 5088 1630 5148; x_wconf 87' lang='lat' dir='ltr'><strong>aula,</strong></span> 
     </span>
    </p>
   </div>
   <div class='ocr_carea' id='block_1_58' title="bbox 396 5145 1718 5210">
    <p class='ocr_par' dir='ltr' id='par_1_58' title="bbox 396 5145 1718 5210">
     <span class='ocr_line' id='line_1_58' title="bbox 396 5145 1718 5210; baseline 0.004 -17"><span class='ocrx_word' id='word_1_389' title='bbox 396 5145 857 5209; x_wconf 46' lang='lat' dir='ltr'><strong>Paulus&#39;apostolieo</strong></span> <span class='ocrx_word' id='word_1_390' title='bbox 880 5145 907 5185; x_wconf 71' lang='grc' dir='ltr'>ἀ</span> <span class='ocrx_word' id='word_1_391' title='bbox 930 5161 1073 5209; x_wconf 83' lang='lat' dir='ltr'><strong>quam</strong></span> <span class='ocrx_word' id='word_1_392' title='bbox 1105 5156 1346 5210; x_wconf 84' lang='lat' dir='ltr'><strong>temperat</strong></span> <span class='ocrx_word' id='word_1_393' title='bbox 1365 5162 1451 5198; x_wconf 89' lang='lat' dir='ltr'><strong>ore</strong></span> <span class='ocrx_word' id='word_1_394' title='bbox 1473 5145 1718 5199; x_wconf 83' lang='lat' dir='ltr'><strong>sacerdos.</strong></span> 
     </span>
    </p>
   </div>
   <div class='ocr_carea' id='block_1_59' title="bbox 372 5248 1870 5324">
    <p class='ocr_par' dir='ltr' id='par_1_59' title="bbox 372 5248 1870 5324">
     <span class='ocr_line' id='line_1_59' title="bbox 372 5248 1870 5324; baseline 0.005 -21"><span class='ocrx_word' id='word_1_395' title='bbox 372 5248 504 5305; x_wconf 69' lang='lat' dir='ltr'><strong>Hsec</strong></span> <span class='ocrx_word' id='word_1_396' title='bbox 550 5268 680 5307; x_wconf 91' lang='lat' dir='ltr'><strong>vero</strong></span> <span class='ocrx_word' id='word_1_397' title='bbox 727 5252 866 5307; x_wconf 89' lang='lat' dir='ltr'><strong>binis</strong></span> <span class='ocrx_word' id='word_1_398' title='bbox 910 5260 1094 5306; x_wconf 91' lang='lat' dir='ltr'><strong>notata</strong></span> <span class='ocrx_word' id='word_1_399' title='bbox 1151 5254 1432 5309; x_wconf 87' lang='lat' dir='ltr'><strong>versiculis</strong></span> <span class='ocrx_word' id='word_1_400' title='bbox 1488 5253 1870 5324; x_wconf 82' lang='lat' dir='ltr'><strong>epigrammata</strong></span> 
     </span>
    </p>
   </div>
   <div class='ocr_carea' id='block_1_60' title="bbox 304 5344 1450 5415">
    <p class='ocr_par' dir='ltr' id='par_1_60' title="bbox 304 5344 1450 5415">
     <span class='ocr_line' id='line_1_60' title="bbox 304 5344 1450 5415; baseline 0.005 -22"><span class='ocrx_word' id='word_1_401' title='bbox 304 5354 463 5411; x_wconf 85' lang='lat' dir='ltr'><strong>super</strong></span> <span class='ocrx_word' id='word_1_402' title='bbox 488 5358 641 5399; x_wconf 88' lang='lat' dir='ltr'><strong>arcus</strong></span> <span class='ocrx_word' id='word_1_403' title='bbox 669 5345 803 5401; x_wconf 89' lang='lat' dir='ltr'><strong>alios</strong></span> <span class='ocrx_word' id='word_1_404' title='bbox 830 5344 1017 5400; x_wconf 80' lang='lat' dir='ltr'><strong>dextra</strong></span> <span class='ocrx_word' id='word_1_405' title='bbox 1047 5346 1283 5415; x_wconf 61' lang='lat' dir='ltr'><strong>laevaque</strong></span> <span class='ocrx_word' id='word_1_406' title='bbox 1306 5355 1450 5401; x_wconf 88' lang='lat' dir='ltr'><strong>sunt.</strong></span> 
     </span>
    </p>
   </div>
   <div class='ocr_carea' id='block_1_61' title="bbox 377 5480 1910 5539">
    <p class='ocr_par' dir='ltr' id='par_1_61' title="bbox 377 5480 1910 5539">
     <span class='ocr_line' id='line_1_61' title="bbox 377 5480 1910 5539; baseline 0.002 -4"><span class='ocrx_word' id='word_1_407' title='bbox 377 5491 401 5519; x_wconf 79' lang='grc' dir='ltr'>ι</span> <span class='ocrx_word' id='word_1_408' title='bbox 431 5480 555 5537; x_wconf 83' lang='lat' dir='ltr'><strong>Not.</strong></span> <span class='ocrx_word' id='word_1_409' title='bbox 588 5483 709 5538; x_wconf 83' lang='grc'>167.</span> <span class='ocrx_word' id='word_1_410' title='bbox 784 5481 812 5522; x_wconf 74' lang='grc' dir='ltr'><strong>ιι</strong></span> <span class='ocrx_word' id='word_1_411' title='bbox 842 5483 963 5539; x_wconf 88' lang='lat' dir='ltr'><strong>Not.</strong></span> <span class='ocrx_word' id='word_1_412' title='bbox 994 5483 1115 5537; x_wconf 73' lang='grc'>168.</span> <span class='ocrx_word' id='word_1_413' title='bbox 1195 5494 1218 5523; x_wconf 81' lang='grc' dir='ltr'><strong>ο</strong></span> <span class='ocrx_word' id='word_1_414' title='bbox 1246 5482 1365 5538; x_wconf 86' lang='lat' dir='ltr'><strong>Not.</strong></span> <span class='ocrx_word' id='word_1_415' title='bbox 1394 5482 1513 5537; x_wconf 74' lang='grc'>169.</span> <span class='ocrx_word' id='word_1_416' title='bbox 1587 5481 1614 5520; x_wconf 78' lang='grc' dir='ltr'><strong>(ι</strong></span> <span class='ocrx_word' id='word_1_417' title='bbox 1640 5484 1761 5538; x_wconf 83' lang='grc' dir='ltr'><strong>Νοι.</strong></span> <span class='ocrx_word' id='word_1_418' title='bbox 1794 5485 1910 5539; x_wconf 82' lang='grc'>170.</span> 
     </span>
    </p>
   </div>
   <div class='ocr_carea' id='block_1_62' title="bbox 373 5617 1748 5690">
    <p class='ocr_par' dir='ltr' id='par_1_62' title="bbox 373 5617 1748 5690">
     <span class='ocr_line' id='line_1_62' title="bbox 373 5617 1748 5690; baseline -0.004 -14"><span class='ocrx_word' id='word_1_419' title='bbox 373 5617 451 5689; x_wconf 80' lang='grc' dir='ltr'><strong>(η)</strong></span> <span class='ocrx_word' id='word_1_420' title='bbox 480 5617 601 5690; x_wconf 78' lang='lat' dir='ltr'><strong>Mss.</strong></span> <span class='ocrx_word' id='word_1_421' title='bbox 633 5619 765 5687; x_wconf 79' lang='lat' dir='ltr'><strong>Reg.</strong></span> <span class='ocrx_word' id='word_1_422' title='bbox 801 5628 854 5673; x_wconf 79' lang='lat' dir='ltr'><strong>et</strong></span> <span class='ocrx_word' id='word_1_423' title='bbox 880 5620 1060 5685; x_wconf 74' lang='lat' dir='ltr'><strong>Vien.,</strong></span> <span class='ocrx_word' id='word_1_424' title='bbox 1090 5618 1313 5690; x_wconf 75' lang='lat' dir='ltr'><strong>Quisque</strong></span> <span class='ocrx_word' id='word_1_425' title='bbox 1346 5620 1496 5690; x_wconf 78' lang='lat' dir='ltr'><strong>domo</strong></span> <span class='ocrx_word' id='word_1_426' title='bbox 1525 5618 1748 5690; x_wconf 53' lang='lat' dir='ltr'><strong>Domini:</strong></span> 
     </span>
    </p>
   </div>
   <div class='ocr_carea' id='block_1_63' title="bbox 372 5687 1870 5753">
    <p class='ocr_par' dir='ltr' id='par_1_63' title="bbox 372 5687 1870 5753">
     <span class='ocr_line' id='line_1_63' title="bbox 372 5687 1870 5753; baseline 0.003 -13"><span class='ocrx_word' id='word_1_427' title='bbox 372 5687 452 5753; x_wconf 76' lang='lat' dir='ltr'><strong>(b)</strong></span> <span class='ocrx_word' id='word_1_428' title='bbox 482 5689 572 5743; x_wconf 89' lang='lat' dir='ltr'><strong>Sic</strong></span> <span class='ocrx_word' id='word_1_429' title='bbox 608 5691 1008 5744; x_wconf 84' lang='lat' dir='ltr'><strong>eniendavimus</strong></span> <span class='ocrx_word' id='word_1_430' title='bbox 1052 5707 1121 5745; x_wconf 71' lang='lat' dir='ltr'><strong>ex</strong></span> <span class='ocrx_word' id='word_1_431' title='bbox 1151 5687 1251 5744; x_wconf 80' lang='lat' dir='ltr'><strong>ms.</strong></span> <span class='ocrx_word' id='word_1_432' title='bbox 1286 5689 1475 5745; x_wconf 62' lang='lat' dir='ltr'><strong>codice</strong></span> <span class='ocrx_word' id='word_1_433' title='bbox 1518 5689 1668 5743; x_wconf 80' lang='lat' dir='ltr'><strong>Vien.</strong></span> <span class='ocrx_word' id='word_1_434' title='bbox 1720 5687 1870 5744; x_wconf 83' lang='lat' dir='ltr'><strong>Prius</strong></span> 
     </span>
    </p>
   </div>
   <div class='ocr_carea' id='block_1_64' title="bbox 307 5760 742 5814">
    <p class='ocr_par' dir='ltr' id='par_1_64' title="bbox 307 5760 742 5814">
     <span class='ocr_line' id='line_1_64' title="bbox 307 5760 742 5814; baseline 0.009 -4"><span class='ocrx_word' id='word_1_435' title='bbox 307 5769 417 5811; x_wconf 78' lang='lat' dir='ltr'><strong>erat</strong></span> <span class='ocrx_word' id='word_1_436' title='bbox 438 5760 492 5811; x_wconf 84' lang='lat' dir='ltr'><strong>in</strong></span> <span class='ocrx_word' id='word_1_437' title='bbox 515 5760 742 5814; x_wconf 78' lang='lat' dir='ltr'><strong>basilica.</strong></span> 
     </span>
    </p>
   </div>
   <div class='ocr_carea' id='block_1_65' title="bbox 372 5828 1866 5899">
    <p class='ocr_par' dir='ltr' id='par_1_65' title="bbox 372 5828 1866 5899">
     <span class='ocr_line' id='line_1_65' title="bbox 372 5828 1866 5899; baseline 0.003 -17"><span class='ocrx_word' id='word_1_438' title='bbox 372 5830 444 5897; x_wconf 76' lang='grc' dir='ltr'><strong>(ς)</strong></span> <span class='ocrx_word' id='word_1_439' title='bbox 478 5830 607 5884; x_wconf 78' lang='lat' dir='ltr'><strong>Cum</strong></span> <span class='ocrx_word' id='word_1_440' title='bbox 635 5830 902 5886; x_wconf 87' lang='lat' dir='ltr'><strong>Sacchino</strong></span> <span class='ocrx_word' id='word_1_441' title='bbox 942 5831 1015 5886; x_wconf 86' lang='lat' dir='ltr'><strong>ita</strong></span> <span class='ocrx_word' id='word_1_442' title='bbox 1046 5830 1425 5895; x_wconf 88' lang='lat' dir='ltr'><strong>emendatum,</strong></span> <span class='ocrx_word' id='word_1_443' title='bbox 1477 5828 1866 5899; x_wconf 76' lang='lat' dir='ltr'><strong>refragantibus</strong></span> 
     </span>
    </p>
   </div>
   <div class='ocr_carea' id='block_1_66' title="bbox 1912 3201 1960 3265">
    <p class='ocr_par' dir='ltr' id='par_1_66' title="bbox 1912 3201 1960 3265">
     <span class='ocr_line' id='line_1_66' title="bbox 1912 3201 1960 3265; baseline 0 0"><span class='ocrx_word' id='word_1_444' title='bbox 1912 3201 1960 3265; x_wconf 91' lang='lat' dir='ltr'><strong>C</strong></span> 
     </span>
    </p>
   </div>
   <div class='ocr_carea' id='block_1_67' title="bbox 2132 593 3236 657">
    <p class='ocr_par' dir='ltr' id='par_1_67' title="bbox 2132 593 3236 657">
     <span class='ocr_line' id='line_1_67' title="bbox 2132 593 3236 657; baseline 0.004 -16"><span class='ocrx_word' id='word_1_445' title='bbox 2132 593 2360 657; x_wconf 52' lang='lat' dir='ltr'><strong>Attonitis</strong></span> <span class='ocrx_word' id='word_1_446' title='bbox 2382 606 2501 642; x_wconf 78' lang='lat' dir='ltr'><strong>nova</strong></span> <span class='ocrx_word' id='word_1_447' title='bbox 2523 595 2603 643; x_wconf 76' lang='lat' dir='ltr'><strong>lux</strong></span> <span class='ocrx_word' id='word_1_448' title='bbox 2631 596 2783 645; x_wconf 74' lang='lat' dir='ltr'><strong>oculis</strong></span> <span class='ocrx_word' id='word_1_449' title='bbox 2806 598 3043 657; x_wconf 84' lang='lat' dir='ltr'><strong>aperitur,</strong></span> <span class='ocrx_word' id='word_1_450' title='bbox 3067 603 3119 647; x_wconf 82' lang='lat' dir='ltr'><strong>et</strong></span> <span class='ocrx_word' id='word_1_451' title='bbox 3140 610 3236 645; x_wconf 90' lang='lat' dir='ltr'><strong>uno</strong></span> 
     </span>
    </p>
   </div>
   <div class='ocr_carea' id='block_1_68' title="bbox 2130 653 3387 720">
    <p class='ocr_par' dir='ltr' id='par_1_68' title="bbox 2130 653 3387 720">
     <span class='ocr_line' id='line_1_68' title="bbox 2130 653 3387 720; baseline 0.003 -19"><span class='ocrx_word' id='word_1_452' title='bbox 2130 653 2317 703; x_wconf 88' lang='lat' dir='ltr'><strong>Limine</strong></span> <span class='ocrx_word' id='word_1_453' title='bbox 2336 659 2610 705; x_wconf 82' lang='lat' dir='ltr'><strong>consistens</strong></span> <span class='ocrx_word' id='word_1_454' title='bbox 2631 653 2851 719; x_wconf 78' lang='lat' dir='ltr'><strong>geminas</strong></span> <span class='ocrx_word' id='word_1_455' title='bbox 2873 658 3015 707; x_wconf 85' lang='lat' dir='ltr'><strong>simul</strong></span> <span class='ocrx_word' id='word_1_456' title='bbox 3049 660 3217 720; x_wconf 86' lang='lat' dir='ltr'><strong>aspicit</strong></span> <span class='ocrx_word' id='word_1_457' title='bbox 3240 654 3387 706; x_wconf 81' lang='lat' dir='ltr'><strong>aulas.</strong></span> 
     </span>
    </p>
   </div>
   <div class='ocr_carea' id='block_1_69' title="bbox 2073 757 2567 815">
    <p class='ocr_par' dir='ltr' id='par_1_69' title="bbox 2073 757 2567 815">
     <span class='ocr_line' id='line_1_69' title="bbox 2073 757 2567 815; baseline 0.006 -3"><span class='ocrx_word' id='word_1_458' title='bbox 2073 757 2133 813; x_wconf 90' lang='lat' dir='ltr'><strong>ln</strong></span> <span class='ocrx_word' id='word_1_459' title='bbox 2160 759 2332 815; x_wconf 91' lang='lat' dir='ltr'><strong>altero</strong></span> <span class='ocrx_word' id='word_1_460' title='bbox 2360 760 2464 815; x_wconf 87' lang='lat' dir='ltr'><strong>hoc</strong></span> <span class='ocrx_word' id='word_1_461' title='bbox 2485 762 2527 795; x_wconf 75' lang='grc'><em>³³</em></span> <span class='ocrx_word' id='word_1_462' title='bbox 2552 780 2567 815; x_wconf 89' lang='lat'><strong>:</strong></span> 
     </span>
    </p>
   </div>
   <div class='ocr_carea' id='block_1_70' title="bbox 2124 872 3387 938">
    <p class='ocr_par' dir='ltr' id='par_1_70' title="bbox 2124 872 3387 938">
     <span class='ocr_line' id='line_1_70' title="bbox 2124 872 3387 938; baseline 0.002 -17"><span class='ocrx_word' id='word_1_463' title='bbox 2124 872 2224 938; x_wconf 61' lang='lat' dir='ltr'><strong>Ter</strong></span> <span class='ocrx_word' id='word_1_464' title='bbox 2239 877 2447 936; x_wconf 86' lang='lat' dir='ltr'><strong>geminis</strong></span> <span class='ocrx_word' id='word_1_465' title='bbox 2468 878 2675 936; x_wconf 72' lang='lat' dir='ltr'><strong>geminae</strong></span> <span class='ocrx_word' id='word_1_466' title='bbox 2695 884 2955 938; x_wconf 82' lang='lat' dir='ltr'><strong>patuerunt</strong></span> <span class='ocrx_word' id='word_1_467' title='bbox 2974 880 3178 926; x_wconf 78' lang='lat' dir='ltr'><strong>arcubus</strong></span> <span class='ocrx_word' id='word_1_468' title='bbox 3200 880 3223 907; x_wconf 72' lang='grc' dir='ltr'>ε</span> <span class='ocrx_word' id='word_1_469' title='bbox 3245 874 3387 937; x_wconf 68' lang='lat' dir='ltr'><strong>aulae,</strong></span> 
     </span>
    </p>
   </div>
   <div class='ocr_carea' id='block_1_71' title="bbox 2126 934 3332 999">
    <p class='ocr_par' dir='ltr' id='par_1_71' title="bbox 2126 934 3332 999">
     <span class='ocr_line' id='line_1_71' title="bbox 2126 934 3332 999; baseline 0.001 -16"><span class='ocrx_word' id='word_1_470' title='bbox 2126 934 2453 998; x_wconf 67' lang='lat' dir='ltr'><strong>Miranturque</strong></span> <span class='ocrx_word' id='word_1_471' title='bbox 2472 934 2585 986; x_wconf 79' lang='lat' dir='ltr'><strong>suos</strong></span> <span class='ocrx_word' id='word_1_472' title='bbox 2610 934 2707 999; x_wconf 71' lang='grc' dir='ltr'><strong>μετ’</strong></span> <span class='ocrx_word' id='word_1_473' title='bbox 2717 947 2877 988; x_wconf 88' lang='lat' dir='ltr'><strong>mutua</strong></span> <span class='ocrx_word' id='word_1_474' title='bbox 2904 940 3064 988; x_wconf 86' lang='lat' dir='ltr'><strong>limina</strong></span> <span class='ocrx_word' id='word_1_475' title='bbox 3086 940 3247 987; x_wconf 86' lang='lat' dir='ltr'><strong>cultus</strong></span> <span class='ocrx_word' id='word_1_476' title='bbox 3268 938 3332 984; x_wconf 67' lang='grc' dir='ltr'><strong>⁸ο.</strong></span> 
     </span>
    </p>
   </div>
   <div class='ocr_carea' id='block_1_72' title="bbox 2073 1035 3567 1110">
    <p class='ocr_par' dir='ltr' id='par_1_72' title="bbox 2073 1035 3567 1110">
     <span class='ocr_line' id='line_1_72' title="bbox 2073 1035 3567 1110; baseline 0.003 -21"><span class='ocrx_word' id='word_1_477' title='bbox 2073 1035 2205 1091; x_wconf 86' lang='lat' dir='ltr'><strong>item</strong></span> <span class='ocrx_word' id='word_1_478' title='bbox 2234 1037 2287 1091; x_wconf 91' lang='lat' dir='ltr'><strong>in</strong></span> <span class='ocrx_word' id='word_1_479' title='bbox 2317 1038 2503 1093; x_wconf 90' lang='lat' dir='ltr'><strong>iisdem</strong></span> <span class='ocrx_word' id='word_1_480' title='bbox 2529 1041 2757 1094; x_wconf 77' lang='lat' dir='ltr'><strong>arcubus</strong></span> <span class='ocrx_word' id='word_1_481' title='bbox 2779 1056 2809 1094; x_wconf 90' lang='lat' dir='ltr'><strong>a</strong></span> <span class='ocrx_word' id='word_1_482' title='bbox 2839 1040 3035 1107; x_wconf 83' lang='lat' dir='ltr'><strong>fronte,</strong></span> <span class='ocrx_word' id='word_1_483' title='bbox 3057 1056 3175 1110; x_wconf 70' lang='lat' dir='ltr'><strong>qua:</strong></span> <span class='ocrx_word' id='word_1_484' title='bbox 3204 1040 3269 1095; x_wconf 85' lang='lat' dir='ltr'><strong>ad</strong></span> <span class='ocrx_word' id='word_1_485' title='bbox 3298 1039 3567 1095; x_wconf 84' lang='lat' dir='ltr'><strong>basilicam</strong></span> 
     </span>
    </p>
   </div>
   <div class='ocr_carea' id='block_1_73' title="bbox 2003 1128 3176 1203">
    <p class='ocr_par' dir='ltr' id='par_1_73' title="bbox 2003 1128 3176 1203">
     <span class='ocr_line' id='line_1_73' title="bbox 2003 1128 3176 1203; baseline 0.003 -20"><span class='ocrx_word' id='word_1_486' title='bbox 2003 1128 2203 1185; x_wconf 89' lang='lat' dir='ltr'><strong>domini</strong></span> <span class='ocrx_word' id='word_1_487' title='bbox 2230 1130 2423 1186; x_wconf 87' lang='lat' dir='ltr'><strong>Felicis</strong></span> <span class='ocrx_word' id='word_1_488' title='bbox 2449 1141 2619 1203; x_wconf 88' lang='lat' dir='ltr'><strong>patet,</strong></span> <span class='ocrx_word' id='word_1_489' title='bbox 2648 1133 2912 1199; x_wconf 89' lang='lat' dir='ltr'><strong>mediana,</strong></span> <span class='ocrx_word' id='word_1_490' title='bbox 2941 1134 2996 1188; x_wconf 89' lang='lat' dir='ltr'><strong>hi</strong></span> <span class='ocrx_word' id='word_1_491' title='bbox 3017 1143 3139 1189; x_wconf 89' lang='lat' dir='ltr'><strong>sunt</strong></span> <span class='ocrx_word' id='word_1_492' title='bbox 3164 1152 3176 1187; x_wconf 93' lang='lat'>:</span> 
     </span>
    </p>
   </div>
   <div class='ocr_carea' id='block_1_74' title="bbox 2125 1224 3270 1278">
    <p class='ocr_par' dir='ltr' id='par_1_74' title="bbox 2125 1224 3270 1278">
     <span class='ocr_line' id='line_1_74' title="bbox 2125 1224 3270 1278; baseline 0.006 -8"><span class='ocrx_word' id='word_1_493' title='bbox 2125 1225 2255 1278; x_wconf 80' lang='lat' dir='ltr'><strong>Quos</strong></span> <span class='ocrx_word' id='word_1_494' title='bbox 2272 1224 2447 1274; x_wconf 88' lang='lat' dir='ltr'><strong>devota</strong></span> <span class='ocrx_word' id='word_1_495' title='bbox 2469 1226 2589 1275; x_wconf 83' lang='lat' dir='ltr'><strong>ildes</strong></span> <span class='ocrx_word' id='word_1_496' title='bbox 2610 1227 2777 1276; x_wconf 87' lang='lat' dir='ltr'><strong>densis</strong></span> <span class='ocrx_word' id='word_1_497' title='bbox 2796 1227 3049 1277; x_wconf 81' lang='lat' dir='ltr'><strong>celebrare</strong></span> <span class='ocrx_word' id='word_1_498' title='bbox 3075 1229 3270 1277; x_wconf 87' lang='lat' dir='ltr'><strong>beatum</strong></span> 
     </span>
    </p>
   </div>
   <div class='ocr_carea' id='block_1_75' title="bbox 2125 1283 3157 1349">
    <p class='ocr_par' dir='ltr' id='par_1_75' title="bbox 2125 1283 3157 1349">
     <span class='ocr_line' id='line_1_75' title="bbox 2125 1283 3157 1349; baseline 0.006 -17"><span class='ocrx_word' id='word_1_499' title='bbox 2125 1283 2552 1349; x_wconf 19' lang='lat' dir='ltr'><strong>FeiicemApOpnlis</strong></span> <span class='ocrx_word' id='word_1_500' title='bbox 2568 1290 2759 1337; x_wconf 83' lang='lat' dir='ltr'><strong>diversn</strong></span> <span class='ocrx_word' id='word_1_501' title='bbox 2777 1290 2951 1338; x_wconf 79' lang='lat' dir='ltr'><strong>suadet</strong></span> <span class='ocrx_word' id='word_1_502' title='bbox 2971 1289 3032 1336; x_wconf 90' lang='lat' dir='ltr'><strong>ab</strong></span> <span class='ocrx_word' id='word_1_503' title='bbox 3050 1302 3157 1347; x_wconf 92' lang='lat' dir='ltr'><strong>ore,</strong></span> 
     </span>
    </p>
   </div>
   <div class='ocr_carea' id='block_1_76' title="bbox 2124 1344 3275 1408">
    <p class='ocr_par' dir='ltr' id='par_1_76' title="bbox 2124 1344 3275 1408">
     <span class='ocr_line' id='line_1_76' title="bbox 2124 1344 3275 1408; baseline 0.006 -16"><span class='ocrx_word' id='word_1_504' title='bbox 2124 1344 2223 1393; x_wconf 89' lang='lat' dir='ltr'><strong>Per</strong></span> <span class='ocrx_word' id='word_1_505' title='bbox 2244 1344 2462 1408; x_wconf 73' lang='lat' dir='ltr'><strong>triplices</strong></span> <span class='ocrx_word' id='word_1_506' title='bbox 2483 1350 2642 1400; x_wconf 88' lang='lat' dir='ltr'><strong>aditus</strong></span> <span class='ocrx_word' id='word_1_507' title='bbox 2664 1350 2799 1399; x_wconf 83' lang='lat' dir='ltr'><strong>laxos</strong></span> <span class='ocrx_word' id='word_1_508' title='bbox 2824 1350 3057 1400; x_wconf 89' lang='lat' dir='ltr'><strong>infundite</strong></span> <span class='ocrx_word' id='word_1_509' title='bbox 3079 1344 3235 1399; x_wconf 55' lang='lat' dir='ltr'><strong>coitus</strong></span> <span class='ocrx_word' id='word_1_510' title='bbox 3261 1364 3275 1399; x_wconf 91' lang='lat'><strong>:</strong></span> 
     </span>
    </p>
   </div>
   <div class='ocr_carea' id='block_1_77' title="bbox 2122 1408 3335 1473">
    <p class='ocr_par' dir='ltr' id='par_1_77' title="bbox 2122 1408 3335 1473">
     <span class='ocr_line' id='line_1_77' title="bbox 2122 1408 3335 1473; baseline 0.004 -18"><span class='ocrx_word' id='word_1_511' title='bbox 2122 1408 2258 1473; x_wconf 80' lang='lat' dir='ltr'><strong>Atria</strong></span> <span class='ocrx_word' id='word_1_512' title='bbox 2280 1410 2543 1470; x_wconf 85' lang='lat' dir='ltr'><strong>quamlibet</strong></span> <span class='ocrx_word' id='word_1_513' title='bbox 2570 1414 2837 1461; x_wconf 89' lang='lat' dir='ltr'><strong>innumeris</strong></span> <span class='ocrx_word' id='word_1_514' title='bbox 2868 1415 3075 1473; x_wconf 86' lang='lat' dir='ltr'><strong>spatiosa</strong></span> <span class='ocrx_word' id='word_1_515' title='bbox 3103 1414 3335 1473; x_wconf 83' lang='lat' dir='ltr'><strong>patebunt</strong></span> 
     </span>
    </p>
   </div>
   <div class='ocr_carea' id='block_1_78' title="bbox 2123 1472 3334 1534">
    <p class='ocr_par' dir='ltr' id='par_1_78' title="bbox 2123 1472 3334 1534">
     <span class='ocr_line' id='line_1_78' title="bbox 2123 1472 3334 1534; baseline 0.002 -14"><span class='ocrx_word' id='word_1_516' title='bbox 2123 1472 2242 1534; x_wconf 73' lang='lat' dir='ltr'><strong>Quae</strong></span> <span class='ocrx_word' id='word_1_517' title='bbox 2260 1473 2438 1534; x_wconf 86' lang='lat' dir='ltr'><strong>sociata</strong></span> <span class='ocrx_word' id='word_1_518' title='bbox 2460 1473 2551 1521; x_wconf 86' lang='lat' dir='ltr'><strong>sibi</strong></span> <span class='ocrx_word' id='word_1_519' title='bbox 2575 1486 2663 1534; x_wconf 85' lang='lat' dir='ltr'><strong>per</strong></span> <span class='ocrx_word' id='word_1_520' title='bbox 2681 1482 2875 1534; x_wconf 84' lang='lat' dir='ltr'><strong>apertos</strong></span> <span class='ocrx_word' id='word_1_521' title='bbox 2897 1472 3159 1522; x_wconf 79' lang='lat' dir='ltr'><strong>comminus</strong></span> <span class='ocrx_word' id='word_1_522' title='bbox 3181 1487 3334 1534; x_wconf 81' lang='lat' dir='ltr'><strong>arcus,</strong></span> 
     </span>
    </p>
   </div>
   <div class='ocr_carea' id='block_1_79' title="bbox 2123 1528 3199 1585">
    <p class='ocr_par' dir='ltr' id='par_1_79' title="bbox 2123 1528 3199 1585">
     <span class='ocr_line' id='line_1_79' title="bbox 2123 1528 3199 1585; baseline 0.006 -8"><span class='ocrx_word' id='word_1_523' title='bbox 2123 1528 2303 1579; x_wconf 90' lang='lat' dir='ltr'><strong>Paulus</strong></span> <span class='ocrx_word' id='word_1_524' title='bbox 2324 1533 2371 1580; x_wconf 92' lang='lat' dir='ltr'><strong>in</strong></span> <span class='ocrx_word' id='word_1_525' title='bbox 2394 1528 2606 1583; x_wconf 67' lang='lat' dir='ltr'><strong>mteruos</strong></span> <span class='ocrx_word' id='word_1_526' title='bbox 2622 1528 2824 1584; x_wconf 79' lang='lat' dir='ltr'><strong>antistes</strong></span> <span class='ocrx_word' id='word_1_527' title='bbox 2844 1535 3037 1585; x_wconf 85' lang='lat' dir='ltr'><strong>dedicat</strong></span> <span class='ocrx_word' id='word_1_528' title='bbox 3068 1548 3199 1583; x_wconf 77' lang='lat' dir='ltr'><strong>usus.</strong></span> 
     </span>
    </p>
   </div>
   <div class='ocr_carea' id='block_1_80' title="bbox 2069 1633 2558 1692">
    <p class='ocr_par' dir='ltr' id='par_1_80' title="bbox 2069 1633 2558 1692">
     <span class='ocr_line' id='line_1_80' title="bbox 2069 1633 2558 1692; baseline 0.002 -3"><span class='ocrx_word' id='word_1_529' title='bbox 2069 1633 2127 1690; x_wconf 85' lang='lat' dir='ltr'><strong>in</strong></span> <span class='ocrx_word' id='word_1_530' title='bbox 2150 1636 2267 1690; x_wconf 90' lang='lat' dir='ltr'><strong>aliis</strong></span> <span class='ocrx_word' id='word_1_531' title='bbox 2294 1636 2381 1691; x_wconf 91' lang='lat' dir='ltr'><strong>isti</strong></span> <span class='ocrx_word' id='word_1_532' title='bbox 2409 1636 2517 1692; x_wconf 91' lang='lat' dir='ltr'><strong>bini</strong></span> <span class='ocrx_word' id='word_1_533' title='bbox 2543 1654 2558 1690; x_wconf 89' lang='lat'><strong>:</strong></span> 
     </span>
    </p>
   </div>
   <div class='ocr_carea' id='block_1_81' title="bbox 2120 1746 3164 1809">
    <p class='ocr_par' dir='ltr' id='par_1_81' title="bbox 2120 1746 3164 1809">
     <span class='ocr_line' id='line_1_81' title="bbox 2120 1746 3164 1809; baseline 0.003 -15"><span class='ocrx_word' id='word_1_534' title='bbox 2120 1746 2327 1809; x_wconf 80' lang='lat' dir='ltr'><strong>Antiqua</strong></span> <span class='ocrx_word' id='word_1_535' title='bbox 2352 1748 2574 1809; x_wconf 64' lang='lat' dir='ltr'><strong>digresso</strong></span> <span class='ocrx_word' id='word_1_536' title='bbox 2596 1750 2722 1798; x_wconf 89' lang='lat' dir='ltr'><strong>sacri</strong></span> <span class='ocrx_word' id='word_1_537' title='bbox 2748 1749 2928 1799; x_wconf 79' lang='lat' dir='ltr'><strong>Felicis</strong></span> <span class='ocrx_word' id='word_1_538' title='bbox 2952 1750 3012 1797; x_wconf 76' lang='lat' dir='ltr'><strong>ah</strong></span> <span class='ocrx_word' id='word_1_539' title='bbox 3039 1750 3164 1804; x_wconf 77' lang='lat' dir='ltr'><strong>aula,</strong></span> 
     </span>
    </p>
   </div>
   <div class='ocr_carea' id='block_1_82' title="bbox 2183 1808 3196 1874">
    <p class='ocr_par' dir='ltr' id='par_1_82' title="bbox 2183 1808 3196 1874">
     <span class='ocr_line' id='line_1_82' title="bbox 2183 1808 3196 1874; baseline 0.001 -17"><span class='ocrx_word' id='word_1_540' title='bbox 2183 1808 2235 1857; x_wconf 81' lang='lat' dir='ltr'><strong>in</strong></span> <span class='ocrx_word' id='word_1_541' title='bbox 2254 1808 2381 1860; x_wconf 84' lang='lat' dir='ltr'><strong>nova</strong></span> <span class='ocrx_word' id='word_1_542' title='bbox 2404 1808 2581 1859; x_wconf 81' lang='lat' dir='ltr'><strong>Felicis</strong></span> <span class='ocrx_word' id='word_1_543' title='bbox 2604 1813 2807 1861; x_wconf 84' lang='lat' dir='ltr'><strong>culmina</strong></span> <span class='ocrx_word' id='word_1_544' title='bbox 2830 1812 3196 1874; x_wconf 86' lang='lat' dir='ltr'><strong>transgredere.</strong></span> 
     </span>
    </p>
   </div>
   <div class='ocr_carea' id='block_1_83' title="bbox 2064 1909 2235 1966">
    <p class='ocr_par' dir='ltr' id='par_1_83' title="bbox 2064 1909 2235 1966">
     <span class='ocr_line' id='line_1_83' title="bbox 2064 1909 2235 1966; baseline 0.006 -2"><span class='ocrx_word' id='word_1_545' title='bbox 2064 1909 2195 1966; x_wconf 85' lang='lat' dir='ltr'><strong>Item</strong></span> <span class='ocrx_word' id='word_1_546' title='bbox 2222 1929 2235 1965; x_wconf 93' lang='lat'><strong>:</strong></span> 
     </span>
    </p>
   </div>
   <div class='ocr_carea' id='block_1_84' title="bbox 2116 2023 3288 2087">
    <p class='ocr_par' dir='ltr' id='par_1_84' title="bbox 2116 2023 3288 2087">
     <span class='ocr_line' id='line_1_84' title="bbox 2116 2023 3288 2087; baseline -0.003 -12"><span class='ocrx_word' id='word_1_547' title='bbox 2116 2024 2218 2087; x_wconf 77' lang='lat' dir='ltr'><strong>Una</strong></span> <span class='ocrx_word' id='word_1_548' title='bbox 2240 2023 2361 2073; x_wconf 83' lang='lat' dir='ltr'><strong>ﬁdes</strong></span> <span class='ocrx_word' id='word_1_549' title='bbox 2376 2028 2507 2075; x_wconf 87' lang='lat' dir='ltr'><strong>trino</strong></span> <span class='ocrx_word' id='word_1_550' title='bbox 2527 2026 2619 2075; x_wconf 88' lang='lat' dir='ltr'><strong>sub</strong></span> <span class='ocrx_word' id='word_1_551' title='bbox 2638 2027 2833 2074; x_wconf 83' lang='lat' dir='ltr'><strong>nomine</strong></span> <span class='ocrx_word' id='word_1_552' title='bbox 2857 2038 2966 2087; x_wconf 80' lang='lat' dir='ltr'><strong>quae</strong></span> <span class='ocrx_word' id='word_1_553' title='bbox 2989 2024 3101 2074; x_wconf 72' lang='lat' dir='ltr'><strong>colit</strong></span> <span class='ocrx_word' id='word_1_554' title='bbox 3124 2038 3288 2085; x_wconf 86' lang='lat' dir='ltr'><strong>unum,</strong></span> 
     </span>
    </p>
   </div>
   <div class='ocr_carea' id='block_1_85' title="bbox 2177 2085 3045 2149">
    <p class='ocr_par' dir='ltr' id='par_1_85' title="bbox 2177 2085 3045 2149">
     <span class='ocr_line' id='line_1_85' title="bbox 2177 2085 3045 2149; baseline 0.003 -15"><span class='ocrx_word' id='word_1_555' title='bbox 2177 2085 2437 2136; x_wconf 85' lang='lat' dir='ltr'><strong>Unanimes</strong></span> <span class='ocrx_word' id='word_1_556' title='bbox 2460 2089 2587 2137; x_wconf 87' lang='lat' dir='ltr'><strong>trino</strong></span> <span class='ocrx_word' id='word_1_557' title='bbox 2614 2090 2809 2149; x_wconf 84' lang='lat' dir='ltr'><strong>suscipit</strong></span> <span class='ocrx_word' id='word_1_558' title='bbox 2830 2085 3045 2137; x_wconf 73' lang='lat' dir='ltr'><strong>introitu.</strong></span> 
     </span>
    </p>
   </div>
   <div class='ocr_carea' id='block_1_86' title="bbox 2063 2192 3554 2266">
    <p class='ocr_par' dir='ltr' id='par_1_86' title="bbox 2063 2192 3554 2266">
     <span class='ocr_line' id='line_1_86' title="bbox 2063 2192 3554 2266; baseline -0.001 -13"><span class='ocrx_word' id='word_1_559' title='bbox 2063 2199 2148 2253; x_wconf 91' lang='grc'><strong>16.</strong></span> <span class='ocrx_word' id='word_1_560' title='bbox 2180 2199 2237 2254; x_wconf 85' lang='lat' dir='ltr'><strong>In</strong></span> <span class='ocrx_word' id='word_1_561' title='bbox 2278 2200 2583 2255; x_wconf 88' lang='lat' dir='ltr'><strong>secretariis</strong></span> <span class='ocrx_word' id='word_1_562' title='bbox 2630 2215 2761 2255; x_wconf 88' lang='lat' dir='ltr'><strong>vero</strong></span> <span class='ocrx_word' id='word_1_563' title='bbox 2808 2199 3013 2255; x_wconf 89' lang='lat' dir='ltr'><strong>duobus</strong></span> <span class='ocrx_word' id='word_1_564' title='bbox 3036 2238 3051 2262; x_wconf 88' lang='lat'><strong>,</strong></span> <span class='ocrx_word' id='word_1_565' title='bbox 3099 2210 3219 2266; x_wconf 69' lang='lat' dir='ltr'><strong>qua:</strong></span> <span class='ocrx_word' id='word_1_566' title='bbox 3253 2209 3414 2264; x_wconf 88' lang='lat' dir='ltr'><strong>supra</strong></span> <span class='ocrx_word' id='word_1_567' title='bbox 3448 2192 3554 2251; x_wconf 71' lang='lat' dir='ltr'><strong>dixi</strong></span> 
     </span>
    </p>
   </div>
   <div class='ocr_carea' id='block_1_87' title="bbox 1990 2284 3552 2361">
    <p class='ocr_par' dir='ltr' id='par_1_87' title="bbox 1990 2284 3552 2361">
     <span class='ocr_line' id='line_1_87' title="bbox 1990 2284 3552 2361; baseline -0.007 -14"><span class='ocrx_word' id='word_1_568' title='bbox 1990 2292 2133 2347; x_wconf 89' lang='lat' dir='ltr'><strong>circa</strong></span> <span class='ocrx_word' id='word_1_569' title='bbox 2155 2291 2393 2361; x_wconf 89' lang='lat' dir='ltr'><strong>apsidem</strong></span> <span class='ocrx_word' id='word_1_570' title='bbox 2420 2292 2463 2323; x_wconf 76' lang='lat'>“</span> <span class='ocrx_word' id='word_1_571' title='bbox 2496 2306 2635 2360; x_wconf 90' lang='lat' dir='ltr'><strong>esse,</strong></span> <span class='ocrx_word' id='word_1_572' title='bbox 2668 2290 2725 2345; x_wconf 90' lang='lat' dir='ltr'><strong>hi</strong></span> <span class='ocrx_word' id='word_1_573' title='bbox 2753 2306 2940 2346; x_wconf 88' lang='lat' dir='ltr'><strong>versus</strong></span> <span class='ocrx_word' id='word_1_574' title='bbox 2969 2288 3210 2344; x_wconf 88' lang='lat' dir='ltr'><strong>indicant</strong></span> <span class='ocrx_word' id='word_1_575' title='bbox 3235 2285 3416 2341; x_wconf 90' lang='lat' dir='ltr'><strong>ofiicia</strong></span> <span class='ocrx_word' id='word_1_576' title='bbox 3444 2284 3552 2340; x_wconf 87' lang='lat' dir='ltr'><strong>siu-</strong></span> 
     </span>
    </p>
   </div>
   <div class='ocr_carea' id='block_1_88' title="bbox 1988 2384 2254 2453">
    <p class='ocr_par' dir='ltr' id='par_1_88' title="bbox 1988 2384 2254 2453">
     <span class='ocr_line' id='line_1_88' title="bbox 1988 2384 2254 2453; baseline -0.008 -16"><span class='ocrx_word' id='word_1_577' title='bbox 1988 2384 2254 2453; x_wconf 82' lang='lat' dir='ltr'><strong>gulorum.</strong></span> 
     </span>
    </p>
   </div>
   <div class='ocr_carea' id='block_1_89' title="bbox 2059 2483 2632 2554">
    <p class='ocr_par' dir='ltr' id='par_1_89' title="bbox 2059 2483 2632 2554">
     <span class='ocr_line' id='line_1_89' title="bbox 2059 2483 2632 2554; baseline 0 -16"><span class='ocrx_word' id='word_1_578' title='bbox 2059 2483 2102 2537; x_wconf 86' lang='grc' dir='ltr'><strong>Α</strong></span> <span class='ocrx_word' id='word_1_579' title='bbox 2129 2484 2317 2539; x_wconf 81' lang='lat' dir='ltr'><strong>dextra</strong></span> <span class='ocrx_word' id='word_1_580' title='bbox 2340 2483 2539 2554; x_wconf 90' lang='lat' dir='ltr'><strong>apsidis</strong></span> <span class='ocrx_word' id='word_1_581' title='bbox 2559 2484 2632 2538; x_wconf 69' lang='grc' dir='ltr'><strong>δίε</strong></span> 
     </span>
    </p>
   </div>
   <div class='ocr_carea' id='block_1_90' title="bbox 2078 2592 3478 2655">
    <p class='ocr_par' dir='ltr' id='par_1_90' title="bbox 2078 2592 3478 2655">
     <span class='ocr_line' id='line_1_90' title="bbox 2078 2592 3478 2655; baseline -0.006 -10"><span class='ocrx_word' id='word_1_582' title='bbox 2078 2595 2168 2645; x_wconf 84' lang='lat' dir='ltr'><strong>Bic</strong></span> <span class='ocrx_word' id='word_1_583' title='bbox 2186 2596 2317 2644; x_wconf 89' lang='lat' dir='ltr'><strong>locus</strong></span> <span class='ocrx_word' id='word_1_584' title='bbox 2336 2604 2411 2646; x_wconf 90' lang='lat' dir='ltr'><strong>est</strong></span> <span class='ocrx_word' id='word_1_585' title='bbox 2430 2595 2706 2645; x_wconf 86' lang='lat' dir='ltr'><strong>veneranda</strong></span> <span class='ocrx_word' id='word_1_586' title='bbox 2726 2607 2878 2655; x_wconf 79' lang='lat' dir='ltr'><strong>penus</strong></span> <span class='ocrx_word' id='word_1_587' title='bbox 2906 2592 2919 2627; x_wconf 70' lang='grc' dir='ltr'><em>τ</em></span> <span class='ocrx_word' id='word_1_588' title='bbox 2949 2607 3041 2655; x_wconf 86' lang='lat' dir='ltr'><strong>qua</strong></span> <span class='ocrx_word' id='word_1_589' title='bbox 3060 2592 3301 2653; x_wconf 89' lang='lat' dir='ltr'><strong>ronditur,</strong></span> <span class='ocrx_word' id='word_1_590' title='bbox 3316 2597 3367 2639; x_wconf 90' lang='lat' dir='ltr'><strong>et</strong></span> <span class='ocrx_word' id='word_1_591' title='bbox 3384 2602 3478 2651; x_wconf 78' lang='lat' dir='ltr'><strong>qua</strong></span> 
     </span>
    </p>
   </div>
   <div class='ocr_carea' id='block_1_91' title="bbox 2139 2657 3156 2719">
    <p class='ocr_par' dir='ltr' id='par_1_91' title="bbox 2139 2657 3156 2719">
     <span class='ocr_line' id='line_1_91' title="bbox 2139 2657 3156 2719; baseline -0.006 -13"><span class='ocrx_word' id='word_1_592' title='bbox 2139 2657 2379 2706; x_wconf 87' lang='lat' dir='ltr'><strong>Promitur</strong></span> <span class='ocrx_word' id='word_1_593' title='bbox 2401 2657 2522 2706; x_wconf 89' lang='lat' dir='ltr'><strong>alma</strong></span> <span class='ocrx_word' id='word_1_594' title='bbox 2546 2661 2667 2706; x_wconf 87' lang='lat' dir='ltr'><strong>sacri</strong></span> <span class='ocrx_word' id='word_1_595' title='bbox 2692 2670 2860 2719; x_wconf 86' lang='lat' dir='ltr'><strong>pompa</strong></span> <span class='ocrx_word' id='word_1_596' title='bbox 2880 2658 3156 2705; x_wconf 78' lang='lat' dir='ltr'><strong>ministerii.</strong></span> 
     </span>
    </p>
   </div>
   <div class='ocr_carea' id='block_1_92' title="bbox 2057 2762 2643 2833">
    <p class='ocr_par' dir='ltr' id='par_1_92' title="bbox 2057 2762 2643 2833">
     <span class='ocr_line' id='line_1_92' title="bbox 2057 2762 2643 2833; baseline -0.005 -15"><span class='ocrx_word' id='word_1_597' title='bbox 2057 2766 2101 2818; x_wconf 80' lang='grc' dir='ltr'><strong>Δ</strong></span> <span class='ocrx_word' id='word_1_598' title='bbox 2127 2764 2341 2819; x_wconf 91' lang='lat' dir='ltr'><strong>sinistra</strong></span> <span class='ocrx_word' id='word_1_599' title='bbox 2368 2762 2604 2833; x_wconf 88' lang='lat' dir='ltr'><strong>ejusdem</strong></span> <span class='ocrx_word' id='word_1_600' title='bbox 2630 2782 2643 2815; x_wconf 92' lang='lat'><strong>:</strong></span> 
     </span>
    </p>
   </div>
   <div class='ocr_carea' id='block_1_93' title="bbox 2079 2871 3442 2932">
    <p class='ocr_par' dir='ltr' id='par_1_93' title="bbox 2079 2871 3442 2932">
     <span class='ocr_line' id='line_1_93' title="bbox 2079 2871 3442 2932; baseline -0.007 -5"><span class='ocrx_word' id='word_1_601' title='bbox 2079 2878 2131 2927; x_wconf 89' lang='lat' dir='ltr'><strong>Si</strong></span> <span class='ocrx_word' id='word_1_602' title='bbox 2149 2888 2293 2932; x_wconf 89' lang='lat' dir='ltr'><strong>quem</strong></span> <span class='ocrx_word' id='word_1_603' title='bbox 2310 2883 2469 2925; x_wconf 80' lang='lat' dir='ltr'><strong>sancta</strong></span> <span class='ocrx_word' id='word_1_604' title='bbox 2489 2880 2629 2923; x_wconf 89' lang='lat' dir='ltr'><strong>tenet</strong></span> <span class='ocrx_word' id='word_1_605' title='bbox 2651 2874 2920 2922; x_wconf 84' lang='lat' dir='ltr'><strong>meditanda</strong></span> <span class='ocrx_word' id='word_1_606' title='bbox 2944 2874 2989 2920; x_wconf 91' lang='lat' dir='ltr'><strong>in</strong></span> <span class='ocrx_word' id='word_1_607' title='bbox 3010 2874 3125 2932; x_wconf 82' lang='lat' dir='ltr'><strong>iege</strong></span> <span class='ocrx_word' id='word_1_608' title='bbox 3143 2872 3190 2902; x_wconf 71' lang='grc'>⁸³</span> <span class='ocrx_word' id='word_1_609' title='bbox 3208 2871 3442 2930; x_wconf 64' lang='lat' dir='ltr'><strong>voluntas,</strong></span> 
     </span>
    </p>
   </div>
   <div class='ocr_carea' id='block_1_94' title="bbox 2135 2890 3335 2998">
    <p class='ocr_par' dir='ltr' id='par_1_94' title="bbox 2135 2890 3335 2998">
     <span class='ocr_line' id='line_1_94' title="bbox 2182 2890 3328 2932; baseline -0.006 -8"><span class='ocrx_word' id='word_1_610' title='bbox 2182 2890 2293 2925; x_wconf 91' lang='lat' dir='ltr'><strong>uem</strong></span> <span class='ocrx_word' id='word_1_611' title='bbox 2310 2890 2469 2925; x_wconf 80' lang='lat' dir='ltr'><strong>sancta</strong></span> <span class='ocrx_word' id='word_1_612' title='bbox 2489 2890 2629 2923; x_wconf 82' lang='lat' dir='ltr'><strong>tenet</strong></span> <span class='ocrx_word' id='word_1_613' title='bbox 2651 2890 2920 2922; x_wconf 77' lang='lat' dir='ltr'><strong>meditanoa</strong></span> <span class='ocrx_word' id='word_1_614' title='bbox 2944 2890 2989 2920; x_wconf 85' lang='grc' dir='ltr'><strong>ιη</strong></span> <span class='ocrx_word' id='word_1_615' title='bbox 3013 2890 3125 2932; x_wconf 76' lang='lat' dir='ltr'><strong>iege</strong></span> <span class='ocrx_word' id='word_1_616' title='bbox 3143 2890 3190 2902; x_wconf 70' lang='grc' dir='ltr'><strong>ν·</strong></span> <span class='ocrx_word' id='word_1_617' title='bbox 3208 2890 3221 2917; x_wconf 60' lang='grc' dir='ltr'>π</span> <span class='ocrx_word' id='word_1_618' title='bbox 3234 2890 3328 2919; x_wconf 75' lang='lat' dir='ltr'><strong>uiui</strong></span> 
     </span>
     <span class='ocr_line' id='line_1_95' title="bbox 2135 2890 3335 2998; baseline -0.006 -11"><span class='ocrx_word' id='word_1_619' title='bbox 2135 2890 2227 2987; x_wconf 59' lang='lat' dir='ltr'><strong>ﬂio</strong></span> <span class='ocrx_word' id='word_1_620' title='bbox 2248 2938 2427 2998; x_wconf 88' lang='lat' dir='ltr'><strong>poterit</strong></span> <span class='ocrx_word' id='word_1_621' title='bbox 2446 2937 2667 2985; x_wconf 83' lang='lat' dir='ltr'><strong>residens</strong></span> <span class='ocrx_word' id='word_1_622' title='bbox 2684 2937 2835 2985; x_wconf 83' lang='lat' dir='ltr'><strong>sacris</strong></span> <span class='ocrx_word' id='word_1_623' title='bbox 2852 2934 3113 2983; x_wconf 87' lang='lat' dir='ltr'><strong>intendere</strong></span> <span class='ocrx_word' id='word_1_624' title='bbox 3136 2934 3272 2982; x_wconf 89' lang='lat' dir='ltr'><strong>libris</strong></span> <span class='ocrx_word' id='word_1_625' title='bbox 3292 2935 3335 2980; x_wconf 74' lang='grc' dir='ltr'>ε.</span> 
     </span>
    </p>
   </div>
   <div class='ocr_carea' id='block_1_95' title="bbox 2455 3046 3087 3102">
    <p class='ocr_par' dir='ltr' id='par_1_95' title="bbox 2455 3046 3087 3102">
     <span class='ocr_line' id='line_1_96' title="bbox 2455 3046 3087 3102; baseline 0 0"><span class='ocrx_word' id='word_1_626' title='bbox 2455 3047 2528 3102; x_wconf 83' lang='lat' dir='ltr'><strong>De</strong></span> <span class='ocrx_word' id='word_1_627' title='bbox 2561 3047 2823 3102; x_wconf 85' lang='lat' dir='ltr'><strong>Fundana</strong></span> <span class='ocrx_word' id='word_1_628' title='bbox 2851 3046 3087 3102; x_wconf 75' lang='lat' dir='ltr'><strong>basilica.</strong></span> 
     </span>
    </p>
   </div>
   <div class='ocr_carea' id='block_1_96' title="bbox 2058 3158 3549 3232">
    <p class='ocr_par' dir='ltr' id='par_1_96' title="bbox 2058 3158 3549 3232">
     <span class='ocr_line' id='line_1_97' title="bbox 2058 3158 3549 3232; baseline -0.004 -15"><span class='ocrx_word' id='word_1_629' title='bbox 2058 3164 2144 3218; x_wconf 84' lang='grc'><strong>17.</strong></span> <span class='ocrx_word' id='word_1_630' title='bbox 2176 3161 2522 3231; x_wconf 86' lang='lat' dir='ltr'><strong>Egrediamur</strong></span> <span class='ocrx_word' id='word_1_631' title='bbox 2561 3160 2673 3232; x_wconf 89' lang='lat' dir='ltr'><strong>jam</strong></span> <span class='ocrx_word' id='word_1_632' title='bbox 2702 3160 2902 3214; x_wconf 84' lang='lat' dir='ltr'><strong>Nolana</strong></span> <span class='ocrx_word' id='word_1_633' title='bbox 2944 3159 3046 3213; x_wconf 90' lang='lat' dir='ltr'><strong>hac</strong></span> <span class='ocrx_word' id='word_1_634' title='bbox 3090 3158 3313 3213; x_wconf 89' lang='lat' dir='ltr'><strong>basilica</strong></span> <span class='ocrx_word' id='word_1_635' title='bbox 3340 3201 3356 3225; x_wconf 93' lang='lat'><strong>,</strong></span> <span class='ocrx_word' id='word_1_636' title='bbox 3403 3166 3458 3211; x_wconf 88' lang='lat' dir='ltr'><strong>et</strong></span> <span class='ocrx_word' id='word_1_637' title='bbox 3497 3158 3549 3212; x_wconf 93' lang='lat' dir='ltr'><strong>in</strong></span> 
     </span>
    </p>
   </div>
   <div class='ocr_carea' id='block_1_97' title="bbox 1987 3250 3549 3321">
    <p class='ocr_par' dir='ltr' id='par_1_97' title="bbox 1987 3250 3549 3321">
     <span class='ocr_line' id='line_1_98' title="bbox 1987 3250 3549 3321; baseline -0.006 -8"><span class='ocrx_word' id='word_1_638' title='bbox 1987 3257 2297 3313; x_wconf 86' lang='lat' dir='ltr'><strong>Fundanam</strong></span> <span class='ocrx_word' id='word_1_639' title='bbox 2326 3265 2678 3311; x_wconf 83' lang='lat' dir='ltr'><strong>transeamus.</strong></span> <span class='ocrx_word' id='word_1_640' title='bbox 2744 3252 2943 3308; x_wconf 90' lang='lat' dir='ltr'><strong>Fundis</strong></span> <span class='ocrx_word' id='word_1_641' title='bbox 2981 3267 3174 3306; x_wconf 90' lang='lat' dir='ltr'><strong>nomen</strong></span> <span class='ocrx_word' id='word_1_642' title='bbox 3218 3250 3415 3321; x_wconf 87' lang='lat' dir='ltr'><strong>oppido</strong></span> <span class='ocrx_word' id='word_1_643' title='bbox 3447 3258 3549 3318; x_wconf 90' lang='lat' dir='ltr'><strong>est,</strong></span> 
     </span>
    </p>
   </div>
   <div class='ocr_carea' id='block_1_98' title="bbox 1985 3343 3551 3421">
    <p class='ocr_par' dir='ltr' id='par_1_98' title="bbox 1985 3343 3551 3421">
     <span class='ocr_line' id='line_1_99' title="bbox 1985 3343 3551 3421; baseline -0.003 -16"><span class='ocrx_word' id='word_1_644' title='bbox 1985 3350 2130 3421; x_wconf 88' lang='lat' dir='ltr'><strong>quod</strong></span> <span class='ocrx_word' id='word_1_645' title='bbox 2155 3364 2306 3418; x_wconf 77' lang='lat' dir='ltr'><strong>:eque</strong></span> <span class='ocrx_word' id='word_1_646' title='bbox 2332 3345 2591 3400; x_wconf 88' lang='lat' dir='ltr'><strong>familiare</strong></span> <span class='ocrx_word' id='word_1_647' title='bbox 2628 3345 2758 3400; x_wconf 91' lang='lat' dir='ltr'><strong>mihi</strong></span> <span class='ocrx_word' id='word_1_648' title='bbox 2792 3344 2889 3398; x_wconf 89' lang='lat' dir='ltr'><strong>fuit</strong></span> <span class='ocrx_word' id='word_1_649' title='bbox 2915 3343 3039 3397; x_wconf 86' lang='lat' dir='ltr'><strong>dum</strong></span> <span class='ocrx_word' id='word_1_650' title='bbox 3070 3353 3312 3398; x_wconf 91' lang='lat' dir='ltr'><strong>maneret</strong></span> <span class='ocrx_word' id='word_1_651' title='bbox 3340 3357 3551 3418; x_wconf 81' lang='lat' dir='ltr'><strong>posses-</strong></span> 
     </span>
    </p>
   </div>
   <div class='ocr_carea' id='block_1_99' title="bbox 1985 3434 3550 3509">
    <p class='ocr_par' dir='ltr' id='par_1_99' title="bbox 1985 3434 3550 3509">
     <span class='ocr_line' id='line_1_100' title="bbox 1985 3434 3550 3509; baseline -0.003 -14"><span class='ocrx_word' id='word_1_652' title='bbox 1985 3440 2106 3506; x_wconf 89' lang='lat' dir='ltr'><strong>sio,</strong></span> <span class='ocrx_word' id='word_1_653' title='bbox 2146 3455 2307 3509; x_wconf 89' lang='lat' dir='ltr'><strong>quam</strong></span> <span class='ocrx_word' id='word_1_654' title='bbox 2351 3437 2459 3492; x_wconf 89' lang='lat' dir='ltr'><strong>illic</strong></span> <span class='ocrx_word' id='word_1_655' title='bbox 2502 3436 2837 3491; x_wconf 85' lang='lat' dir='ltr'><strong>usitatiorem</strong></span> <span class='ocrx_word' id='word_1_656' title='bbox 2884 3434 3064 3489; x_wconf 89' lang='lat' dir='ltr'><strong>habui.</strong></span> <span class='ocrx_word' id='word_1_657' title='bbox 3119 3434 3305 3509; x_wconf 79' lang='lat' dir='ltr'><strong>itaque</strong></span> <span class='ocrx_word' id='word_1_658' title='bbox 3353 3439 3433 3494; x_wconf 88' lang='lat' dir='ltr'><strong>vel</strong></span> <span class='ocrx_word' id='word_1_659' title='bbox 3486 3437 3550 3492; x_wconf 90' lang='lat' dir='ltr'><strong>ad</strong></span> 
     </span>
    </p>
   </div>
   <div class='ocr_carea' id='block_1_100' title="bbox 1986 3527 3550 3601">
    <p class='ocr_par' dir='ltr' id='par_1_100' title="bbox 1986 3527 3550 3601">
     <span class='ocr_line' id='line_1_101' title="bbox 1986 3527 3550 3601; baseline 0 -18"><span class='ocrx_word' id='word_1_660' title='bbox 1986 3529 2175 3600; x_wconf 84' lang='lat' dir='ltr'><strong>pignus</strong></span> <span class='ocrx_word' id='word_1_661' title='bbox 2197 3528 2345 3597; x_wconf 86' lang='lat' dir='ltr'><strong>quasi</strong></span> <span class='ocrx_word' id='word_1_662' title='bbox 2377 3528 2559 3583; x_wconf 75' lang='lat' dir='ltr'><strong>civicze</strong></span> <span class='ocrx_word' id='word_1_663' title='bbox 2586 3527 2845 3595; x_wconf 70' lang='lat' dir='ltr'><strong>caritatis,</strong></span> <span class='ocrx_word' id='word_1_664' title='bbox 2881 3532 2969 3586; x_wconf 90' lang='lat' dir='ltr'><strong>vel</strong></span> <span class='ocrx_word' id='word_1_665' title='bbox 2993 3531 3057 3585; x_wconf 87' lang='lat' dir='ltr'><strong>ad</strong></span> <span class='ocrx_word' id='word_1_666' title='bbox 3076 3532 3387 3586; x_wconf 90' lang='lat' dir='ltr'><strong>memoriam</strong></span> <span class='ocrx_word' id='word_1_667' title='bbox 3417 3546 3550 3601; x_wconf 79' lang='lat' dir='ltr'><strong>prae-</strong></span> 
     </span>
    </p>
   </div>
   <div class='ocr_carea' id='block_1_101' title="bbox 1987 3620 3546 3694">
    <p class='ocr_par' dir='ltr' id='par_1_101' title="bbox 1987 3620 3546 3694">
     <span class='ocr_line' id='line_1_102' title="bbox 1987 3620 3546 3694; baseline -0.001 -18"><span class='ocrx_word' id='word_1_668' title='bbox 1987 3620 2132 3678; x_wconf 87' lang='lat' dir='ltr'><strong>teriti</strong></span> <span class='ocrx_word' id='word_1_669' title='bbox 2178 3624 2528 3694; x_wconf 85' lang='lat' dir='ltr'><strong>patrimonii,</strong></span> <span class='ocrx_word' id='word_1_670' title='bbox 2578 3624 2851 3678; x_wconf 90' lang='lat' dir='ltr'><strong>basilicam</strong></span> <span class='ocrx_word' id='word_1_671' title='bbox 2895 3623 3024 3676; x_wconf 89' lang='lat' dir='ltr'><strong>dare</strong></span> <span class='ocrx_word' id='word_1_672' title='bbox 3074 3623 3126 3676; x_wconf 92' lang='lat' dir='ltr'><strong>in</strong></span> <span class='ocrx_word' id='word_1_673' title='bbox 3171 3623 3288 3691; x_wconf 91' lang='lat' dir='ltr'><strong>ipso</strong></span> <span class='ocrx_word' id='word_1_674' title='bbox 3328 3622 3546 3690; x_wconf 83' lang='lat' dir='ltr'><strong>oppido,</strong></span> 
     </span>
    </p>
   </div>
   <div class='ocr_carea' id='block_1_102' title="bbox 1985 3713 3547 3784">
    <p class='ocr_par' dir='ltr' id='par_1_102' title="bbox 1985 3713 3547 3784">
     <span class='ocr_line' id='line_1_103' title="bbox 1985 3713 3547 3784; baseline -0.002 -16"><span class='ocrx_word' id='word_1_675' title='bbox 1985 3716 2237 3784; x_wconf 87' lang='lat' dir='ltr'><strong>quoniam</strong></span> <span class='ocrx_word' id='word_1_676' title='bbox 2261 3724 2315 3770; x_wconf 94' lang='lat' dir='ltr'><strong>et</strong></span> <span class='ocrx_word' id='word_1_677' title='bbox 2344 3715 2613 3783; x_wconf 74' lang='lat' dir='ltr'><strong>indigebat</strong></span> <span class='ocrx_word' id='word_1_678' title='bbox 2636 3757 2655 3782; x_wconf 96' lang='lat'><strong>,</strong></span> <span class='ocrx_word' id='word_1_679' title='bbox 2706 3716 2975 3767; x_wconf 90' lang='lat' dir='ltr'><strong>ruinosam</strong></span> <span class='ocrx_word' id='word_1_680' title='bbox 3004 3722 3058 3767; x_wconf 94' lang='lat' dir='ltr'><strong>et</strong></span> <span class='ocrx_word' id='word_1_681' title='bbox 3086 3728 3303 3781; x_wconf 85' lang='lat' dir='ltr'><strong>parvam</strong></span> <span class='ocrx_word' id='word_1_682' title='bbox 3326 3713 3547 3777; x_wconf 85' lang='lat' dir='ltr'><strong>habens,</strong></span> 
     </span>
    </p>
   </div>
   <div class='ocr_carea' id='block_1_103' title="bbox 1986 3802 3547 3873">
    <p class='ocr_par' dir='ltr' id='par_1_103' title="bbox 1986 3802 3547 3873">
     <span class='ocr_line' id='line_1_104' title="bbox 1986 3802 3547 3873; baseline -0.003 -13"><span class='ocrx_word' id='word_1_683' title='bbox 1986 3807 2098 3860; x_wconf 90' lang='lat' dir='ltr'><strong>voti</strong></span> <span class='ocrx_word' id='word_1_684' title='bbox 2142 3805 2258 3859; x_wconf 87' lang='lat' dir='ltr'><strong>fuit.</strong></span> <span class='ocrx_word' id='word_1_685' title='bbox 2320 3805 2606 3873; x_wconf 89' lang='lat' dir='ltr'><strong>Propterea</strong></span> <span class='ocrx_word' id='word_1_686' title='bbox 2654 3813 2709 3858; x_wconf 88' lang='lat' dir='ltr'><strong>et</strong></span> <span class='ocrx_word' id='word_1_687' title='bbox 2756 3804 2852 3857; x_wconf 85' lang='lat' dir='ltr'><strong>hos</strong></span> <span class='ocrx_word' id='word_1_688' title='bbox 2896 3803 3189 3857; x_wconf 83' lang='lat' dir='ltr'><strong>versiculos</strong></span> <span class='ocrx_word' id='word_1_689' title='bbox 3218 3802 3547 3872; x_wconf 81' lang='lat' dir='ltr'><strong>adjiciendus</strong></span> 
     </span>
    </p>
   </div>
   <div class='ocr_carea' id='block_1_104' title="bbox 1985 3893 3547 3967">
    <p class='ocr_par' dir='ltr' id='par_1_104' title="bbox 1985 3893 3547 3967">
     <span class='ocr_line' id='line_1_105' title="bbox 1985 3893 3547 3967; baseline -0.001 -17"><span class='ocrx_word' id='word_1_690' title='bbox 1985 3896 2199 3967; x_wconf 88' lang='lat' dir='ltr'><strong>putavi,</strong></span> <span class='ocrx_word' id='word_1_691' title='bbox 2246 3911 2382 3967; x_wconf 86' lang='lat' dir='ltr'><strong>quos</strong></span> <span class='ocrx_word' id='word_1_692' title='bbox 2409 3896 2481 3949; x_wconf 90' lang='lat' dir='ltr'><strong>illi</strong></span> <span class='ocrx_word' id='word_1_693' title='bbox 2514 3896 2565 3948; x_wconf 92' lang='lat' dir='ltr'><strong>in</strong></span> <span class='ocrx_word' id='word_1_694' title='bbox 2598 3894 2700 3949; x_wconf 91' lang='lat' dir='ltr'><strong>hoc</strong></span> <span class='ocrx_word' id='word_1_695' title='bbox 2728 3893 2925 3964; x_wconf 88' lang='lat' dir='ltr'><strong>oppido</strong></span> <span class='ocrx_word' id='word_1_696' title='bbox 2965 3893 3275 3948; x_wconf 58' lang='lat' dir='ltr'><strong>dedicanda:</strong></span> <span class='ocrx_word' id='word_1_697' title='bbox 3317 3894 3547 3949; x_wconf 78' lang='lat' dir='ltr'><strong>basilica:</strong></span> 
     </span>
    </p>
   </div>
   <div class='ocr_carea' id='block_1_105' title="bbox 1983 3984 3548 4057">
    <p class='ocr_par' dir='ltr' id='par_1_105' title="bbox 1983 3984 3548 4057">
     <span class='ocr_line' id='line_1_106' title="bbox 1983 3984 3548 4057; baseline 0 -16"><span class='ocrx_word' id='word_1_698' title='bbox 1983 3988 2289 4057; x_wconf 88' lang='lat' dir='ltr'><strong>paravimus</strong></span> <span class='ocrx_word' id='word_1_699' title='bbox 2316 3986 2379 4040; x_wconf 74' lang='lat'><strong>“.</strong></span> <span class='ocrx_word' id='word_1_700' title='bbox 2421 3984 2551 4040; x_wconf 82' lang='lat' dir='ltr'><strong>Nam</strong></span> <span class='ocrx_word' id='word_1_701' title='bbox 2581 3986 2753 4041; x_wconf 87' lang='lat' dir='ltr'><strong>adhuc</strong></span> <span class='ocrx_word' id='word_1_702' title='bbox 2790 3987 2843 4040; x_wconf 91' lang='lat' dir='ltr'><strong>iu</strong></span> <span class='ocrx_word' id='word_1_703' title='bbox 2865 4001 3028 4056; x_wconf 89' lang='lat' dir='ltr'><strong>opere</strong></span> <span class='ocrx_word' id='word_1_704' title='bbox 3056 3996 3167 4050; x_wconf 90' lang='lat' dir='ltr'><strong>est,</strong></span> <span class='ocrx_word' id='word_1_705' title='bbox 3197 3986 3293 4039; x_wconf 86' lang='lat' dir='ltr'><strong>sed</strong></span> <span class='ocrx_word' id='word_1_706' title='bbox 3317 3987 3548 4057; x_wconf 83' lang='lat' dir='ltr'><strong>propitio</strong></span> 
     </span>
    </p>
   </div>
   <div class='ocr_carea' id='block_1_106' title="bbox 1986 4078 3548 4149">
    <p class='ocr_par' dir='ltr' id='par_1_106' title="bbox 1986 4078 3548 4149">
     <span class='ocr_line' id='line_1_107' title="bbox 1986 4078 3548 4149; baseline -0.002 -16"><span class='ocrx_word' id='word_1_707' title='bbox 1986 4080 2096 4135; x_wconf 90' lang='lat' dir='ltr'><strong>Deo</strong></span> <span class='ocrx_word' id='word_1_708' title='bbox 2120 4079 2443 4143; x_wconf 37' lang='lat' dir='ltr'><strong>dedicationi,</strong></span> <span class='ocrx_word' id='word_1_709' title='bbox 2465 4080 2782 4149; x_wconf 85' lang='lat' dir='ltr'><strong>propinqua.</strong></span> <span class='ocrx_word' id='word_1_710' title='bbox 2823 4078 2973 4144; x_wconf 87' lang='lat' dir='ltr'><strong>Quod</strong></span> <span class='ocrx_word' id='word_1_711' title='bbox 2997 4086 3169 4131; x_wconf 89' lang='lat' dir='ltr'><strong>tamen</strong></span> <span class='ocrx_word' id='word_1_712' title='bbox 3198 4093 3259 4132; x_wconf 90' lang='lat' dir='ltr'><strong>ea</strong></span> <span class='ocrx_word' id='word_1_713' title='bbox 3287 4078 3413 4132; x_wconf 91' lang='lat' dir='ltr'><strong>mihi</strong></span> <span class='ocrx_word' id='word_1_714' title='bbox 3435 4094 3548 4131; x_wconf 85' lang='lat' dir='ltr'><strong>ma-</strong></span> 
     </span>
    </p>
   </div>
   <div class='ocr_carea' id='block_1_107' title="bbox 1984 4166 3546 4239">
    <p class='ocr_par' dir='ltr' id='par_1_107' title="bbox 1984 4166 3546 4239">
     <span class='ocr_line' id='line_1_108' title="bbox 1984 4166 3546 4239; baseline -0.001 -14"><span class='ocrx_word' id='word_1_715' title='bbox 1984 4172 2129 4226; x_wconf 80' lang='lat' dir='ltr'><strong>xime</strong></span> <span class='ocrx_word' id='word_1_716' title='bbox 2158 4172 2296 4225; x_wconf 85' lang='lat' dir='ltr'><strong>ratio</strong></span> <span class='ocrx_word' id='word_1_717' title='bbox 2325 4170 2621 4239; x_wconf 91' lang='lat' dir='ltr'><strong>persuasit,</strong></span> <span class='ocrx_word' id='word_1_718' title='bbox 2671 4170 2793 4239; x_wconf 85' lang='lat' dir='ltr'><strong>quia</strong></span> <span class='ocrx_word' id='word_1_719' title='bbox 2825 4177 2878 4222; x_wconf 85' lang='lat' dir='ltr'><strong>et</strong></span> <span class='ocrx_word' id='word_1_720' title='bbox 2906 4169 2957 4222; x_wconf 93' lang='lat' dir='ltr'><strong>in</strong></span> <span class='ocrx_word' id='word_1_721' title='bbox 2988 4166 3147 4236; x_wconf 88' lang='lat' dir='ltr'><strong>hujus</strong></span> <span class='ocrx_word' id='word_1_722' title='bbox 3175 4168 3358 4237; x_wconf 89' lang='lat' dir='ltr'><strong>apside</strong></span> <span class='ocrx_word' id='word_1_723' title='bbox 3386 4168 3432 4199; x_wconf 74' lang='lat'><strong>&quot;</strong></span> <span class='ocrx_word' id='word_1_724' title='bbox 3454 4166 3546 4223; x_wconf 75' lang='grc' dir='ltr'><strong>(ἰε-</strong></span> 
     </span>
    </p>
   </div>
   <div class='ocr_carea' id='block_1_108' title="bbox 1983 4260 3548 4337">
    <p class='ocr_par' dir='ltr' id='par_1_108' title="bbox 1983 4260 3548 4337">
     <span class='ocr_line' id='line_1_109' title="bbox 1983 4260 3548 4337; baseline -0.001 -20"><span class='ocrx_word' id='word_1_725' title='bbox 1983 4262 2242 4331; x_wconf 89' lang='lat' dir='ltr'><strong>signatam</strong></span> <span class='ocrx_word' id='word_1_726' title='bbox 2270 4262 2535 4330; x_wconf 87' lang='lat' dir='ltr'><strong>picturam</strong></span> <span class='ocrx_word' id='word_1_727' title='bbox 2562 4277 2710 4314; x_wconf 89' lang='lat' dir='ltr'><strong>meus</strong></span> <span class='ocrx_word' id='word_1_728' title='bbox 2744 4260 2924 4313; x_wconf 87' lang='lat' dir='ltr'><strong>Victor</strong></span> <span class='ocrx_word' id='word_1_729' title='bbox 2944 4260 3230 4326; x_wconf 82' lang='lat' dir='ltr'><strong>adamavit,</strong></span> <span class='ocrx_word' id='word_1_730' title='bbox 3259 4268 3314 4315; x_wconf 92' lang='lat' dir='ltr'><strong>et</strong></span> <span class='ocrx_word' id='word_1_731' title='bbox 3334 4271 3548 4337; x_wconf 89' lang='lat' dir='ltr'><strong>portare</strong></span> 
     </span>
    </p>
   </div>
   <div class='ocr_carea' id='block_1_109' title="bbox 1983 4348 3548 4420">
    <p class='ocr_par' dir='ltr' id='par_1_109' title="bbox 1983 4348 3548 4420">
     <span class='ocr_line' id='line_1_110' title="bbox 1983 4348 3548 4420; baseline -0.001 -14"><span class='ocrx_word' id='word_1_732' title='bbox 1983 4348 2091 4408; x_wconf 74' lang='lat' dir='ltr'><strong>tibi&#39;</strong></span> <span class='ocrx_word' id='word_1_733' title='bbox 2117 4353 2316 4419; x_wconf 90' lang='lat' dir='ltr'><strong>voluit,</strong></span> <span class='ocrx_word' id='word_1_734' title='bbox 2359 4354 2405 4408; x_wconf 91' lang='lat' dir='ltr'><strong>si</strong></span> <span class='ocrx_word' id='word_1_735' title='bbox 2445 4352 2580 4407; x_wconf 90' lang='lat' dir='ltr'><strong>forte</strong></span> <span class='ocrx_word' id='word_1_736' title='bbox 2609 4361 2663 4405; x_wconf 88' lang='lat' dir='ltr'><strong>et</strong></span> <span class='ocrx_word' id='word_1_737' title='bbox 2691 4367 2808 4405; x_wconf 90' lang='lat' dir='ltr'><strong>eam</strong></span> <span class='ocrx_word' id='word_1_738' title='bbox 2839 4351 2883 4382; x_wconf 76' lang='lat'>“</span> <span class='ocrx_word' id='word_1_739' title='bbox 2917 4350 2983 4405; x_wconf 83' lang='lat' dir='ltr'><strong>de</strong></span> <span class='ocrx_word' id='word_1_740' title='bbox 3011 4350 3217 4406; x_wconf 87' lang='lat' dir='ltr'><strong>duabus</strong></span> <span class='ocrx_word' id='word_1_741' title='bbox 3244 4352 3470 4420; x_wconf 80' lang='lat' dir='ltr'><strong>elegeris</strong></span> <span class='ocrx_word' id='word_1_742' title='bbox 3498 4352 3548 4405; x_wconf 92' lang='lat' dir='ltr'><strong>in</strong></span> 
     </span>
    </p>
   </div>
   <div class='ocr_carea' id='block_1_110' title="bbox 1982 4442 3548 4514">
    <p class='ocr_par' dir='ltr' id='par_1_110' title="bbox 1982 4442 3548 4514">
     <span class='ocr_line' id='line_1_111' title="bbox 1982 4442 3548 4514; baseline -0.003 -14"><span class='ocrx_word' id='word_1_743' title='bbox 1982 4446 2085 4502; x_wconf 89' lang='lat' dir='ltr'><strong>hac</strong></span> <span class='ocrx_word' id='word_1_744' title='bbox 2123 4446 2422 4500; x_wconf 85' lang='lat' dir='ltr'><strong>recentiore</strong></span> <span class='ocrx_word' id='word_1_745' title='bbox 2462 4454 2548 4498; x_wconf 90' lang='lat' dir='ltr'><strong>tua</strong></span> <span class='ocrx_word' id='word_1_746' title='bbox 2581 4444 2799 4513; x_wconf 84' lang='lat' dir='ltr'><strong>pingere</strong></span> <span class='ocrx_word' id='word_1_747' title='bbox 2823 4482 2838 4508; x_wconf 95' lang='lat'><strong>,</strong></span> <span class='ocrx_word' id='word_1_748' title='bbox 2890 4442 2942 4497; x_wconf 91' lang='lat' dir='ltr'><strong>in</strong></span> <span class='ocrx_word' id='word_1_749' title='bbox 2971 4455 3075 4511; x_wconf 89' lang='lat' dir='ltr'><strong>qua</strong></span> <span class='ocrx_word' id='word_1_750' title='bbox 3120 4457 3273 4512; x_wconf 81' lang='lat' dir='ltr'><strong>:eque</strong></span> <span class='ocrx_word' id='word_1_751' title='bbox 3311 4442 3548 4514; x_wconf 81' lang='lat' dir='ltr'><strong>apsideni</strong></span> 
     </span>
    </p>
   </div>
   <div class='ocr_carea' id='block_1_111' title="bbox 1986 4531 3548 4602">
    <p class='ocr_par' dir='ltr' id='par_1_111' title="bbox 1986 4531 3548 4602">
     <span class='ocr_line' id='line_1_112' title="bbox 1986 4531 3548 4602; baseline 0.001 -16"><span class='ocrx_word' id='word_1_752' title='bbox 1986 4532 2177 4588; x_wconf 90' lang='lat' dir='ltr'><strong>factam</strong></span> <span class='ocrx_word' id='word_1_753' title='bbox 2209 4532 2480 4588; x_wconf 90' lang='lat' dir='ltr'><strong>indicavit.</strong></span> <span class='ocrx_word' id='word_1_754' title='bbox 2511 4531 2617 4587; x_wconf 90' lang='lat' dir='ltr'><strong>Sed</strong></span> <span class='ocrx_word' id='word_1_755' title='bbox 2643 4531 2709 4585; x_wconf 90' lang='lat' dir='ltr'><strong>de</strong></span> <span class='ocrx_word' id='word_1_756' title='bbox 2732 4532 2831 4586; x_wconf 90' lang='lat' dir='ltr'><strong>hac</strong></span> <span class='ocrx_word' id='word_1_757' title='bbox 2860 4532 3043 4600; x_wconf 89' lang='lat' dir='ltr'><strong>apsida</strong></span> <span class='ocrx_word' id='word_1_758' title='bbox 3073 4546 3141 4585; x_wconf 89' lang='lat' dir='ltr'><strong>an</strong></span> <span class='ocrx_word' id='word_1_759' title='bbox 3170 4532 3354 4587; x_wconf 90' lang='lat' dir='ltr'><strong>abside</strong></span> <span class='ocrx_word' id='word_1_760' title='bbox 3384 4534 3548 4602; x_wconf 86' lang='lat' dir='ltr'><strong>magis</strong></span> 
     </span>
    </p>
   </div>
   <div class='ocr_carea' id='block_1_112' title="bbox 1984 4620 3549 4690">
    <p class='ocr_par' dir='ltr' id='par_1_112' title="bbox 1984 4620 3549 4690">
     <span class='ocr_line' id='line_1_113' title="bbox 1984 4620 3549 4690; baseline -0.001 -13"><span class='ocrx_word' id='word_1_761' title='bbox 1984 4623 2164 4679; x_wconf 90' lang='lat' dir='ltr'><strong>dicere</strong></span> <span class='ocrx_word' id='word_1_762' title='bbox 2187 4622 2459 4678; x_wconf 89' lang='lat' dir='ltr'><strong>debuerim</strong></span> <span class='ocrx_word' id='word_1_763' title='bbox 2484 4664 2500 4690; x_wconf 95' lang='lat'><strong>,</strong></span> <span class='ocrx_word' id='word_1_764' title='bbox 2530 4630 2588 4676; x_wconf 92' lang='lat' dir='ltr'><strong>tu</strong></span> <span class='ocrx_word' id='word_1_765' title='bbox 2613 4620 2810 4675; x_wconf 89' lang='lat' dir='ltr'><strong>videris</strong></span> <span class='ocrx_word' id='word_1_766' title='bbox 2836 4639 2847 4674; x_wconf 93' lang='lat'>:</span> <span class='ocrx_word' id='word_1_767' title='bbox 2881 4634 2981 4689; x_wconf 80' lang='lat' dir='ltr'><strong>ego</strong></span> <span class='ocrx_word' id='word_1_768' title='bbox 3007 4622 3215 4676; x_wconf 90' lang='lat' dir='ltr'><strong>nescire</strong></span> <span class='ocrx_word' id='word_1_769' title='bbox 3244 4638 3332 4677; x_wconf 91' lang='lat' dir='ltr'><strong>me</strong></span> <span class='ocrx_word' id='word_1_770' title='bbox 3358 4621 3549 4687; x_wconf 90' lang='lat' dir='ltr'><strong>fateor,</strong></span> 
     </span>
    </p>
   </div>
   <div class='ocr_carea' id='block_1_113' title="bbox 1981 4711 3547 4783">
    <p class='ocr_par' dir='ltr' id='par_1_113' title="bbox 1981 4711 3547 4783">
     <span class='ocr_line' id='line_1_114' title="bbox 1981 4711 3547 4783; baseline -0.002 -15"><span class='ocrx_word' id='word_1_771' title='bbox 1981 4714 2107 4783; x_wconf 90' lang='lat' dir='ltr'><strong>quia</strong></span> <span class='ocrx_word' id='word_1_772' title='bbox 2134 4714 2237 4769; x_wconf 90' lang='lat' dir='ltr'><strong>hoc</strong></span> <span class='ocrx_word' id='word_1_773' title='bbox 2259 4713 2407 4768; x_wconf 91' lang='lat' dir='ltr'><strong>verbi</strong></span> <span class='ocrx_word' id='word_1_774' title='bbox 2440 4726 2605 4780; x_wconf 89' lang='lat' dir='ltr'><strong>genus</strong></span> <span class='ocrx_word' id='word_1_775' title='bbox 2632 4726 2731 4767; x_wconf 90' lang='lat' dir='ltr'><strong>nec</strong></span> <span class='ocrx_word' id='word_1_776' title='bbox 2757 4711 2947 4780; x_wconf 83' lang='lat' dir='ltr'><strong>legisse</strong></span> <span class='ocrx_word' id='word_1_777' title='bbox 2973 4712 3303 4767; x_wconf 89' lang='lat' dir='ltr'><strong>reminiscor.</strong></span> <span class='ocrx_word' id='word_1_778' title='bbox 3354 4712 3547 4766; x_wconf 78' lang='lat' dir='ltr'><strong>Verum</strong></span> 
     </span>
    </p>
   </div>
   <div class='ocr_carea' id='block_1_114' title="bbox 1982 4803 3548 4874">
    <p class='ocr_par' dir='ltr' id='par_1_114' title="bbox 1982 4803 3548 4874">
     <span class='ocr_line' id='line_1_115' title="bbox 1982 4803 3548 4874; baseline -0.002 -14"><span class='ocrx_word' id='word_1_779' title='bbox 1982 4807 2123 4862; x_wconf 92' lang='lat' dir='ltr'><strong>hanc</strong></span> <span class='ocrx_word' id='word_1_780' title='bbox 2148 4818 2363 4874; x_wconf 90' lang='lat' dir='ltr'><strong>quoque</strong></span> <span class='ocrx_word' id='word_1_781' title='bbox 2390 4804 2749 4872; x_wconf 86' lang='lat' dir='ltr'><strong>basilicuiam,</strong></span> <span class='ocrx_word' id='word_1_782' title='bbox 2778 4804 2847 4860; x_wconf 91' lang='lat' dir='ltr'><strong>de</strong></span> <span class='ocrx_word' id='word_1_783' title='bbox 2871 4803 3166 4859; x_wconf 90' lang='lat' dir='ltr'><strong>benedictis</strong></span> <span class='ocrx_word' id='word_1_784' title='bbox 3185 4805 3548 4874; x_wconf 90' lang='lat' dir='ltr'><strong>apostolorum</strong></span> 
     </span>
    </p>
   </div>
   <div class='ocr_carea' id='block_1_115' title="bbox 1982 4894 3547 4968">
    <p class='ocr_par' dir='ltr' id='par_1_115' title="bbox 1982 4894 3547 4968">
     <span class='ocr_line' id='line_1_116' title="bbox 1982 4894 3547 4968; baseline -0.001 -17"><span class='ocrx_word' id='word_1_785' title='bbox 1982 4906 2037 4952; x_wconf 90' lang='lat' dir='ltr'><strong>et</strong></span> <span class='ocrx_word' id='word_1_786' title='bbox 2057 4906 2350 4968; x_wconf 80' lang='lat' dir='ltr'><strong>martyrum</strong></span> <span class='ocrx_word' id='word_1_787' title='bbox 2379 4896 2619 4966; x_wconf 88' lang='lat' dir='ltr'><strong>reliquiis</strong></span> <span class='ocrx_word' id='word_1_788' title='bbox 2646 4896 2783 4951; x_wconf 89' lang='lat' dir='ltr'><strong>sacri</strong></span> <span class='ocrx_word' id='word_1_789' title='bbox 2804 4896 3011 4950; x_wconf 89' lang='lat' dir='ltr'><strong>cineres</strong></span> <span class='ocrx_word' id='word_1_790' title='bbox 3029 4936 3044 4961; x_wconf 87' lang='lat'><strong>,</strong></span> <span class='ocrx_word' id='word_1_791' title='bbox 3074 4895 3125 4949; x_wconf 91' lang='lat' dir='ltr'><strong>in</strong></span> <span class='ocrx_word' id='word_1_792' title='bbox 3151 4896 3365 4950; x_wconf 92' lang='lat' dir='ltr'><strong>nomine</strong></span> <span class='ocrx_word' id='word_1_793' title='bbox 3396 4894 3547 4951; x_wconf 86' lang='lat' dir='ltr'><strong>Chri-</strong></span> 
     </span>
    </p>
   </div>
   <div class='ocr_carea' id='block_1_116' title="bbox 1981 4983 3547 5056">
    <p class='ocr_par' dir='ltr' id='par_1_116' title="bbox 1981 4983 3547 5056">
     <span class='ocr_line' id='line_1_117' title="bbox 1981 4983 3547 5056; baseline -0.002 -16"><span class='ocrx_word' id='word_1_794' title='bbox 1981 4987 2050 5041; x_wconf 91' lang='lat' dir='ltr'><strong>sti</strong></span> <span class='ocrx_word' id='word_1_795' title='bbox 2087 4994 2393 5041; x_wconf 89' lang='lat' dir='ltr'><strong>sanctorum</strong></span> <span class='ocrx_word' id='word_1_796' title='bbox 2422 4985 2631 5054; x_wconf 87' lang='lat' dir='ltr'><strong>Sancti,</strong></span> <span class='ocrx_word' id='word_1_797' title='bbox 2663 4993 2718 5040; x_wconf 89' lang='lat' dir='ltr'><strong>et</strong></span> <span class='ocrx_word' id='word_1_798' title='bbox 2746 4994 3041 5056; x_wconf 81' lang='lat' dir='ltr'><strong>martyrum</strong></span> <span class='ocrx_word' id='word_1_799' title='bbox 3071 4983 3339 5056; x_wconf 84' lang='lat' dir='ltr'><strong>Martyris,</strong></span> <span class='ocrx_word' id='word_1_800' title='bbox 3370 4993 3423 5039; x_wconf 91' lang='lat' dir='ltr'><strong>et</strong></span> <span class='ocrx_word' id='word_1_801' title='bbox 3449 4985 3547 5039; x_wconf 86' lang='lat' dir='ltr'><strong>do-</strong></span> 
     </span>
    </p>
   </div>
   <div class='ocr_carea' id='block_1_117' title="bbox 1981 5073 3547 5144">
    <p class='ocr_par' dir='ltr' id='par_1_117' title="bbox 1981 5073 3547 5144">
     <span class='ocr_line' id='line_1_118' title="bbox 1981 5073 3547 5144; baseline -0.003 -13"><span class='ocrx_word' id='word_1_802' title='bbox 1981 5078 2247 5132; x_wconf 86' lang='lat' dir='ltr'><strong>minorum</strong></span> <span class='ocrx_word' id='word_1_803' title='bbox 2276 5075 2509 5140; x_wconf 76' lang='lat' dir='ltr'><strong>Domini,</strong></span> <span class='ocrx_word' id='word_1_804' title='bbox 2543 5074 2954 5130; x_wconf 75' lang='lat' dir='ltr'><strong>consecrabant.</strong></span> <span class='ocrx_word' id='word_1_805' title='bbox 3007 5073 3127 5144; x_wconf 89' lang='lat' dir='ltr'><strong>ipse</strong></span> <span class='ocrx_word' id='word_1_806' title='bbox 3155 5076 3297 5129; x_wconf 90' lang='lat' dir='ltr'><strong>enim</strong></span> <span class='ocrx_word' id='word_1_807' title='bbox 3326 5081 3547 5130; x_wconf 88' lang='lat' dir='ltr'><strong>testatus</strong></span> 
     </span>
    </p>
   </div>
   <div class='ocr_carea' id='block_1_118' title="bbox 1977 5163 3545 5224">
    <p class='ocr_par' dir='ltr' id='par_1_118' title="bbox 1977 5163 3545 5224">
     <span class='ocr_line' id='line_1_119' title="bbox 1977 5163 3545 5224; baseline -0.004 0"><span class='ocrx_word' id='word_1_808' title='bbox 1977 5177 2061 5224; x_wconf 90' lang='lat' dir='ltr'><strong>est</strong></span> <span class='ocrx_word' id='word_1_809' title='bbox 2084 5182 2143 5223; x_wconf 91' lang='lat' dir='ltr'><strong>se</strong></span> <span class='ocrx_word' id='word_1_810' title='bbox 2165 5167 2395 5222; x_wconf 82' lang='lat' dir='ltr'><strong>vicissim</strong></span> <span class='ocrx_word' id='word_1_811' title='bbox 2420 5166 2790 5222; x_wconf 92' lang='lat' dir='ltr'><strong>confessorum</strong></span> <span class='ocrx_word' id='word_1_812' title='bbox 2819 5181 3037 5221; x_wconf 90' lang='lat' dir='ltr'><strong>suorum</strong></span> <span class='ocrx_word' id='word_1_813' title='bbox 3063 5166 3436 5221; x_wconf 89' lang='lat' dir='ltr'><strong>Confessorem</strong></span> <span class='ocrx_word' id='word_1_814' title='bbox 3466 5163 3545 5218; x_wconf 84' lang='lat' dir='ltr'><strong>fu-</strong></span> 
     </span>
    </p>
   </div>
   <div class='ocr_carea' id='block_1_119' title="bbox 1978 5254 3543 5327">
    <p class='ocr_par' dir='ltr' id='par_1_119' title="bbox 1978 5254 3543 5327">
     <span class='ocr_line' id='line_1_120' title="bbox 1978 5254 3543 5327; baseline -0.004 -14"><span class='ocrx_word' id='word_1_815' title='bbox 1978 5268 2178 5313; x_wconf 90' lang='lat' dir='ltr'><strong>turum.</strong></span> <span class='ocrx_word' id='word_1_816' title='bbox 2230 5257 2357 5313; x_wconf 84' lang='lat' dir='ltr'><strong>ideo</strong></span> <span class='ocrx_word' id='word_1_817' title='bbox 2393 5272 2555 5327; x_wconf 90' lang='lat' dir='ltr'><strong>super</strong></span> <span class='ocrx_word' id='word_1_818' title='bbox 2585 5257 2664 5327; x_wconf 67' lang='grc' dir='ltr'><strong>(Α)</strong></span> <span class='ocrx_word' id='word_1_819' title='bbox 2706 5257 2807 5311; x_wconf 84' lang='lat' dir='ltr'><strong>liae</strong></span> <span class='ocrx_word' id='word_1_820' title='bbox 2834 5265 3055 5327; x_wconf 90' lang='lat' dir='ltr'><strong>propter</strong></span> <span class='ocrx_word' id='word_1_821' title='bbox 3083 5257 3339 5327; x_wconf 89' lang='lat' dir='ltr'><strong>picturam</strong></span> <span class='ocrx_word' id='word_1_822' title='bbox 3368 5254 3543 5324; x_wconf 82' lang='lat' dir='ltr'><strong>&#39;gratia</strong></span> 
     </span>
    </p>
   </div>
   <div class='ocr_carea' id='block_1_120' title="bbox 1977 5346 3046 5420">
    <p class='ocr_par' dir='ltr' id='par_1_120' title="bbox 1977 5346 3046 5420">
     <span class='ocr_line' id='line_1_121' title="bbox 1977 5346 3046 5420; baseline -0.006 -15"><span class='ocrx_word' id='word_1_823' title='bbox 1977 5350 2278 5420; x_wconf 83' lang='lat' dir='ltr'><strong>geminatus</strong></span> <span class='ocrx_word' id='word_1_824' title='bbox 2297 5355 2381 5403; x_wconf 90' lang='lat' dir='ltr'><strong>est</strong></span> <span class='ocrx_word' id='word_1_825' title='bbox 2411 5347 2598 5403; x_wconf 87' lang='lat' dir='ltr'><strong>titulus</strong></span> <span class='ocrx_word' id='word_1_826' title='bbox 2629 5347 2723 5417; x_wconf 86' lang='lat' dir='ltr'><strong>(V.</strong></span> <span class='ocrx_word' id='word_1_827' title='bbox 2757 5355 2869 5402; x_wconf 91' lang='lat' dir='ltr'><strong>not.</strong></span> <span class='ocrx_word' id='word_1_828' title='bbox 2902 5346 3046 5417; x_wconf 77' lang='grc'>175).</span> 
     </span>
    </p>
   </div>
   <div class='ocr_carea' id='block_1_121' title="bbox 1992 5481 3139 5542">
    <p class='ocr_par' dir='ltr' id='par_1_121' title="bbox 1992 5481 3139 5542">
     <span class='ocr_line' id='line_1_122' title="bbox 1992 5481 3139 5542; baseline -0.002 -2"><span class='ocrx_word' id='word_1_829' title='bbox 1992 5489 2016 5515; x_wconf 71' lang='grc' dir='ltr'>ε</span> <span class='ocrx_word' id='word_1_830' title='bbox 2047 5484 2167 5540; x_wconf 84' lang='grc' dir='ltr'>Νοι.</span> <span class='ocrx_word' id='word_1_831' title='bbox 2202 5484 2321 5539; x_wconf 73' lang='grc'>167.</span> <span class='ocrx_word' id='word_1_832' title='bbox 2405 5481 2423 5521; x_wconf 69' lang='grc' dir='ltr'><strong>ί</strong></span> <span class='ocrx_word' id='word_1_833' title='bbox 2450 5483 2572 5539; x_wconf 78' lang='lat' dir='ltr'><strong>Not.</strong></span> <span class='ocrx_word' id='word_1_834' title='bbox 2607 5485 2725 5540; x_wconf 80' lang='grc'>171.</span> <span class='ocrx_word' id='word_1_835' title='bbox 2804 5495 2830 5531; x_wconf 78' lang='grc' dir='ltr'><strong>ιε</strong></span> <span class='ocrx_word' id='word_1_836' title='bbox 2860 5486 2984 5542; x_wconf 86' lang='lat' dir='ltr'><strong>Not.</strong></span> <span class='ocrx_word' id='word_1_837' title='bbox 3019 5486 3139 5539; x_wconf 72' lang='lat'><strong>172.</strong></span> 
     </span>
    </p>
   </div>
   <div class='ocr_carea' id='block_1_122' title="bbox 1975 5616 3542 5689">
    <p class='ocr_par' dir='ltr' id='par_1_122' title="bbox 1975 5616 3542 5689">
     <span class='ocr_line' id='line_1_123' title="bbox 1975 5616 3542 5689; baseline 0.002 -18"><span class='ocrx_word' id='word_1_838' title='bbox 1975 5620 2223 5689; x_wconf 85' lang='lat' dir='ltr'><strong>omnibus</strong></span> <span class='ocrx_word' id='word_1_839' title='bbox 2268 5618 2578 5685; x_wconf 88' lang='lat' dir='ltr'><strong>codicibus;</strong></span> <span class='ocrx_word' id='word_1_840' title='bbox 2648 5620 2789 5689; x_wconf 90' lang='lat' dir='ltr'><strong>quod</strong></span> <span class='ocrx_word' id='word_1_841' title='bbox 2836 5631 2892 5675; x_wconf 92' lang='lat' dir='ltr'><strong>et</strong></span> <span class='ocrx_word' id='word_1_842' title='bbox 2937 5636 3122 5673; x_wconf 83' lang='lat' dir='ltr'><strong>sensus</strong></span> <span class='ocrx_word' id='word_1_843' title='bbox 3169 5616 3441 5687; x_wconf 87' lang='lat' dir='ltr'><strong>postulat,</strong></span> <span class='ocrx_word' id='word_1_844' title='bbox 3483 5628 3542 5676; x_wconf 88' lang='lat' dir='ltr'><strong>et</strong></span> 
     </span>
    </p>
   </div>
   <div class='ocr_carea' id='block_1_123' title="bbox 1977 5688 3533 5758">
    <p class='ocr_par' dir='ltr' id='par_1_123' title="bbox 1977 5688 3533 5758">
     <span class='ocr_line' id='line_1_124' title="bbox 1977 5688 3533 5758; baseline 0.001 -15"><span class='ocrx_word' id='word_1_845' title='bbox 1977 5688 2299 5743; x_wconf 87' lang='lat' dir='ltr'><strong>coniirmant</strong></span> <span class='ocrx_word' id='word_1_846' title='bbox 2323 5705 2376 5741; x_wconf 85' lang='grc' dir='ltr'><strong>ιι.</strong></span> <span class='ocrx_word' id='word_1_847' title='bbox 2413 5688 2480 5742; x_wconf 69' lang='grc'>12</span> <span class='ocrx_word' id='word_1_848' title='bbox 2503 5690 2608 5745; x_wconf 88' lang='lat' dir='ltr'><strong>duo</strong></span> <span class='ocrx_word' id='word_1_849' title='bbox 2637 5688 2841 5758; x_wconf 86' lang='lat' dir='ltr'><strong>priores</strong></span> <span class='ocrx_word' id='word_1_850' title='bbox 2865 5704 3066 5744; x_wconf 85' lang='lat' dir='ltr'><strong>versus.</strong></span> <span class='ocrx_word' id='word_1_851' title='bbox 3092 5689 3227 5758; x_wconf 83' lang='lat' dir='ltr'><strong>Ante</strong></span> <span class='ocrx_word' id='word_1_852' title='bbox 3252 5695 3367 5740; x_wconf 88' lang='lat' dir='ltr'><strong>erat</strong></span> <span class='ocrx_word' id='word_1_853' title='bbox 3393 5706 3533 5758; x_wconf 79' lang='lat' dir='ltr'><strong>pars.</strong></span> 
     </span>
    </p>
   </div>
   <div class='ocr_carea' id='block_1_124' title="bbox 2050 5757 3535 5827">
    <p class='ocr_par' dir='ltr' id='par_1_124' title="bbox 2050 5757 3535 5827">
     <span class='ocr_line' id='line_1_125' title="bbox 2050 5757 3535 5827; baseline 0.005 -17"><span class='ocrx_word' id='word_1_854' title='bbox 2050 5759 2128 5826; x_wconf 79' lang='grc' dir='ltr'><strong>(ά)</strong></span> <span class='ocrx_word' id='word_1_855' title='bbox 2170 5758 2259 5812; x_wconf 89' lang='lat' dir='ltr'><strong>Sic</strong></span> <span class='ocrx_word' id='word_1_856' title='bbox 2299 5757 2698 5814; x_wconf 82' lang='lat' dir='ltr'><strong>emcndavimus</strong></span> <span class='ocrx_word' id='word_1_857' title='bbox 2741 5759 2891 5827; x_wconf 77' lang='lat' dir='ltr'><strong>juxta</strong></span> <span class='ocrx_word' id='word_1_858' title='bbox 2948 5774 3049 5813; x_wconf 85' lang='lat' dir='ltr'><strong>ius.</strong></span> <span class='ocrx_word' id='word_1_859' title='bbox 3099 5757 3339 5814; x_wconf 86' lang='lat' dir='ltr'><strong>codicem</strong></span> <span class='ocrx_word' id='word_1_860' title='bbox 3382 5757 3535 5817; x_wconf 83' lang='lat' dir='ltr'><strong>Vieu.</strong></span> 
     </span>
    </p>
   </div>
   <div class='ocr_carea' id='block_1_125' title="bbox 1976 5827 2340 5899">
    <p class='ocr_par' dir='ltr' id='par_1_125' title="bbox 1976 5827 2340 5899">
     <span class='ocr_line' id='line_1_126' title="bbox 1976 5827 2340 5899; baseline -0.008 -15"><span class='ocrx_word' id='word_1_861' title='bbox 1976 5827 2106 5891; x_wconf 82' lang='lat' dir='ltr'><strong>Alii,</strong></span> <span class='ocrx_word' id='word_1_862' title='bbox 2138 5838 2340 5899; x_wconf 75' lang='lat' dir='ltr'><strong>pra&#39;ter.</strong></span> 
     </span>
    </p>
   </div>
  </div>
