3966 6184
414 371 527 433 3⁸59

502 488 577 542 De
604 488 813 559 pictura
840 504 854 541 :

512 603 797 653 Sanctorum
824 601 960 650 labor
985 608 1037 650 et
1056 612 1249 649 merces
1272 601 1361 649 sibi
1388 601 1484 648 rite
1510 599 1554 631 δ’
1576 600 1840 659 cohaerent,

514 666 675 725 Ardua
699 678 837 723 crux,
859 663 1170 725 pretiumque
1190 664 1347 711 crucis
1368 660 1595 719 sublime,
1616 674 1810 711 corona.

516 724 625 783 ipse
650 727 799 781 Deus,
818 724 954 773 nobis
978 726 1202 785 princeps
1222 725 1380 772 crucis
1400 734 1549 785 atque
1569 736 1782 785 coronae,

513 785 647 837 Inter
676 788 873 836 tioriferi
900 785 1105 834 einleste
1132 798 1303 834 nemus
1336 785 1563 844 paradisi,

510 848 615 895 Sub
636 862 781 898 cruce
806 849 1075 907 sanguinea
1098 847 1239 909 niveo
1256 853 1350 896 stat
1375 846 1598 909 Christus
1621 847 1668 909 in
1692 857 1838 909 agno,

516 910 681 964 Agnus
706 919 759 958 ut
778 914 979 957 innocua
1007 909 1185 968 injuste
1207 907 1349 957 datus
1372 908 1527 956 hostia
1554 907 1711 956 letho.

491 971 648 1042 207
676 980 806 1027 Alite
831 979 856 1005 ⁸
880 978 1224 1042 qu_em_pla_cida
1243 985 1436 1042 sanctus
1453 976 1701 1036 perfundit
1720 976 1932 1025 hiantem

512 1038 740 1101 Spiritus,
764 1046 816 1089 et
840 1038 986 1101 rutila
1010 1039 1213 1101 Genitor
1230 1039 1296 1088 de
1316 1039 1447 1087 nube
1470 1043 1686 1087 coronat.

594 1105 705 1165 quia
726 1099 959 1172 praecelsa
982 1102 1116 1174 quasi
1141 1099 1298 1149 Judex
1324 1113 1445 1173 rupe
1463 1104 1727 1174 superstat,

512 1163 594 1211 Bis
612 1160 826 1223 geminae
847 1160 1045 1223 pecudis
1062 1163 1246 1210 discors
1268 1163 1404 1223 agnis
1424 1173 1580 1219 genus
1604 1160 1729 1223 hzedi

512 1222 828 1273 Circumstant
847 1222 1019 1272 Solium
1046 1223 1228 1271 :lzevos
1258 1222 1499 1271 avertitur
1524 1222 1689 1271 haedos

513 1285 701 1343 Pastor,
730 1293 781 1336 et
805 1286 1039 1336 emeritos
1057 1286 1231 1334 dextra
1254 1285 1587 1345 complectitur
1609 1296 1775 1344 agnos.

491 1388 568 1444 De
594 1390 836 1459 reliquiis
865 1390 910 1421 ⁸⁸
936 1396 951 1435 ε

512 1460 637 1509 Ecce
659 1466 752 1509 sub
776 1462 995 1509 accensis
1016 1460 1248 1509 altaribus
1270 1472 1375 1508 ossa
1408 1460 1593 1520 piorum
1624 1502 1636 1516 ,

572 1520 726 1581 Regia
747 1534 990 1583 purpureo
1007 1534 1247 1571 marmore
1269 1526 1426 1583 crasta
1452 1523 1593 1579 tegit.

510 1583 603 1632 Hic
626 1593 679 1632 et
702 1582 986 1643 apostolicas
1006 1591 1269 1643 praesentat
1294 1582 1445 1643 gratia
1465 1582 1595 1629 vires

581 1642 827 1705 Magnisin
839 1659 981 1705 parvo
1006 1642 1207 1705 pulvere
1233 1644 1529 1705 pignoribus.

509 1704 599 1754 Hic
620 1715 755 1767 pater
772 1704 1019 1767 Andreas,
1041 1715 1091 1755 et
1115 1704 1289 1767 magno
1308 1706 1501 1767 nomine
1526 1704 1695 1759 Lucas,

570 1765 745 1830 martyr
771 1765 797 1802 δ
822 1765 1097 1830 animus
1118 1765 1358 1830 sanguine
1376 1765 1633 1830 Nazarius;

508 1823 739 1889 Quosque
760 1841 851 1877 suo
874 1829 1009 1876 Deus
1037 1823 1289 1885 Ambrosro
1310 1834 1417 1889 post
1439 1826 1580 1888 longa
1607 1823 1796 1873 revelat

568 1887 769 1948 Sec‘ula,
794 1890 1061 1939 Protasium
1082 1903 1190 1938 cum
1216 1901 1330 1948 pare
1354 1887 1599 1937 Gervasio.

505 1948 602 2012 llic
620 1947 761 1998 simul
787 1951 830 1982 ⁸9
853 1964 944 1999 una
973 1954 1103 2012 pium
1126 1949 1460 2009 complectitur
1479 1947 1641 1997 arcula
1660 1957 1837 1996 emtum
1869 1960 1880 1993 :

564 2011 627 2061 Et
646 2016 773 2075 capit
792 2011 983 2073 exiguo
999 2014 1193 2061 nomina
1214 2019 1347 2060 tanta
1374 2013 1499 2058 sinu.

484 2112 573 2168 i8.
614 2112 738 2170 Hcce
767 2115 980 2169 interim
1005 2155 1021 2180 ,
1070 2116 1143 2169 mi
1186 2114 1387 2181 frater,
1437 2122 1491 2167 et
1538 2114 1641 2167 alia
1683 2111 1991 2181 huiusmodi

415 2218 580 2272 opera
607 2205 835 2260 visibilia
857 2206 902 2237 '°
922 2205 991 2259 de
1012 2206 1241 2259 terrenis
1271 2206 1325 2259 in
1355 2214 1494 2259 terra
1521 2204 1706 2257 labore
1733 2204 1778 2236 ⁸³
1809 2202 1993 2256 molie-

414 2308 529 2348 ram
560 2296 605 2325 ι’
631 2312 643 2347 :
676 2296 767 2349 sed
790 2294 1083 2349 benedictus
1111 2293 1363 2348 Dominus
1384 2295 1466 2347 die
1492 2294 1735 2365 quotidie,
1758 2294 1842 2365 qui
1865 2294 1991 2364 facit

415 2386 675 2439 mirabilia
715 2388 857 2440 solus
889 2398 910 2425 ο
939 2404 951 2438 :
997 2388 1134 2441 sicut
1159 2390 1404 2440 convertit
1432 2396 1628 2455 petram
1657 2388 1725 2439 .in
1754 2394 1991 2457 stagnum

414 2494 595 2546 aqum,
622 2478 701 2533 sic
728 2488 783 2533 et
808 2488 1019 2534 terrena
1048 2480 1355 2535 cmlestibus
1380 2486 1588 2541 mutat;
1639 2487 1693 2533 et
1721 2479 1859 2533 hanc
1888 2493 1989 2533 no-

414 2568 619 2623 biscum
642 2610 659 2636 ,
699 2585 1022 2639 quamquam
1051 2570 1119 2624 de
1162 2569 1271 2623 suis
1298 2578 1353 2624 et
1376 2570 1464 2623 hic
1488 2580 1543 2624 et
1572 2570 1645 2623 ibi
1674 2570 1833 2623 rebus
1864 2585 1988 2639 per-

413 2662 767 2715 mutationem
810 2661 991 2716 iaccre
1043 2663 1323 2727 dignatur;
1371 2670 1429 2716 ut
1476 2677 1593 2731 quae
1640 2664 1993 2732 corporaliter

413 2751 692 2805 molieram
713 2752 766 2805 in
799 2753 956 2805 terris
978 2793 991 2813 ,
1032 2752 1260 2806 latenter
1286 2753 1337 2806 in
1369 2752 1519 2808 caelis
1545 2767 1640 2821 per
1668 2753 1839 2822 ipsum
1862 2753 1991 2807 aedi-

411 2842 674 2907 ﬁcentur;
726 2850 854 2895 tunc
878 2842 1161 2897 revelanda
1190 2843 1377 2908 nobis,
1423 2859 1546 2897 cum
1574 2844 1755 2913 specie
1790 2844 1883 2913 (an
1911 2841 1990 2896 fa—

410 2932 548 3004 cie?)
575 2933 869 2987 videbimus
892 2932 917 2969 α
943 2972 957 2998 ,
1002 2949 1119 3003 qua:
1148 2949 1289 2989 nunc
1317 2949 1415 3003 per
1442 2933 1601 2987 ﬁdem
1624 2934 1986 3003 providemus.

410 3020 598 3091 Itaque
641 3023 730 3079 hic
774 3023 1103 3079 seminamus
1127 3063 1141 3087 ,
1192 3035 1246 3080 et
1293 3025 1365 3080 ibi
1397 3026 1474 3095 (a)
1504 3028 1756 3079 metimus
1783 3035 1846 3077 ες
1902 3024 1988 3078 hic

409 3116 731 3186 spargimus,
762 3125 816 3170 et
844 3117 916 3170 ibi
940 3130 1368 3185 eongregamus:
1421 3116 1507 3170 hic
1537 3116 1797 3179 vivimus,
1840 3122 1895 3168 et
1917 3115 1988 3167 ibi

1725 374 1992 430 PAULINI
2030 373 2278 430 NOLANI
2320 371 2623 429 EPlSCUPI

2021 497 2070 554 Α
2100 457 2171 543 illi
2200 490 2376 559 potius
2403 504 2563 557 quam
2593 487 2747 542 nobis
2775 486 3051 556 profutura
3074 485 3353 541 faciamus.
3405 484 3451 540 Ο
3492 488 3671 543 miseri

3571 366 3672 424 340

2100 581 2344 634 homines
2369 582 2381 632 !
2410 580 2589 647 largiri
2621 594 2719 633 nos
2748 578 2947 647 aliquid
2974 578 3241 633 credimus
3266 596 3279 630 :
3312 578 3671 647 negotiamur,

2095 679 2151 726 et
2168 672 2414 726 liberales
2437 672 2713 736 habemur,
2735 671 2825 741 qui
2840 671 3134 725 avarissimi
3152 686 3269 726 esse
3284 671 3669 737 convincimur;
3700 706 3703 709 λ

2095 769 2151 816 et
2187 762 2400 830 quidem
2430 769 2582 817 tanto
2631 762 2901 816 avariores
2941 762 3299 832 cupidissimis
3333 771 3489 817 terra:
3529 762 3673 817 fene-

2094 854 2361 907 ratoribus
2386 892 2401 917 ,
2443 861 2645 922 quanto
2685 851 2913 921 amplius
2937 860 3019 907 est
3045 852 3285 908 coelestia
3317 852 3383 907 de
3422 854 3671 923 terrenis,

2094 954 2150 999 et
2171 947 2327 1000 beata
2349 946 2416 1000 de
2438 945 2650 999 miseris
2669 945 2956 1011 egenisque
2980 946 3141 999 rebus
3160 958 3362 1009 emere;
3380 959 3541 1014 quam
3560 952 3666 999 ter-

2094 1052 2221 1092 rena
2249 1038 2474 1092 terrenis
2494 1045 2549 1091 et
2569 1038 2868 1093 labentibus
2889 1036 3103 1105 lapsura
3123 1037 3351 1091 mercari
3369 1080 3384 1104 ,
3407 1046 3462 1091 et
3486 1036 3665 1092 Domi-

2094 1144 2393 1197 numquam
2409 1128 2679 1184 hominem
2704 1128 2948 1183 lenerare
2961 1129 3005 1159 ⁸⁸
3022 1129 3039 1199 (
3054 1128 3116 1183 γ.
3133 1128 3364 1196 not.70).
3382 1128 3677 1182 Damnatur

2095 1220 2149 1273 in
2181 1221 2296 1288 lege
2325 1221 2411 1291 qui
2442 1223 2710 1289 pecuniam
2740 1238 2887 1273 suam
2924 1220 3123 1274 dederit
3141 1222 3210 1273 ad
3231 1237 3463 1281 usuram,
3489 1229 3666 1274 etma-

2095 1329 2218 1367 nera
2239 1330 2389 1382 super
2404 1310 2702 1369 innocentes
2724 1314 2974 1383 acceperit
2994 1314 3006 1363 i
3034 1330 3046 1365 :
3072 1327 3201 1367 ecce
3214 1311 3486 1379 Evangelii
3502 1314 3672 1379 gratia

2094 1404 2327 1459 ostendit
2358 1405 2512 1461 nobis
2551 1405 2821 1474 quomodo
2846 1405 3035 1460 eadem
3064 1405 3285 1460 crimina
3317 1404 3384 1458 ad
3411 1405 3671 1459 innocen-

2096 1496 2222 1549 tiam
2252 1498 2697 1566 sanctitatemque
2731 1504 3041 1561 mutentur;
3075 1514 3172 1552 ncc
3195 1512 3389 1568 meIB,
3413 1499 3509 1551 sed
3537 1512 3673 1567 pra:-

2093 1586 2188 1640 mii
2209 1587 2491 1641 retributio
2512 1596 2871 1657 consequatur
2890 1631 2905 1655 ,
2929 1589 2973 1642 si
2998 1596 3202 1642 tantum
3226 1590 3275 1641 in
3300 1597 3565 1657 praecepta
3592 1588 3673 1643 di-

2093 1678 2214 1731 vina
2238 1678 2484 1733 salutaris
2507 1679 2795 1748 cupiditate
2819 1677 2936 1732 ﬁdei
2955 1687 3354 1734 convertantur.
3378 1678 3451 1733 Da
3474 1680 3539 1733 ad
3556 1694 3672 1733 usu-

2092 1782 2202 1819 ram
2223 1768 2476 1836 pecunias
2496 1776 2635 1833 tuas,
2652 1768 2745 1823 sed
2759 1767 2988 1833 Christo;
3011 1779 3065 1823 et
3079 1770 3327 1824 salutaris
3347 1786 3505 1824 usura
3525 1779 3609 1825 est
3623 1770 3667 1825 κ.

2034 1856 2074 1913 Β
2171 1858 2260 1913 20.
2292 1859 2424 1913 Item
2452 1861 2503 1913 in
2533 1860 2715 1914 seculo
2741 1861 2983 1930 corrupti
3008 1862 3316 1914 muneribus
3345 1876 3559 1915 reorum
3582 1862 3669 1929 ju-

2095 1947 2239 2003 diees
2266 1948 2690 2005 condemnamur
2722 1948 2740 1988 1
2773 1968 2785 2003 :
2835 1951 2928 2006 sed
2957 1953 3194 2020 quisquis
3237 1953 3397 2007 homo
3424 1968 3670 2022 przeven-

2092 2044 2178 2091 tus
2227 2039 2279 2091 in
2329 2040 2509 2109 aliquo
2564 2049 2828 2109 peccato,
2884 2040 3131 2097 dilﬁdens
3179 2044 3499 2098 innocentia:
3549 2052 3669 2108 tute,

2092 2127 2250 2183 aﬂ'ers
2272 2130 2314 2161 '9
2340 2130 2568 2199 pretium
2599 2132 2786 2185 salutis
2817 2140 2918 2185 tua:
2939 2131 3112 2187 Judici
3144 2142 3327 2187 nostro
3345 2174 3359 2199 ,
3390 2149 3457 2189 ne
3482 2150 3671 2190 verea-

2088 2217 2163 2272 ris
2189 2222 2341 2288 quasi
2368 2221 2729 2289 corruptionis
2775 2222 3024 2289 injuriam
3065 2222 3285 2293 justitia:
3329 2225 3425 2279 Dei
3474 2224 3669 2280 facere.

2092 2309 2298 2381 Accipit
2342 2326 2372 2364 a
2423 2320 2475 2366 te
2520 2312 2763 2366 Christus
2809 2313 2979 2367 libens
3019 2315 3207 2369 salutis
3265 2324 3371 2369 tute
3416 2316 3667 2385 pretium,

2090 2402 2215 2472 quia
2264 2403 2453 2457 mavult
2509 2405 2553 2435 ⁶⁰
2597 2406 3006 2459 misericordiam
3054 2424 3205 2479 quam
3248 2409 3562 2478 sacriﬁcium
3606 2417 3663 2463 π’.

2089 2492 2195 2550 Sed
2221 2496 2445 2551 forsitan
2473 2497 2668 2565 qureris
2693 2538 2707 2563 ,
2740 2498 2830 2552 ubi
2858 2498 3008 2553 illum
3034 2499 3276 2556 invenies
3293 2541 3307 2565 ,
3344 2510 3399 2556 et
3422 2516 3525 2571 qua
3547 2518 3668 2557 cor-

2088 2602 2307 2658 rumpas
2334 2591 2375 2622 ⁶¹
2410 2592 2497 2644 via
2527 2607 2685 2661 quem
2714 2608 2821 2646 non
2851 2592 3021 2647 vides.
3076 2592 3243 2665 Surge
3264 2635 3277 2658 ,
3320 2594 3493 2662 inquit
3518 2635 3535 2659 ,
3584 2593 3667 2665 qui

2090 2681 2313 2748 dormis,
2340 2690 2389 2735 et
2418 2681 2491 2753 (ὑ)
2517 2683 2656 2753 erige
2679 2691 2724 2736 te
2752 2699 2783 2735 a
2811 2682 3026 2736 mortuis
3046 2723 3061 2744 ,
3108 2692 3157 2737 et
3184 2684 3405 2754 attinge;
3436 2684 3482 2716 ⁶²
3527 2682 3667 2737 Chri-

2088 2781 2223 2826 stum
2252 2783 2276 2808 ιι
2305 2792 2317 2826 :
2351 2774 2456 2829 hoc
2484 2781 2567 2829 est
2591 2816 2605 2840 ,
2656 2773 2863 2830 discute
2889 2774 3120 2829 carnalis
3146 2775 3353 2829 inertia:
3395 2790 3661 2840 somnum,

2088 2872 2144 2918 et
2167 2864 2475 2935 depressam
2506 2864 2834 2932 cogitatione
2866 2873 3079 2919 terrena
3108 2874 3344 2920 mentem
3368 2881 3399 2919 ιι
3441 2866 3665 2919 mortuis

2087 2959 2246 3020 curis,
2278 2956 2380 3012 hoc
2406 2966 2488 3013 est
2508 2958 2919 3012 conversatione
2940 2958 3177 3023 carnali,
3209 2959 3385 3028 erige,
3413 2958 3664 3013 attollens

2085 3063 2139 3104 et
2168 3051 2408 3131 dirigens
2448 3052 2498 3104 in
2528 3052 2818 3106 Dominum
2857 3054 3093 3108 animam
3133 3064 3309 3119 tuam,
3343 3066 3396 3110 et
3429 3059 3655 3128 attinge:

2085 3135 2368 3190 Christum.
2391 3138 2679 3206 Operando
2701 3140 2745 3170 ⁸³
2765 3141 3051 3209 praeceptis
3075 3140 3265 3209 ipsius,
3292 3143 3505 3197 videbis
3529 3159 3655 3198 eum

408 3221 789 3261 conversamur
812 3225 825 3259 ἒ
860 3208 947 3263 hic
979 3208 1327 3276 accingimur,
1362 3216 1417 3262 εί
1540 3208 1828 3261 militamus
1854 3224 1866 3259 ζ
2013 3232 2056 3291 C
2085 3218 2139 3271 in
2158 3220 2303 3272 οιηυί
2329 3235 2586 3289 Paupcre,
2613 3207 2801 3291 tanges
2823 3222 2868 3254 οδ
2888 3207 3013 3277 euq"
3296 3228 3443 3282 omni
3462 3244 3654 3298 egeno.

410 3311 728 3369 pugnamus,
760 3306 817 3351 et
845 3298 917 3351 ibi
943 3297 1205 3351 vincimus
1231 3313 1245 3362 ;
1276 3296 1361 3350 vel
1382 3296 1426 3349 si
1450 3296 1567 3350 istic
1589 3296 1847 3350 vincimus
1866 3336 1880 3360 ,
1915 3295 1985 3347 ibi

410 3403 753 3445 coronamur.
794 3388 872 3442 Ita
898 3388 1041 3458 quod
1080 3388 1201 3444 istic
1228 3403 1390 3442 manu
1416 3388 1670 3441 struimus
1690 3426 1708 3452 ,
1748 3387 1856 3441 illic
1884 3386 1987 3440 ﬁde

410 3477 707 3536 condimus.
750 3478 817 3533 Et
840 3480 1030 3534 harum
1060 3480 1213 3537 nobis
1241 3479 1482 3550 quamvis
1513 3478 1842 3533 terrestrium
1868 3478 1988 3531 (rdi-

412 3571 591 3630 ﬁcatio
618 3572 939 3629 fabricarum
969 3572 1013 3627 si
1035 3579 1163 3626 voto
1193 3579 1250 3626 et
1276 3570 1453 3625 studio
1476 3570 1704 3640 spiritali
1726 3577 1982 3630 struatur,

411 3663 568 3719 beata
607 3664 904 3719 cmlestium
934 3672 1016 3719 est
1041 3662 1363 3732 praaparatio
1402 3662 1741 3715 mansionum
1779 3658 1820 3713 τ.
1864 3659 1987 3714 llaec

409 3755 552 3810 enim
578 3752 903 3810 aediﬁcantes
934 3755 985 3809 in
1016 3753 1245 3809 Domino
1276 3770 1343 3809 ex
1370 3754 1567 3822 adeptu
1597 3752 1641 3784 ⁸⁸
1674 3750 1825 3817 ﬁdei,
1857 3753 1986 3806 :cdi-

410 3844 633 3901 ﬁcamur
660 3846 759 3917 ipsi
797 3863 827 3900 a
857 3845 1085 3899 Domino
1113 3860 1211 3914 per
1237 3844 1475 3914 ejusdem
1510 3842 1630 3897 ﬁdei
1661 3842 1979 3913 profectum.

409 3937 541 3993 Nam
569 3946 625 3992 et
657 3939 1000 4008 evangelicus
1038 3937 1126 3991 ille
1161 3938 1404 3991 centurio
1440 3946 1465 3984 ε
1496 3936 1800 4006 exemplum
1830 3935 1985 3990 nobis

408 4036 491 4085 est
512 4028 580 4084 ad
600 4044 750 4099 spem
781 4039 983 4085 certam
1003 4031 1264 4083 mercedis
1292 4037 1524 4093 πίει-ηερ,
1557 4028 1713 4096 hujus
1734 4028 1983 4096 speciali-

407 4128 491 4175 ter
512 4122 691 4190 operis
720 4119 890 4191 gratia
930 4118 1291 4187 recipiendaa;
1349 4118 1440 4187 qui
1478 4118 1543 4171 ad
1571 4119 1981 4186 promerendam

409 4212 499 4267 ﬁlii
530 4214 814 4267 sanitatem
841 4253 855 4276 ,
907 4219 963 4265 et
988 4213 1160 4281 ipsum
1191 4210 1475 4265 Dominum
1512 4207 1693 4263 Iesum
1725 4209 1848 4264 ﬁdei
1876 4226 1983 4264 suae

406 4301 807 4372 praedicatorem
829 4299 1132 4354 habendum
1161 4315 1226 4355 eo
1250 4299 1585 4370 potissimum
1613 4299 1657 4331 ⁸³
1687 4301 1864 4355 meriti
1887 4317 1981 4355 va-

406 4392 523 4455 iuit,
562 4390 706 4460 quod
733 4391 886 4461 plebs
921 4389 1150 4454 Domini,
1195 4406 1313 4461 qum
1350 4399 1477 4444 tunc
1505 4389 1681 4445 adhuc
1711 4390 1764 4445 in
1790 4389 1984 4446 Judmis

408 4491 613 4538 tantum
641 4491 757 4537 erat
780 4520 794 4545 ,
841 4481 917 4536 illi
945 4480 1013 4537 de
1041 4480 1335 4553 Synagogze
1362 4480 1637 4537 aediﬁcata:
1675 4482 1981 4537 testimonio

405 4572 687 4644 suﬁ'ragata
712 4584 794 4630 est
822 4573 868 4628 ιι.

476 4688 562 4742 19.
581 4686 716 4753 Quid
737 4688 897 4756 igitur
913 4689 1093 4744 miseri
1120 4704 1260 4743 nunc
1283 4688 1608 4757 quiescimus
1627 4687 1916 4743 oscitantes
1936 4687 1980 4757 ί,

404 4786 462 4837 et
500 4780 653 4849 quasi
702 4795 808 4834 non
857 4781 1106 4836 conducti
1150 4780 1507 4847 mercenarii,
1550 4780 1603 4835 in
1653 4780 1980 4835 tumultuoso

404 4872 561 4941 hujus
588 4873 753 4927 seculi
785 4872 902 4926 foro
927 4888 1093 4927 vacua
1133 4888 1296 4926 manu
1324 4874 1573 4926 stamus?
1601 4873 1685 4927 vel
1709 4872 1753 4927 si
1772 4874 1980 4927 condu-

406 4967 509 5023 etis
538 4968 691 5022 nobis
713 4968 759 4998 ⁸⁸
787 4967 985 5022 debere
1012 4966 1679 5036 patremfamilias5°suum
1703 4966 1980 5021 denarium

404 5059 698 5126 cogitemus
723 5097 740 5122 ,
788 5066 847 5111 ut
884 5056 1084 5127 aliquid
1126 5058 1180 5112 in
1209 5058 1365 5113 vinea
1405 5058 1521 5127 ejus
1560 5073 1880 5127 operemur,
1927 5057 1978 5111 id

404 5151 568 5222 208
593 5150 764 5219 ipsum
788 5148 940 5217 quasi
970 5148 1263 5204 indebitnm
1291 5159 1610 5218 gratumque
1638 5150 1681 5182 δ’
1716 5158 1978 5217 praestan-

404 5248 486 5294 tes
505 5281 521 5304 ,
554 5240 822 5309 imputare
847 5240 1009 5293 etiam
1038 5239 1362 5293 meditamur
1388 5240 1613 5295 Domino
1640 5282 1655 5305 ,
1708 5252 1976 5307 tamquam

476 5344 499 5367 ε·
524 5331 646 5385 Not.
673 5330 795 5385 174.

404 5412 429 5440 ε
461 5402 635 5457 Galat.
665 5418 748 5461 vt,
796 5401 847 5455 8.
932 5401 1164 5456 r.lohan.
1207 5420 1327 5467 xiv,
1370 5406 1420 5456 2.

404 5470 529 5526 Lev.
558 5489 683 5529 xxv.
711 5471 819 5537 36;
886 5471 1040 5526 Deut.
1074 5489 1219 5535 xxiii,
1253 5474 1357 5538 l9;
1425 5472 1566 5528 Psal.
1602 5490 1705 5537 xiv,
1735 5472 1786 5527 5.

407 5560 507 5607 xw,
529 5543 617 5597 ~l9.
693 5554 730 5581 σι
757 5542 907 5597 Osca:
935 5560 1004 5608 vi,
1039 5542 1091 5607 6,
1119 5559 1226 5598 sec.
1262 5542 1431 5611 LXX;
1508 5543 1693 5598 Matth.
1728 5561 1801 5610 ix,
1834 5542 1918 5595 15.

397 5624 424 5665 «ι
460 5617 587 5670 Luc.
616 5629 722 5679 χιιι,
754 5611 805 5667 9.
885 5624 905 5650 ι
935 5612 1064 5668 Luc.
1096 5631 1200 5677 xvi,
1229 5614 1313 5668 l9.

471 5695 548 5765 (α)
586 5704 721 5758 Ante
746 5712 863 5758 erat
882 5715 1143 5758 metemus.
1168 5704 1567 5761 Corrcctionem
1593 5714 1828 5761 nostram
1851 5721 1977 5776 pro-

415 5769 546 5826 bant
568 5788 628 5845 ea
657 5788 776 5840 qua:
803 5788 1116 5845 sequuntur.

473 5846 544 5913 (ἐι)
580 5841 658 5898 ita
692 5860 791 5899 ius.
829 5841 957 5915 lteg.
994 5864 1114 5903 eum
1143 5847 1299 5904 editis
1337 5856 1581 5919 quatuor.
1637 5847 1773 5904 Vera
1816 5846 1973 5905 lectio

2085 3303 2316 3372 recipies
2360 3320 2483 3357 eum
2523 3303 2575 3357 in
2621 3308 2770 3359 omni
2807 3307 3021 3375 hospite
3054 3324 3068 3360 :
3102 3312 3357 3379 quoniam
3396 3313 3502 3366 sibi
3540 3313 3653 3368 ﬁeri

2085 3387 2202 3457 ipse
2253 3397 2483 3442 testatur
2526 3404 2647 3457 quae
2696 3390 2752 3443 in
2803 3392 2923 3461 ejus
2966 3395 3188 3449 nomine
3240 3398 3484 3451 minimis
3534 3401 3653 3470 ejus

2087 3471 2217 3524 ﬁant
2245 3480 2293 3528 ο.
2316 3471 2455 3527 Ecce
2484 3473 2645 3526 nobis
2681 3474 2791 3543 jam
2816 3484 3030 3531 constat
3056 3480 3330 3547 quomodo
3358 3481 3548 3545 videas
3577 3484 3659 3537 in-

2086 3554 2397 3621 visibilem,
2454 3565 2513 3610 et
2576 3556 3133 3626 inapprehensibilem
3201 3566 3658 3633 comprehcndas.

2088 3638 2231 3709 Ergo
2254 3654 2401 3693 nunc
2433 3640 2557 3693 istic
2581 3643 3044 3713 pauperemur(V.
3074 3662 3163 3715 ep.
3194 3648 3282 3710 40,
3308 3663 3461 3703 num.
3491 3650 3569 3720 7).
3602 3660 3662 3704 ut

2092 3734 2223 3779 tunc
2266 3723 2341 3777 ibi
2390 3722 2812 3792 locupletcmur.
2865 3728 3021 3783 Nunc
3068 3732 3362 3799 plorcmus,
3416 3740 3476 3786 ut
3533 3743 3663 3787 tunc

2093 3805 2449 3876 gaudeamus.
2497 3806 2653 3861 Nune
2699 3809 3027 3875 esuriamus,
3060 3822 3121 3866 ut
3161 3821 3289 3869 tunc
3325 3827 3661 3871 saturentur.

2095 3889 2269 3955 Omni,
2301 3893 2506 3960 inquit,
2544 3902 2772 3963 tempore
2807 3912 3062 3964 pauperes
3097 3899 3352 3951 vobiscum
3385 3900 3585 3953 [iubetis
3614 3911 3662 3953 Ρ.

2094 3976 2259 4030 Vides
2307 3977 2434 4045 quia
2486 3976 2635 4029 nulla
2686 3978 2845 4031 nobis
2898 3980 3116 4033 occasio
3166 3993 3253 4035 est
3291 3982 3667 4036 beneﬁcentia:

2098 4075 2353 4129 umquam
2382 4060 2871 4128 procrastinandae,
2909 4078 3062 4127 cum,
3108 4064 3153 4118 si
3197 4064 3447 4118 voluntas
3477 4074 3668 4120 nostra

2096 4168 2205 4205 non
2241 4150 2405 4212 absit,
2442 4164 2649 4219 pauper
2678 4148 2732 4202 in
2767 4156 3023 4217 promptu
3052 4148 3141 4201 sit.

2156 4233 2242 4287 21.
2294 4233 2707 4288 Commodemus
2733 4248 2864 4300 ergo
2904 4233 3077 4287 securi
3125 4247 3266 4285 nunc
3294 4244 3467 4298 egeno
3507 4232 3575 4296 °',
3606 4240 3666 4286 ct

2087 4323 2138 4376 in
2168 4323 2491 4392 pauperibus
2516 4322 2627 4377 suis
2654 4322 2887 4386 Christo,
2921 4330 2979 4375 ut
3005 4336 3069 4374 ex
3099 4321 3217 4391 ejus
3244 4321 3575 4375 abundatura
3607 4322 3662 4375 in

2085 4412 2270 4467 iisdem
2307 4412 2477 4481 gloria
2516 4412 2839 4480 participare
2872 4412 3156 4481 possimus.
3199 4410 3487 4481 Propterea
3516 4414 3663 4466 enim

2084 4502 2342 4557 Dominus
2366 4504 2478 4573 ipse
2506 4511 2820 4572 praemonet,
2844 4502 3027 4557 dicens
3051 4520 3062 4553 :
3088 4500 3271 4555 Facite
3299 4502 3437 4555 vobis
3465 4504 3663 4557 amicos

2010 4611 2056 4668 ί)
2084 4596 2146 4648 de
2193 4596 2366 4665 iniquo
2414 4611 2727 4649 mammona.
2778 4593 2937 4648 Vides
2984 4592 3256 4661 quomodo
3305 4590 3666 4662 Omnipotens

2085 4686 2239 4738 iaciat
2268 4685 2333 4739 de
2361 4694 2521 4739 nocte
2550 4686 2742 4748 lucem,
2775 4695 2829 4738 et
2861 4684 2927 4738 de
2957 4685 3239 4753 iniquitate
3265 4684 3563 4753 justitiam?
3592 4685 3665 4739 Ut

2083 4794 2199 4830 cum
2232 4778 2543 4847 defeceritis,
2592 4778 2795 4847 inquit,
2837 4780 3092 4849 recipiant
3131 4796 3218 4832 vos
3244 4780 3297 4831 in
3326 4779 3666 4833 tabernacuitt

2083 4883 2277 4925 (eterna
2306 4881 2353 4929 (ι.
2386 4871 2519 4938 Quia
2549 4873 2915 4928 vicissitudine
2960 4872 3191 4941 quadam
3220 4872 3387 4941 copi-.c
3418 4872 3503 4926 vel
3545 4872 3667 4927 ino-

2083 4964 2184 5032 pia:
2210 4964 2497 5019 humanum
2524 4980 2692 5033 genus
2712 4973 3063 5035 temperatur,
3090 4964 3234 5033 quod
3258 4965 3307 5018 in
3336 4964 3427 5018 illo
3449 4964 3667 5019 inferno

2085 5055 2268 5122 divite,
2307 5064 2362 5110 et
2390 5071 2623 5126 superno
2652 5072 2888 5127 paupere
2919 5057 3256 5124 evangelicus
3295 5070 3473 5109 sermo
3510 5064 3667 5123 pate-

2084 5144 2211 5201 fecit
2240 5157 2262 5185 τ
2287 5188 2303 5213 ,
2347 5156 2407 5201 ut
2435 5148 2792 5216 intelligamus
2834 5148 3115 5202 consilium
3145 5147 3447 5202 communis
3490 5146 3666 5199 Auto-

2085 5239 2178 5303 ris,
2209 5254 2316 5307 quo
2345 5240 2564 5293 divitem
2594 5243 2836 5310 pauperi,
2881 5250 2936 5297 et
2965 5256 3255 5311 pauperem
3284 5240 3433 5294 diviti
3465 5256 3666 5308 praepa-

872 5330 898 5369 δ
926 5331 1055 5426 1:1th
1080 5332 1195 5385 l75.
1250 5346 1270 5371 ε
1305 5331 1443 5426 Ρεὲι.
1471 5350 1630 5426 ωξνιι,
1790 5330 1928 5384 Psal.
1954 5330 2228 5426 ιὶξκικρῂ
2261 5331 2398 5385 l’sal.
2433 5332 2663 5426 9111,53;
2717 5331 2814 5426 “ull
2843 5333 3073 5426 Cor.{5u,
3108 5333 3249 5426 1.8!:‘l
3274 5332 3397 5426 Cpr.
3432 5330 3665 5426 auuol}.

1502 5414 1526 5447 κ
1575 5404 1759 5456 Matth.
1811 5418 1926 5459 vin.
1975 5404 2025 5454 5.
2103 5404 2126 5435 ’λ
2162 5404 2332 5455 Luca

1502 5474 1566 5527 nl.
1602 5490 1705 5535 xiv,
1735 5472 1786 5527 5.
1864 5471 1884 5508 ιι
1914 5470 2071 5525 Prov.
2103 5488 2211 5535 xu,
2245 5472 2332 5528 Π.

1995 5550 2022 5578 ιι
2049 5541 2248 5612 Ephes.
2285 5561 2332 5608 v,
2360 5542 2444 5597 M.

2574 5404 2804 5456 iMatth.
2862 5421 2952 5465 xx,
2984 5405 3034 5456 6.
3118 5408 3129 5452 i
3178 5403 3347 5455 Exod.
3387 5420 3513 5455 χχιι.
3552 5400 3664 5464 9.5;

2412 5472 2574 5527 Eccii.
2618 5491 2759 5535 χχιιι,
2796 5474 2845 5527 l.
2930 5475 2946 5512 ι
2982 5474 3153 5528 Exod.
3186 5490 3333 5536 xxnt,
3361 5472 3429 5535 8;
3504 5471 3666 5523 Dent.

2523 5556 2547 5578 υ
2578 5543 2764 5598 Matth.
2798 5561 2919 5609 xxv,
2952 5545 3039 5597 40.
3116 5555 3142 5593 P
3173 5544 3358 5597 Matth.
3395 5558 3536 5603 xxvi,
3574 5542 3663 5591 li.

2103 5398 2126 5435 ιλ
2162 5400 2287 5455 Luc.
2318 5418 2409 5463 vn,
2440 5400 2491 5455 5.

2081 5719 2202 5773 quae
2232 5705 2583 5760 conﬁrmatur
2624 5723 2687 5759 cx
2719 5708 3069 5773 sequentibus
3108 5714 3164 5759 et
3202 5721 3267 5759 ex
3318 5706 3474 5771 epist.
3519 5702 3548 5753 9
3597 5701 3665 5755 ad

2084 5776 2424 5845 Amandum,
2476 5793 2621 5832 num.
2670 5778 2720 5829 2.
2766 5775 2861 5831 Ms.
2908 5776 3083 5835 Vatie.
3129 5792 3253 5830 cum
3295 5777 3425 5831 edit.
3472 5775 3660 5837 licsv.,

2082 5847 2298 5919 erigere.
