3966 6184
296 317 395 372 541

1620 310 1947 368 EPISTULA
1990 311 2208 367 XXX".

3431 308 3537 370 312

297 428 431 484 ravit
448 468 465 495 ,
496 431 556 479 ut
597 420 874 478 abundans
900 421 1076 489 egenti
1151 419 1452 476 substantia
1480 419 1747 475 alimonia:
1772 421 1863 486 sit,
1894 427 1946 486 Α
1971 423 2089 494 Ipse
2116 438 2176 479 se
2200 439 2342 480 nunc
2368 423 2705 480 :edilicationi
2733 432 2931 479 nostra:
2957 432 3012 480 et
3036 425 3378 483 fundamento
3402 443 3537 498 prae-

299 530 353 575 et
396 516 655 588 epulento
694 514 850 583 inops
891 513 1112 567 materia
1154 512 1418 582 justitite:
1465 521 1520 564 ut
1565 512 1691 581 ﬁat,
1734 511 1872 566 sicut

297 610 587 681 Apostolus
613 608 750 662 dixit
777 616 827 674 α,
853 607 1124 678 aequalitas
1155 624 1172 661 :
1202 615 1257 661 et
1284 608 1337 661 in
1358 606 1449 661 illo
1469 607 1652 662 seculo
1678 620 1871 676 repen-

296 703 459 758 sanda
487 700 594 756 illis
630 707 874 769 egestate
900 699 1153 768 praesenti
1181 699 1371 769 opibus
1409 698 1652 764 teternis,
1678 697 1870 752 redun-

298 797 388 852 det
408 796 620 853 illorum
642 792 968 848 abundantia
988 793 1054 846 ad
1076 792 1309 862 inopiam
1333 799 1594 859 nostram,
1623 791 1668 846 si
1689 798 1871 846 nostra

299 884 415 941 istic
444 884 771 939 abundantia
800 883 866 938 ad
914 884 1126 937 illorum
1169 882 1512 951 indigentiam
1557 880 1869 936 commoda-

302 972 459 1032 verit.
488 972 828 1029 Seminemus
854 986 983 1041 ergo
1025 956 1129 1027 illis
1156 972 1390 1027 carnalia
1419 972 1487 1035 ⁵⁸,
1518 980 1579 1026 ιιι
1605 979 1869 1026 metamus

300 1065 367 1119 ab
398 1065 503 1119 illis
536 1063 819 1135 spiritalia.
849 1061 1084 1117 Laborat
1120 1078 1263 1118 nunc
1303 1063 1371 1117 de
1404 1062 1633 1117 terrenis
1659 1076 1870 1130 manus,

299 1164 359 1212 ut
380 1164 510 1211 tunc
528 1155 597 1210 de
620 1154 929 1210 cmlestihus
960 1154 1136 1209 anima
1158 1153 1448 1209 reﬁciatur.
1472 1152 1610 1223 Spes
1638 1166 1872 1223 praesens

298 1247 524 1305 cdificet
558 1262 674 1301 rem
719 1246 951 1300 futuram
982 1246 1049 1299 ⁸⁷.
1076 1244 1353 1301 Faciamus
1398 1245 1519 1300 istic
1568 1253 1707 1300 tecta
1751 1259 1871 1315 qua:

298 1352 398 1392 nos
426 1336 537 1391 illic
563 1342 766 1404 tegant.
810 1332 1067 1388 Pascatur
1088 1334 1207 1389 istic
1231 1349 1452 1404 pauper,
1477 1334 1565 1389 ubi
1594 1348 1681 1389 me
1708 1334 1872 1388 divite

295 1438 452 1499 eget;
486 1437 547 1485 ut
570 1444 657 1484 me
683 1428 794 1484 illic
822 1436 1024 1497 pascat,
1058 1428 1145 1482 ubi
1176 1444 1264 1482 me
1305 1435 1496 1496 egente
1522 1426 1870 1482 saturabitur.

296 1523 490 1579 Videte
516 1520 902 1577 commercium
921 1519 1187 1588 spiritale;
1215 1526 1289 1585 et,
1320 1518 1366 1573 si
1405 1517 1653 1588 potestis,
1682 1524 1872 1585 negate

296 1631 396 1670 nos
437 1628 672 1682 avaros,
718 1613 811 1681 qui
840 1619 1041 1667 terram
1089 1612 1368 1667 vendimus
1395 1618 1452 1664 et
1479 1610 1766 1674 tributum,
1813 1616 1872 1662 ut

295 1705 689 1761 immunitatem
715 1704 865 1772 regni
892 1719 1016 1758 cum
1046 1704 1345 1758 aeternitate
1371 1716 1700 1759 coemamus.

1972 524 2077 569 stet
2105 524 2160 569 et
2200 515 2435 579 culmini,
2479 516 2601 584 quia
2633 516 2745 586 ipse
2774 524 2857 569 est
2884 516 3083 569 initium
3119 528 3166 569 et
3203 519 3341 587 ﬁnis.
3369 517 3540 588 Super

1972 607 2215 662 eamdem
2240 616 2469 677 petram,
2502 622 2623 661 nam
2659 609 2703 638 ⁷⁸
2747 616 2802 660 et
2829 616 2973 677 petra
3001 606 3229 660 Christus
3263 617 3356 672 est,
3387 619 3534 662 extra

1970 712 2131 766 quam
2168 712 2326 751 nemo
2362 706 2541 767 potest
2580 698 2794 751 domum
2843 697 3085 752 stabilem
3132 695 3352 751 fundare
3376 740 3391 765 ,
3432 714 3537 751 non

1971 788 2244 858 stipulam,
2270 798 2362 843 aut
2401 788 2597 853 fenum,
2623 782 2678 843 et
2705 788 2903 859 paleas,
2936 788 3076 843 sicut
3098 789 3150 843 in
3176 787 3408 859 Egypto
3429 804 3539 842 ser-

1971 882 2176 935 vientes
2207 882 2259 935 in
2288 880 2539 951 cophino,
2571 897 2759 936 manus
2783 890 3104 953 congeram;
3140 897 3206 936 ne
3235 882 3391 937 luteis
3415 879 3541 935 tedi-

1975 972 2105 1029 ﬁciis
2126 990 2349 1045 operum
2372 975 2708 1031 sordidorum
2738 976 2976 1042 laterem,
3008 983 3065 1030 ut
3091 976 3261 1039 aiunt,
3281 975 3537 1037 lavemus,

1972 1073 2027 1121 et
2055 1066 2317 1122 incurvati
2344 1068 2595 1122 oneribus
2625 1068 2865 1123 laborum
2903 1069 3173 1123 servilium
3199 1068 3540 1123 devertamus

1970 1158 2189 1213 dorsum
2232 1167 2472 1213 nostrum
2503 1174 2532 1212 a
2569 1158 2796 1214 Domino
2837 1169 2898 1225 tt;
2941 1159 3016 1230 (a)
3062 1160 3185 1229 quia
3220 1167 3278 1213 ut
3317 1174 3541 1215 conver-

1971 1265 2061 1306 sos
2087 1251 2156 1306 ad
2182 1267 2241 1306 se
2267 1251 2440 1306 reficit
2468 1252 2667 1306 lumine
2686 1293 2699 1318 ,
2742 1253 2815 1305 ita
2845 1267 3062 1307 aversos
3090 1251 3254 1307 allicit
3279 1252 3537 1307 accitate.

2040 1339 2129 1394 24.
2161 1340 2449 1397 Videamus
2493 1349 2672 1395 autem
2699 1340 3021 1396 :edificantes
3043 1383 3058 1408 ,
3100 1341 3226 1410 quid
3256 1340 3321 1396 de
3359 1349 3538 1395 nostra

1971 1429 2146 1499 fragili
2192 1440 2513 1500 terrenaque
2551 1431 2844 1487 substantia
2886 1430 3103 1501 dignum
3137 1431 3320 1485 divino
3354 1430 3542 1484 funda-

1971 1530 2154 1577 mento
2187 1522 2613 1592 superandilicare
2637 1523 2902 1593 possimus
2930 1533 2973 1587 τ,
3005 1531 3066 1577 ιιι
3092 1523 3159 1577 ab
3189 1522 3304 1592 ipso
3329 1521 3373 1553 ⁷³
3401 1521 3544 1590 prin-

1971 1612 2129 1681 cipali
2171 1613 2345 1683 lapide
2383 1614 2669 1679 viviﬁcati,
2716 1614 2920 1684 lapides
2949 1614 3004 1668 in
3046 1613 3304 1667 fabricam
3353 1612 3540 1681 templi

1972 1705 2204 1759 cmlestis
2232 1716 2496 1775 aptemur.
2537 1705 2734 1759 Aurum
2765 1722 2952 1759 sensus
2991 1704 3159 1760 nostri
3200 1714 3254 1759 et
3280 1703 3543 1759 sermonis

362 1795 453 1854 22.
486 1795 751 1864 Fragilem
793 1810 1011 1850 arenam
1048 1795 1309 1863 jacimus,
1340 1802 1399 1847 ut
1433 1793 1650 1848 domum
1685 1791 1871 1846 funde-
1901 1806 1945 1864 Β
1974 1806 2253 1866 argentum
2301 1796 2595 1852 conﬂemus
2639 1798 2693 1852 in
2743 1796 2957 1852 Christo
2982 1837 2996 1861 ,
3041 1804 3099 1851 ut
3145 1811 3242 1853 nos
3288 1796 3341 1850 in
3384 1795 3543 1865 hujus

295 1904 413 1943 mus
454 1897 710 1943 aeternam
734 1927 750 1953 ,
793 1895 849 1941 et
892 1886 959 1941 de
986 1886 1180 1941 vilibus
1218 1887 1542 1954 attingamus
1581 1892 1723 1938 astra
1763 1898 1868 1939 cae-

298 1981 497 2036 mentis
522 1978 550 2017 δ
584 1997 598 2031 :
640 1977 706 2032 de
730 1977 924 2046 quibus
954 1993 1060 2033 non
1088 1977 1231 2031 illam
1259 1976 1587 2032 confusionis
1612 1984 1668 2030 et
1694 1990 1877 2044 super-

300 2070 395 2127 bia:
422 2079 629 2123 turrem
678 2069 723 2102 ⁸⁸
762 2068 1142 2124 destruendam
1189 2083 1353 2139 Opere
1397 2068 1550 2123 irrito
1592 2067 1869 2122 machina-

302 2176 433 2226 mur,
465 2159 564 2214 sed
590 2160 644 2214 in
675 2160 793 2230 ipso
822 2160 1062 2229 angulari
1090 2161 1266 2230 lapide
1286 2159 1568 2214 fundamur
1593 2169 1640 2226 α,
1666 2166 1725 2214 ιιι
1749 2174 1869 2213 sur-

301 2268 484 2324 gamus
507 2269 605 2324 per
630 2254 806 2324 ipsum
834 2253 887 2307 in
910 2253 1077 2323 ipsius
1098 2252 1503 2322 plenitudinem,
1525 2251 1617 2320 qui
1646 2260 1729 2306 est
1758 2262 1867 2303 tur-

298 2347 368 2401 ris
425 2344 746 2416 fortitudinis
796 2360 829 2397 a
874 2345 1007 2415 facie
1052 2344 1250 2397 inimici
1296 2343 1345 2396 ά.
1396 2341 1548 2397 Hanc
1612 2342 1727 2412 ipse
1775 2356 1873 2395 nos

296 2447 501 2493 turrem
526 2437 790 2493 aediﬁcare
818 2444 866 2501 ο,
892 2435 1215 2504 computatis
1242 2443 1367 2489 ante
1393 2434 1676 2497 sumtibus,
1698 2432 1868 2502 jubet,

295 2544 363 2585 ne
383 2530 681 2598 interrupta
703 2526 1055 2582 aedificatione
1081 2523 1299 2592 defecti,
1326 2525 1643 2579 temeritatis
1670 2525 1872 2593 impro-

294 2622 433 2677 vidae
474 2628 656 2675 notam
687 2627 743 2674 et
770 2619 985 2687 dignam
1021 2618 1321 2671 irrisionem
1362 2616 1556 2671 frustra
1587 2618 1629 2650 ε’
1658 2615 1873 2669 audacis

296 2713 519 2783 ignaviae
564 2710 915 2781 perferamus.
961 2709 1179 2764 Sumtus
1217 2709 1261 2740 ⁷⁸
1311 2715 1491 2762 autem
1529 2716 1713 2761 noster
1742 2705 1873 2760 ﬁdes

295 2806 449 2861 ﬁrma
474 2812 575 2860 est.
607 2802 749 2872 Ergo
777 2808 831 2856 et
857 2801 1150 2856 secundum
1180 2801 1461 2855 veritatem
1496 2798 1591 2853 Dei
1621 2797 1872 2865 credens,

295 2895 387 2964 qui
414 2908 561 2964 spes,
593 2901 649 2947 et
675 2907 808 2963 opes
848 2898 902 2945 et
934 2891 1072 2945 vires
1100 2906 1224 2945 suas
1264 2889 1549 2943 Dominum
1578 2887 1756 2942 Jesum
1785 2887 1875 2940 ha-

298 2988 411 3053 bet,
441 2985 558 3055 ejus
584 2985 760 3040 omnis
802 2983 961 3055 210
985 2981 1267 3037 azdificatio
1293 2987 1574 3050 compacta
1601 2979 1794 3034 crescit
1827 2978 1869 3045 τ,

295 3090 352 3135 et
378 3079 551 3147 surgit
579 3078 633 3131 in
662 3075 1107 3132 conscensionem
1134 3074 1186 3127 in
1209 3072 1594 3143 plenitudinem
1624 3070 1735 3126 Dei.
1765 3069 1871 3123 Ita-

1973 1890 2157 1945 mundi
2181 1887 2397 1945 fornace
2416 1899 2669 1959 purgatos
2693 1898 2737 1954 ⁸,
2763 1904 2949 1943 aurum
2980 1888 3224 1955 ignitum,
3247 1896 3301 1941 et
3326 1894 3542 1941 moneta

1973 1982 2219 2050 imaginis
2260 1998 2369 2036 suae
2396 1982 2613 2050 dignum
2640 1982 2686 2013 ⁷³
2718 1984 2832 2051 ipse
2868 1982 3182 2051 placitarum
3212 1980 3311 2034 sibi
3341 1979 3544 2032 anima-‘-

1972 2091 2091 2129 rum
2130 2075 2399 2130 discussor
2423 2074 2649 2138 efﬁciat,
2681 2089 2885 2142 nosque
2926 2074 3069 2143 ipsos
3098 2073 3174 2127 illi
3201 2072 3269 2126 de
3294 2072 3544 2141 operibus

1974 2166 2188 2221 luminis
2220 2166 2487 2235 pretiosos
2515 2165 2717 2235 lapides
2747 2164 3048 2220 aderamus.
3074 2162 3258 2232 Neque
3282 2164 3335 2217 in
3365 2162 3542 2217 cordi-

1973 2260 2072 2314 bus
2093 2259 2220 2326 ligni
2248 2258 2443 2313 duritia
2470 2258 2670 2323 stolidi,
2702 2272 2878 2326 neque
2902 2258 2953 2311 in
2984 2258 3237 2326 operibus
3272 2255 3423 2310 fenca
3451 2255 3545 2309 sic-

1973 2350 2138 2405 citate
2167 2348 2322 2414 aridi,
2352 2364 2525 2419 neque
2554 2349 2607 2403 in
2638 2348 2742 2404 fide
2771 2348 2854 2403 vel
2887 2349 3111 2403 caritate
3138 2347 3364 2405 mobiles
3391 2355 3446 2401 et
3465 2346 3546 2399 in-

1974 2439 2113 2493 lirmi
2149 2439 2347 2493 levium
2377 2438 2662 2507 fragilitate
2688 2440 2995 2509 palearum;
3025 2438 3118 2492 sed
3147 2446 3207 2492 ut
3236 2452 3367 2507 opus
3407 2436 3546 2491 arbi-

1974 2532 2062 2586 trii
2089 2534 2257 2587 nostri
2288 2548 2394 2586 non
2424 2548 2667 2587 arsurum
2694 2541 2931 2603 paretur,
2964 2540 3019 2586 et
3046 2532 3418 2587 inconcussum
3453 2547 3542 2602 pa-

1974 2622 2125 2678 ciﬁca
2153 2624 2466 2692 Operatione
2499 2631 2805 2691 consurgat,
2837 2639 3050 2677 oremus
3077 2622 3403 2677 Altissimum
3427 2637 3545 2676 eam

1974 2731 2160 2786 pacem
2200 2715 2563 2770 :edilicationis
2601 2723 2797 2769 nostra:
2848 2716 2894 2783 ί,
2944 2729 3047 2784 qua
3086 2715 3264 2784 paries
3316 2715 3403 2769 ille
3446 2713 3544 2767 ali-

1974 2805 2186 2877 quando
2225 2806 2279 2859 in
2306 2806 2489 2876 templi
2528 2820 2738 2860 murum
2771 2804 2941 2860 factus
2971 2808 3124 2876 211
3171 2812 3282 2869 est,
3315 2813 3373 2857 ut
3410 2804 3543 2858 mal-

1974 2898 2101 2963 leus,
2132 2906 2182 2951 et
2209 2898 2428 2962 securis,
2466 2907 2515 2951 et
2549 2915 2697 2951 omne
2722 2914 2808 2951 vas
2840 2898 3062 2967 ferreum
3092 2914 3192 2949 non
3221 2896 3461 2949 audiatur
3492 2898 3543 2949 in

1976 3003 2036 3041 ea
2064 2996 2091 3022 ιι
2127 3005 2138 3039 :
2174 3002 2272 3040 nec
2317 2988 2457 3040 sicut
2502 2994 2688 3056 postea
2735 2987 2785 3039 in
2832 2986 3069 3051 ejusdem
3107 2986 3289 3054 templi
3331 3000 3548 3054 repara-

1978 3079 2157 3146 tione,
2200 3076 2727 3132 inimida'Persarum
2762 3077 2957 3132 invidia
2986 3076 3244 3131 fabricam
3272 3091 3555 3145 resurgen-

296 3185 401 3240 que
426 3170 529 3223 nisi
554 3167 803 3222 Dominus
830 3166 1165 3236 aediﬁcaverit
1186 3165 1415 3231 domum,
1445 3179 1577 3218 vano
1611 3163 1871 3233 aediﬁcan-

1979 3180 2084 3226 tem
2112 3171 2319 3225 hostilis
2348 3168 2606 3239 impediat
2630 3178 2685 3223 et
2715 3169 3069 3239 interrumpat
3096 3169 3337 3223 incursus
3366 3177 3415 3221 τ.
3457 3165 3543 3223 Sic

298 3271 373 3315 tes
401 3258 579 3314 labore
621 3269 647 3303 κ
682 3258 1013 3312 sudabimus.
1043 3255 1151 3310 Sed
1181 3270 1249 3309 ne
1273 3295 1289 3321 ,
1332 3255 1413 3309 vel
1441 3253 1680 3325 perfecta
1724 3254 1869 3320 licet,

296 3356 629 3420 cooperante
665 3348 894 3402 Domino
917 3388 935 3413 ,
973 3344 1356 3410 mdiﬁcatione,
1388 3343 1627 3413 resupini
1656 3358 1873 3398 securas

296 3455 492 3495 manus
520 3438 893 3505 remittamus,
926 3437 1108 3506 adjicit
1145 3435 1418 3506 Scriptura
1448 3435 1627 3489 divina
1650 3474 1665 3500 ,
1728 3435 1872 3505 quod

297 3532 463 3588 etiam
501 3530 818 3586 aedificatam
858 3529 1076 3585 domum
1113 3529 1216 3585 nisi
1246 3529 1385 3584 Deus
1420 3528 1560 3583 idem
1587 3528 1870 3592 custodiat,

298 3625 447 3680 irrita
476 3623 804 3679 servantium
829 3637 961 3678 cura
989 3621 1229 3691 vigilabit
1258 3620 1304 3674 ιι.

367 3714 459 3769 25.
488 3712 720 3769 Oremus
760 3727 890 3782 ergo
919 3712 1233 3776 Dominum,
1270 3719 1330 3765 ut
1359 3709 1484 3764 dum
1516 3724 1613 3764 nos
1637 3709 1713 3763 illi
1748 3708 1875 3763 foris

303 3806 626 3862 :ndilicamus
664 3804 933 3858 domicilia
961 3817 1081 3872 qua:
1109 3802 1375 3865 videntur,
1407 3800 1496 3855 ille
1525 3801 1579 3853 in
1608 3798 1762 3853 nobis
1792 3800 1873 3852 in-

308 3904 388 3952 tus
412 3897 642 3951 mdilicct
669 3894 758 3948 illa
783 3909 903 3963 qua:
937 3910 1044 3948 non
1072 3893 1350 3956 videntur,
1394 3891 1600 3944 domum
1628 3890 1877 3945 videlicet

303 3989 466 4053 illam,
501 3999 560 4043 ut
598 3987 851 4055 Magister
873 3985 948 4057 (id
975 3995 1051 4040 est
1080 3984 1295 4039 Paulus.
1332 3982 1398 4036 V.
1430 3998 1515 4052 ep.
1548 3982 1637 4046 23,
1682 3998 1736 4038 ιι.
1783 3980 1873 4051 24)

301 4082 408 4143 ait,
450 4095 555 4133 non
584 4080 937 4148 manufuctam
975 4074 987 4111 ί
1030 4093 1042 4128 :
1076 4090 1237 4143 quam
1268 4074 1492 4143 ingressi
1523 4072 1876 4141 intelligemus

301 4175 369 4236 in,
385 4172 698 4234 novissimo,
730 4170 954 4224 videntes
979 4169 1184 4223 scilicet
1214 4169 1346 4238 facie
1367 4167 1436 4219 ad
1458 4167 1642 4238 {aciem
1663 4165 1798 4236 quod
1821 4166 1877 4218 in

300 4267 578 4336 aenigmate
622 4279 756 4317 nunc
785 4261 1009 4316 videmus
1030 4304 1046 4329 ,
1093 4269 1143 4313 et
1171 4277 1235 4314 ea:
1272 4268 1418 4329 parte
1441 4259 1790 4328 cognoscimus
1829 4259 1873 4312 i.

297 4357 410 4412 Sed
435 4371 597 4421 nunc,
631 4355 757 4408 dum
789 4352 963 4407 adhuc
990 4352 1043 4405 in
1075 4350 1422 4405 tabernaculo
1456 4348 1609 4403 istius
1636 4349 1878 4418 corporis

298 4448 608 4511 constituti,
638 4445 791 4515 quasi
827 4445 924 4500 sub
952 4444 1091 4500 illius
1120 4443 1325 4511 antiqui
1352 4441 1684 4496 tabernaculi
1721 4441 1875 4511 pelli-

1976 3265 2118 3319 enim
2158 3264 2215 3318 in
2244 3263 2461 3318 domum
2501 3263 2758 3318 orationis
2786 3271 2841 3317 et
2877 3263 3025 3332 pacis
3068 3261 3449 3332 perﬁciemur,
3502 3264 3546 3314 si

1975 3355 2120 3409 nulla
2140 3371 2240 3410 nos
2267 3355 2558 3409 carnalium
2583 3353 2965 3420 cogitationum
2989 3368 3115 3407 cura
3134 3353 3398 3417 concidat,
3432 3353 3547 3405 nul-

1975 3447 2058 3501 lus
2106 3448 2339 3518 quietem
2384 3456 2625 3501 nostram
2671 3445 2837 3500 seculi
2873 3446 3131 3500 tumultus
3179 3445 3542 3514 interstrepat.

1976 3537 2199 3593 Malleus
2232 3538 2377 3593 enim
2405 3538 2559 3591 nobis
2586 3552 2714 3591 cura
2742 3537 2914 3591 victus
2943 3545 2997 3590 et
3019 3551 3147 3591 cura
3175 3537 3397 3592 vestitus
3426 3544 3507 3590 est
3533 3554 3544 3586 :

1976 3630 2181 3685 securis
2210 3637 2264 3682 et
2310 3629 2512 3683 ferrum
2556 3627 2711 3681 nobis
2740 3627 3001 3695 cupiditas
3030 3627 3402 3695 temporalium
3428 3667 3441 3689 ,
3494 3635 3550 3681 et

1978 3730 2272 3776 nocturnus
2296 3714 2491 3772 mortis
2550 3717 2712 3770 timor
2736 3757 2751 3781 ,
2794 3726 2847 3769 et
2876 3717 3011 3769 livor
3040 3717 3285 3771 inimicus
3308 3756 3323 3780 ,
3381 3726 3435 3771 et
3462 3733 3550 3771 res

1976 3810 2135 3879 hujus
2182 3807 2385 3871 seculi;
2435 3808 2489 3860 in
2536 3806 2689 3873 cujus
2736 3816 2826 3858 aut
2867 3806 3019 3858 make
3065 3821 3227 3870 cura,
3274 3816 3366 3860 aut
3394 3807 3549 3861 bona:

1978 3914 2161 3954 amore
2198 3899 2245 3929 ⁷⁵
2276 3897 2451 3951 anima
2475 3895 2722 3951 conditur
2755 3896 2801 3927 ⁷⁶
2824 3937 2838 3961 ,
2885 3912 3036 3950 mens
3082 3896 3451 3966 compeditur;
3496 3910 3550 3953 et

1977 4006 2083 4061 pax
2104 3992 2258 4045 bonze
2284 3989 2593 4054 voluntatis,
2624 4002 2744 4056 qua:
2767 3989 3078 4056 compositis
3108 3989 3358 4055 religioso
3388 3990 3550 4045 silen-

1979 4082 2054 4135 tio
2082 4081 2322 4136 sensibus
2363 4077 2745 4145 conﬁrmatur,
2795 4087 2956 4146 atque
2999 4079 3259 4133 orationis
3300 4080 3546 4146 intentio,

1979 4188 2097 4244 qum
2127 4172 2380 4226 inoffensa
2412 4170 2480 4225 de
2509 4171 2677 4225 libero
2706 4179 2760 4225 et
2786 4186 2919 4240 puro
2948 4171 3108 4225 corde
3134 4171 3397 4241 dirigitur,
3429 4188 3549 4227 car-

1979 4263 2181 4317 nalium
2212 4262 2567 4316 oblatratione
2605 4276 2851 4315 curarum
2878 4303 2893 4329 ,
2942 4262 3091 4330 quasi
3141 4262 3553 4331 interstrepente

1980 4354 2214 4415 malleo,
2272 4352 2356 4406 vel
2404 4352 2580 4406 securi
2607 4350 2873 4417 feriente,
2924 4353 3258 4407 convellitur.
3301 4354 3406 4407 Sed
3434 4355 3550 4425 quia

1981 4446 2150 4516 major
2176 4453 2251 4497 est
2279 4444 2365 4515 qui
2388 4443 2442 4495 in
2472 4442 2617 4495 nobis
2652 4451 2727 4496 est
2767 4460 2920 4514 quam
2948 4445 3034 4513 qui
3073 4444 3127 4497 in
3156 4445 3249 4497 lzoc
3278 4445 3466 4499 "tundo
3504 4455 3551 4512 Χ,

297 4539 399 4595 bus
429 4538 484 4591 in
506 4538 720 4591 deserto
749 4543 803 4590 et
826 4535 1072 4589 tentoriis
1098 4535 1302 4602 agimus
1333 4532 1381 4596 ιι,
1412 4531 1748 4602 przecedente
1779 4548 1878 4587 nos
1908 4556 1957 4616 ι)
1981 4544 2172 4607 potens
2215 4544 2297 4590 est
2344 4532 2597 4585 Dominus
2646 4542 2907 4587 conterere
2924 4531 3176 4587 Satanam
3204 4535 3295 4588 sub
3344 4535 3554 4605 pedibus

298 4646 398 4703 per
426 4630 585 4683 istius
624 4628 770 4683 orbis
810 4626 1014 4681 aridam
1053 4626 1147 4680 Dei
1188 4626 1388 4687 verbo,
1430 4625 1514 4679 vel
1554 4625 1610 4677 in
1639 4624 1878 4678 columna

301 4724 452 4778 nubis
498 4719 553 4787 ι,
597 4730 653 4774 ιιι
690 4719 950 4775 obumbret
991 4720 1033 4751 '“
1074 4736 1227 4789 super
1255 4728 1407 4788 caput
1446 4730 1676 4771 nostrum
1706 4719 1759 4770 in
1799 4717 1882 4770 die

301 4816 423 4871 belli
448 4825 484 4850 ω
508 4831 522 4866 :
552 4813 638 4867 vel
662 4815 715 4865 in
737 4816 977 4867 columna
1004 4813 1159 4884 ignis,
1183 4822 1240 4864 ut
1268 4828 1634 4880 cognoscamus
1663 4813 1716 4865 in
1748 4822 1884 4864 terra

301 4905 585 4962 caelestem
612 4904 723 4974 ejus
750 4905 885 4957 riam
915 4912 969 4970 '1;
1002 4918 1237 4967 oremus,
1268 4910 1325 4955 ut
1352 4918 1447 4971 per
1476 4903 1589 4955 haec
1615 4918 1755 4956 nunc
1782 4901 1885 4956 Ec-

304 4996 481 5052 clesia:
499 4994 831 5048 tabernacula
850 4996 1200 5065 ingrediantur
1219 5010 1377 5065 usque
1397 4994 1464 5045 ad
1485 4993 1691 5046 domum
1715 4994 1809 5047 Dei
1833 5005 1881 5060 0;

303 5088 398 5141 ubi
429 5095 485 5140 et
514 5087 629 5156 ipse
674 5085 949 5151 Dominus,
980 5086 1069 5139 ille
1096 5100 1336 5139 summus
1378 5092 1433 5138 et
1475 5088 1639 5155 factus
1670 5087 1815 5140 nobis
1856 5105 1888 5139 a

305 5179 535 5233 Domino
565 5188 592 5228 Ρ
621 5184 675 5232 et
703 5182 902 5231 excisus
930 5194 963 5229 a
992 5186 1182 5239 monte,
1210 5184 1266 5230 et
1293 5174 1433 5230 idem
1459 5184 1644 5230 auctus
1667 5176 1719 5230 in
1746 5158 1891 5230 mon-

306 5279 420 5325 tem
452 5270 589 5339 lapis
619 5276 824 5330 exstat,
866 5269 957 5337 qui
997 5277 1073 5322 est
1110 5266 1362 5321 mirabilis
1399 5267 1454 5319 in
1488 5267 1648 5320 oculis
1679 5270 1885 5323 nostris.

381 5390 409 5419 ι
438 5380 457 5434 l
482 5380 607 5435 Cor.
639 5397 757 5446 Vill,
789 5380 876 5435 14.

310 5467 493 5513 cxxvl,
527 5452 579 5504 1.
661 5454 681 5487 ιε
706 5451 837 5505 Ibid.
919 5453 936 5490 ι
968 5452 1015 5506 II
1034 5451 1158 5506 Cor.
1189 5469 1244 5517 v,
1276 5453 1327 5506 1.

311 5520 487 5577 Exod.
513 5537 625 5585 xm,
655 5522 741 5587 2|,
766 5531 822 5575 et
848 5538 951 5583 xxv,
987 5520 1073 5575 19.
1148 5532 1187 5559 m
1213 5522 1352 5577 Psal.
1392 5538 1610 5587 cxxxrx,
1661 5522 1693 5576 8

953 5380 978 5419 δ
1007 5381 1142 5436 Gen.
1175 5397 1247 5448 ιιι,
1280 5380 1332 5436 4.
1389 5392 1411 5420 θ
1437 5380 1632 5449 Ephes.
1658 5398 1714 5445 ιι,
1745 5382 1833 5437 20.

1980 5386 2077 5439 sal.
2106 5402 2196 5447 Lx,
2226 5384 2277 5437 4.
2325 5394 2347 5421 θ
2376 5383 2503 5436 Luc.
2540 5399 2644 5445 xw,
2680 5382 2767 5435 28.

1407 5455 1420 5501 ι
1477 5451 1641 5506 lCor.
1674 5469 1788 5516 xm,
1835 5453 1922 5507 l2.

1775 5533 1799 5559 ιι
1824 5523 1991 5578 Exod.
2042 5541 2152 5586 xm,
2182 5525 2270 5588 2i;
2298 5524 2436 5577 Psal.
2463 5540 2604 5584 LXVI,
2648 5524 2701 5577 5.

1982 4630 2172 4684 nostris
2198 4636 2227 4676 1
2250 4668 2265 4692 ,
2312 4634 2369 4680 ιιι
2401 4626 2686 4695 impleatur
2714 4632 2768 4679 et
2794 4625 2883 4678 illa
2908 4641 3007 4694 pro
3040 4626 3193 4681 nobis
3231 4629 3513 4698 prophetia
3541 4648 3551 4681 ε

1982 4720 2242 4775 Contritus
2272 4727 2346 4771 est
2376 4718 2589 4772 malleus
2618 4718 2866 4771 universa:
2894 4728 3045 4771 teme
3076 4728 3120 4771 τ.

2055 4809 2141 4863 25.
2182 4809 2412 4878 Expedit
2450 4818 2632 4863 autem
2681 4809 2869 4870 nobis,
2929 4820 2987 4864 ut
3029 4811 3190 4864 etiam
3240 4811 3557 4871 aediﬁcatum

1986 4901 2164 4955 cordis
2193 4902 2359 4955 nostri
2388 4901 2643 4970 templum
2671 4915 2814 4970 saepe
2857 4902 3112 4956 Dominus
3140 4902 3293 4959 Jcsus
3338 4905 3556 4968 revisat,

1989 4992 2210 5047 veniens
2241 4992 2295 5045 in
2336 4991 2544 5059 ﬂagello
2594 4992 2803 5046 timoris
2831 4994 2950 5055 sui,
3005 5004 3060 5047 ut
3092 4996 3268 5063 ejiciat
3304 4996 3370 5050 de
3410 4997 3560 5051 nobis

1989 5100 2203 5138 mensas
2258 5084 2774 5147 nummulariorum,
2823 5093 2877 5140 et
2930 5087 3233 5142 venditores
3274 5089 3435 5143 boum
3478 5094 3560 5147 vel

1991 5178 2358 5233 columbarum
2390 5186 2469 5238 ua;
2500 5191 2569 5230 ne
2601 5176 2743 5245 quod
2772 5178 3009 5232 avaritiae
3037 5180 3413 5234 conmercium
3443 5182 3559 5234 ani-

1994 5286 2114 5324 mus
2137 5277 2320 5324 noster
2347 5277 2627 5333 exerceat,
2677 5284 2851 5338 neque
2877 5270 2930 5322 in
2959 5270 3155 5326 nostris
3183 5271 3425 5328 sensibus
3451 5281 3558 5325 tar—

2852 5381 2869 5418 τ
2900 5381 3093 5453 Ephcs.
3124 5402 3177 5448 ιι,
3204 5383 3290 5438 2i.
3370 5394 3394 5433 ε
3420 5384 3559 5439 Psal.

1999 5455 2025 5493 ¹ί
2054 5454 2227 5509 Exod.
2255 5471 2381 5514 xxv,
2422 5454 2508 5517 40,
2560 5462 2615 5507 et
2649 5469 2790 5517 xxvr,
2830 5452 2957 5505 5ομ
2999 5452 3213 5508 lExod.
3266 5472 3412 5518 xxm,
3453 5455 3560 5521 20;

2648 5524 2701 5577 5.
2779 5534 2802 5555 ⁸
2832 5523 2970 5577 l’sal.
3003 5540 3110 5589 xm,
3137 5526 3189 5589 5,
3219 5526 3365 5592 juxta
3395 5524 3559 5579 Psalt.

314 5591 478 5665 βοτη.
534 5583 737 5665 PPsal.
764 5592 1022 5665 cxvtt_23.
1082 5593 1280 5665 [tl’saL
1309 5610 1477 5665 xxxx,
1516 5583 1681 5665 7.;[1
1707 5593 1873 5647 Cor.t

1980 5595 2063 5648 10.
2108 5583 2149 5665 71'
2166 5583 2280 5648 Pet.
2306 5610 2361 5657 ιι,
2400 5594 2447 5646 5.
2480 5606 2518 5665 γε
2553 5583 2676 5665 sap.
2711 5611 2784 5658 ιιι,
2811 5595 2961 5665 6η)
2998 5583 3137 5647 Psal.
3164 5583 3305 5656 cxx],
3339 5594 3389 5647 6.
3464 5603 3492 5630 ιι
3520 5594 3561 5649 11

317 5660 449 5731 Reg.
477 5678 549 5727 γι,
580 5663 634 5729 7,
657 5679 765 5717 sec.
795 5662 955 5718 LXX.

1033 5672 1060 5701 ν
1086 5662 1105 5717 I
1128 5663 1254 5719 Esd.
1286 5680 1358 5731 IV,
1381 5663 1442 5717 Ἀ.

317 5732 483 5787 Marc.
519 5750 595 5799 xl,
625 5734 711 5787 15.

1518 5672 1543 5700 ι
1573 5664 1594 5717 l
1620 5663 1812 5719 Johan.
1844 5679 1914 5729 ιν,
1948 5664 1999 5717 4.
2052 5676 2077 5713 .V
2106 5664 2257 5717 Rom.
2292 5681 2400 5729 xvr,
2431 5664 2515 5717 20.

2597 5663 2756 5719 Z'Jer.
2791 5682 2840 5727 L,
2865 5663 2952 5716 25.
3010 5677 3087 5701 -είει
3114 5665 3300 5717 Matth.
3337 5679 3446 5732 χιι,
3479 5664 3558 5735 ‘2.

394 5828 470 5899 (α)
515 5829 868 5899 Reposuimus
918 5831 1066 5898 quia,
1115 5845 1183 5884 ex
1227 5845 1354 5886 mss.
1406 5829 1535 5898 Reg.
1578 5839 1627 5883 et
1664 5829 1812 5885 Vicn.
1852 5838 1906 5884 et
1933 5828 2087 5884 editis
2115 5829 2382 5886 codicibus
2412 5839 2660 5901 quatuor.
2693 5830 2829 5885 Edit.
2864 5830 3048 5895 Rosv.,
3075 5830 3177 5899 qui.
