3966 6184
397 289 499 341 345

1522 289 1575 342 s.
1621 255 1887 344 Mummi
1926 283 2170 340 noxam
2214 281 2517 337 EPISCOPI

3514 287 3621 342 3“

396 400 534 453 ditas
560 396 721 452 boum
747 396 976 452 stabulm
1000 415 1011 448 :
1063 396 1185 465 quia
1214 396 1298 451 ubi
1326 414 1427 452 non
1458 408 1575 452 sunt
1601 400 1746 454 boves
1770 442 1783 464 ,
1822 416 1950 469 prte—

2070 394 2297 449 liscretis
2320 394 2395 461 (id
2422 402 2498 447 est
2524 394 2801 463 separatis,
2830 393 3179 458 distantibus;
3208 397 3310 448 rid.
3332 410 3419 469 ep.
3443 398 3530 467 29,
3565 418 3623 455 ιι.

396 488 539 557 sepia
562 489 751 543 munda
779 498 895 541 sunt
919 499 964 543 η.
1018 488 1200 557 Neque
1225 490 1389 544 simus
1417 491 1731 545 innocentia:
1762 500 1955 546 nostra:

400 578 482 632 vel
511 578 698 633 divinas
721 579 903 646 gratia:
931 580 1232 634 venditores
1254 619 1271 644 ,
1320 595 1386 634 ne
1414 578 1669 634 faciamus
1697 583 1955 637 orationis

399 667 614 721 domum
668 668 972 737 speluncam
1021 668 1284 722 latronum
1327 668 1372 723 δ.
1438 669 1758 740 Expurgatis
1812 672 1954 725 enim

397 759 542 811 omni
572 758 783 811 malitiae
810 758 1069 812 fermento
1090 759 1331 814 sensibus
1359 761 1554 815 nostris
1585 772 1629 823 ε,
1663 761 1958 816 inambula-

398 847 475 901 bit
504 848 725 901 libenter
755 847 1006 902 Dominus
1031 856 1212 902 noster
1238 847 1393 903 Jesus
1418 848 1661 906 Christus
1686 868 1697 901 :
1731 860 1786 905 et
1812 852 1961 906 velut

399 938 452 993 in
483 939 585 993 illis
620 940 853 1009 quinque
882 940 1171 1007 porticibus
1201 941 1518 1009 spatiabitur
1539 941 1807 1011 Sapientia
1836 944 1879 974 ⁷⁷
1906 940 1958 1008 ά,

398 1032 565 1085 virtus
584 1030 696 1091 Dei,
722 1039 1002 1099 quzc‘sanat
1024 1047 1197 1084 omnes
1226 1031 1499 1101 languores
1523 1042 1724 1087 nostros
1750 1044 1793 1086 ο.
1826 1032 1959 1088 Nam

398 1130 453 1176 et
484 1122 532 1175 in
562 1122 736 1177 anima
767 1130 946 1176 nostra
976 1123 1127 1175 multi
1154 1162 1170 1187 ,
1226 1122 1364 1177 sicut
1405 1124 1456 1175 in
1495 1123 1579 1176 illa
1611 1122 1676 1177 ad
1705 1122 1961 1193 piscinam

398 1213 527 1267 olim
554 1211 855 1266 medentem
885 1211 1089 1280 porticu
1110 1252 1127 1277 ,
1164 1212 1344 1280 jaceut
1364 1212 1490 1280 (agri
1529 1223 1584 1266 et
1624 1212 1824 1269 debiles
1841 1212 1918 1284 (a)
1945 1233 1958 1268 :

401 1320 559 1374 quam
588 1304 631 1358 si
671 1304 827 1357 adeat
856 1302 949 1356 Dei
980 1303 1199 1356 verbum
1223 1344 1239 1367 ,
1287 1311 1341 1358 et
1369 1304 1603 1358 avaritiae
1632 1304 1832 1373 lepram
1854 1344 1870 1368 ,
1909 1313 1965 1359 et

401 1396 610 1451 invidiae
636 1395 953 1462 ferruginem
973 1434 988 1457 ,
1017 1401 1072 1449 et
1101 1394 1522 1463 intemperantiae
1553 1395 1847 1450 aecitatem
1868 1433 1884 1459 ,
1909 1402 1966 1449 et

401 1486 683 1542 iracundia:
704 1484 1025 1555 phrenesim,
1054 1493 1108 1538 et
1130 1484 1350 1538 luxurize
1369 1485 1674 1555 paralysim,
1700 1493 1965 1555 prtecepto

401 1576 645 1631 medente
668 1616 682 1637 ,
714 1574 973 1644 depellet;
1023 1582 1080 1628 et
1106 1590 1204 1629 nos
1230 1590 1337 1628 non
1364 1575 1534 1629 solum
1566 1576 1632 1629 ad
1674 1576 1959 1631 sanitatem

401 1666 750 1731 innocentia},
779 1665 874 1720 sed
899 1666 1060 1719 etiam
1098 1666 1164 1719 ad
1194 1665 1497 1721 ﬁrmitatem
1531 1667 1801 1737 patientia:
1822 1668 1962 1723 refe-

2054 486 2129 556 9),
2154 486 2436 555 impigrum
2457 486 2647 540 annuis
2666 485 2988 541 discursibus
3010 487 3348 543 tabellarium
3369 492 3627 559 praebeat.

2054 587 2111 631 et
2130 576 2544 643 religiosissimis
2571 574 2761 632 ofﬁciis
2787 585 2972 632 mutuo
3001 579 3327 634 visitautium
3360 596 3621 651 corpora-

2056 668 2161 721 lem
2210 666 2447 722 laborem
2482 666 2709 736 spiritali
2745 669 3020 738 impendat
3059 670 3290 725 alfectu:
3344 687 3442 741 per
3482 673 3631 728 hunc

2056 773 2185 828 ergo
2211 759 2427 813 lratrem
2449 766 2504 813 et
2521 775 2838 815 conservum
2865 763 2916 816 in
2936 761 3186 829 Domino,
3216 763 3307 832 qui
3327 766 3631 819 communis

2058 856 2112 903 et
2141 848 2421 902 unanimus
2444 864 2459 912 ;
2506 864 2631 905 nam
2658 860 2712 904 et
2740 851 2891 905 vobis
2919 867 2984 905 ea
3012 867 3098 915 se,
3130 868 3233 922 qua
3257 855 3410 908 nobis
3436 855 3632 910 insitus

2058 947 2167 1005 est,
2202 939 2629 1009 acceptissimum
2668 943 2838 1011 gratia
2873 944 3150 1012 gloriatur,
3196 962 3293 1016 per
3328 947 3493 1016 hunc,
3540 948 3631 1002 iu-

2059 1044 2239 1098 quam,
2262 1030 2392 1086 mihi
2411 1042 2598 1088 sancte
2621 1033 2940 1088 venerabilis
2961 1032 3141 1099 frater,
3166 1043 3272 1089 tam
3292 1037 3447 1093 dulce
3466 1053 3634 1107 quam

2066 1120 2396 1191 insperatum
2422 1123 2552 1177 mihi
2580 1139 2773 1178 munus
2799 1125 3012 1194 accepi,
3054 1127 3334 1195 epistolam
3364 1136 3540 1194 tuam;
3573 1130 3631 1182 in

2067 1225 2171 1280 qua
2198 1211 2354 1267 nobis
2378 1212 2551 1268 bonus
2577 1213 2754 1269 cordis
2789 1214 2865 1268 tui
2893 1215 3175 1270 thesaurus
3203 1218 3448 1287 apparuit
3476 1215 3500 1254 ¹ί
3525 1258 3540 1283 ,
3572 1226 3636 1275 ut

2068 1304 2260 1358 merito
2296 1312 2548 1373 percepta
2578 1304 2737 1360 ofﬁcii
2776 1306 2855 1361 tui
2898 1306 3269 1363 benedictione
3315 1308 3630 1379 gauderem,

2061 1409 2183 1450 cum
2213 1394 2403 1451 faciem
2433 1398 2706 1453 interioris
2734 1398 2809 1453 tui
2840 1400 3140 1455 castissimo
3182 1402 3485 1470 speculatus
3513 1404 3633 1458 elo-

2062 1487 2216 1556 quio,
2263 1496 2518 1558 quantum
2546 1490 2600 1544 in
2629 1498 2682 1545 te
2706 1490 2837 1545 mihi
2864 1506 2895 1547 a
2934 1490 3161 1547 Domino
3200 1492 3521 1562 adjutorium
3549 1494 3629 1565 (ὁ)

2062 1576 2321 1644 conferat,
2352 1592 2717 1647 agnoscerem.

2136 1668 2189 1723 Ξ.
2227 1668 2333 1725 Sed
2359 1670 2414 1724 in
2461 1670 2527 1725 iis
2554 1686 2673 1740 quae
2714 1670 2843 1725 mihi
2888 1670 3207 1740 injungenda
3248 1672 3397 1728 dives
3441 1673 3636 1743 impia}

402 1766 519 1811 ctos
540 1798 555 1819 ,
581 1757 789 1825 jubebit
814 1757 956 1811 illico
992 1773 1097 1835 non
1124 1759 1296 1812 solum
1325 1774 1612 1828 exsurgere
1639 1759 1705 1815 de
1735 1759 1962 1816 inﬁrmi-
1991 1767 2038 1827 B
2064 1760 2356 1814 mstimator
2382 1762 2581 1829 putasti
2606 1802 2622 1828 ,
2652 1768 2891 1816 sanctam
2920 1762 3132 1830 quidem
3168 1762 3463 1831 purissima:
3490 1764 3635 1817 cari-

403 1848 526 1901 tatis
554 1847 769 1911 lectulo,
798 1846 895 1902 sed
916 1848 1077 1901 etiam
1107 1848 1277 1916 ipsum
1308 1850 1501 1904 lectum
1534 1850 1737 1917 tollere,
1763 1860 1820 1906 ut
1848 1868 1967 1923 por-

403 1947 575 1992 temus
614 1937 771 1992 validi
811 1952 918 2006 quo
954 1939 1300 2007 portabamur
1328 1939 1524 1997 inﬁrmi
1557 1940 1599 1995 τ.
1638 1941 1792 2007 Quod
1841 1958 1969 2013 pro-

402 2030 546 2084 fecto
585 2029 747 2084 etiam
777 2028 831 2083 in
861 2027 1084 2099 spiritali
1114 2030 1195 2083 vel
1223 2031 1554 2098 tegritudiuis
1596 2034 1679 2088 vel
1721 2034 1968 2090 sanitatis

402 2133 599 2177 nosti-te
624 2135 820 2190 genere
849 2122 892 2153 ⁷⁸
920 2120 1218 2190 completur
1238 2162 1255 2187 ,
1302 2139 1419 2179 cum
1465 2142 1679 2181 carnem
1710 2135 1965 2192 nostram,

403 2214 486 2268 cui
516 2222 575 2267 ut
619 2214 813 2268 lectulo
837 2212 1003 2269 dediti
1031 2213 1338 2282 jacebamus
1376 2216 1431 2270 iu
1458 2218 1683 2272 vinculis
1716 2218 1967 2272 vitiorum

403 2312 458 2360 et
485 2304 792 2361 inlirmitate
817 2306 1093 2375 virtutum,
1127 2315 1312 2377 postea
1340 2307 1393 2361 in
1420 2308 1586 2361 verbo
1609 2308 1703 2363 Dei
1724 2323 1821 2378 per
1847 2321 1987 2377 gra~'

402 2396 531 2450 tiam
556 2394 678 2450 Jesu
705 2395 900 2452 Christi
928 2398 993 2454 ad
1011 2401 1205 2456 bonam
1227 2400 1693 2470 incorruptamque
1711 2410 1963 2468 mentem,

402 2496 661 2543 renovato
707 2489 961 2546 interiore
984 2531 1000 2557 ,
1049 2492 1165 2547 sani
1205 2494 1252 2526 ⁷ο
1285 2492 1437 2560 quasi
1485 2495 1643 2564 212
1689 2493 1967 2562 grabatum

403 2577 532 2632 illud
560 2578 795 2636 tollimus
822 2581 888 2647 “°,
918 2589 971 2636 et
992 2581 1181 2651 spiritu
1208 2581 1531 2651 przcvalente
1563 2590 1852 2653 portamus,
1884 2584 1966 2639 fe-

403 2677 582 2725 rentes
604 2670 773 2740 ipsam
797 2680 1110 2741 sequentem
1141 2687 1247 2742 quo
1278 2670 1517 2727 volumus
1542 2690 1554 2725 :
1608 2672 1661 2726 in
1688 2689 1792 2743 qua
1822 2671 1968 2728 inﬁr-

404 2760 679 2817 mabamur
721 2770 1093 2831 exspectantes
1121 2765 1349 2819 alienam
1395 2778 1591 2833 opem,
1652 2778 1969 2833 semperque

403 2852 654 2923 praeventi
682 2853 955 2909 celeritate
983 2854 1242 2924 piscinam
1267 2853 1674 2923 occupantium:
1704 2853 1829 2922 quia
1860 2870 1967 2908 non

403 2950 519 2995 erat
566 2943 656 3012 qui
701 2944 1001 3013 porrigeret
1050 2959 1303 3009 manum,
1356 2959 1531 3013 neque
1558 2944 1649 3013 qui
1677 2943 1856 2998 salvos
1885 2942 1966 2997 fa-

404 3040 588 3099 ceret;
617 3032 789 3089 donec
813 3034 925 3105 ipse
948 3034 1135 3103 legatis
1156 3044 1212 3089 et
1234 3034 1437 3103 angelis
1463 3034 1634 3103 major
1665 3034 1883 3105 (quippe
1908 3041 1969 3088 ut

2071 1850 2193 1904 tatis
2222 1847 2466 1905 ﬁduciam
2495 1851 2872 1907 demonstrasti
2897 1871 2909 1907 :
2953 1852 3091 1908 fama
3121 1861 3298 1908 tamen
3321 1895 3337 1920 ,
3368 1863 3634 1925 quantum

2068 1940 2339 2009 intelligo,
2393 1941 2654 1997 Dominici
2683 1943 2860 2012 operis
2888 1942 3243 2012 persuadente
3273 1944 3520 1998 inductus
3546 1960 3630 2008 es,

2067 2037 2127 2083 ut
2155 2030 2444 2084 secundum
2471 2045 2607 2100 opus
2634 2031 2883 2097 Domini,
2933 2047 3040 2102 quo
3080 2032 3234 2088 nobis
3271 2033 3292 2065 ⁸
3329 2049 3513 2089 curam
3546 2050 3637 2090 re~

2064 2119 2350 2175 demtionis
2372 2128 2567 2177 nostra:
2588 2120 2846 2191 inspirare
2873 2106 3117 2190 dignatus
3143 2132 3241 2185 est.
3277 2123 3473 2191 ingenii
3500 2141 3637 2194 quo-

2071 2224 2175 2279 que
2197 2218 2251 2265 et
2278 2212 2388 2266 oris
2417 2227 2547 2282 opes
2582 2221 2868 2283 suppetere
2894 2214 3048 2269 nobis
3076 2214 3431 2270 arbitrareris.
3472 2217 3633 2287 213

2066 2298 2171 2356 Sed
2199 2301 2396 2356 bonam
2430 2305 2918 2374 concupiscentiam
2946 2319 3138 2374 magna
3167 2304 3269 2362 ﬁde
3308 2306 3491 2363 vacuis
3513 2308 3637 2377 opi-

2067 2390 2315 2447 nionibus
2341 2408 2465 2463 spes
2485 2394 2640 2449 illusa
2666 2394 2895 2467 decepit.
2939 2395 3090 2451 Unde
3110 2397 3252 2452 enim
3273 2398 3402 2452 mihi
3426 2407 3637 2454 tantum

2067 2498 2221 2553 aquae
2247 2526 2264 2552 ,
2307 2493 2566 2554 quantum
2597 2486 2759 2543 sitis?
2803 2488 2944 2543 unde
2972 2488 3079 2544 tale
3106 2488 3128 2521 ⁸
3154 2490 3401 2559 poculum
3424 2531 3440 2556 ,
3492 2491 3639 2560 quod

2065 2574 2226 2643 digne
2249 2576 2402 2631 bibas
2429 2578 2453 2631 ?
2500 2577 2642 2633 unde
2674 2576 2746 2649 (c)
2775 2579 2908 2633 tanti
2938 2594 3104 2649 panes
3126 2618 3141 2643 ,
3193 2588 3423 2649 quantos
3450 2588 3638 2651 postu-

2071 2665 2150 2720 las
2182 2665 2246 2719 1?
2292 2665 2399 2722 Sed
2437 2666 2552 2737 ipse
2591 2666 2686 2722 tibi
2713 2676 2870 2724 autor
2913 2668 3119 2737 injuria:
3164 2677 3267 2723 tua:
3303 2671 3408 2725 eris
3432 2670 3639 2725 diutius

2067 2756 2271 2811 esurire
2294 2798 2308 2821 ,
2357 2758 2448 2826 qui
2489 2760 2825 2828 evangelicos
2862 2760 2995 2816 lucis
3022 2769 3077 2815 et
3100 2760 3224 2816 vita:
3251 2761 3400 2817 cibos
3439 2762 3494 2816 in
3525 2763 3636 2816 alt‘a

2067 2844 2226 2915 hujus
2253 2848 2421 2902 seculi
2450 2856 2607 2904 nocte
2635 2848 2967 2917 desiderans,
3007 2850 3327 2906 somnolenti
3354 2859 3407 2904 et
3432 2866 3637 2921 paupe-

2068 2939 2144 2994 ris
2169 2939 2328 2995 amici
2356 2954 2578 3009 egenam
2604 2956 2800 3012 penum
2839 2942 3054 3012 pulsas;
3106 2943 3197 3012 qui
3226 2942 3439 2996 ﬁumina
3482 2958 3637 3010 aqua:

2068 3027 2203 3082 vivae
2230 3029 2417 3084 sitiens
2435 3039 2473 3066 ω
2498 3071 2514 3095 ,
2562 3039 2801 3086 arentem
2829 3031 3076 3085 venulam
3104 3031 3318 3101 scalpis,
3359 3040 3415 3086 et
3442 3031 3640 3086 humo-

406 3127 784 3196 propltetarum
822 3136 879 3181 et
906 3129 1217 3196 angelorum
1243 3126 1520 3195 Dominus)
1552 3126 1862 3190 adveniret,
1913 3133 1970 3181 et
1992 3127 2037 3190 ε
2070 3135 2185 3174 rem
2213 3119 2280 3175 de
2309 3121 2520 3189 pumice
2560 3122 2775 3178 conaris
2801 3122 3118 3192 exprimere.
3160 3123 3266 3177 Aut
3290 3122 3429 3178 enim
3458 3123 3639 3178 nullus

405 3234 618 3272 omnem
641 3219 1002 3274 inﬁrmitatem
1018 3227 1254 3274 nostram
1271 3217 1574 3275 miserando
1601 3219 1900 3287 susciperet
1917 3228 1966 3286 ες,

405 3309 723 3363 assumendo
778 3319 1058 3378 pwgaret,
1106 3320 1156 3362 et
1209 3310 1436 3363 animam
1474 3309 1779 3362 esurientem
1806 3308 1969 3379 reple-

406 3412 483 3457 ret
510 3402 655 3455 bonis
678 3442 694 3466 ,
745 3410 794 3454 et
822 3402 1026 3472 juberet
1055 3418 1150 3456 nos
1187 3402 1329 3455 abire
1374 3402 1429 3454 in
1475 3400 1681 3454 domum
1709 3410 1965 3467 nostram,

407 3492 552 3549 illam
581 3495 663 3565 (ut
690 3508 849 3563 supra
874 3493 1004 3564 dixi)
1032 3510 1135 3547 non
1168 3495 1519 3563 manufactam
1543 3492 1567 3529 δ
1593 3511 1605 3546 :
1640 3493 1693 3547 in
1720 3507 1825 3562 qua
1864 3509 1969 3548 vox

406 3584 603 3641 laetitia:
629 3592 683 3638 et
710 3584 896 3638 salutis
920 3625 934 3649 ,
966 3593 1021 3639 et
1049 3584 1161 3654 ipse
1198 3584 1443 3639 omnibus
1469 3582 1576 3638 suis
1604 3584 1848 3638 Christus
1875 3583 1971 3637 ha-

408 3676 629 3740 bitatio,
662 3684 718 3731 et
752 3690 1002 3746 regnum,
1033 3684 1087 3731 et
1116 3692 1211 3730 rex
1231 3676 1363 3739 erit,
1415 3682 1648 3732 testante
1670 3674 1928 3745 Apostolo
1953 3692 1965 3727 :

408 3765 541 3832 Quia
566 3782 764 3833 semper
791 3783 905 3820 cum
943 3765 1167 3821 Domino
1207 3768 1398 3820 erimus
1432 3766 1444 3803 ί
1481 3784 1494 3819 :
1546 3765 1632 3820 cui
1658 3765 1831 3821 honor
1852 3805 1868 3830 ,
1915 3772 1972 3820 et

406 3859 597 3927 gloria,
627 3869 681 3913 et
708 3866 946 3929 potestas
976 3860 1031 3913 in
1058 3859 1235 3914 secula
1266 3860 1330 3911 εί.

873 3970 1203 4025 EPISTOLA
1226 3974 1243 3993 '
1282 3970 1514 4026 XXXIII.

406 4061 805 4119 ScribitAletltio
827 4065 910 4131 qui
936 4063 1132 4131 aliquid
1155 4063 1325 4131 operis
1348 4079 1377 4114 a
1401 4061 1624 4115 Paulino
1645 4072 1964 4130 poposcerat,

472 4144 523 4188 et
551 4135 675 4186 dicit
696 4149 749 4185 se
771 4135 937 4202 minus
968 4132 1205 4186 idoneum
1233 4134 1317 4202 qui
1347 4132 1455 4201 ejus
1484 4132 1867 4202 satiarehvaleat
1887 4133 1971 4187 de-

472 4204 735 4257 siderium.
752 4200 815 4271 λδ
831 4200 1059 4255 Alethius
1081 4200 1254 4271 postea
1276 4203 1329 4254 in
1350 4200 1641 4271 episcopatu
1657 4200 1967 4256 Cadurcensi

475 4273 716 4327 successit
742 4270 1009 4327 Florentio
1030 4270 1201 4343 fratri.
1227 4271 1386 4342 (Vide
1406 4270 1624 4324 Dissert.
1649 4271 1700 4335 5,
1724 4287 1861 4325 num.
1886 4270 1965 4343 2.)

479 4371 649 4427 Beato
678 4378 734 4425 et
761 4370 952 4425 merito
980 4371 1272 4426 venerabili
1306 4373 1320 4402 ί
1352 4386 1414 4425 ac
1441 4370 1785 4426 dilectissimo
1814 4371 1965 4428 fratri

406 4461 649 4519 Λιετιιιο
680 4462 773 4534 (γ.
807 4470 919 4521 not.
952 4455 1387 4529 I76),Paumscs.

355 4542 363 4551 ’
474 4552 527 4608 I.
567 4552 678 4607 Deo
706 4553 903 4620 gratias
924 4592 939 4617 ,
988 4553 1079 4622 qui
1114 4552 1332 4606 odorem
1364 4550 1545 4618 gratize
1572 4550 1627 4603 in
1656 4559 1708 4605 te
1736 4567 1844 4606 suae
1870 4568 1967 4622 per

407 4645 617 4714 eloquia
645 4646 667 4677 ’
692 4645 991 4700 litterarum
1021 4652 1228 4698 tuarum
1260 4640 1619 4695 manifestavit
1645 4643 1774 4697 mihi
1793 4643 1807 4693 i
1825 4683 1838 4696 .
1865 4643 1967 4698 Per

406 4737 619 4791 fratrem
658 4736 799 4791 enim
827 4735 1161 4790 carissimum
1208 4734 1262 4787 in
1304 4732 1415 4786 Deo
1451 4730 1721 4787 Victorem
1762 4749 1962 4802 meum,

405 4829 505 4883 hoc
531 4843 752 4883 munere
780 4828 1094 4880 militantem
1125 4825 1235 4878 Deo
1253 4866 1268 4889 ,
1297 4832 1354 4877 ut
1380 4823 1625 4878 fraterna:
1652 4826 1848 4879 serviat
1876 4841 1966 4880 ca-

403 4920 572 4986 ritati,
603 4933 765 4987 seque
793 4917 945 4971 nobis
973 4931 1069 4984 per
1096 4914 1381 4982 longinqua
1408 4922 1667 4969 terrarum
1689 4915 1964 4970 intervalla

2072 3210 2203 3266 mihi
2249 3210 2317 3265 de
2359 3211 2685 3280 inspirantim
2715 3211 2912 3283 (Latin.
2957 3222 3007 3266 et
3049 3213 3292 3277 Saccltin.
3326 3214 3457 3284 forte
3500 3214 3639 3267 insi-

2065 3298 2305 3369 pientiae)
2324 3298 2592 3366 siccitate,
2606 3310 2703 3357 aut
2723 3317 2943 3357 amarus
2959 3300 3027 3355 de
3049 3298 3267 3353 malitiae
3284 3297 3407 3354 felle
3427 3298 3549 3354 fons
3565 3300 3655 3354 in-

2066 3399 2156 3444 tus
2180 3396 2295 3455 est;
2318 3405 2481 3459 quem
2503 3390 2713 3444 utinam
2735 3389 3017 3445 orationes
3031 3397 3089 3442 et
3111 3388 3304 3443 litterae
3323 3395 3428 3441 tua:
3446 3387 3654 3457 saepius

2068 3481 2330 3550 impensae
2349 3481 2483 3535 mihi
2496 3480 2572 3553 (ά)
2592 3480 2873 3536 exundare
2891 3495 2955 3535 ac
2970 3479 3289 3536 dulcescere
3300 3479 3504 3535 faciant
3520 3478 3652 3535 ﬁdei

2066 3582 2174 3627 tute
2205 3573 2374 3645 ligno,
2415 3583 2472 3628 ct
2508 3574 2713 3644 eloquii
2745 3574 3012 3628 suavitate
3035 3583 3092 3639 n;
3135 3583 3196 3627 ut
3230 3581 3286 3628 et
3318 3572 3488 3627 verbo
3522 3572 3651 3638 Dei,

2065 3664 2212 3736 quod
2226 3666 2403 3720 bonus
2418 3665 2668 3720 minister
2679 3665 2768 3735 pio
2780 3680 2874 3719 ore
2886 3662 3475 3734 deprompseris,quasi
3494 3664 3659 3735 virga

2065 3756 2349 3828 pr0phetae
2378 3772 2643 3827 percusso
2672 3756 2741 3825 (ε)
2772 3755 2962 3813 cordis
2989 3765 3038 3811 ³.
3066 3755 3278 3824 (Cetera
3300 3756 3534 3827 desunt.)

2581 3846 2622 3869 “
2659 3843 2873 3899 XXXIV
2911 3844 3140 3900 SERMO

2383 3953 2451 3992 ne
2470 3953 2856 3993 cazornvucro
2881 3939 2897 3969 ³
2917 3937 3012 4003 (γ.
3037 3946 3148 3992 not.
3175 3937 3319 4007 I77).

2070 4026 2406 4098 Eloquenter,
2434 4030 2630 4084 erudite
2654 4046 2715 4082 ac
2765 4028 3260 4152 pizpeneﬁcentiam
3303 4030 3355 4082 in
3387 4045 3643 4098 pauperes

2717 4115 2825 4152 ora:
2863 4109 2981 4152 icat.

2717 4109 2981 4168 prwdicat.

2140 4188 2194 4245 I.
2231 4187 2348 4245 Non
2376 4186 2591 4256 frustra,
2622 4189 2954 4245 dilectissimi
2978 4188 3102 4255 mei,
3121 4189 3378 4260 jumentis
3397 4204 3643 4259 pmepe

2068 4280 2307 4351 ponitur,
2360 4295 2534 4349 neque
2581 4288 2782 4333 tantum
2830 4279 2897 4333 ad
2933 4279 3167 4348 speciem
3210 4278 3421 4333 videndi
3458 4278 3637 4347 jacet;

2069 4384 2253 4426 mensa
2273 4371 2471 4426 etenim
2497 4369 2739 4438 quzedam
2761 4378 2859 4435 est,
2884 4370 3175 4439 quamlibet
3195 4370 3641 4425 irrationabilium

2072 4461 2442 4530 animantium,
2472 4467 2649 4515 tamen
2678 4460 2743 4515 ab
2772 4460 3046 4515 hominum
3073 4461 3281 4515 ratione
3310 4460 3638 4529 composita,

2070 4562 2129 4609 ut
2182 4568 2281 4623 per
2322 4566 2442 4607 eam
2469 4549 2829 4620 quadrupedia
2865 4550 3044 4605 cibum
3087 4551 3317 4621 capiant.
3347 4548 3498 4615 Quod
3528 4550 3573 4603 si
3604 4551 3642 4604 ii

2065 4644 2156 4714 qui
2176 4642 2433 4713 praesepia
2459 4638 2722 4695 aediﬁcare
2764 4642 3071 4696 curaverint
3094 4641 3362 4709 negligant
3384 4641 3644 4712 pabulum

2068 4733 2284 4798 inferre,
2318 4731 2393 4802 (ί)
2424 4730 2713 4801 proclivius
2764 4730 2946 4785 tabida
2988 4731 3134 4801 inopi
3163 4732 3371 4787 stabqu
3395 4730 3647 4800 jumenta

2065 4822 2329 4885 deficient,
2362 4830 2417 4876 et
2436 4836 2542 4875 non
2565 4821 2837 4891 pascentia
2860 4820 3026 4877 fames
3045 4822 3346 4891 depascitur
3366 4822 3643 4876 animalia.

2070 4914 2139 4968 At
2186 4914 2259 4969 illi
2290 4912 2507 4980 dignum
2535 4911 2858 4980 negligentia
2901 4912 2990 4966 vel
3033 4912 3253 4966 avaritia
3297 4913 3550 4966 damnum
3573 4912 3647 4966 de

477 5042 503 5070 α
525 5032 683 5088 Prov.
718 5048 828 5097 xw,
857 5031 910 5095 4,
937 5030 1087 5099 juxta
1117 5028 1272 5082 LXX.
1331 5027 1363 5099 ιξ
1390 5029 1578 5085 Matth.
1610 5045 1721 5092 xxI,
1747 5031 1851 5096 I5;
1893 5029 2021 5086 Luc.
2052 5032 2274 5096 x1x,46.
2336 5039 2357 5067 ο
2386 5028 2404 5081 I
2433 5027 2556 5099 Co_r.
2588 5044 2641 5099 v,
2675 5028 2741 5099 7ἒ
2801 5026 3033 5099 dJohan.
3064 5029 3182 5099 v.2.
3242 5041 3265 5068 ε
3292 5029 3429 5084 Psal.
3470 5048 3558 5092 cu,
3583 5032 3644 5086 '5.

410 5101 645 5157 ‘Joban.
668 5111 721 5163 v.
746 5103 798 5156 8.
874 5111 899 5147 κ
926 5096 1046 5154 Isai.
1087 5114 1194 5162 Lm,
1224 5099 1275 5151 4.
1353 5097 1379 5135 h
1406 5099 1446 5152 II
1473 5100 1595 5154 Cor.
1626 5117 1678 5165 v,
1722 5100 1745 5152 l
1776 5118 1791 5166 ;
1844 5101 1981 5154 Psal.
2024 5117 2187 5166 cxvn,
2218 5100 2311 5163 15,
2352 5114 2460 5152 see.
2504 5096 2668 5151 Psalt.
2714 5098 2871 5153 Rom.

403 5172 527 5229 Cor.
561 5190 629 5237 ιι,
663 5170 749 5227 14.
828 5170 850 5207 ¹ι
882 5170 1065 5223 Matth.
1093 5186 1187 5235 xu,
1216 5168 1304 5223 55.
1384 5167 1397 5206 ι
1431 5170 1557 5225 Luc.
1588 5186 1662 5233 χι,
1687 5169 1739 5224 5.
1816 5180 1855 5208 ιιι
1883 5170 1964 5225 Jol

2070 5212 2076 5224 .
2102 5187 2193 5236 vn,
2222 5170 2311 5223 58.
2386 5176 2412 5204 ιι
2442 5166 2610 5221 Exod.
2642 5184 2730 5234 xv,
2762 5167 2852 5223 25.

473 5267 493 5285 ⁶
530 5262 733 5331 Scripta
762 5263 968 5317 videtur
993 5278 1133 5317 anno
1158 5262 1284 5317 405.

2953 5097 2968 5135 ί
3001 5099 3022 5151 Ι
3058 5098 3240 5154 Thess.
3274 5117 3343 5165 tv,
3377 5100 3463 5154 16.
3541 5104 3557 5152 i
3597 5102 3645 5157 II

2926 5176 2952 5203 ο
2980 5167 3153 5225 Exod.
3184 5187 3312 5235 xvu,
3336 5170 3388 5224 6.

471 5335 513 5356 “
552 5334 695 5388 Alias
720 5331 939 5402 Epistol.
972 5332 1058 5386 54.
1082 5332 1242 5387 Forte
1272 5349 1412 5388 anno
1438 5332 1562 5399 403,
1591 5341 1649 5387 et
1667 5333 1856 5389 missus
1883 5350 2002 5390 cum
2030 5334 2305 5404 superiore
2333 5332 2579 5404 epistola.

472 5425 550 5495 (a)
588 5424 685 5479 Ms.
718 5423 874 5495 Reg,
898 5440 1011 5495 qua:
1036 5423 1081 5477 si
1103 5424 1300 5495 audiat.

474 5492 547 5565 (lt)
586 5495 664 5550 Ita
702 5510 805 5548 ms.
823 5492 987 5565 vus...
1018 5501 1076 5548 et
1104 5494 1232 5547 edit.
1280 5493 1535 5555 Cbifllet.,
1574 5493 1786 5547 favente
1831 5492 1962 5549 edit.

402 5563 587 5623 Schot.
613 5565 713 5620 Alii
740 5563 973 5632 codices,
1003 5566 1287 5631 conferam.

472 5641 543 5708 (c)
581 5637 671 5693 Sic
720 5651 819 5692 ms.
864 5630 1039 5691 codex
1092 5633 1248 5688 Vien.
1296 5647 1417 5688 cum
1469 5631 1600 5687 edit.
1632 5630 1807 5687 Chim.
1837 5630 1962 5699 Alii,

402 5714 593 5760 tantos.

472 5776 549 5835 id)
587 5775 663 5830 ita
691 5775 1087 5833 emendavimus
1115 5790 1178 5831 cx
1207 5790 1307 5830 ms.
1339 5773 1490 5829 Vicn.
1524 5781 1577 5829 et
1604 5771 1759 5829 editis
1785 5770 1961 5829 Chiﬁl.

2067 5432 2123 5477 et
2162 5422 2348 5479 Schot.
2379 5421 2477 5476 Ms.
2504 5420 2638 5492 Reg.
2670 5437 2792 5479 cum
2846 5422 3017 5477 tribus
3062 5422 3243 5483 editis,
3291 5421 3643 5491 exundarent,

2067 5492 2375 5547 dulcescere.
2400 5492 2589 5557 Rosv.,
2616 5492 2938 5546 exundanter
2958 5492 3265 5546 dulcescere.

2090 5615 2098 5623 ,
2139 5563 2212 5635 (e)
2251 5562 2331 5616 Ita
2381 5575 2569 5617 omnes
2619 5562 2829 5617 codices
2855 5571 3051 5632 praeter
3078 5561 3251 5619 Vatic.
3284 5571 3337 5618 et
3366 5561 3555 5629 Rosv.,
3586 5562 3642 5617 in

2090 5633 2260 5686 Iuibus
2280 5632 2451 5686 corde.

2067 5647 2451 5703 quiuuscorae.

2141 5703 2216 5771 (ἶ)
2256 5702 2345 5758 Sic
2363 5701 2694 5764 reposuimus
2722 5717 2789 5755 ex
2818 5716 2918 5755 ms.
2951 5702 3138 5757 codice
3166 5703 3473 5769 Viennensi,
3504 5702 3633 5757 edit.

2069 5772 2297 5830 Chil‘llct.
2332 5782 2387 5831 ct
2408 5772 2584 5827 Latin.
2610 5772 2745 5828 Ante
2772 5780 2889 5829 erat
2910 5773 3145 5843 proclivi.
