3966 6184
258 341 358 395 545

1591 344 1915 403 EPISTULA
1961 349 2197 410 XXXIV.

3405 370 3514 429 366

257 462 370 507 toto
399 459 703 523 capessent,
723 450 915 521 quibus
937 453 1191 523 praesepis
1211 454 1428 534 parandi
1453 464 1657 511 tantum
1684 459 1836 514 labor
1864 465 1913 523 Δ
1940 474 2189 533 petuam:
2240 468 2285 523 si
2325 469 2684 526 reminiscaris
2730 473 2781 526 in
2812 472 3100 545 Evangelio
3130 478 3154 517 ιι
3187 484 3305 540 illos
3329 502 3515 545 susce-

257 542 433 607 fuerit,
466 550 524 596 et
553 540 799 611 replendi
853 557 981 597 cura
1010 542 1241 597 defuerit
1274 561 1286 596 :
1319 546 1523 614 pariter
1547 548 1691 601 enim
1719 563 1840 602 cum

256 633 576 688 animalibus
602 633 829 688 mortuis
877 641 932 688 et
957 650 1111 690 usum
1139 638 1394 706 prmsepis
1422 639 1703 705 amittent;
1735 642 1842 696 duo

255 726 437 793 gravia
465 723 660 778 damna
686 724 831 792 juste
856 723 1111 792 ferentes,
1141 727 1233 795 qui
1262 744 1426 783 unum
1484 732 1843 785 necessarium

258 815 401 870 utilis
447 815 705 886 impendii
736 824 969 871 sumtum
999 820 1339 887 pepercerint
1374 821 1695 877 ministrare.
1728 822 1842 878 Hoc

257 907 417 975 igitur
453 907 725 976 exemplo,
780 906 1144 972 dilectissimi,
1195 925 1390 966 cavere
1442 911 1719 980 debemus,
1776 930 1843 969 ne

257 998 515 1052 damnum
546 999 737 1053 anima:
764 1006 821 1053 et
844 998 1186 1068 dispendium
1208 1002 1393 1057 salutis
1421 1003 1697 1072 adeamus,
1744 1019 1843 1059 ne-

256 1088 517 1157 gligentes
547 1088 600 1141 in
624 1087 866 1143 Ecclesia
892 1090 1119 1158 positam
1142 1105 1171 1143 a
1199 1090 1424 1147 Domino
1469 1109 1709 1149 mensam
1757 1094 1843 1149 in-

257 1180 581 1248 digentibus,
612 1195 775 1249 quam
799 1179 1215 1249 despicientibus
1242 1184 1412 1238 oculis
1440 1184 1726 1249 intuemur,
1750 1194 1845 1241 aut

258 1272 420 1327 aridis
450 1272 700 1327 manibus
726 1274 1081 1343 pneterimus.
1110 1275 1281 1338 Absit,
1309 1291 1511 1345 quaeso,
1553 1278 1621 1332 ab
1651 1279 1844 1334 animis

256 1363 451 1418 vestris
480 1364 590 1419 tale
612 1366 937 1433 contagium.
960 1364 1139 1421 Facile
1162 1366 1304 1421 enim
1327 1369 1494 1438 serpit
1513 1384 1708 1425 cancer
1726 1385 1845 1426 ava-

255 1456 391 1510 ritize
420 1456 475 1510 in
497 1456 796 1526 praecordia
825 1458 986 1512 nullis
1012 1459 1394 1516 misericordiae
1439 1463 1644 1518 munita
1670 1464 1844 1527 visce-

256 1546 420 1612 ribus,
449 1555 775 1618 captamque
802 1548 1036 1619 vipereis
1063 1548 1245 1617 alligat
1266 1551 1492 1607 vinculis
1518 1554 1773 1623 animam,
1796 1556 1842 1612 si

257 1639 321 1693 ab
376 1639 637 1708 operibus
680 1639 836 1695 bonis
882 1639 1099 1707 nudam,
1152 1650 1208 1696 et
1250 1646 1474 1700 materia
1496 1648 1836 1717 captivitatis,

258 1730 415 1802 214
441 1732 550 1786 hoc
578 1740 682 1799 est,
712 1731 1050 1789 infructuosis
1076 1736 1268 1805 opibus
1318 1738 1675 1796 abundantem
1725 1758 1839 1798 ser-

1944 565 2127 628 ptores
2155 559 2363 615 Domini
2394 563 2717 619 talentorum
2742 571 2783 632 ’,
2815 576 2870 623 et
2895 571 3021 639 quid
3049 574 3240 645 cuique
3284 582 3516 648 paterla-

1944 652 2117 706 milies
2161 667 2407 708 reversus
2454 656 2783 726 retribuerit,
2830 661 2967 715 scies
2996 673 3199 732 quanto
3240 668 3310 723 sit
3337 672 3518 728 utilius

1943 756 2147 811 ponere
2187 742 2257 796 ad
2306 760 2546 799 mensam
2602 747 2813 805 Domini
2868 753 3322 824 multiplicandam
3352 776 3517 830 pecu-

1943 832 2116 899 niam;
2146 848 2308 903 quam
2356 838 2521 892 sterili
2571 839 2672 895 lide
2703 842 2775 912 (c)
2826 843 2974 899 nullo
3001 846 3175 901 reditu
3214 851 3516 921 creditoris,

1942 939 2136 995 magno
2159 926 2359 982 inutilis
2379 930 2519 984 servi
2540 929 2842 1003 dispendio,
2870 934 2922 990 in
2944 937 3058 991 sola
3081 954 3359 1009 pmnarum
3382 944 3521 999 illius

1942 1014 2272 1073 incrementa
2300 1034 2420 1075 esse
2447 1031 2735 1078 servatam.

2013 1107 2068 1164 5.
2108 1108 2323 1165 Festina
2364 1110 2524 1180 igitur
2547 1113 2691 1168 illam
2719 1116 2896 1185 potius
2919 1133 3107 1175 vocem
3133 1125 3327 1178 mereri
3347 1133 3405 1179 ut
3425 1140 3518 1179 au-

1943 1200 2057 1255 dias
2082 1218 2095 1254 :
2116 1200 2425 1272 Euge,bone
2443 1220 2602 1270 serve,
2626 1207 2766 1260 intra
2791 1208 2845 1261 in
2867 1211 3110 1280 gaudium
3140 1213 3349 1269 Domini
3378 1219 3451 1271 tui
3472 1216 3513 1283 i;

1940 1305 2101 1359 quam
2124 1292 2291 1361 illam,
2311 1293 2467 1348 Serve
2483 1312 2699 1367 nequam
2721 1300 2877 1371 215
2907 1310 2961 1355 et
2980 1302 3148 1370 piger,
3170 1305 3233 1358 de
3254 1323 3342 1359 ore
3362 1315 3447 1362 tuo
3471 1317 3523 1364 te

1933 1382 2112 1452 judico
2146 1381 2188 1447 Ξ,
2237 1394 2292 1437 et
2337 1385 2541 1454 reliqua
2566 1403 2685 1458 qua:
2713 1399 2839 1445 nota
2866 1401 3023 1457 sunt;
3074 1395 3238 1451 misso
3263 1397 3434 1452 inutili
3463 1400 3518 1454 in

1942 1472 2191 1527 tenebras
2219 1476 2541 1541 exteriores,
2568 1493 2633 1532 ac
2659 1480 2863 1536 talento
2892 1481 3009 1551 ejus
3038 1484 3111 1538 illi
3137 1486 3225 1553 qui
3256 1488 3516 1557 multipli-

1940 1565 2074 1617 catis
2103 1565 2320 1622 creditis
2339 1567 2660 1633 abundabat,
2687 1569 2927 1639 adjecto:
2955 1572 3111 1628 Omni
3140 1578 3292 1642 enim,
3322 1578 3517 1647 inquit,

1940 1656 2148 1711 habenti
2175 1658 2403 1726 dabitur,
2435 1677 2539 1714 non
2568 1660 2776 1716 habenti
2831 1680 2947 1721 vero
2998 1675 3048 1719 et
3100 1668 3157 1719 id
3192 1669 3326 1738 quod
3370 1668 3522 1725 habet

1940 1748 2201 1817 auferetur
2230 1747 2277 1802 ι.
2312 1748 2737 1807 Reminiscamur
2763 1762 2818 1807 et
2845 1754 2985 1809 illius
3005 1756 3198 1821 vidum,
3241 1773 3361 1827 qua:
3383 1775 3519 1829 pau-

257 1838 387 1893 pens
415 1823 669 1877 inimicus
692 1823 974 1879 invenerit.
998 1825 1116 1880 Non
1146 1828 1413 1896 patiamur
1439 1846 1569 1900 ergo
1596 1849 1835 1891 mensam
1870 1821 1916 1881 Β
1942 1852 2128 1906 perum
2154 1854 2280 1892 cura
2309 1842 2391 1894 sui
2414 1843 2708 1911 negligens,
2740 1853 2908 1899 totam
2936 1847 3111 1902 victus
3141 1850 3223 1903 sui
3270 1852 3516 1905 substan-

258 1912 488 1979 Domini,
521 1922 577 1969 et
607 1915 760 1970 nobis
786 1932 1032 1982 vacuam,
1063 1926 1117 1972 et
1144 1922 1424 1989 egentibus
1442 1923 1653 1980 inanem
1674 1927 1839 1981 relin-

260 2006 374 2076 qui;
409 2014 467 2061 et
495 2006 632 2060 visui
680 2014 886 2062 tantum
943 2017 1106 2075 stare,
1162 2028 1269 2067 non
1296 2016 1445 2079 usui;
1478 2031 1547 2071 ne
1568 2016 1635 2073 de
1665 2020 1835 2090 negli-

266 2100 429 2167 gentia
458 2107 646 2154 nostra
668 2101 1024 2157 esurientibus
1046 2107 1284 2174 expressi
1305 2108 1531 2175 gemitus
1559 2110 1611 2164 in
1633 2127 1731 2168 nos
1750 2128 1838 2168 re-

270 2196 631 2258 torqueantur.
686 2188 783 2254 Qui
814 2192 956 2247 enim
1003 2196 1202 2263 spernit
1240 2214 1514 2269 pauperem
1540 2203 1835 2271 exacerbat,

268 2286 318 2332 ut
340 2281 603 2350 scriptum
628 2290 730 2345 est,
761 2299 875 2337 eum
901 2284 989 2355 qui
1016 2287 1138 2355 fecit
1158 2287 1305 2342 illum
1336 2298 1384 2353 ⁸,
1416 2291 1519 2346 hoc
1547 2302 1652 2361 est,
1684 2311 1836 2349 com-

262 2387 473 2427 munem
495 2374 734 2428 omnium
756 2375 1068 2432 Creatorem
1093 2396 1107 2432 :
1133 2380 1223 2448 qui
1245 2380 1382 2436 sicut
1409 2382 1701 2442 refectione
1720 2386 1838 2445 ino-

260 2478 379 2533 pum
408 2464 625 2534 gaudet,
652 2465 723 2518 ita
752 2465 1054 2523 delectione
1081 2469 1339 2526 tristatur.

324 2551 377 2606 2.
420 2552 731 2609 Exeitemus
752 2570 882 2624 ergo
902 2572 1001 2613 nos
1021 2559 1088 2614 ab
1108 2560 1314 2616 inertizn
1339 2578 1550 2629 somno,
1577 2573 1650 2630 et,
1674 2567 1759 2622 vel
1779 2575 1837 2623 ut

259 2644 595 2714 negligentia:
624 2654 899 2715 torporem
925 2647 1293 2717 discutiamus,
1340 2654 1425 2708 vel
1452 2656 1687 2710 avaritim
1716 2658 1835 2713 vin-

256 2737 333 2792 cla
378 2739 401 2770 ²
456 2754 786 2808 rumpamus,
845 2740 1191 2811 inspiciamus
1243 2745 1531 2816 diligenter
1572 2749 1625 2802 in
1655 2751 1837 2806 omnia

257 2830 436 2896 verba,
461 2840 749 2900 prmeepta,
776 2833 1060 2900 promissa,
1082 2850 1265 2904 opera,
1298 2838 1518 2893 consilia
1544 2838 1837 2898 Salvatoris

256 2922 421 2978 nostri
451 2922 582 2987 Dei;
608 2930 1025 2995 rcputemusque
1045 2927 1343 2993 nobiscum,
1374 2945 1472 2984 cur
1499 2930 1612 2985 haec
1630 2947 1833 2999 mensa,

253 3023 304 3068 et
346 3031 458 3086 quo
505 3023 697 3072 autore
736 3018 1013 3087 proposita
1036 3019 1105 3073 sit
1134 3020 1188 3074 in
1216 3022 1365 3076 atriis
1384 3022 1574 3079 domus
1602 3023 1833 3094 Domini,

255 3104 301 3157 in
331 3112 629 3175 conspectu
658 3106 832 3162 omnis
880 3107 1061 3177 populi
1106 3107 1252 3177 ejus;
1281 3111 1529 3181 quodque
1556 3114 1785 3169 maxime
1814 3115 1835 3147 ³

253 3196 697 3251 considerandum
739 3206 843 3264 est,
872 3199 957 3254 cui
1004 3199 1177 3267 bono,
1210 3217 1314 3271 qua
1356 3205 1558 3271 gratia,
1590 3206 1643 3261 in
1672 3224 1830 3278 quem

254 3289 481 3345 fructum
509 3291 684 3346 locata
719 3291 797 3362 (a)
829 3294 1110 3363 praeniteat
1138 3305 1192 3349 et
1216 3304 1415 3366 pateat.
1448 3297 1678 3355 Consule
1716 3302 1831 3371 ipsa

250 3381 493 3436 veritatis
520 3382 760 3446 oracula,
796 3391 851 3438 et
877 3385 1223 3453 respondebit
1251 3387 1344 3441 tibi
1374 3391 1632 3459 propheta
1667 3410 1679 3445 :
1729 3392 1830 3457 Qui

251 3473 519 3526 miseretur
563 3475 796 3543 pauperi,
852 3474 1013 3529 Deum
1042 3478 1242 3547 fenerat
1268 3477 1289 3509 ⁸
1318 3477 1367 3532 δ.
1398 3479 1644 3536 Caelestis
1671 3483 1830 3553 igitur

251 3564 521 3634 trapezita:
540 3566 559 3596 ⁵
575 3566 687 3620 haec
707 3582 888 3621 mensa
914 3579 1015 3630 est,
1033 3569 1341 3625 thesaurum
1361 3572 1759 3642 vittestruens“,
1775 3587 1830 3631 et

252 3654 311 3708 ad
331 3657 680 3726 margaritam
704 3660 1078 3725 negotiandam
1096 3662 1188 3716 Dei
1204 3662 1359 3718 fenus
1387 3680 1665 3721 exercens.
1687 3679 1707 3706 ο
1725 3670 1825 3734 Qui

255 3747 383 3802 enim
395 3748 611 3803 fenerat
623 3748 641 3820 (
653 3748 717 3803 V.
737 3750 944 3823 not.70)
962 3767 1227 3823 pauperes
1243 3755 1472 3822 Domini,
1489 3760 1828 3827 prmstolatur

258 3837 524 3894 αἱ)οωίηο
552 3841 575 3873 τ
613 3840 1022 3896 retributionem
1073 3846 1336 3901 mercedis
1359 3856 1591 3903 mternze.
1622 3849 1728 3906 Sed
1774 3862 1829 3908 et

256 3929 431 3985 beatus
461 3931 740 4000 apostolus
768 3931 964 3986 Paulus
992 3949 1091 3988 nos
1112 3933 1333 4002 docens,
1386 3937 1524 3993 inter
1564 3942 1824 3997 sollicitu-

250 4020 393 4076 dines
421 4024 663 4078 omnium
690 4023 1051 4081 Ecclesiarum
1080 4044 1186 4083 non
1217 4030 1488 4085 minimam
1516 4034 1615 4088 sibi
1645 4050 1826 4090 curam

248 4126 537 4181 pauperum
565 4129 684 4169 esse
711 4123 970 4182 testatur;
992 4118 1067 4171 ait
1087 4120 1249 4183 enim,
1282 4120 1502 4175 Tantum
1526 4132 1585 4177 ut
1634 4143 1826 4196 paupe-

246 4217 357 4255 rum
382 4220 633 4259 memores
655 4206 835 4270 simus,
857 4208 992 4275 quod
1019 4209 1194 4263 studui
1223 4209 1297 4281 (b)
1326 4213 1498 4282 facere
1521 4216 1743 4286 idipsum
1773 4217 1819 4271 ἀ.

245 4288 387 4347 Idem
410 4293 537 4348 alibi
563 4295 758 4350 clamat
790 4314 803 4348 :
838 4294 989 4352 Nihil
1014 4300 1278 4354 intulimus
1298 4302 1351 4353 in
1378 4302 1513 4356 hunc
1557 4306 1823 4373 mundum,

243 4401 416 4437 rerum
435 4401 529 4438 nec
558 4387 762 4457 auferre
783 4405 1051 4458 possumus
1082 4402 1105 4427 ε
1128 4407 1141 4454 ;
1189 4398 1243 4445 et
1264 4391 1456 4447 iterum
1483 4412 1496 4447 :
1532 4394 1669 4459 Quid
1689 4401 1825 4454 enim

241 4475 400 4529 habes
427 4476 563 4546 quod
591 4492 693 4530 non
718 4479 974 4546 acceperis
1007 4477 1066 4532 '?
1092 4478 1267 4548 Atque
1306 4481 1446 4541 ideo.
1470 4483 1819 4554 dilectissimi,

1940 1929 2091 1996 tiam,
2118 1929 2279 1985 futuri
2311 1941 2511 1988 tantum
2536 1950 2763 2004 memor,
2791 1936 2975 1993 Judice
2997 1940 3112 2009 ipso
3143 1949 3301 2007 teste,
3326 1958 3519 1997 vacua-

1938 2021 2054 2074 vit:
2104 2021 2207 2075 Alii
2250 2023 2413 2089 enim,
2440 2026 2629 2095 inquit,
2658 2026 2725 2081 de
2751 2027 3080 2083 abundantia
3109 2045 3203 2084 sua
3232 2041 3521 2101 superante

1942 2111 1987 2144 ¹⁰
2014 2112 2384 2180 contulerunt;
2417 2115 2507 2170 illa
2526 2132 2657 2171 vero
2684 2117 2866 2173 multis
2892 2117 3114 2189 forsitan
3138 2129 3193 2175 et
3222 2137 3515 2192 pauperum

1936 2205 2201 2272 egentior,
2232 2206 2318 2260 cui
2342 2206 2449 2261 duo
2470 2207 2675 2261 minuta
2702 2208 2877 2264 omnis
2904 2224 3099 2265 census
3126 2218 3280 2266 erant
3330 2211 3373 2279 ι,
3420 2214 3517 2268 sed

1939 2298 2118 2352 animo
2163 2298 2369 2353 cunctis
2411 2298 2667 2354 divitibus
2718 2300 3052 2370 opulentior;
3082 2303 3225 2357 solas
3251 2304 3518 2360 mercedis

1935 2397 2150 2446 :eternae
2173 2404 2306 2460 opes
2327 2399 2597 2460 spectans,
2618 2392 2852 2447 cmlestis
2877 2408 3037 2447 avara
3060 2394 3295 2452 thesauri
3315 2395 3517 2464 pariter

1937 2481 2039 2536 sibi
2069 2488 2242 2536 totum
2268 2481 2383 2550 ejus
2410 2483 2721 2537 substantiae
2748 2496 2867 2551 quae
2893 2481 2960 2538 de
2991 2491 3135 2539 terra
3190 2487 3420 2542 sumitur
3461 2497 3517 2543 et

1938 2574 1993 2629 in
2020 2580 2219 2629 terram
2245 2575 2555 2639 revertitur,
2584 2574 2871 2630 abdicavit.
2904 2575 3045 2630 Misit
3063 2577 3210 2646 quod
3262 2579 3517 2645 habebat,

1939 2673 1998 2720 ut
2024 2666 2169 2735 quod
2216 2682 2323 2721 non
2352 2665 2559 2721 viderat
2584 2667 2902 2737 possideret.
2954 2666 3096 2723 Misit
3124 2671 3511 2740 corruptibilia,

1937 2768 1997 2815 ut
2022 2760 2342 2814 immortalia
2374 2767 2729 2828 compararet.
2764 2758 2880 2814 Non
2906 2759 3155 2830 despexit
3181 2761 3268 2815 illa
3293 2777 3517 2832 pauper-

1936 2851 2056 2907 cula
2078 2850 2389 2920 dispositam
2413 2864 2442 2903 a
2472 2848 2584 2904 Deo
2612 2849 3018 2918 ordinatamqne
3056 2852 3320 2906 rationem
3341 2853 3409 2907 de
3429 2868 3515 2907 re-

1936 2942 2185 3009 ceptione
2230 2938 2473 3000 venturi;
2523 2945 2579 2993 et
2606 2945 2891 3008 propterea
2937 2953 3044 2992 non
3084 2938 3184 2993 fuit
3234 2942 3516 2996 immemor

1937 3027 2053 3096 ejus
2099 3028 2214 3095 ipse
2241 3027 2550 3097 dispositor,
2579 3026 2798 3095 jamque
2837 3028 3157 3080 sententiam
3204 3044 3353 3082 snam
3398 3029 3516 3098 ipse

1938 3119 2121 3174 mundi
2150 3118 2349 3173 arbiter
2370 3118 2447 3187 (ά)
2477 3116 2852 3186 przecucurrit;
2871 3124 2927 3171 et
2953 3126 3111 3185 quam
3138 3117 3190 3171 in
3207 3117 3407 3187 judicio
3426 3134 3514 3174 co-

1861 3183 1907 3247 ο
1936 3218 2223 3268 ronatun‘ts
2247 3218 2348 3278 est,
2380 3183 2433 3263 in
2455 3183 2746 3278 Evangelio
2775 3183 3100 3279 praedicavit.

2004 3304 2058 3358 4.
2098 3305 2423 3359 Feneremus
2464 3302 2571 3375 (V.
2603 3310 2719 3357 not.
2761 3302 2863 3374 70)
2912 3303 3073 3372 igitur
3117 3303 3405 3359 Dominum
3444 3304 3512 3359 d‘e

1936 3397 2006 3467 (e)
2029 3397 2182 3452 donis
2211 3396 2418 3451 Domini
2444 3414 2457 3449 :
2491 3396 2622 3450 nihil
2643 3396 2784 3449 enim
2809 3396 2925 3450 sine
2953 3397 3068 3465 ejus
3095 3412 3318 3452 munere
3340 3399 3513 3468 possi—

1930 3488 2137 3553 demus,
2167 3487 2284 3541 sine
2312 3485 2461 3555 cujus
2490 3494 2619 3540 nutu
2651 3501 2751 3541 nec
2771 3485 2871 3556 ipsi
2900 3486 3184 3540 sumus.Et
3208 3504 3304 3541 nos
3325 3489 3513 3557 princi-

1931 3592 2054 3647 pue,
2086 3576 2213 3646 quid
2243 3586 2483 3632 nostrum
2505 3585 2772 3646 putemus,
2821 3578 2909 3645 qui
2940 3576 3132 3645 majori
3178 3585 3232 3632 et
3289 3580 3512 3648 speciali

1932 3670 2114 3726 debito
2156 3685 2263 3724 non
2308 3684 2491 3723 sumus
2532 3655 2740 3723 nostri?
2761 3676 2816 3723 et
2841 3684 2948 3722 non
2977 3669 3148 3723 solum
3175 3670 3296 3737 quia
3324 3668 3448 3725 facti
3479 3687 3509 3724 a

1930 3762 2061 3826 Deo,
2113 3760 2208 3817 sed
2255 3767 2310 3815 et
2334 3759 2462 3814 emti
2508 3773 2691 3812 sumus
2718 3767 2775 3811 ω.
2809 3757 3157 3812 Gratulemur
3174 3768 3352 3813 autem
3381 3762 3506 3829 quia

1929 3866 2122 3919 magno
2167 3850 2315 3915 emti,
2363 3849 2559 3918 quippe
2612 3848 2872 3916 sanguine
2917 3848 3083 3917 ipsius
3110 3846 3323 3903 Domini
3358 3869 3369 3902 :
3401 3865 3511 3919 quo

1929 3943 2103 4014 pretio
2149 3950 2204 3997 et
2221 3942 2356 3996 viles
2380 3950 2436 3996 et
2456 3941 2672 3995 venales
2696 3955 2815 3997 esse
2842 3941 3166 4002 desistimus.
3198 3943 3322 4009 quia
3352 3944 3510 3997 vilior

1927 4036 2183 4091 servitute
2204 4034 2422 4088 libertas
2448 4033 2675 4086 liberum
2704 4048 2825 4087 esse
2850 4031 3090 4100 justitiae.
3138 4032 3281 4087 Talis
3307 4033 3506 4087 etenim

1928 4127 2062 4181 liber
2079 4139 2265 4180 servus
2293 4124 2499 4194 peccati
2524 4130 2577 4176 et
2600 4122 2843 4192 captivus
2871 4131 2954 4176 est
2976 4124 3183 4177 mortis.
3212 4123 3318 4177 Sua
3350 4124 3511 4191 igitur

1928 4219 2155 4274 Domino
2182 4217 2322 4271 dona
2356 4216 2682 4281 referamus;
2706 4215 2893 4270 demus
2918 4215 2994 4269 illi
3020 4216 3111 4284 qui
3141 4216 3192 4269 in
3218 4217 3361 4269 omni
3383 4232 3510 4285 pau-

1926 4326 2055 4382 pere
2083 4310 2309 4378 accipit;
2342 4310 2549 4375 demus,
2573 4309 2809 4378 inquam,
2841 4308 3153 4376 gaudentes,
3187 4317 3242 4362 et
3270 4309 3504 4377 recipia~

1926 4418 2045 4457 mus
2073 4402 2139 4456 ab
2166 4402 2282 4471 ipso
2312 4400 2659 4454 exsultantes.
2694 4398 2875 4453 Placet
2901 4399 3043 4453 enim
3076 4399 3173 4468 ipsi
3215 4398 3333 4453 talis
3364 4399 3507 4463 inju-

1928 4494 2025 4559 ria,
2079 4502 2137 4548 ut
2163 4494 2271 4547 vim
2300 4506 2466 4560 regno
2496 4491 2660 4560 ipsius
2690 4491 2994 4554 inferamus,
3045 4491 3201 4545 bonis
3252 4491 3507 4560 operibus

244 4579 349 4619 non
384 4572 443 4618 ut
467 4564 534 4619 de
562 4566 781 4634 proprio
806 4568 1039 4622 restricti
1059 4569 1245 4634 simus,
1269 4571 1361 4625 sed
1378 4580 1435 4626 ut
1456 4571 1523 4628 de
1543 4576 1745 4631 credito
1758 4577 1828 4633 fe-
1854 4560 1902 4617 Ῑ)
1930 4585 2049 4644 coeli
2073 4586 2305 4640 claustra
2338 4582 2660 4651 frangentes.
2711 4581 2965 4635 Dominus
3022 4582 3165 4634 enini
3187 4590 3390 4645 uoster,
3414 4582 3506 4648 qui

239 4670 511 4710 neremus.
538 4654 865 4724 Dispensatio
887 4658 1047 4725 enim,
1081 4659 1270 4727 inquit,
1301 4661 1445 4715 nobis
1465 4665 1657 4718 credita
1678 4675 1820 4733 ests;

240 4756 293 4801 et
321 4750 636 4818 temporalis
664 4752 901 4819 pecunia:
924 4768 1084 4807 usura
1112 4756 1427 4821 communis,
1454 4773 1561 4811 non
1601 4760 1822 4827 privata:

239 4839 317 4894 rei
337 4848 542 4894 aeterna
565 4843 851 4909 possessio.
884 4841 941 4896 Si
970 4857 1263 4911 cognoscas
1292 4860 1410 4900 eam
1459 4852 1825 4917 temporaliter

240 4930 291 4984 in
322 4941 470 4985 terra
503 4941 648 4986 tuam
677 4934 717 4996 ⁸,
749 4936 951 5003 poteris
981 4936 1033 4989 in
1065 4936 1368 4992 cmlestibus
1397 4939 1492 4993 tibi
1514 4940 1691 4997 facere
1713 4961 1827 5014 per-

309 5053 347 5113 !
368 5039 535 5113 Prov.
562 5059 670 5108 xxv,
696 5044 780 5109 5i,
813 5054 868 5099 et
888 5062 1015 5109 xvu,
1047 5044 1096 5097 5.
1172 5046 1198 5083 ι’
1226 5045 1384 5101 Prov.
1424 5064 1533 5113 xix,
1561 5048 1648 5104 l7.

1728 5063 1749 5091 ε
1783 5055 1976 5113 Matth.
1999 5074 2112 5124 xm,
2142 5055 2229 5108 45.
2304 5052 2329 5091 δ
2359 5053 2475 5108 Gal.
2507 5070 2565 5123 tt,
2597 5054 2683 5109 10.
2760 5064 2782 5091 ε
2813 5054 2992 5109 lTim.
3025 5071 3096 5119 vi,
3126 5054 3199 5124 77.

1929 4678 2068 4732 solus
2092 4676 2271 4739 bonus,
2296 4681 2354 4727 ut
2380 4689 2511 4725 unus
2538 4670 2674 4725 Deus
2695 4680 2745 4735 η,
2771 4686 2877 4725 non
2904 4671 3143 4724 avaritia:
3165 4670 3339 4724 studio
3368 4671 3508 4725 acci-

1928 4783 2057 4838 pere
2078 4765 2365 4829 desiderat,
2397 4762 2491 4817 sed
2519 4763 2782 4830 largitatis
2808 4761 3023 4816 affectu.
3047 4761 3184 4828 Quid
3223 4761 3366 4814 enim
3396 4777 3503 4813 non

1929 4859 2145 4921 habeat,
2178 4857 2268 4927 qui
2298 4855 2474 4909 omnia
2504 4854 2683 4908 dedit?
2704 4853 2808 4907 Aut
2830 4853 2955 4923 quid
2986 4869 3091 4906 non
3116 4851 3503 4921 possideat,qni

1932 4953 2075 5021 ipsos
2112 4946 2350 5019 possidet
2379 4945 2750 5015 possidentes?
2804 4945 2926 5013 quia
2955 4958 3142 4998 omnes
3167 4943 3266 4996 viri
3294 4942 3505 4997 divitia-

3279 5053 3298 5091 τ
3326 5053 3346 5107 l
3373 5053 3501 5109 Cor.

240 5112 396 5191 ιιι-7.
470 5122 497 5160 ε
526 5111 545 5165 1
574 5114 699 5191 αρε.
724 5130 795 5191 υς,
825 5114 911 5168 i7.
988 5114 1015 5154 ι’
1046 5115 1235 5191 Matth.
1267 5133 1407 5191 xxv,_
1430 5111 1526 5191 ιιι.
1566 5116 1791 5179 iMatth.
1821 5144 1831 5181 ι

1938 5111 1947 5191 ζ
1961 5111 2060 5181 ει.
2099 5111 2144 5176 ἰ
2171 5124 2306 5178 Luc.
2330 5141 2441 5189 XIX,
2460 5111 2564 5178 su.’
2597 5124 2621 5161 ιι
2647 5124 2835 5181 Matth.
2855 5141 2984 5191 xxv,
3012 5111 3096 5187 29;
3120 5123 3251 5179 Luc.
3280 5140 3389 5189 ιιι-χ,
3410 5122 3501 5177 ac.

246 5182 260 5217 ¹
294 5183 464 5237 Marc.
498 5200 593 5248 xu,
620 5182 723 5252 45;
754 5184 890 5241 Luc.
919 5203 1028 5251 xxi,
1061 5187 1095 5240 5
1118 5194 1172 5241 et
1198 5186 1250 5241 ιι.
1326 5198 1364 5225 ω
1388 5189 1409 5241 l
1437 5190 1560 5244 Cor.
1593 5206 1663 5256 Vl,
1688 5191 1775 5248 20.

1938 5182 2094 5252 lattb.
2126 5212 2236 5261 xix,
2264 5194 2350 5248 17.

314 5298 392 5367 (a)
432 5298 512 5352 ita
565 5300 966 5375 emendavimus
987 5317 1078 5375 _ex
1122 5318 1267 5375 mss.
1298 5302 1571 5375 codicibus
1599 5305 1730 5375 Reg.
1765 5317 1821 5363 et

244 5369 400 5443 Vien.
432 5377 490 5424 et
516 5369 884 5443 editis_Grav.,
913 5371 1098 5426 Schot.
1131 5384 1186 5427 et
1212 5372 1386 5427 Chifil.
1419 5374 1521 5427 Alii
1542 5375 1647 5430 duo
1668 5369 1816 5443 editi,

241 5440 515 5511 pertineat.
540 5438 639 5511 Ed.
672 5439 860 5505 Rosv.,
888 5444 1161 5511 perniteat.

315 5510 391 5578 (ὁ)
430 5509 516 5581 ita
533 5508 805 5578 Scriptura
826 5508 999 5577 sacra,
1028 5528 1128 5567 ms.
1159 5512 1291 5581 Reg.
1324 5521 1378 5566 et
1404 5513 1531 5567 edit.
1559 5514 1735 5570 Chim.
1759 5517 1817 5571 In

245 5580 368 5657 aliis
393 5579 550 5633 editis
561 5581 843 5657 codicibus
856 5582 1011 5657 .male
1040 5579 1533 5654 interpungebatur,
1562 5586 1697 5657 quod
1715 5596 1819 5641 stu-

244 5649 319 5701 dii
342 5652 529 5720 facere.
550 5648 785 5719 ldipsum
811 5651 966 5715 idem,
997 5661 1103 5707 etc.

316 5719 394 5789 (ε)
432 5719 716 5794 vulgatam
743 5721 1058 5794 reti_nuir_nus
1081 5722 1374 5794 lectionem,
1386 5724 1730 5794 quoadusque
1749 5741 1817 5781 ex

243 5806 387 5864 mss.
432 5790 707 5844 codicibus
749 5789 1036 5864 majorlux
1065 5793 1331 5859 aﬂ'ulgeat.
1359 5789 1483 5864 Mss.
1512 5789 1657 5850 enim
1683 5795 1813 5864 Reg.

245 5869 306 5917 οι
330 5859 502 5933 Viam,
533 5877 684 5931 quam
712 5862 871 5915 sterili
896 5862 1002 5934 ﬁde
1030 5863 1261 5919 odiosam
1288 5862 1617 5920 reminiscent
1663 5859 1837 5944 quare

1922 5312 2084 5375 nullo,
2111 5319 2215 5367 etc.
2249 5308 2358 5365 Nec
2385 5310 2563 5379 placet
2589 5308 2839 5364 Chiflletii
2863 5309 3150 5381 correctio,
3193 5325 3345 5381 quam
3395 5317 3500 5361 sle-

1924 5384 2008 5435 rili
2032 5382 2135 5452 ﬁde
2154 5382 2387 5436 odiosam
2408 5381 2662 5434 reminisci
2687 5397 2720 5433 a
2750 5388 2819 5450 te,
2832 5396 3007 5445 avare,
3030 5380 3171 5434 nullo
3195 5380 3359 5435 reditu
3388 5395 3499 5431 cre-

1923 5453 2520 5527 ditorisz....seruatam.
2976 5518 3011 5527 __
3107 5519 3165 5527 ___
3328 5526 3331 5527 ν
3410 5516 3444 5527 η

1994 5524 2075 5603 (ῃ
2111 5522 2188 5575 Ita
2226 5521 2562 5603 ‘restituimus
2618 5535 2836 5603 exnms.
2894 5518 3085 5603 codice
3107 5519 3258 5573 Vien.
3287 5526 3340 5571 et
3362 5516 3493 5571 edit.

1920 5590 2428 5669 Chlm._QOSl|Llallle
2457 5606 2635 5669 sensu:
2667 5590 3104 5669 §lii,pr_azcurrit.
3224 5657 3238 5669 _
3312 5657 3343 5669 Δ.
3546 5600 3560 5613 ‘

1995 5662 2066 5732 (⁸)
2107 5657 2204 5732 ΜΕ·
2260 5661 2393 5728 Βθε·
2424 5669 2481 5715 ει
2508 5660 2635 5714 editi
2664 5657 2715 5732 5,
2765 5657 2945 5722 bonis;
2971 5668 3196 5732 utraque
3224 5657 3382 5732 Ιςςιὶο
3404 5672 3494 5710 re-

1924 5727 2099 5798 cepta.
2147 5730 2222 5783 Ea
2249 5727 2408 5800 quam
2461 5731 2796 5798 reposuimus
2824 5745 2889 5783 ex
2918 5745 3019 5800 ms.
3050 5727 3232 5781 codice
3254 5727 3405 5800 Vien.
3440 5737 3493 5783 et

1926 5802 2054 5859 edit.
2085 5798 2631 5858 Chifﬂfconﬁt‘matur
2648 5814 2713 5857 ex
2738 5798 3101 5870 sequentibus,
3126 5809 3180 5853 et
3209 5814 3264 5854 ιι.
3290 5799 3324 5856 6
3360 5808 3414 5856 et
3441 5800 3493 5856 Ἰ.
