4006 6180
502 327 605 384 54⁸1

1706 308 1757 367 s.
1800 306 2074 366 meum
2109 302 2363 360 NOLANI
2403 299 2703 358 EPISCOP!

3598 298 3686 355 518

500 451 619 491 rum
643 435 694 490 in
722 433 964 489 manibus
992 432 1137 503 ejus:
1160 430 1257 487 sed
1286 430 1543 484 immensa
1562 427 1679 497 ejus
1691 426 1898 496 justitia
1926 425 2069 495 pari-
2096 432 2142 487 Α
2171 422 2289 477 istic
2309 420 2519 475 videtur
2546 420 2590 450 ¹⁵
2616 422 2867 485 negatum
2895 433 2907 467 :
2940 422 2996 469 et
3022 420 3230 479 contra,
3273 411 3453 469 divites
3476 416 3556 484 qui
3577 432 3690 486 pan.

501 534 584 582 ter
611 535 665 582 et
692 526 905 580 bonitas
929 527 995 577 de
1026 523 1153 593 ipsis
1180 520 1489 575 muneribus
1516 520 1626 573 suis
1647 518 1760 572 vult
1807 517 1907 572 sibi
1954 532 2072 570 mu~

502 633 632 674 nera
657 619 888 672 invicem
919 617 1061 680 fieri,
1088 623 1147 669 ut
1168 614 1269 669 sibi
1313 612 1593 666 materiam
1623 625 1748 679 erga
1779 619 1832 665 te
1870 606 2073 664 beneﬁ-

502 709 692 763 centia:
720 709 911 777 pariat,
942 708 1067 776 quia
1096 707 1268 761 bonus
1307 712 1428 761 est:
1476 710 1533 757 et
1578 702 1675 757 tibi
1721 701 1880 756 faciat
1910 701 2073 755 meri-

503 812 635 863 tum,
660 799 805 868 quod
825 800 983 868 digne
1016 800 1054 829 “
1079 797 1329 866 recipias,
1352 795 1475 863 quia
1492 794 1667 862 justus
1693 801 1793 848 est.

573 887 625 942 5.
666 889 857 944 Patent
876 890 1035 957 igitur
1064 887 1301 941 thesauri
1328 886 1592 939 bonorum
1621 884 1779 950 illius,
1806 891 1861 938 et
1880 884 2074 939 divitiae

501 981 757 1035 bonitatis
794 979 907 1047 ejus
937 979 990 1033 in
1029 986 1244 1048 promtu
1270 983 1411 1051 sunt,
1438 982 1496 1029 ut
1525 977 1687 1046 216
1713 975 2076 1044 unusquisque

504 1090 612 1129 non
641 1081 919 1143 exspectet
946 1072 1213 1141 accipere,
1231 1069 1323 1124 sed
1337 1070 1476 1123 ultro
1490 1069 1591 1122 sibi
1621 1068 1796 1137 rapiat
1814 1076 2076 1138 quantum

503 1167 652 1221 velit.
684 1165 740 1219 In
772 1167 873 1220 hoc
898 1167 1039 1221 enim
1087 1179 1186 1219 nos
1216 1161 1341 1216 fecit
1364 1161 1536 1215 bonus
1566 1159 1821 1216 Dominus
1842 1168 1895 1214 et
1915 1159 2077 1215 Pater

508 1266 743 1318 sanctus.
788 1265 845 1311 ut
869 1264 1052 1310 nostro
1073 1255 1217 1309 bono
1241 1267 1478 1306 essemus
1506 1251 1653 1305 boni.
1679 1250 1808 1305 Nam
1834 1268 1941 1321 quo
1988 1252 2076 1307 ille

503 1348 772 1416 indigeret
825 1347 1157 1402 extrinsecus
1211 1344 1374 1409 bono,
1418 1341 1509 1411 qui
1540 1351 1685 1396 totus
1707 1343 1821 1412 ipse
1846 1351 2077 1412 quantus

502 1450 609 1510 est,
638 1441 852 1497 bonitas
895 1449 950 1495 et
976 1438 1254 1494 beatitudo
1274 1446 1357 1493 est
1388 1439 1450 1491 tt?
1478 1436 1557 1491 0b
1586 1437 1710 1504 hoc,
1740 1446 2000 1505 quantum
2023 1439 2077 1493 in

504 1536 626 1606 ipso
647 1528 1039 1602 est,carissimi,
1055 1548 1253 1587 omnem
1269 1531 1523 1585 hominem
1550 1531 1653 1583 vult
1681 1530 1876 1583 salvum
1899 1530 2012 1599 ﬁeri
2031 1528 2076 1595 δ,

503 1626 631 1695 quia
661 1627 713 1679 in
761 1626 905 1680 omni
933 1625 1148 1679 homine
1176 1638 1312 1692 opus
1353 1637 1506 1675 suum
1534 1619 1732 1688 diligit;
1761 1628 1815 1675 et
1842 1621 2081 1690 impense

504 1716 602 1771 tibi
632 1716 708 1785 (a)
752 1715 929 1782 largus
957 1722 1040 1769 est
1069 1713 1137 1768 de
1160 1713 1269 1766 suis
1287 1712 1498 1781 opibus,
1522 1710 1565 1764 si
1596 1719 1653 1764 tu
1695 1711 1790 1766 tibi
1818 1712 1931 1781 ipse
1972 1728 2080 1767 non

2171 512 2388 581 peribus
2416 510 2536 563 istic
2556 509 2744 575 inopes
2771 505 2925 576 217
2959 503 3174 569 fuerint,
3203 502 3328 556 nihil
3351 503 3412 558 de
3440 519 3692 574 pauperum

2172 600 2430 655 felicitate
2459 607 2741 668 capturos;
2767 593 3269 661 mendicitatemque
3289 602 3573 662 perpetuam
3591 610 3693 649 cum

2172 689 2496 743 abundantia
2526 702 2804 757 pmnarum
2829 700 2925 755 pro
2951 682 3141 753 injuria
3170 697 3449 752 pauperum
3469 683 3609 753 digna
3624 686 3695 738 ul~

2174 780 2321 835 tione
2348 779 2703 835 referendam.

2248 872 2297 924 7.
2340 871 2516 937 Quare
2542 869 2819 933 ambulate,
2848 876 2907 921 ut
2934 867 3190 937 scriptum
3220 876 3316 933 est,
3342 876 3395 920 ut
3411 867 3500 937 ﬁlii
3526 867 3637 920 lucis
3653 867 3700 920 in

2173 961 2386 1025 lumine,
2410 960 2532 1013 dum
2560 959 2729 1013 lumen
2777 957 2973 1012 habetis
3003 955 3027 993 δ
3049 974 3064 1024 ;
3089 964 3145 1012 et
3171 958 3247 1012 sic
3275 971 3391 1026 age,
3418 957 3706 1024 Christiane,

2172 1052 2299 1106 dum
2328 1048 2674 1119 resipiscendi
2696 1056 2753 1103 et
2780 1046 3096 1118 providendi
3136 1046 3251 1101 dies
3278 1047 3517 1115 suppetit,
3544 1054 3597 1099 ut
3620 1060 3700 1098 au-

2172 1142 2288 1197 dire
2316 1143 2572 1198 merearis
2614 1156 2644 1194 a
2697 1140 2923 1195 Domino
2948 1157 2960 1192 :
3012 1138 3178 1210 Euge,
3209 1136 3333 1192 bone
3360 1154 3508 1201 serve,
3530 1137 3638 1205 quia
3658 1138 3703 1189 in

2174 1236 2351 1302 paucis
2377 1235 2547 1304 ﬁdelis
2577 1234 2741 1304 fuisti,
2770 1250 2927 1303 supra
2952 1232 3113 1285 multa
3142 1240 3189 1284 te
3209 1232 3502 1285 constituam
3525 1227 3563 1283 ί.
3592 1226 3705 1282 Vide

2175 1326 2354 1394 igitur,
2413 1332 2468 1381 et
2510 1313 2727 1379 intende
2778 1324 2905 1378 huic
2932 1323 3117 1387 verbo,
3145 1321 3325 1385 frater,
3356 1330 3407 1375 et
3433 1320 3535 1374 noli
3564 1317 3708 1386 negli-

2175 1430 2303 1484 gere
2330 1416 2555 1483 gratiam
2584 1429 2700 1483 quze
2720 1414 2816 1468 tibi
2841 1414 3019 1468 oblata
3040 1419 3140 1467 est.
3168 1411 3286 1466 Noli
3307 1409 3611 1466 descendere
3628 1424 3709 1460 va-

2174 1522 2310 1562 cuus
2334 1508 2388 1560 in
2415 1506 2631 1561 domum
2660 1505 2855 1560 Christi
2879 1505 2924 1572 i,
2953 1520 3065 1576 qua:
3091 1512 3167 1557 est
3194 1501 3423 1556 Ecclesia
3445 1499 3535 1553 Dei
3560 1499 3646 1552 vivi
3668 1496 3709 1553 ι.

2181 1601 2256 1655 De
2278 1601 2382 1654 tuis
2401 1600 2581 1656 multis
2608 1598 2695 1654 vel
2723 1613 2886 1669 parva
2914 1598 2958 1656 si
2985 1597 3207 1662 tribuas,
3240 1595 3454 1649 multam
3481 1592 3567 1647 tibi
3602 1589 3711 1645 reli-

2181 1706 2407 1759 quorum
2431 1698 2645 1746 tuorum
2673 1690 3029 1761 adjectionem
3054 1688 3273 1758 parasti.
3318 1685 3528 1740 Plurimi
3552 1690 3601 1737 te
3632 1697 3713 1735 ex-

505 1808 578 1863 sis
598 1805 806 1860 invidus
826 1814 880 1860 et
903 1820 1097 1859 avarus
1122 1804 1188 1858 de
1211 1804 1274 1857 iis
1300 1818 1419 1870 qua:
1440 1801 1580 1856 Deus
1606 1810 1696 1856 tua
1719 1802 1863 1867 fecit,
1897 1818 2003 1857 non
2024 1814 2084 1858 ut
2114 1794 2159 1854 B
2184 1791 2449 1853 5930mm,
2482 1792 2537 1837 οι
2562 1783 2616 1837 in
2667 1781 2953 1837 adventum
2984 1791 3132 1834 “mm
3160 1777 3409 1849 Peliden"
3438 1771 3713 1840 εἷπουωεβί·
3738 1792 3757 1819 τ

509 1911 673 1951 causa
720 1895 819 1948 tibi
877 1894 943 1948 ad
992 1901 1240 1957 mortem,
1273 1892 1367 1946 sed
1393 1900 1448 1945 ut
1470 1892 1701 1960 pretium
1730 1892 1798 1946 ad
1817 1893 1980 1947 vitam
2002 1891 2086 1948 fo-

515 1994 655 2041 rent.
696 1983 739 2039 Ο
776 1983 1102 2039 abundantia
1132 1983 1390 2039 bonitatis
1415 1981 1537 2035 Dei!
1571 1982 1684 2036 vult
1738 1980 1969 2037 fenei-ari
2018 1998 2088 2039 ex

504 2076 571 2133 iis
592 2090 710 2144 qua:
732 2074 849 2144 ipse
871 2075 1092 2142 largitus
1114 2081 1197 2130 est
1219 2091 1233 2126 :
1275 2072 1420 2142 cupit
1447 2070 1659 2126 debitor
1679 2072 1791 2127 fieri
1819 2072 2087 2128 donorum

506 2184 747 2230 suorum,
805 2175 863 2221 ut
913 2183 1037 2222 cum
1088 2165 1257 2219 multa
1310 2164 1407 2219 tibi
1461 2162 1671 2219 ratione
1722 2170 1868 2218 tuam
1896 2163 2088 2219 reddat

514 2273 748 2312 usuram.

582 2348 633 2400 6.
666 2348 899 2416 Propera
929 2348 971 2378 ¹¹
996 2347 1173 2415 igitur,
1200 2344 1383 2411 frater,
1397 2349 1736 2406 tamuberem
1754 2347 1850 2403 tibi
1862 2345 2091 2400 obstrin-

511 2451 638 2507 gere
657 2438 971 2502 debitorem,
997 2444 1056 2491 ut
1075 2444 1129 2491 et
1155 2435 1385 2491 amicum
1410 2444 1465 2489 te
1487 2451 1553 2489 ex
1582 2451 1737 2490 servo
1768 2444 1922 2491 vocet
1952 2448 1974 2476 ο
1996 2454 2010 2502 ;
2035 2447 2091 2492 et

511 2531 565 2585 in
601 2532 703 2585 tuis
732 2530 1077 2585 terrestribus
1100 2526 1332 2582 nummis
1380 2534 1435 2582 te
1461 2536 1717 2597 expertus
1762 2525 1990 2594 ﬁdelem,
2021 2529 2089 2584 de

510 2622 622 2677 suis
641 2621 944 2676 cmlestibus
964 2618 1230 2673 thesauris
1250 2618 1471 2673 divitem
1488 2616 1649 2672 faciat
1664 2618 1727 2673 ⁸³.
1742 2618 1819 2673 Ne
1835 2620 2086 2689 trepides,

510 2727 581 2766 ne
626 2711 910 2775 cuncteris,
969 2725 1037 2763 ne
1082 2724 1290 2779 parcas.
1340 2707 1470 2763 Esto
1508 2708 1775 2763 violentus
1798 2709 1930 2775 Deo,
1957 2726 2088 2780 rape

508 2815 675 2871 regna
705 2800 961 2856 cmlorum
989 2797 1036 2853 δ.
1071 2799 1170 2865 Qui
1199 2806 1346 2853 vetat
1365 2798 1537 2852 aliena
1557 2799 1814 2867 contingi,
1845 2816 1938 2854 sua
1958 2814 2089 2869 gau-

508 2890 600 2948 det
618 2891 795 2947 invadi
827 2909 839 2944 :
864 2899 919 2945 et
945 2890 1035 2958 qui
1063 2889 1283 2945 damnat
1309 2888 1542 2943 avaritia:
1570 2890 1937 2958 rapacitatem,
1968 2892 2086 2946 lau~

508 2983 602 3037 dat
631 2983 749 3037 ﬁdei
777 2983 1042 3052 rapinam.
1080 2979 1374 3038 Pransores
1420 2979 1496 3033 tui
1542 2978 1743 3034 dudum
1789 2990 1937 3036 stant
1987 2998 2086 3052 pro

508 3074 707 3132 foribus
739 3077 863 3143 tuis,
886 3084 1096 3146 tempus
1121 3084 1177 3130 et
1203 3089 1381 3144 regem
1405 3092 1603 3132 mensae
1624 3077 1982 3146 opperientes.
2004 3078 2082 3135 Tu

2186 1877 2388 1932 cientes
2414 1876 2627 1945 quando
2659 1884 2712 1931 te
2731 1874 2965 1930 videant.
2991 1873 3108 1927 Tibi
3128 1871 3500 1941 impenduntur
3523 1873 3716 1922 cuncto-

2186 1984 2303 2022 rum
2334 1951 2550 2038 inopu'm
2579 1982 2766 2037 preces
2794 1973 2846 2021 et
2872 1972 2997 2020 vota
3022 1964 3299 2019 debilium.
3347 1959 3477 2015 Vide
3517 1972 3579 2012 ne
3626 1966 3716 2008 tam

2184 2060 2305 2129 pios
2332 2067 2539 2112 mutare
2566 2066 2826 2126 cogantur
2852 2054 3089 2119 affectus,
3114 2054 3243 2109 etin
3272 2051 3535 2122 querelam
3559 2059 3717 2118 preces

2185 2159 2424 2219 vertant;
2457 2159 2511 2206 et
2538 2150 2818 2206 adversum
2844 2157 2899 2204 te
2927 2149 3057 2203 editi
3084 2147 3331 2216 gemitus,
3360 2159 3489 2214 quos
3516 2137 3718 2195 necessi-

2187 2253 2269 2298 tas
2308 2242 2686 2307 laborantium,
2737 2249 2791 2295 te
2820 2256 2925 2295 non
2954 2240 3265 2295 miserante.
3299 2232 3545 2291 confectis
3563 2238 3719 2284 extor-

2188 2334 2335 2397 serit,
2370 2333 2560 2389 feriant
2588 2342 2642 2387 et
2688 2333 2915 2386 invitent
2959 2332 3116 2404 (forte
3166 2330 3397 2396 irritent)
3428 2333 3618 2395 patrem
3652 2333 3723 2372 or-

2188 2427 2506 2497 phanorum,
2526 2424 2760 2491 judicem
2787 2422 3085 2487 viduarum,
3113 2428 3169 2474 et
3198 2426 3585 2488 eompassorem
3611 2422 3725 2480 pau-

2189 2531 2376 2587 perum
2406 2515 2572 2569 Deum
2606 2512 2649 2569 ι.

2258 2604 2312 2659 8.
2353 2606 2494 2659 Cave
2524 2604 2693 2674 ipsum
2716 2612 2769 2659 te
2788 2600 3157 2657 tantummodo
3203 2613 3372 2665 ames,
3402 2597 3443 2651 si
3489 2604 3540 2649 te
3581 2604 3725 2651 amas.

2188 2699 2311 2768 quia
2339 2696 2630 2765 iniquitatis
2658 2703 2739 2751 est
2764 2695 2865 2749 ista
2910 2693 3154 2756 dilectio;
3186 2700 3243 2744 et
3274 2691 3356 2763 qui
3384 2687 3544 2758 diligit
3568 2681 3727 2751 iniqui-

2190 2797 2361 2853 tatem,
2387 2788 2514 2851 odit,
2548 2795 2605 2840 ut
2634 2786 2887 2856 scriptum
2914 2792 3015 2849 est,
3038 2785 3270 2837 animam
3292 2795 3470 2835 suam:
3498 2770 3727 2848 plenitudo

2188 2888 2359 2932 autem
2385 2879 2511 2951 legis
2557 2887 2632 2932 est
2657 2878 2861 2932 dilectio
2889 2878 3112 2949 proximi
3142 2885 3201 2941 ιη,
3234 2873 3381 2945 quod
3402 2869 3565 2927 omnis
3590 2868 3728 2921 homo

2186 2971 2390 3025 homini
2419 2980 2502 3025 est
2546 2971 2899 3040 germanitate
2928 2976 3148 3023 naturae.
3205 2966 3401 3022 Parem
3425 2976 3544 3031 ergo
3572 2970 3727 3015 curam

2189 3062 2266 3115 tui
2294 3069 2349 3116 et
2378 3063 2626 3131 pauperis
2655 3076 2801 3131 gere,
2828 3068 2888 3115 ut
2936 3058 3161 3114 imiteris
3188 3058 3513 3113 imitatorem
3538 3046 3724 3107 Christi,

506 3168 758 3223 convivas
805 3168 1034 3221 moraris
1066 3185 1078 3219 :
1130 3182 1287 3221 curre
1335 3167 1614 3234 sollicitus,
1643 3182 1711 3221 ne
1736 3168 1935 3223 diutius
1964 3185 2073 3222 ma-
2110 3164 2156 3226 C
2186 3170 2294 3209 ηοη
2326 3154 2440 3219 tibi,
2470 3154 2560 3210 56d
2587 3155 2705 3210 aliis
2734 3154 2883 3209 Utilia
2931 3152 3187 3218 curando.
3246 3161 3308 3206 υῑ
3347 3150 3426 3205 “li
3475 3140 3728 3216 ίωΡθθδίυε

507 3264 671 3310 neant
710 3256 1043 3324 jcjunantes;
1076 3264 1131 3311 et
1180 3257 1373 3325 injuria
1413 3273 1598 3311 eorum
1626 3258 1892 3312 excitetur
1918 3260 1963 3313 is
1989 3261 2080 3329 qui

508 3350 630 3404 fecit
651 3350 792 3418 illos,
813 3357 869 3404 et
894 3351 987 3418 qui
1010 3350 1131 3405 illos
1152 3351 1297 3404 bono
1326 3358 1418 3404 tuo
1448 3365 1710 3420 pauperes
1734 3349 1860 3405 fecit
1884 3361 1928 3403 ⁸.
1950 3351 2081 3406 Nam

509 3448 779 3509 potuerat,
836 3439 1188 3508 dilectissimi,
1240 3439 1495 3494 Dominus
1546 3440 1888 3509 omnipotens
1931 3457 2083 3510 teque

507 3535 784 3589 universos
811 3533 1002 3588 divites
1029 3532 1231 3599 facere,
1254 3540 1312 3587 ut
1338 3548 1497 3588 nemo
1551 3532 1814 3600 indigeret
1859 3532 2031 3589 altero
2065 3552 2078 3589 :

505 3626 602 3682 sed
650 3623 869 3680 infinita:
915 3626 1169 3680 bonitatis
1188 3625 1414 3681 consilio
1441 3626 1519 3680 sic
1543 3625 1754 3695 paravit
1777 3625 2083 3683 misericdrs

504 3726 563 3772 et
590 3717 873 3772 miserator
893 3716 1170 3781 Dominus,
1220 3725 1277 3771 ut
1303 3724 1449 3771 tuam
1482 3719 1537 3770 in
1566 3716 1668 3772 illis
1696 3724 1929 3772 mentem
1958 3728 2086 3786 pro—

506 3807 617 3861 bet.
642 3807 790 3863 Fecit
812 3808 1085 3871 miserum,
1119 3816 1181 3862 ut
1206 3814 1524 3876 agnosceret
1544 3807 1963 3863 misericordem.
1989 3807 2085 3862 Fc-

505 3902 578 3957 cit
606 3902 839 3971 inopem,
872 3910 931 3956 ut
986 3909 1267 3956 exerceret
1299 3901 1630 3970 opulentum.
1676 3900 1902 3956 Materia
1947 3901 2083 3955 divi-

505 3992 699 4047 tiarum
730 3993 823 4047 tibi
854 3996 938 4048 est
960 3992 1191 4048 fraterna
1220 4000 1522 4061 paupertas,
1545 3992 1588 4046 si
1637 3992 1901 4060 intelligas
1922 4008 2083 4062 super

506 4096 732 4150 egenum
754 4090 810 4136 et
838 4096 1131 4152 pauperem
1160 4080 1203 4147 ί;
1232 4096 1331 4135 nec
1359 4080 1454 4133 tibi
1484 4088 1692 4133 tantum
1720 4080 1921 4137 habeas
1939 4081 2082 4149 quod

506 4174 783 4243 accepisti,
813 4175 938 4242 quia
962 4173 1081 4227 ideo
1102 4180 1157 4227 et
1184 4172 1324 4226 illius
1352 4180 1559 4239 partem
1582 4171 1677 4225 tibi
1698 4170 1753 4225 in
1782 4171 1886 4226 hoc
1898 4172 2081 4227 seculo

507 4266 735 4320 contulit
781 4264 939 4329 Deus,
991 4270 1050 4318 ut
1104 4263 1199 4317 tibi
1251 4262 1471 4317 deberet
1514 4262 1770 4330 quidquid
1816 4262 1858 4294 ³⁸⁵
1878 4262 1944 4317 de
1972 4265 2082 4320 suis

506 4355 665 4425 donis
692 4364 786 4409 tuo
815 4354 1119 4409 voluntario
1152 4352 1343 4408 all'ectu
1390 4352 1748 4420 indigentibus
1776 4353 2078 4419 obtulisses,

508 4462 572 4502 ac
600 4455 653 4501 te
681 4446 916 4500 vicissim
964 4445 1017 4499 in
1064 4452 1265 4498 acterna
1295 4443 1385 4497 die
1426 4442 1492 4496 de
1521 4442 1661 4496 illius
1688 4452 1841 4511 parte
1863 4441 2077 4498 ditaret.

2182 3244 2294 3300 Deo
2320 3260 2448 3300 cura
2478 3246 2547 3300 sit
2570 3254 2618 3298 η.
2655 3246 2784 3302 Vide
2811 3246 2955 3300 enim
2976 3252 3174 3315 quanto
3196 3244 3423 3298 crimine
3445 3248 3496 3296 te
3512 3234 3728 3307 superbia

2182 3343 2275 3390 aut
2303 3336 2527 3391 avaritia
2556 3337 2825 3391 discernat
2853 3338 2919 3391 ab
2948 3352 3033 3401 eo,
3065 3336 3150 3390 cui
3181 3341 3236 3389 te
3268 3334 3409 3389 Deus
3448 3342 3601 3401 opere
3647 3338 3728 3378 suo

2175 3428 2373 3500 junxit.
2406 3428 2586 3484 Relice
2616 3428 2939 3483 esurientem
2964 3429 3219 3490 animam,
3252 3434 3309 3482 et
3339 3440 3445 3480 non
3471 3416 3668 3476 timebis
3685 3415 3731 3467 in

2182 3520 2270 3575 die
2301 3519 2444 3575 malo
2473 3520 2540 3574 ab
2563 3520 2640 3573 ira
2667 3519 2708 3551 ¹⁶
2729 3524 3134 3588 superventura.
3160 3517 3357 3571 Beatus
3383 3515 3533 3579 enim,
3562 3505 3728 3577 inquit.

2180 3615 2266 3685 qui
2292 3613 2532 3683 intelligit
2559 3628 2712 3684 super
2735 3627 2948 3682 egenum
2977 3619 3024 3664 et
3050 3626 3351 3680 pauperem,
3396 3609 3453 3662 in
3501 3603 3579 3658 die
3615 3596 3733 3653 male

2182 3708 2419 3764 liberabit
2460 3724 2576 3762 eum
2622 3706 2875 3763 Dominus
2898 3708 2947 3760 °.
2991 3703 3229 3775 Operare
3285 3705 3447 3775 igitur
3491 3707 3545 3755 et
3568 3690 3736 3751 excole

2181 3802 2323 3857 hanc
2368 3800 2645 3871 regionem
2702 3807 2858 3853 terrae
2906 3805 3027 3861 tute,
3059 3795 3246 3861 frater,
3278 3803 3341 3849 ut
3380 3789 3632 3861 germinet
3653 3779 3735 3835 tibi

2182 3895 2384 3963 frugem
2412 3893 2661 3956 fertilem,
2690 3892 2902 3962 plenam
2924 3889 3079 3958 adipe
3104 3886 3382 3951 frumenti,
3412 3895 3596 3949 magno

2182 3984 2367 4038 fenore
2417 3982 2766 4037 centesimum
2796 3980 2890 4033 tibi
2918 3977 3149 4033 fructum
3178 3972 3517 4046 multiplicati
3542 3972 3739 4023 seminis

2181 4080 2493 4135 all‘erentem
2527 4090 2571 4132 ιν.
2620 4076 2680 4131 In
2705 4076 2862 4144 hujus
2902 4074 2984 4129 vel
3012 4071 3373 4143 possessionis
3402 4066 3486 4122 vel
3512 4058 3737 4130 negotia-

2182 4170 2344 4224 tionis
2372 4168 2669 4238 appetitum
2698 4171 2752 4219 et
2779 4163 3010 4218 studium
3040 4168 3225 4217 sancta
3276 4168 3331 4214 et
3382 4151 3622 4213 salutaris
3667 4151 3741 4200 est

2183 4261 2441 4315 avaritia:
2496 4273 2621 4312 nam
2682 4256 2804 4310 talis
2847 4252 3125 4324 cupiditas,
3153 4266 3272 4319 quae
3299 4262 3522 4318 reg-num
3543 4239 3745 4297 cmleste

2181 4359 2419 4406 meretur
2459 4356 2515 4402 et
2564 4348 2765 4403 bonum
2813 4359 3049 4415 perenne
3078 4341 3382 4405 desiderat,
3413 4336 3563 4392 radix
3590 4334 3741 4385 bono.

2183 4459 2302 4498 rum
2329 4450 2428 4496 est.
2462 4440 2617 4494 Tales
2646 4439 2824 4507 igitur,
2872 4443 2931 4490 ut
2971 4448 3131 4504 supra
3180 4432 3379 4487 dictum
3408 4436 3510 4492 est,
3554 4420 3747 4507 divitias

510 4533 614 4591 Per
635 4536 780 4605 ipsos
799 4536 939 4590 enim
969 4551 1108 4590 nunc
1129 4535 1320 4603 accipit
1338 4532 1598 4598 Christus,
1622 4540 1676 4586 et
1699 4540 1823 4587 tunc
1843 4549 1940 4603 pro
1966 4534 2091 4603 ipsis
2117 4545 2170 4606 1)
2193 4533 2569 4602 concupiscite,
2622 4538 2675 4585 et
2703 4526 3006 4596 huiusmodi
3061 4523 3334 4594 possidete
3365 4497 3747 4591 patrimonium,

511 4627 789 4697 rependet.
826 4625 992 4681 Docet
1020 4627 1160 4680 enim
1189 4641 1287 4680 nos
1314 4633 1368 4679 et
1396 4624 1733 4693 evangelicus
1758 4624 1848 4678 ille
1871 4624 2026 4681 dives
2053 4641 2083 4679 a

515 4726 737 4782 tartaro,
792 4724 848 4771 et
894 4718 949 4771 in
1006 4716 1231 4770 Abraha:
1277 4717 1398 4770 sinu
1440 4714 1551 4783 jam
1572 4730 1682 4769 non
1710 4715 1987 4770 mendicus
2009 4716 2084 4785 (ὁ)

515 4806 821 4870 Eleazarus,
849 4807 940 4874 qui
968 4807 1018 4859 in
1043 4807 1132 4859 illa
1156 4806 1351 4874 poenali
1382 4804 1618 4859 ardentis
1642 4804 1818 4859 divitis
1848 4814 2087 4875 egestate

514 4898 792 4965 rcfrigerio
807 4898 929 4952 vitae
952 4896 1204 4952 aﬂluebat
1225 4908 1283 4961 5;
1310 4897 1489 4961 docet,
1505 4896 1739 4965 inquam,
1756 4897 1892 4951 istud
1913 4912 2088 4951 exem-

516 4991 685 5061 plum,
708 4991 1124 5044 vicissitudinem
1147 5005 1264 5044 eese
1289 4990 1407 5044 istic
1427 4997 1484 5043 et
1513 4990 1619 5044 illic
1646 4990 1878 5044 humano
1903 4990 2085 5053 generi

515 5080 882 5145 distributam;
914 5080 1410 5148 repensandumqne
1440 5079 1544 5134 illic
1571 5079 1913 5149 pauperibus,
1943 5078 2086 5148 quod

594 5222 618 5249 ⁸
650 5211 784 5265 Psal.
818 5229 904 5274 xv,
942 5213 994 5267 9..

520 5282 741 5349 xvr,2l.
820 5283 1060 5337 uJulian.
1114 5280 1318 5344 xn,35.

1073 5213 1097 5251 ι’
1118 5212 1137 5266 Ι
1161 5212 1297 5266 Tim.
1324 5227 1381 5277 ιι,
1403 5210 1453 5264 4.
1481 5248 1493 5260 .
1533 5221 1555 5249 ο
1584 5210 1773 5264 Johan.
1794 5226 1883 5272 xv,
1918 5209 2002 5263 15.
2079 5222 2083 5242 ¹

2183 5208 2311 5261 atth.
2338 5223 2415 5274 χι,
2442 5206 2526 5277 ιζξ.
2604 5204 2802 5277 fProv.
2834 5219 2942 5277 xiv,
2974 5202 3060 5277 ‘5l_.

1404 5282 1418 5319 ί
1448 5282 1634 5335 Matth.
1669 5296 1792 5342 xxv,
1826 5280 1925 5345 21;
1958 5280 2087 5335 Luc.
2120 5295 2228 5340 ius,
2264 5278 2346 5331 17.

2184 4624 2327 4695 quod
2356 4623 2408 4676 in
2437 4630 2693 4677 centenos
2720 4617 2923 4673 fructus
2947 4614 3101 4670 vobis
3141 4613 3380 4669 creditor
3410 4610 3481 4679 (ε)
3511 4605 3747 4678 ρεηείιθι,

2186 4724 2248 4770 ut
2271 4722 2480 4768 vestros
2507 4725 2721 4780 quoque
2749 4709 3025 4763 vobiscum
3046 4707 3201 4761 bonis
3230 4702 3555 4775 perennibus
3581 4707 3754 4762 augea-

2188 4806 2256 4859 tis
2284 4803 2526 4858 heredes.
2561 4798 2833 4855 Possessio
2862 4799 3004 4853 enim
3032 4798 3145 4850 haec
3170 4811 3295 4848 vere
3324 4808 3517 4860 magna
3545 4796 3599 4843 et
3640 4799 3752 4853 pre-

2197 4896 2330 4949 tiosa
2358 4894 2520 4965 218
2545 4900 2646 4955 est,
2672 4904 2791 4959 qua:
2817 4903 3185 4958 possessorem
3213 4902 3365 4938 sumn
3417 4898 3524 4936 non
3553 4872 3753 4932 cumulo

2192 4983 2418 5039 seculari
2447 4988 2656 5045 onerat,
2685 4978 2780 5033 sed
2808 4978 2981 5032 reditu
3007 4977 3140 5029 ditat
3183 4984 3389 5030 teter-no
3417 4991 3427 5024 :
3463 4984 3581 5041 quze
3630 4967 3759 5019 lacte

2191 5084 2245 5130 et
2274 5074 2433 5129 melle
2459 5081 2660 5137 manat,
2691 5079 2744 5125 et
2772 5086 2879 5124 non
2906 5068 2972 5123 de
3009 5068 3309 5122 alvearibus
3356 5078 3532 5131 neque
3561 5054 3758 5129 pecori-

3138 5200 3161 5240 ί
3192 5200 3325 5255 Psal.
3354 5216 3442 5251 χι..
3462 5196 3515 5249 "2.
3591 5204 3616 5241 ις
3641 5192 3758 5245 Luc.

2426 5278 2438 5326 ι
2475 5274 2641 5329 Exod.
2674 5290 2827 5339 χχιιι,
2865 5260 2948 5327 15.
3024 5273 3049 5308 li
3082 5272 3262 5327 lTim.
3294 5285 3371 5330 ιιι,
3406 5266 3497 5339 15.
3577 5260 3759 5339 ι-,Ρδέξι-

519 5329 688 5419 iit-JH:
836 5329 1417 5418 m'D-saliixrtig'liorn.
1448 5329 1925 5416 ἓιῖίξῖιὸζῑέιὶεῗέιζ
1954 5329 2086 5404 libr.“
2116 5329 2343 5403 E’i'coi;
2390 5362 2446 5412 ι,
2475 5346 2564 5400 '55.
2642 5353 2668 5381 ο
2693 5329 2826 5400 Τοὶιξ
2886 5359 2957 5407 tv,
2990 5340 3090 5408 11;
3121 5341 3261 5396 Psal.
3288 5329 3374 5403 XL,
3406 5337 3461 5391 2.
3537 5346 3562 5385 P
3584 5329 3765 5388 Matth.

520 5440 637 5490 xm,
668 5425 721 5477 8.

591 5537 674 5622 (al
707 5535 1223 5622 Sic'emepdav‘imus
1239 5551 1305 5589 ex
1327 5551 1454 5591 mss.
1478 5534 1608 5603 Reg.
1638 5541 1692 5589 et
1710 5533 1866 5589 Vien.
1889 5542 1945 5589 et
1964 5532 2092 5589 edit.

520 5608 697 5673 Chilll.
731 5608 831 5662 Alii
861 5608 1306 5677 codd.,largitus.

593 5681 666 5749 (ὁ)
707 5678 803 5733 Ms.
833 5678 988 5747 Reg.,
1018 5671 1360 5749 Eleaiaiglta
1384 5673 1599 5749 etapud
1627 5671 2099 5749 Prudentitlm_(_3a-

525 5742 803 5805 themerin.
828 5742 1011 5817 hymn.
1041 5747 1124 5817 10,
1158 5764 1207 5817 v.
1242 5745 1360 5798 151.
1394 5744 1616 5817 Eleazar
1643 5744 1698 5797 in
1720 5760 1847 5817 mss.
1880 5742 2094 5817 codici-

525 5823 624 5878 bus
668 5817 772 5885 legi
812 5812 1004 5874 asserit
1051 5816 1115 5871 N.
1149 5816 1395 5871 llcinsius
1426 5814 1477 5869 in
1508 5815 1667 5879 notis,
1718 5812 2096 5868 indeclinabile

2203 5544 2418 5591 nomen,
2473 5541 2568 5595 pro
2598 5524 2833 5579 Lazarus
2879 5522 2946 5578 de
2974 5522 3279 5595 quo_Lucas
3308 5519 3361 5595 in
3402 5514 3690 5595 Evangelio
3716 5523 3760 5595 (νἶ

2202 5576 2569 5663 'ie'bi
2778 5576 3303 5666 Videqmedixjmus
3331 5588 3399 5643 de
3428 5590 3530 5642 hac
3554 5576 3685 5639 voce
3703 5576 3763 5631 ad

2202 5662 2362 5739 epis‘t.
2390 5668 2461 5739 15
2491 5669 2555 5739 ad
2587 5662 2917 5739 Pam'tnac‘liq
2932 5662 3088 5739 “rium:
3120 5662 3201 5715 l7.

2274 5740 2345 5805 (ε)
2386 5738 2483 5792 Ms.
2520 5737 2667 5791 Vicu.
2698 5744 2752 5789 et
2779 5723 3128 5799 editiChiﬂl”
3149 5735 3343 5802 penset.
3367 5723 3469 5781 Ms.
3496 5723 3630 5792 Reg.
3652 5731 3767 5775 cum

2202 5809 2361 5866 editis
2387 5817 2635 5877 quatuor,
2663 5806 2883 5860 creditos
2911 5806 3151 5868 pensitu.
