3988 6176
172 349 270 406 3ξ9

1484 362 1815 420 ΕΡΙΒΤΟΙΑ
1859 366 2072 423 XXXV.

3301 381 3407 439 5'50

168 461 258 515 bus
285 475 601 530 expressum
647 464 881 522 dulcium
933 477 1120 526 nectar
1165 472 1454 542 liquorum,
1501 477 1596 533 sed
1641 494 1738 549 per
1764 486 1812 541 Α
1843 487 1949 534 tem
1979 491 2097 536 orat
2118 491 2283 537 tuam.
2307 483 2422 540 Non
2449 487 2534 541 sui
2559 488 2902 558 negligentes,
2924 493 3016 547 sed
3037 509 3219 552 amore
3238 506 3414 557 trans-

163 552 375 608 flumina
402 553 520 608 laeta
543 553 792 610 diffusum
818 559 928 614 suis
953 563 1158 630 praebet
1184 567 1450 634 agricolis.

229 643 281 699 9.
322 643 543 712 Verum,
566 647 914 717 dilectissimi,
939 670 1048 708 non
1069 656 1244 711 solum
1267 666 1324 711 ut
1355 659 1498 716 bona
1538 671 1736 719 :nterna

166 736 433 806 qumratis,
487 737 582 792 sed
639 749 699 794 ut
736 743 873 798 mala
900 745 1180 802 innumera
1208 750 1379 806 vitare
1405 756 1737 823 mereamini,

170 828 407 898 praesenti
456 829 818 888 sollicitudine
867 844 922 891 et
972 837 1157 894 sedula
1185 843 1501 912 operatione
1519 844 1738 914 justitize

167 916 457 988 providete.
487 918 680 990 Magno
708 924 851 978 enim
881 925 1148 996 adjutorio
1168 939 1330 1000 atque
1357 934 1606 1003 prmsidio
1633 952 1735 992 no-

169 1009 240 1064 bis
256 1026 394 1081 opus
420 1020 523 1078 est,
548 1022 604 1068 et
631 1017 916 1073 multarum
955 1030 1118 1092 atque
1164 1024 1582 1084 indelicientium
1607 1045 1735 1086 ora-

171 1099 359 1152 tionum
388 1103 706 1169 patrociniis
725 1106 1042 1178 indigemus.
1066 1112 1416 1172 Adversarius
1440 1119 1582 1174 enim
1635 1137 1735 1176 no-

168 1199 264 1245 ster
289 1208 402 1247 non
433 1195 680 1264 quiescit,
713 1207 770 1253 et
797 1200 850 1255 in
877 1212 1125 1259 nostrum
1151 1208 1376 1277 pervigil
1430 1211 1600 1267 hostis
1653 1213 1736 1268 in-

168 1282 371 1337 teritum
394 1285 608 1341 obsidet
635 1304 822 1347 omnes
848 1293 963 1350 vias
987 1306 1201 1356 nostras
1223 1309 1270 1366 α,
1302 1315 1653 1374 egressusque
1681 1313 1737 1361 et

170 1373 327 1430 aditus
369 1379 614 1434 omnium
660 1381 944 1453 diligenter
997 1390 1277 1458 explorat;
1321 1395 1736 1466 uniuscujusque

170 1475 386 1543 vestigiis
405 1491 591 1532 comes
604 1478 919 1538 indiscretus
933 1484 1011 1554 (id
1033 1493 1107 1538 est
1123 1487 1508 1558 inseparabilis;
1527 1493 1628 1548 uid.
1643 1509 1732 1566 ep.

169 1563 240 1630 Ἡ),
267 1583 320 1621 ιι.
344 1567 402 1637 1)
431 1568 685 1638 anigitur,
708 1589 772 1628 ac
801 1573 878 1645 (a)
907 1592 1064 1647 sepes
1091 1583 1393 1650 egressibus
1415 1587 1612 1641 nostris
1638 1563 1737 1642 ob-

172 1662 281 1731 iicit,
311 1673 369 1718 et
395 1665 622 1733 pedibus
649 1667 936 1737 interserit,
972 1681 1031 1726 ut
1056 1674 1106 1728 in
1131 1676 1291 1746 plano
1320 1692 1534 1748 quoque
1563 1680 1734 1736 laten-

176 1761 260 1807 tem
285 1754 557 1810 salebram
585 1758 725 1815 male
749 1770 937 1818 cautus
958 1765 1216 1824 oflendas.
1275 1768 1425 1826 Unde
1473 1774 1732 1843 scriptum

1841 568 1968 635 lato,
2002 571 2056 624 in
2086 579 2140 626 te
2163 574 2390 642 quisque
2417 591 2475 630 se
2503 576 2692 647 diligit,
2724 589 2777 634 et
2801 589 2945 638 tuam
2973 585 3136 639 vitam
3165 604 3271 644 sua:
3291 593 3414 646 vita:

1840 669 2118 729 precatur;
2150 665 2273 732 quia
2297 675 2419 720 tuus
2449 667 2649 724 fructus
2670 672 2808 728 illius
2834 674 2942 729 vita
2978 685 3084 744 est,
3114 688 3168 733 et
3218 680 3415 740 divitiae

1839 758 1944 804 tua:
1973 752 2113 806 illius
2140 769 2292 823 opes,
2323 756 2401 827 (ά)
2451 767 2507 812 et
2553 771 2899 832 paupertates
2923 775 3029 824 tuae
3054 769 3194 826 illius
3221 773 3417 830 divitia:

1837 853 1980 898 sunt.
2012 845 2070 900 In
2093 849 2340 904 omnibus
2363 853 2603 910 ecclesiis
2627 872 2724 926 pro
2751 867 2806 914 te
2849 872 3056 931 rogant,
3087 864 3140 920 in
3170 869 3418 926 omnibus

1839 935 2032 1004 plateis
2061 939 2156 994 tibi
2175 942 2550 1010 gratulantur;
2580 955 2635 1003 et
2660 949 2712 1004 in
2744 951 2877 1009 locis
2898 957 3119 1026 singulis
3170 960 3236 1014 ad
3265 977 3418 1018 com-

1839 1033 2284 1090 memorationem
2334 1038 2413 1092 tui
2467 1042 2698 1097 nominis
2735 1048 3015 1117 eriguntur
3036 1051 3419 1110 benedicentes

1837 1117 2142 1188 Dominum,
2171 1133 2226 1178 et
2254 1126 2532 1185 absentem
2562 1139 2616 1186 te
2645 1134 2697 1188 in
2745 1138 2856 1193 suis
2897 1141 3139 1197 manibus
3190 1159 3418 1200 exoscu-

1837 1205 2016 1262 lantur
2037 1212 2103 1265 ³⁸.
2136 1212 2362 1284 Semper
2387 1224 2440 1271 te
2465 1220 2668 1288 vident,
2699 1235 2755 1279 et
2800 1244 3084 1298 numquam
3118 1241 3169 1289 te
3197 1249 3303 1288 non
3337 1237 3416 1290 vi-

1835 1297 1982 1364 dent,
2014 1301 2140 1368 quia
2187 1305 2367 1360 animo
2397 1310 2850 1384 complectuntur,
2900 1297 3006 1388 quo
3035 1325 3301 1379 cernimus
3320 1327 3417 1382 ab—

1833 1399 2032 1450 sentes.
2091 1395 2384 1467 lnscriptus
2428 1418 2488 1458 es
2527 1407 2670 1460 enim
2708 1419 2765 1464 et
2788 1411 3076 1482 impressus
3103 1419 3416 1477 "cordibus

1835 1493 2021 1537 eorum
2051 1501 2148 1555 per
2175 1490 2397 1545 multam
2427 1502 2573 1548 tuam
2606 1498 2658 1552 in
2705 1515 2800 1556 eos
2849 1503 3254 1561 humanitatem.
3306 1509 3415 1566 Nec

1833 1567 2028 1627 famem
2057 1585 2323 1648 metuunt,
2353 1586 2525 1639 securi
2548 1588 2788 1644 ciborum
2813 1601 3024 1648 tuorum
3053 1615 3066 1650 :
3097 1613 3274 1666 neque
3296 1600 3412 1654 bie-

1835 1673 1975 1713 mem
1998 1665 2399 1736 pertimescunt,
2433 1675 2555 1743 quia
2584 1685 2639 1730 tu
2666 1683 2928 1747 prmvenis
2949 1692 3004 1738 c’t
3025 1665 3267 1741 excludis
3298 1688 3414 1744 bie—

1834 1763 1975 1804 mem
2003 1755 2231 1810 vestium
2263 1773 2581 1830 praeparatu.
2623 1768 2810 1824 Beatus
2838 1773 3005 1834 homo,
3038 1793 3184 1846 quem
3213 1780 3413 1834 veniens

171 1857 240 1902 est
265 1867 277 1903 :
307 1849 447 1906 Sunt
477 1854 574 1907 via:
601 1871 716 1925 qum
742 1857 978 1915 videntur
1005 1861 1294 1918 hominibus
1341 1867 1535 1936 planae,
1566 1872 1737 1924 novis-
1767 1859 1814 1917 Β
1841 1839 2094 1900 υοῃήηω
2122 1849 2340 1905 inveniet
2363 1855 2435 1908 ila
2458 1859 2731 1925 faciemem
2762 1862 2810 1916 η

173 1939 285 1992 rima
306 1952 478 1996 autem
497 1960 676 2000 earum
699 1949 912 2002 tendunt
936 1953 992 2005 in
1021 1953 1281 2024 infernum
1311 1955 1359 2011 ι).
1398 1957 1551 2025 Quod
1575 1962 1619 2016 si
1647 1978 1734 2018 se-

177 2043 314 2084 curus
335 2032 385 2084 in
412 2033 599 2101 plano,
631 2050 805 2104 neque
829 2048 1018 2098 cautus
1038 2043 1092 2098 in
1117 2044 1322 2102 lubrico
1335 2048 1570 2112 decidas.
1587 2052 1733 2110 illico

186 2119 335 2183 irruit,
363 2133 412 2177 et
435 2123 648 2194 lapsum
676 2131 899 2198 premit;
932 2149 1032 2190 nec
1058 2138 1229 2204 parcit
1255 2140 1504 2198 omittere
1532 2146 1595 2214 "’,
1626 2147 1734 2203 nisi

184 2210 358 2282 frangat
375 2223 431 2270 et
450 2217 698 2274 devoret.
720 2219 824 2276 Per
843 2233 1031 2280 cuncta
1053 2227 1216 2296 igitur
1234 2247 1397 2299 cave;
1419 2234 1546 2290 dum
1569 2210 1732 2294 infers

175 2299 358 2368 pedem,
389 2316 586 2362 cuneta
615 2310 982 2382 circumspice.
1009 2316 1088 2372 Ex
1119 2322 1366 2380 omnibus
1395 2327 1535 2382 enim
1564 2332 1732 2398 parti.

169 2391 252 2448 bus
275 2397 498 2454 zabulus
527 2401 791 2468 imminet,
824 2408 958 2462 sicut
983 2411 1062 2465 leo
1093 2424 1304 2482 paratus
1330 2419 1402 2472 ad
1421 2391 1653 2491 praedam
1682 2436 1728 2484 α.

167 2480 324 2556 Neque
378 2489 486 2559 ipsi
536 2499 693 2549 terra:
743 2503 847 2551 tuae
897 2480 1105 2568 credas,
1137 2520 1396 2576 suspenso
1421 2480 1534 2579 tibi,
1563 2515 1730 2574 immo

166 2581 348 2636 munito
409 2581 510 2652 (ιν.
543 2594 656 2640 not.
689 2586 812 2658 178)
843 2590 1112 2648 calcanda:
1141 2599 1368 2667 vestigio
1401 2621 1414 2655 :
1445 2619 1564 2674 qua:
1602 2623 1729 2678 pec-

161 2677 314 2726 caan
365 2674 533 2744 primi
577 2680 746 2747 patris
773 2683 826 2736 in
874 2684 1116 2742 universa
1145 2688 1419 2750 hominum
1442 2713 1605 2755 carne
1632 2718 1728 2758 co-

164 2773 426 2828 gnoscens,
457 2767 627 2836 spinis
655 2779 709 2825 et
738 2773 949 2830 tribulis
966 2777 1085 2843 ",et
1110 2786 1448 2853 serpentibus
1460 2804 1524 2845 ac
1543 2790 1729 2852 bestiis

165 2852 304 2923 ferax,
362 2862 691 2918 sententiam
721 2864 994 2926 Creatoris
1020 2877 1354 2945 exsequitur.
1383 2881 1562 2939 Multae
1592 2903 1728 2955 prte-

161 2952 282 3000 terea
335 2949 504 3006 nobis
545 2951 600 3005 in
649 2953 752 3010 hoc
781 2959 965 3015 seculo
993 2977 1200 3032 cruces,
1233 2967 1510 3028 innumera
1537 2974 1728 3033 discri-

161 3036 644 3104 mina,-morborum
667 3045 834 3114 labes,
861 3049 1085 3110 febrium
1109 3057 1258 3124 ignes
1283 3069 1337 3115 et
1356 3063 1601 3122 dolorum
1621 3069 1725 3126 tela

157 3140 450 3189 grassantur
504 3135 558 3190 in
601 3138 826 3208 animas,
875 3147 1223 3215 cupiditatum
1252 3153 1396 3211 faces
1426 3158 1499 3230 (b)
1529 3175 1724 3218 accen-

2315 1941 2645 2001 EPISTOLA
2677 1951 2691 1970 ⁶
2722 1950 2935 2008 XXXV.

1835 2019 2090 2080 Paulinus
2111 2033 2432 2110 commendat
2455 2035 2697 2110 Delphini
2719 2042 2949 2110 precibus
2969 2045 3197 2099 animum
3218 2046 3411 2102 demor-

2241 2103 2313 2155 tui
2335 2106 2513 2174 [ratris
2543 2103 2642 2173 sui,
2673 2103 2726 2162 el
2745 2113 2987 2182 seipsum.

1901 2184 2221 2247 Beatissimo
2249 2203 2306 2250 ct
2333 2201 2629 2256 Venerabili
2667 2219 2882 2273 semper
2915 2209 3070 2265 nobis
3100 2211 3172 2282 (e)
3202 2211 3410 2268 deside-

1831 2282 2140 2339 rantissimo
2169 2283 2314 2342 Patri
2343 2289 2638 2362 DELPHINO,
2666 2294 2950 2355 PAULINUS.

1901 2373 2098 2432 Breves
2125 2389 2324 2436 sancta:
2371 2383 2671 2444 affectionis
2701 2397 2803 2445 tuae
2843 2392 3049 2448 litteras
3089 2411 3284 2464 magno
3329 2397 3408 2453 af-

1828 2461 1972 2520 fectu
2017 2468 2174 2524 nobis
2222 2473 2488 2542 copiosas,
2539 2476 2592 2532 in
2641 2488 2779 2548 toto,
2835 2500 2942 2552 quo
2969 2461 3408 2555 desideravimus,

1827 2557 1995 2613 corde
2047 2563 2399 2632 suscepimus.
2451 2566 2558 2622 Sed
2605 2572 2731 2638 quia
2761 2575 2902 2628 omni
2926 2575 3001 2629 rei
3033 2586 3227 2648 tempus
3254 2590 3330 2633 est
3361 2590 3406 2642 ε,

1831 2649 2022 2714 nunc,‘
2048 2657 2106 2703 ut
2153 2653 2207 2704 in
2248 2659 2492 2723 tempore
2536 2661 2979 2730 contristationis,
3010 2674 3219 2737 tempus
3246 2670 3409 2726 etiam

1826 2735 2101 2796 breviandi
2121 2747 2386 2802 sermonis
2407 2764 2527 2804 esse
2548 2751 2718 2806 visum
2738 2762 2840 2808 est.
2859 2753 3216 2814 Contristatos
3230 2769 3407 2816 autem

1825 2847 1928 2888 nos
1949 2835 2300 2895 vehementer
2324 2841 2574 2910 fatemur,
2602 2861 2710 2900 non
2741 2855 2847 2902 tam
2880 2849 2947 2905 de
2968 2852 3116 2906 obitu
3139 2855 3406 2924 corporali

1825 2925 2004 2983 fratris
2031 2933 2220 2998 nostri,
2249 2949 2408 3004 quam
2433 2937 2500 2992 de
2523 2940 2841 3008 negligentia
2872 2943 2988 3011 ejus
3025 2945 3268 3014 spiritali,
3301 2963 3405 3015 qua

1824 3016 2296 3086 relinquendarum
2344 3027 2463 3080 istic
2519 3030 2695 3098 potius
2737 3046 3007 3100 curarum,
3039 3050 3197 3104 quam
3226 3039 3405 3107 provi-

1823 3109 2120 3167 dendorum
2172 3115 2280 3173 illic
2332 3122 2693 3177 remediorum
2746 3141 2984 3193 memor,
3035 3129 3403 3199 posthabenda

157 3216 353 3290 duntur,
382 3224 583 3294 ubique
603 3234 850 3298 praetenti
870 3209 1040 3292 latent
1067 3239 1263 3310 laquei,
1297 3209 1722 3319 undiqtie'svtrivcti
1750 3229 1796 3292 Ο
2159 3217 2214 3319 {Et
2232 3216 2591 3319 Rmponenda
2614 3219 2922 3287 posmabuit
2947 3221 2997 3319 ’
3045 3223 3212 3290 Quem
3245 3243 3407 3296 "per.

158 3309 352 3370 horrent
381 3317 567 3384 gladii.
596 3322 737 3378 inter
763 3325 984 3382 insidias
1008 3338 1064 3385 et
1103 3309 1307 3404 pugnas
1336 3309 1727 3415 vita-transigi-

159 3409 237 3466 ιπ,
253 3413 306 3459 et
337 3422 445 3475 per
472 3410 623 3477 ignes
641 3412 831 3472 doloso
847 3418 1013 3476 cineri
1035 3428 1341 3493 suppositos
1362 3409 1717 3492 ambulamus.

211 3495 284 3549 to.
325 3497 504 3568 Igitur
531 3503 840 3576 priusquam
877 3510 928 3564 in
955 3513 1186 3583 aliquam
1216 3526 1484 3578 tantarum
1504 3529 1722 3594 :egritu-

154 3580 312 3642 diuum
343 3589 528 3646 labem
550 3610 677 3650 casu
706 3599 790 3652 vel
820 3604 1013 3659 merito
1054 3617 1208 3663 actus
1236 3611 1498 3685 incurras,
1529 3618 1718 3678 festina

151 3678 336 3736 medico
367 3695 658 3755 susceptus
685 3698 740 3743 et
759 3705 915 3748 carus
939 3695 1073 3761 fieri,
1097 3708 1153 3754 ut
1180 3702 1235 3757 in
1266 3678 1508 3777 tempore
1535 3729 1722 3771 neces-

147 3765 298 3824 sitatis
324 3782 580 3841 paratum
610 3777 810 3836 habeas
837 3787 1131 3845 remedium
1157 3794 1341 3851 salutis
1365 3765 1410 3854 έ.
1610 3765 1715 3874 est,

145 3864 339 3927 quando
371 3873 435 3920 tu
464 3869 611 3924 solus
654 3888 780 3929 oras
808 3891 906 3944 pro
935 3885 1023 3944 te;
1055 3891 1110 3936 et
1137 3884 1301 3950 aliud,
1331 3893 1548 3957 quando
1576 3864 1714 3952 mul;

144 3952 298 4010 titudo
327 3973 436 4027 pro
467 3967 522 4013 te
548 3962 690 4031 apud
719 3965 884 4020 Deum
916 3972 1166 4040 trepidat.
1217 3977 1297 4032 Tu
1347 3952 1512 4049 taces,
1553 3994 1610 4040 et
1641 3991 1712 4061 (c)

139 4057 243 4101 cum
272 4056 452 4118 taces,
485 4052 560 4108 illi
590 4070 688 4124 pro
718 4065 772 4113 te
800 4060 1049 4118 clamant.
1079 4065 1148 4122 Et
1169 4070 1350 4127 vident
1398 4084 1469 4140 te,
1498 4088 1553 4134 et
1579 4052 1714 4139 arri;

139 4136 268 4195 dent.
293 4143 589 4201 lnveniunt
619 4157 690 4214 te,
723 4159 778 4206 et
807 4153 1144 4225 adsalutant;
1177 4171 1231 4216 et
1252 4136 1503 4234 egestatis
1531 4181 1586 4228 et
1613 4175 1711 4229 de-

137 4228 342 4288 bilitatis
401 4235 766 4308 immemores,
823 4260 1050 4316 corpora
1102 4252 1339 4322 ipsorum
1370 4267 1461 4316 tua
1481 4265 1710 4323 sanitate

136 4331 464 4388 vegetamur,
489 4329 680 4385 animae
709 4339 801 4388 tuo
823 4346 1044 4406 aspectu
1085 4343 1384 4412 vigescunt.
1411 4351 1488 4408 Tu
1511 4357 1708 4428 quippe

134 4426 244 4479 ager
270 4417 385 4472 illis
413 4419 624 4488 fertilis,
655 4431 712 4478 tu
742 4425 933 4486 fundus
960 4447 1018 4487 es
1060 4438 1221 4508 219
1264 4417 1570 4502 fructuosus
1589 4417 1619 4514 ς.
1643 4417 1706 4508 ἐι

133 4499 193 4556 illi
219 4507 462 4564 vicissim
510 4513 605 4567 tibi
658 4514 894 4586 locuples
922 4529 978 4576 et
1004 4528 1239 4594 pretiosa
1262 4541 1528 4601 possessio
1558 4553 1700 4600 sunt.

132 4589 192 4646 Te
228 4595 355 4655 ﬁliis
403 4601 518 4658 suis
569 4605 880 4675 praeferunt,
911 4623 964 4666 et
993 4630 1094 4682 pro
1116 4625 1168 4673 te
1189 4622 1338 4688 prius
1361 4642 1520 4692 quam
1551 4633 1619 4687 de
1645 4651 1704 4690 se

130 4684 339 4755 quisque
367 4693 649 4759 sollicitus,
675 4705 768 4751 aut
787 4715 910 4755 cum
939 4719 1055 4772 sua,
1087 4717 1182 4762 aut
1209 4721 1334 4769 ante
1355 4733 1504 4773 suam
1555 4726 1700 4780 salu-

183 4808 205 4834 ·
234 4801 256 4856 1
281 4803 412 4894 Ret.
443 4807 582 4894 v,'_8.
612 4880 626 4894 _
657 4810 684 4850 δ
716 4811 872 4868 Prov.
900 4819 1115 4894 x1v_,l_2_._
1136 4832 1191 4878 et
1220 4842 1326 4890 xw,
1348 4831 1434 4887 25.
1515 4849 1536 4872 ε·
1568 4839 1663 4894 Psa

128 4882 251 4934 xm,
269 4873 364 4928 46.
450 4873 647 4934 κΕοοΙ.
680 4899 754 4945 ιιι,
781 4900 816 4949 ι,
843 4902 951 4941 sec.
977 4873 1190 4945 LXX."
1485 4873 1588 4974 xu:

181 5100 1012 5208 {al‘Hﬁ-‘Xiﬁn‘.’e‘tfdit:
1035 5124 1236 5208 οιιιηιη
1264 5150 1402 5205 saepe
1430 5156 1484 5191 se
1509 5149 1700 5208 gressi-

365 5174 376 5183 .
647 5182 657 5192 '
759 5167 765 5168 ,
809 5167 850 5170 __
887 5167 1009 5176 ,..-.-.
1040 5167 1236 5198 νιιιιιιο,
1264 5167 1400 5205 οωμσ
1430 5167 1484 5191 δε
1510 5167 1696 5208 (ιη’διςῑ-

249 5171 967 5274 gfltfirmetvertorvulgata
999 5193 1161 5274 lectio
1183 5216 1343 5268 quam
1376 5201 1696 5274 retinemus.

999 5236 1193 5251 ..ςμηυε
1225 5236 1343 5256 ...ι-.-

124 5236 245 5340 Viti;
262 5257 343 5340 ea
367 5260 483 5340 qtgc
503 5252 894 5340 piteceszscrurit
916 5236 1418 5340 eisubseqlmntu:

176 5307 404 5424 (ἐριδῌῆ
595 5331 648 5375 et
677 5307 1384 5412 οιιίιῗόιιῖιῗιῗῖ
1403 5317 1690 5424 ἰηειιάοεο,

225 5398 258 5424 (ι
302 5400 350 5424 Ie
405 5401 418 5413 '
531 5406 594 5424 ιιι·

120 5386 165 5428 ιιι
189 5382 350 5436 tmhis
387 5382 610 5444 videtur.

116 5448 562 5580 «nllﬂcl’lift‘lelluo
590 5464 753 5519 verba
793 5469 989 5528 absunt
1025 5492 1054 5530 a
1104 5493 1203 5536 ms.
1229 5485 1417 5544 codice
1448 5489 1598 5550 Vien.
1632 5506 1688 5554 et

122 5590 524 5698 Mt'f‘lli'llltaa
546 5611 1043 5698 qualuo'rcuummsf
1069 5618 1238 5676 Vatic.
1273 5627 1481 5695 Optima
1512 5635 1690 5692 lectio.

116 5663 169 5765 ξι
190 5676 330 5765 εξειυ,
357 5679 516 5765 seu};
563 5663 693 5726 inss-
732 5663 1238 5748 Reei'éi'vi'paTEI'
1259 5663 1692 5765 εζῖιῖἱῗὸῖιίῗιῗῖῗᾟὶ

142 5744 294 5765 ,....,..
335 5749 452 5765 ..πη
1012 5760 1022 5765 _
1067 5760 1093 5765 ,,
1137 5763 1144 5765 _

437 5739 576 5796 illius
591 5761 713 5813 opes
733 5727 1022 5822 patipertati
1041 5727 1221 5818 divite;
1235 5727 1393 5823 5.7.7.5

1673 4845 1707 4900 l.
1743 4854 1960 4949 Xivl',12.
2039 4856 2063 4896 ά
2089 4860 2225 4949 βέλη.
2253 4881 2326 4949 tu:
2359 4869 2441 4924 'l8.
2523 4883 2545 4910 ε
2578 4874 2742 4949 Eccli.
2771 4898 2990 4949 xxxvut,
3012 4886 3062 4942 Ἰ.

1773 4923 1788 4958 ί
1825 4923 1952 4980 Luc.
1983 4945 2071 4996 xv,
2091 4931 2174 4987 15.

182 4985 200 5004 ⁹
232 4987 391 5042 Alias
443 4990 544 5058 i9;
578 5007 697 5062 quae
725 5009 904 5056 autem
954 5002 1024 5057 55
1053 5019 1185 5075 erat,
1215 5030 1355 5073 nunc
1378 5019 1468 5078 45.
1491 5024 1700 5100 Scripta
1729 5053 1874 5095 anno
1905 5042 2027 5099 405.

1831 3294 1930 3349 tuit
1955 3305 2012 3351 et
2042 3298 2129 3352 illa
2157 3303 2366 3369 potiora
2395 3322 2491 3376 pro
2539 3323 2598 3362 se
2627 3324 2837 3378 curare,
2866 3320 2921 3366 et
2947 3313 3060 3369 haec
3089 3294 3404 3386 temporalia

1825 3398 1925 3452 pro
1949 3385 2066 3440 filiis
2087 3403 2192 3444 non
2216 3397 2645 3461 praetermittere.
2664 3397 2818 3455 Unde
2838 3403 3070 3468 petimus
3098 3414 3156 3460 ut
3180 3385 3403 3476 paterna

1824 3473 2105 3533 affectione
2147 3486 2480 3554 compatiens
2526 3487 2651 3544 huic
2691 3499 2874 3544 nostro
2891 3490 3406 3555 dolori,mcminisse

1821 3562 2075 3631 digneris,
2107 3578 2162 3624 et
2187 3570 2334 3627 illum
2363 3577 2633 3645 quondam
2655 3579 2947 3647 spiritalem
2977 3585 3067 3638 tibi
3095 3584 3258 3641 filium
3283 3603 3406 3657 gra-

1823 3651 1896 3705 tia
1925 3652 2018 3708 Dei
2040 3654 2202 3713 fuisse
2217 3665 2576 3732 progenitum,
2600 3676 2653 3720 et
2675 3666 2794 3722 ideo
2815 3677 2918 3723 tua!
2939 3673 3244 3741 specialiter
3261 3651 3403 3733 cura:

1819 3740 1958 3797 hanc
1985 3760 2104 3800 esse
2131 3764 2369 3815 causam,
2402 3770 2470 3807 ne
2498 3755 2751 3824 pietatem
2777 3766 2944 3828 tuam,
2967 3778 3083 3832 qua:
3103 3767 3256 3821 nobis
3280 3768 3402 3825 filiis

1817 3834 2167 3905 gloriabatur,
2215 3841 2506 3912 dilapidata
2562 3846 2904 3903 hereditariae
2960 3855 3222 3922 portionis
3268 3860 3398 3912 sub-

1815 3927 2010 3980 stantia
2042 3931 2429 3987 conluudamus
2458 3933 2472 3970 ί
2504 3953 2516 3987 :
2545 3937 2639 3990 sed
2665 3938 2842 4006 potius
2864 3950 2922 3994 ut
2941 3943 3274 4001 orationibus
3296 3949 3400 4003 tuis

1817 4015 2152 4072 condonetur
2178 4020 2296 4088 tibi,
2328 4031 2387 4076 ut
2424 4033 2478 4078 et
2523 4025 2666 4080 illius
2694 4027 2926 4084 animam
2968 4033 3052 4086 vel
3079 4033 3146 4089 de
3174 4037 3398 4092 minimo

1815 4107 2116 4163 sanctitatis
2168 4113 2326 4182 220
2373 4120 2479 4167 tua:
2528 4115 2695 4184 digito
2740 4118 2814 4188 (ί)
2843 4119 3104 4177 distillans
3134 4123 3396 4192 refrigerii

1813 4201 1963 4258 gutta
2015 4211 2291 4268 respergat
2317 4204 2331 4254 ι
2358 4246 2372 4269 ,
2406 4215 2461 4259 et
2490 4209 2664 4275 nobis,
2690 4212 2814 4265 dum
2844 4221 3052 4285 tempus
3078 4227 3177 4284 est,
3208 4225 3394 4276 recur-

1813 4288 2053 4345 rentibus
2077 4293 2142 4346 ad
2173 4303 2226 4350 te
2255 4306 2310 4351 et
2348 4300 2737 4360 clamantibus:
2773 4307 2950 4377 Pater,
2986 4317 3302 4383 peccavimus
3339 4321 3392 4374 in

1811 4377 1989 4433 calum
2017 4391 2066 4436 et
2083 4384 2137 4437 in
2169 4395 2246 4450 te;
2272 4389 2388 4458 jam
2409 4409 2510 4447 non
2538 4412 2712 4450 smnus
2740 4399 2883 4469 digni
2907 4405 3078 4457 vocari
3102 4407 3201 4474 ﬁlii
3230 4409 3302 4460 tui
3331 4407 3352 4444 κ
3376 4427 3389 4460 :

1813 4481 1912 4534 pro
1943 4471 2278 4531 confessione
2308 4483 2512 4548 peccati
2545 4484 2720 4539 divina
2751 4489 3024 4546 miseratio
3053 4501 3107 4547 te
3156 4495 3388 4551 interve-

1809 4559 1990 4616 niente
2021 4579 2314 4624 succurrat.
2347 4571 2423 4628 Ne
2453 4591 2552 4645 pro
2585 4578 2828 4634 absumta
2860 4584 3026 4650 patris
3054 4589 3238 4640 interni
3260 4590 3391 4643 sub-

1809 4654 2024 4722 stantia,
2037 4672 2194 4726 quam
2208 4664 2444 4731 quotidie
2454 4679 2672 4738 peccata
2688 4655 2867 4728 nostra
2880 4676 3188 4747 dilapidant,
3204 4683 3393 4738 obrua-

1806 4755 1930 4794 mur
1940 4745 2143 4813 pudore
2164 4751 2445 4824 redeundi,
2462 4768 2513 4812 ct
2531 4759 2581 4815 in
2598 4761 2881 4835 longipqua
2899 4769 3116 4836 regione
3137 4771 3212 4843 (9}
3236 4788 3390 4828 com-

3145 4887 3162 4926 ί
3195 4887 3387 4948 Μιιῑιιια

2258 4936 2426 4995 iLuc.
2487 4947 2707 5013 ωλι.
2784 4936 3093 5024 λιυὲῗέὲ,
3129 4936 3210 5014 ιεζ

1836 5156 1954 5281 mle)
1973 5162 2068 5244 _Ita
2096 5182 2223 5224 mss.
2248 5168 2381 5240 Reg.
2405 5181 2461 5228 et
2489 5174 2642 5232 Vien.
2684 5183 2754 5237 At
2781 5183 2906 5240 editi
2930 5188 3147 5256 habent,
3175 5193 3383 5250 deside-

1894 5247 2088 5281 immo-

1808 5245 2088 5288 ratissrmo.

1990 5320 2091 5389 ipf.
2340 5313 2624 5373 destillans.
2684 5321 2774 5377 Sic
2828 5342 3015 5384 omnes
3055 5332 3271 5389 codices
3315 5335 3379 5388 ad

2223 5370 2248 5376 _,
2588 5370 2624 5373 ,_
2685 5370 2774 5377 ν,
2831 5370 3015 5384 .......w
3057 5370 3271 5389 νηηυω
3315 5370 3379 5388 du

1803 5370 1960 5471 epist.
1994 5373 2176 5471 25pm]
2205 5378 2568 5471 severum,”n.
2601 5389 2686 5454 55,
2737 5394 2786 5446 in
2819 5394 2943 5471 fine,
2987 5404 3133 5471 quasi
3160 5421 3301 5458 rores
3327 5409 3379 5459 in

1800 5437 1915 5522 hac.
1935 5445 2092 5540 saguli
2111 5516 2126 5540 Ι
2145 5459 2292 5540 nocte
2338 5437 2802 5540 destillilutjetii.
3160 5437 3381 5527 Ἀιζῖεέίὶιὲ

1799 5516 2072 5636 ἷιόρὶᾔηιέιε
2091 5516 2370 5577 destillare.
2405 5516 2639 5597 Utraque
3449 5583 3464 5596 ς

1873 5620 1887 5643 ,
2008 5620 2058 5636 υ.

2091 5659 2520 5746 ins.n\"_iennensi
2550 5671 2738 5728 codice
2784 5679 3204 5746 emendavimus,
3235 5699 3378 5737 com-

1795 5723 2003 5842 :‘norlati.
2031 5723 2171 5782 Edit.
2195 5727 2402 5802 Schot.,
2433 5723 2988 5804 comi.b”r}z}i'zc£."2{um
3009 5758 3128 5806 erat
3157 5723 3381 5814 gumm-

1825 5805 1890 5842 an
1917 5808 2044 5842 mm-

1825 5805 2044 5848 annum.
