3988 6176
537 381 633 437 351

1694 379 1750 433 S.
1785 375 2051 433 PAULINI
2090 372 2339 427 NOLANI
2379 371 2681 426 EPISCOPI

3666 370 3777 427 352

534 492 726 546 morati
759 493 811 546 in
856 491 1153 547 custodiam
1184 506 1467 560 cscamque
1507 504 1789 559 porcorum
1820 489 2098 557 indignam,

2212 482 2411 536 lumine
2440 482 2491 534 in
2522 479 2754 535 tenebris
2776 477 3085 533 ardentibus
3109 487 3399 532 a:stuantes
3429 477 3503 547 (c)
3555 478 3774 547 refrige-

534 582 677 650 quod
704 580 852 637 nefas
878 589 979 646 est,
1003 581 1333 635 deducamur
1356 582 1394 633 ³.

996 689 1322 745 EPISTOLA
1349 694 1368 711 '
1395 690 1629 745 XXXVI.

533 782 755 835 Amaudi
781 780 1177 850 Burdegalensis
1204 780 1483 849 presbyteri
1512 783 1743 849 precibus
1773 782 1999 834 animant
2023 781 2104 833 sui

606 854 803 923 fratris
836 862 884 904 et
914 850 1169 923 iseipsunt
1216 851 1555 923 commendat.
1606 851 2104 923 ,Successitmpostea

602 918 865 973 Amandus
906 920 991 972 ille
1027 918 1081 972 in
1126 918 1493 991 Burdegalensi
1532 922 1826 991 episcopatu
1880 918 1940 975 S.
1972 920 2102 973 Del-

605 993 779 1060 phina.
798 992 1006 1061 ietinter
1029 998 1243 1061 sanctos
1258 990 1367 1061 ipse
1385 1007 1579 1061 quoque
1606 990 1900 1046 recensetur
1926 992 1980 1044 in
2005 990 2106 1044 Ro-

605 1057 756 1113 mano
786 1058 1154 1129 Martyrologio
1185 1057 1251 1109 14
1272 1057 1478 1114 kalend.
1497 1057 1649 1114 Julii.

603 1150 800 1204 Sancto
822 1159 877 1203 et
896 1149 1087 1202 merito
1103 1150 1412 1216 venerabili,
1428 1166 1494 1205 ac
1504 1150 1846 1207 dilectissimo
1860 1149 2100 1216 Amano,

536 1239 822 1293 Pauuavs.

608 1331 658 1385 1.
676 1331 1042 1386 Dulcissimum
1064 1331 1172 1386 oris
1193 1332 1355 1387 vestri
1378 1341 1593 1401 gustum
1614 1332 1668 1387 in
1690 1332 1840 1388 brevi
1854 1333 2106 1388 sanctita-

528 1423 606 1476 tis
626 1430 815 1475 vestra:
835 1436 1084 1476 sermone
1113 1422 1412 1478 libavimus.
1431 1421 1563 1476 Nam
1590 1422 1728 1478 sicut
1755 1422 1928 1477 mellis
1954 1432 2105 1492 gutta

452 1570 457 1579 ,
537 1512 677 1566 idem
700 1511 838 1580 sapit
862 1511 1002 1579 quod
1023 1519 1169 1565 totus
1196 1509 1364 1575 favus,
1395 1512 1475 1566 sic
1501 1520 1556 1566 et
1585 1512 1637 1566 in
1666 1527 1774 1567 uno
1794 1512 1920 1567 licet
1938 1512 2104 1566 verbo

532 1602 856 1657 stillicidium
876 1601 1067 1669 lingua:
1084 1610 1274 1655 vestra:
1295 1609 1467 1656 totum
1487 1612 1684 1659 sancta:
1703 1605 1892 1658 animm
1913 1609 2105 1658 vestra:

533 1709 782 1762 saporem
832 1692 996 1747 refert
1027 1712 1040 1746 :
1068 1694 1193 1763 quia
1238 1694 1495 1763 quidquid
1546 1694 1614 1749 de
1659 1695 1802 1749 bono
1850 1696 2102 1749 thesauro

534 1778 816 1852 promitur,
863 1784 1060 1836 bonum
1114 1792 1274 1852 atque
1326 1786 1621 1854 pretiosum
1665 1794 1749 1840 est
1777 1796 1823 1838 ⁸.
1848 1784 1956 1841 Nec
1982 1785 2102 1841 ideo

521 1875 819 1940 margarita
846 1873 964 1926 vilis
984 1883 1084 1938 est,
1108 1875 1232 1943 quia
1252 1876 1471 1943 exigua;
1515 1877 1609 1931 sed
1638 1877 1759 1932 ideo
1787 1878 1953 1944 magis
1980 1893 2103 1947 pre-

533 1960 688 2025 tiosa,
703 1962 825 2030 quia
847 1970 900 2015 et
923 1961 974 2015 in
1002 1964 1194 2031 exiguo
1218 1964 1379 2018 modo
1399 1981 1647 2033 magnum
1668 1966 1896 2035 pretium
1918 1966 2099 2035 habet,

532 2052 606 2106 ita
630 2058 709 2115 ut,
764 2051 901 2106 sicut
929 2050 1245 2120 Evangelica
1272 2068 1486 2123 quoque
1517 2064 1741 2110 testatur
1768 2057 2028 2111 autoritas
2048 2056 2099 2120 ι’,

532 2142 825 2210 proﬂigatis
845 2143 1003 2196 etiam
1022 2144 1378 2212 comparanda
1400 2147 1737 2215 patrimoniis
1760 2154 2043 2216 appetatur
2060 2149 2097 2201 ι.

534 2232 641 2287 Sed
662 2241 717 2285 et
742 2246 963 2300 granum
990 2232 1209 2302 sinapis,
1242 2235 1387 2303 quod
1413 2237 1689 2292 minimum
1712 2237 1923 2291 videtur
1950 2236 2001 2290 in
2021 2253 2102 2291 se-

534 2322 695 2385 mine,
724 2322 1015 2376 niaximum
1032 2331 1207 2377 tamen
1228 2333 1403 2378 exstat
1423 2325 1477 2378 in
1506 2326 1671 2381 olere.
1701 2325 1866 2394 Cujus
1884 2327 2100 2381 seminis

533 2410 752 2464 verbum
783 2411 907 2479 quia
936 2411 989 2464 in
1016 2413 1170 2467 vobis
1196 2422 1372 2469 satum
1401 2426 1501 2479 est,
1535 2424 1592 2470 et
1621 2416 1673 2470 in
1710 2417 1875 2472 corde
1921 2426 2100 2472 vestro

532 2498 692 2567 viget,
721 2498 862 2553 unde
882 2514 976 2554 cor
1002 2500 1195 2555 ardens
1223 2502 1431 2558 habetis
1454 2505 1508 2559 in
1536 2505 1622 2559 via
1664 2504 1877 2560 Domini
1903 2518 1946 2573 τ,
1978 2507 2099 2562 ideo

531 2587 693 2641 etiam
723 2587 901 2642 brevis
927 2603 1104 2643 sermo
1135 2598 1313 2645 vester
1335 2592 1669 2649 dulcedinem
1696 2594 1853 2649 simul
1872 2611 1936 2650 ac
1958 2596 2103 2665 vigo-

530 2690 645 2730 rem
691 2678 838 2731 verbi
886 2679 1119 2733 cmlestis
1148 2687 1313 2747 tenet,
1346 2692 1401 2737 et
1428 2685 1582 2740 nobis
1608 2685 1892 2753 ministrat,
1917 2696 1974 2741 ut
2001 2702 2100 2742 nos

529 2764 691 2819 etiam
724 2774 913 2820 vestra:
940 2768 1235 2836 prudentia:
1255 2771 1368 2825 sale
1394 2774 1709 2828 condiantur
1736 2772 1785 2831 ἀ.

599 2852 651 2905 2.
694 2852 760 2907 Et
786 2854 905 2910 ideo
936 2872 1033 2911 nos
1059 2873 1272 2927 quoque
1318 2860 1642 2917 imitabimur
1665 2864 1718 2917 in
1749 2865 1848 2920 hac
1875 2864 2098 2934 epistola

527 2945 912 3015 parcimoniam
929 2949 948 2976 ¹
970 2948 1231 3003 sermonis
1252 2952 1434 3015 vestri,
1458 2953 1559 3008 etsi
1579 2953 1963 3023 plenitudinem
1985 2972 2102 3011 sen-

526 3054 618 3093 sus
646 3040 805 3093 vestri
835 3055 940 3094 non
972 3039 1048 3109 (a)
1080 3041 1353 3097 valeamus
1383 3043 1607 3110 imitari;
1633 3047 1736 3102 hoc
1760 3055 1962 3101 tantum
1982 3063 2098 3102 res-

526 3130 841 3198 pondentes,
898 3129 1043 3197 quod
1098 3132 1362 3201 prmcipue
1410 3150 1530 3187 cum
1572 3134 1686 3190 ha:c
1712 3136 2096 3203 scriberemus,

2205 586 2405 624 remur.

2272 660 2328 715 5.
2367 658 2470 712 Ora
2496 667 2550 713 et
2574 674 2672 727 pro
2699 658 2871 721 nobis,
2905 672 2970 710 ne
3001 657 3051 708 in
3083 657 3312 724 peccatis
3341 658 3537 713 nostris
3578 660 3775 714 moria-

2202 766 2354 815 mur;
2378 757 2563 803 notum
2588 748 2747 803 faciat
2774 749 2927 803 nobis
2956 748 3210 801 Dominus
3239 748 3398 802 ﬁnem
3428 759 3690 815 nostrum,
3715 762 3777 807 ut

2203 843 2433 896 sciamus
2456 841 2583 910 quid
2610 841 2749 895 desit
2770 841 2923 895 nobis
2954 838 2999 901 δ,
3029 849 3083 893 et
3107 856 3455 909 properemus
3484 842 3778 911 adimplere

2203 932 2345 1002 quod
2372 941 2568 997 restat;
2599 940 2656 984 ut
2703 947 2811 984 non
2858 930 3196 983 revolvamur
3242 930 3296 983 in
3346 929 3522 984 medio
3571 931 3777 984 dierum

2203 1022 2440 1077 inanium
2470 1032 2510 1084 ι,
2544 1031 2787 1076 texentes
2816 1021 3068 1090 operibus
3098 1020 3277 1074 vacuis
3298 1036 3505 1073 aranea:
3537 1021 3695 1073 telam
3731 1021 3779 1084 ι,

2201 1115 2297 1171 sed
2336 1114 2451 1168 dies
2478 1113 2623 1184 pleni
2671 1112 3011 1167 inveniantur
3064 1111 3118 1165 in
3170 1110 3409 1175 nobis“,
3460 1118 3520 1163 ut
3564 1110 3779 1164 simusll

2203 1207 2356 1277 pueri
2396 1214 2609 1260 centum
2656 1218 2918 1258 annorum
2946 1202 3237 1256 morientes
3272 1198 3316 1265 ι,
3343 1200 3397 1254 id
3439 1208 3539 1263 est,
3578 1201 3775 1254 malitia

2203 1295 2420 1367 parvuli,
2452 1303 2501 1348 et
2529 1294 2761 1348 sensibus
2786 1294 2997 1363 perfecti
3018 1301 3088 1358 Im;
3118 1290 3198 1344 Ita
3229 1291 3305 1360 (ά)
3336 1289 3451 1355 ﬁat,
3480 1300 3538 1343 ut
3580 1290 3779 1345 mortui

2202 1387 2573 1457 superstitibus
2613 1385 2859 1456 exemplo
2900 1385 3044 1439 bono
3095 1383 3363 1437 salubrem
3410 1383 3781 1453 paenitentiam

2202 1481 2563 1548 relinquamus
2596 1495 2609 1530 :
2644 1491 2819 1545 neque
2844 1485 3049 1545 septem
3079 1474 3195 1528 dies
3219 1474 3391 1527 luctus
3417 1481 3598 1527 noster
3616 1489 3783 1528 exce-

2201 1570 2295 1625 dat
2314 1579 2360 1634 ιι,
2379 1570 2423 1623 si
2444 1569 2842 1624 consentiamus
2862 1567 2915 1621 in
2937 1566 3093 1635 hujus
3113 1566 3234 1620 vita:
3254 1566 3338 1619 via
3357 1564 3662 1620 adversario
3682 1581 3785 1619 no-

2202 1669 2317 1716 stro
2349 1672 2394 1725 υ,
2428 1661 2479 1715 id
2506 1668 2606 1727 est,
2631 1658 2842 1730 spiritui
2870 1674 2934 1713 ac
2959 1658 3126 1712 verbo
3154 1657 3270 1724 Dei,
3297 1656 3439 1725 quod
3468 1656 3622 1711 nobis
3649 1672 3780 1725 pec-

2203 1751 2447 1806 cantibus
2475 1749 2807 1806 adversatur.
2837 1748 2971 1803 Nam
2991 1755 3047 1802 et
3076 1747 3303 1818 Spiritus
3336 1747 3504 1817 arguit
3530 1746 3787 1799 mundum

2132 1849 2175 1909 Β
2205 1840 2267 1893 de
2292 1850 2497 1910 peccato
2521 1851 2580 1906 P;
2611 1847 2668 1894 et
2694 1854 2873 1894 sermo
2898 1838 3012 1901 Dei,
3042 1845 3103 1892 ut
3134 1837 3384 1893 Dominus
3412 1837 3464 1890 in
3486 1835 3785 1907 Evangelia

2202 1939 2553 1996 contestatur,
2596 1931 2641 1985 si
2688 1931 2739 1985 ei
2780 1945 2888 1984 non
2917 1944 3220 1998 pareamus,
3268 1937 3549 1982 accusator
3593 1936 3788 1984 noster

2201 2024 2322 2087 erit,
2354 2030 2412 2078 et
2453 2021 2633 2076 tradet
2660 2037 2758 2075 nos
2781 2020 2948 2090 jndici
2976 2019 3153 2075 Verbo
3187 2030 3236 2082 ιι,
3280 2020 3372 2089 qui
3395 2020 3656 2075 rationem
3698 2028 3787 2075 ta-

2199 2114 2329 2168 lenti
2355 2113 2439 2168 sni
2466 2128 2634 2181 usque
2675 2111 2743 2165 ad
2782 2111 3128 2166 novissimum
3170 2109 3520 2179 quadrantem
3565 2112 3783 2177 exiget;

2198 2214 2273 2270 et,
2305 2207 2403 2261 nisi
2439 2205 2679 2259 exercitio
2707 2205 2942 2272 pietatis,
2988 2218 3104 2274 qua:
3147 2203 3216 2256 ad
3242 2204 3419 2257 omnia
3445 2203 3586 2257 utilis
3618 2210 3707 2257 est
3736 2214 3784 2271 ι’,

2199 2299 2527 2369 duplicatum
2555 2297 2794 2368 pecunia:
2841 2312 2951 2351 sua:
2999 2294 3152 2350 fenus
3195 2296 3461 2366 receperit
3491 2304 3536 2361 ³,
3589 2296 3787 2352 otiosa:

2202 2389 2327 2445 ﬁdei
2354 2399 2563 2461 partem
2599 2404 2721 2444 cum
2760 2388 3061 2444 inﬁdelibus
3087 2396 3251 2458 ponet
3282 2389 3300 2424 ι
3336 2390 3357 2421 ⁸
3390 2406 3404 2441 :
3435 2388 3559 2458 quia
3587 2390 3783 2458 proxi-

2200 2494 2318 2534 mus
2346 2478 2544 2534 inﬁdeli
2588 2487 2691 2543 est,
2737 2479 2828 2547 qui
2874 2485 3139 2532 mortuam
3188 2477 3304 2532 sine
3336 2477 3589 2548 operibus
3619 2477 3783 2532 ﬁdem

2198 2588 2368 2631 vacuo
2399 2574 2418 2604 ⁸
2446 2570 2738 2626 Christiani
2792 2570 3009 2625 nomine
3048 2570 3184 2639 gerit
3213 2578 3261 2623 η.
3286 2568 3353 2623 Et
3389 2569 3476 2624 hic
3521 2577 3606 2624 est
3649 2569 3787 2625 insi-

2197 2664 2371 2734 piens,
2404 2662 2558 2732 cujus
2586 2662 2765 2716 luctus
2792 2662 2965 2715 omnis
2995 2661 3251 2730 temporis
3287 2669 3434 2728 estV,
3461 2661 3586 2729 quia
3614 2662 3787 2716 timo-

2198 2773 2314 2812 rem
2343 2756 2551 2811 Domini
2580 2771 2687 2810 non
2716 2755 2938 2820 habens,
2965 2760 3125 2824 caput
3142 2754 3416 2823 sapientia:
3444 2769 3550 2807 non
3581 2755 3783 2809 tenuit.

2200 2846 2269 2902 Et
2296 2847 2466 2903 factus
2494 2847 2548 2901 in
2577 2844 2747 2900 cauda
2787 2852 2870 2898 est
2899 2854 2945 2909 ι,
2976 2845 3100 2915 quia
3132 2861 3237 2898 non
3286 2843 3491 2899 habitat
3518 2844 3571 2897 in
3597 2844 3788 2899 medio

2199 2940 2411 3005 domus,
2441 2936 2529 3007 qui
2561 2935 2779 3008 diligens
2801 2934 3122 3007 iniquitatem
3158 2933 3265 2987 odit
3294 2934 3521 2985 animam
3549 2950 3697 2986 suam
3726 2943 3781 2997 γ,

2200 3038 2257 3085 et
2286 3030 2507 3083 traditus
2534 3029 2781 3082 ministro
2811 3026 3003 3081 inferni
3032 3026 3280 3089 carceris,
3309 3024 3527 3078 mittitur
3554 3024 3605 3078 in
3630 3034 3782 3079 tene-

2200 3121 2319 3177 bras
2343 3123 2621 3176 exteriores
2653 3129 2700 3187 ³,
2728 3119 2853 3187 quia
2894 3117 3184 3172 secundum
3230 3117 3553 3171 exteriorem
3600 3116 3783 3171 homi-

529 3234 670 3273 cura:
724 3219 878 3273 nobis
924 3227 1042 3271 erat
1096 3234 1163 3273 ex
1209 3221 1412 3275 recenti
1443 3222 1629 3277 dolore
1657 3223 1904 3276 fraterna:
1932 3222 2099 3277 divul-
2126 3220 2171 3283 C
2202 3227 2323 3267 nem
2351 3211 2565 3265 Vixeril-
2598 3208 2890 3278 ΡΙὈΡΙΕΙὋ3
2930 3208 3016 3263 hic
3060 3208 3177 3262 Sine
3226 3206 3330 3260 ﬁne
3359 3206 3619 3274 lugendus
3667 3216 3783 3271 εει,

527 3307 739 3361 sionis:
797 3321 958 3373 quem
1013 3307 1221 3362 etiamsi
1250 3311 1618 3379 temporaliter
1644 3312 1711 3366 ab
1763 3312 1867 3367 hoc
1910 3313 2095 3368 seculo

526 3395 759 3449 sciamus
808 3404 1100 3449 assumtum
1130 3396 1171 3461 ³,
1230 3397 1283 3450 in
1337 3397 1429 3452 illo
1459 3400 1610 3453 nobis
1631 3401 1736 3455 cito
1764 3416 2097 3472 consequen-

528 3484 686 3549 dum,
722 3492 897 3538 tamen
926 3501 988 3539 ea
1015 3486 1194 3540 verius
1228 3502 1386 3541 causa
1415 3491 1570 3560 221
1612 3490 1789 3545 obisse
1834 3491 2093 3559 lugemus,

525 3575 648 3642 quia
690 3588 758 3627 ex
797 3573 879 3627 his
918 3589 1036 3643 qua:
1063 3584 1210 3645 gesta
1240 3577 1308 3631 ab
1338 3578 1454 3647 ipso
1506 3578 1581 3649 (b)
1602 3579 1655 3633 in
1687 3580 1845 3635 ﬁnem
1868 3582 1983 3649 ejus
2008 3583 2096 3637 vel

524 3664 771 3720 ordinata
796 3674 937 3731 sunt,
960 3667 1193 3737 peccatis
1214 3670 1383 3735 magis
1405 3672 1602 3725 nostris
1619 3686 1777 3741 quam
1800 3673 1938 3727 votis
1965 3689 2097 3728 conc

523 3768 654 3823 grua
674 3756 846 3822 egisse
866 3756 1261 3826 perspeximus,
1286 3766 1345 3811 ut
1373 3759 1555 3814 mallet
1582 3761 1648 3815 ad
1668 3761 1950 3817 Dominum
1997 3764 2094 3819 de-

523 3844 665 3898 bitor
693 3846 919 3901 transire
947 3862 1106 3916 quam
1127 3847 1281 3902 liber.
1304 3846 1383 3903 0b
1410 3849 1513 3905 hoc
1557 3851 1797 3922 impense
1820 3867 2090 3923 rogamus,

524 3943 584 3989 ut
610 3936 760 4005 quasi
789 3935 973 4001 frater,
1005 3936 1146 4004 quod
1169 3938 1324 3993 nobis
1363 3939 1415 3993 in
1446 3939 1673 3996 Domino
1697 3958 1814 3998 esse
1839 3942 2091 4011 dignaris,

524 4029 805 4082 unanimos
834 4028 1026 4083 fratres
1049 4028 1240 4096 juvans
1273 4040 1321 4097 ε,
1351 4039 1405 4084 et
1432 4033 1570 4087 hanc
1596 4034 1801 4089 meritis
1831 4033 1951 4090 ﬁdei
1994 4046 2096 4091 tua:

523 4118 825 4171 mercedem
865 4118 1190 4182 accumules,
1247 4127 1305 4172 ut
1341 4135 1440 4187 pro
1467 4136 1532 4176 eo
1577 4121 1869 4179 inﬁrmitati
1898 4136 2095 4182 nostra:

522 4207 881 4277 compatiaris,
927 4215 983 4260 et
1021 4207 1208 4261 orandi
1261 4208 1443 4264 labore
1471 4213 1776 4281 conspires;
1808 4224 1865 4269 ut
1893 4219 2094 4273 miseri-

524 4313 635 4351 cors
683 4305 732 4350 et
775 4298 1046 4350 miserator
1089 4296 1249 4361 Deus,
1276 4301 1360 4369 qui
1390 4301 1515 4370 facit
1544 4303 1717 4355 omnia
1740 4305 1792 4357 in
1822 4307 1944 4361 cwlo
1972 4310 2095 4363 etin

525 4395 680 4447 terra,
712 4393 758 4437 et
788 4386 842 4437 in
864 4385 1016 4450 mari,
1048 4394 1097 4439 et
1120 4385 1323 4457 abyssis
1350 4386 1395 4457 τ,
1425 4389 1705 4458 refrigeret
1723 4395 1955 4449 animam
1977 4398 2095 4466 ejus

521 4472 800 4528 stillicidiis
846 4474 1226 4530 misericordia:
1276 4492 1385 4531 sua:
1439 4493 1537 4547 per
1572 4482 1845 4538 orationes
1867 4495 2090 4543 vestras.

2196 3302 2321 3370 quia
2344 3302 2504 3371 222
2531 3300 2585 3353 in
2623 3299 2800 3368 ignem
2838 3297 3169 3353 damnandus
3214 3306 3470 3351 aeternum
3509 3298 3625 3351 sine
3667 3295 3780 3354 ﬁne

2196 3393 2477 3447 morietur.

2218 3500 2223 3505 ’
2267 3482 2319 3539 4.
2360 3482 2551 3536 Pacem
2580 3498 2698 3552 ergo
2739 3481 3015 3534 habeamus
3055 3479 3124 3532 ad
3169 3477 3446 3533 Dominum
3477 3488 3554 3542 ιιι,
3583 3494 3778 3548 pacem

2195 3591 2301 3630 non
2320 3574 2479 3643 hujus
2503 3573 2683 3627 mundi
2706 3570 2917 3642 bb,qua:
2942 3571 3110 3625 amica
3135 3572 3371 3640 peccatis
3387 3572 3494 3625 Deo
3515 3570 3774 3637 dissidet;

2194 3668 2287 3722 sed
2333 3672 2520 3736 pacein
2549 3664 2777 3732 Christi,
2807 3680 2925 3735 qua:
2953 3679 3073 3718 cum
3105 3662 3214 3717 Deo
3244 3664 3477 3718 conserit
3508 3665 3548 3727 τ,
3579 3671 3636 3717 et
3673 3678 3781 3718 nos

2194 3758 2405 3813 Christo
2444 3756 2764 3823 conformat,
2795 3757 2839 3810 si
2868 3755 3138 3810 adhzereat
3190 3755 3369 3810 Verbo
3397 3757 3419 3788 ⁸
3445 3755 3539 3809 Dei
3592 3755 3777 3809 anima

2194 3860 2376 3906 nostra
2402 3860 2477 3914 σε’,
2504 3858 2562 3903 ut
2587 3848 2881 3904 efﬁciamur
2908 3864 3072 3903 unum
3097 3864 3218 3903 cum
3248 3848 3357 3903 Deo
3382 3864 3478 3919 per
3498 3849 3779 3903 interven-

2195 3951 2307 3996 tum
2333 3941 2661 4009 mediatoris,
2691 3940 2779 4010 qui
2809 3948 2891 3995 est
2920 3956 3021 4011 pax
3046 3951 3259 4005 nostra;
3289 3942 3412 4010 quia
3435 3943 3596 4012 fecit’
3624 3952 3777 3995 utra-

2193 4051 2288 4105 que
2314 4023 2579 4097 unum‘dd,
2612 4044 2828 4086 naturas
2868 4032 3138 4087 discordes
3168 4032 3263 4086 Dei
3292 4042 3345 4086 et
3373 4034 3601 4087 hominis
3632 4035 3684 4087 in
3716 4052 3779 4090 se

2191 4124 2479 4193 copulans;
2511 4132 2565 4177 et
2594 4124 2647 4176 in
2678 4123 2832 4178 nobis
2859 4123 2967 4178 duo
2992 4140 3155 4178 unum
3187 4123 3416 4192 faciens,
3442 4124 3493 4179 id
3519 4134 3623 4191 est,
3654 4142 3778 4181 car-

2193 4235 2318 4274 nem
2340 4218 2531 4272 animze
2568 4218 2794 4288 spiritali
2836 4218 3286 4281 consentientem;
3318 4225 3373 4272 et
3405 4225 3528 4270 tunc
3556 4215 3693 4283 ignis
3721 4219 3780 4271 in

2193 4308 2375 4363 medio
2398 4318 2637 4362 nostrum
2661 4308 2919 4372 manebit,
2946 4322 3040 4361 seu
3070 4306 3259 4360 harum
3290 4307 3343 4359 in
3370 4305 3523 4359 nobis
3549 4304 3779 4358 duarum

2195 4399 2280 4453 vel
2310 4398 2381 4471 (ε)
2405 4412 2525 4452 enm
2547 4397 2829 4467 spirituum
2862 4397 2956 4469 (V.
2984 4405 3094 4450 not.
3129 4396 3252 4466 179)
3283 4397 3443 4450 trium
3481 4410 3781 4451 consensus

2196 4488 2407 4553 invitet,
2434 4496 2495 4542 ut
2521 4486 2683 4542 faciat
2708 4488 2761 4542 in
2789 4488 2952 4542 corde
2998 4496 3186 4542 nostro
3214 4487 3315 4542 sibi
3364 4488 3615 4557 placitam
3652 4502 3782 4542 cum

522 4563 657 4630 Quia
679 4565 818 4619 sicut
846 4566 982 4634 ignis
1002 4582 1257 4623 accensus
1285 4569 1352 4624 ab
1376 4585 1441 4624 eo
1461 4571 1670 4626 ardebit
1698 4588 1865 4642 usque
1894 4577 1960 4629 ad
2007 4578 2090 4633 in-
2114 4602 2165 4660 Β
2194 4580 2353 4635 Patre
2391 4586 2448 4633 et
2474 4578 2671 4648 Spiritu
2701 4579 3035 4632 mansionem
3063 4587 3142 4645 οε,
3173 4586 3226 4632 et
3256 4578 3485 4632 vicissim
3534 4593 3635 4631 nos
3686 4578 3786 4632 ubi

523 4654 666 4710 feros
680 4655 927 4711 deorsum
953 4667 998 4722 κ,
1032 4658 1105 4712 ita
1127 4658 1476 4728 proculdubio
1506 4662 1666 4715 etiam
1694 4677 1784 4717 ros
1812 4664 2088 4737 indulgen-

523 4748 611 4801 tia:
657 4747 773 4815 ejus
817 4748 1021 4803 infema
1067 4752 1393 4820 penetrabit,
1419 4763 1477 4805 ut
1501 4752 1713 4807 roscido
1736 4754 1950 4823 pietatis
1975 4758 2092 4828 ejus

2194 4668 2309 4737 ipse
2334 4676 2417 4723 est
2436 4668 2617 4734 ducat,
2638 4668 2822 4723 dicens
2845 4686 2858 4721 :
2892 4668 3092 4723 Intrate
3114 4670 3166 4721 in
3188 4671 3433 4740 gaudium
3458 4667 3669 4722 Domini
3696 4685 3791 4721 ve-

2194 4761 2506 4834 stri”(f).

595 4865 620 4892 ⁸
645 4856 829 4942 Matth.
861 4874 956 4942 xii,
986 4857 1080 4942 '5_5;
1116 4858 1241 4913 Luc.
1276 4859 1467 4942 vi,n45.
1491 4859 1569 4942 ,δ’
1601 4860 1787 4942 Matth.
1817 4881 1927 4942 xm,
1953 4866 2273 4942 46_;_Matth.
2306 4889 2417 4936 xm,
2445 4872 2534 4927 52.
2581 4884 2604 4913 ο
2634 4872 2761 4926 Luc.
2794 4888 2936 4937 xxiv,
2962 4873 3048 4927 52.
3124 4871 3150 4910 δ
3180 4874 3296 4930 Col.
3327 4891 3399 4942 tv,
3430 4874 3482 4928 6.
3562 4884 3585 4910 ε
3617 4871 3781 4928 Prov.

524 4941 669 4987 xvtn,
704 4927 786 4981 19.

523 5012 744 5063 sxxXIx,
775 4996 826 5059 9.
859 5008 913 5051 et
942 5014 1104 5061 1.xxn,
1139 4998 1219 5051 10.
1307 4999 1321 5037 ι
1354 5001 1473 5054 lsai.
1509 5018 1629 5066 va,
1654 5002 1743 5055 20.

522 5081 628 5127 xVI,
652 5066 705 5126 8.
736 5075 791 5119 et
814 5083 897 5133 xv,
923 5066 1009 5120 22.
1088 5080 1112 5117 τι
1142 5068 1328 5124 Matth.
1350 5089 1399 5131 v.
1423 5071 1513 5127 25.

522 5135 641 5189 σοι).
673 5152 731 5195 ιι.
768 5136 849 5189 17.
929 5148 953 5173 ν
995 5137 1155 5193 Eccli.
1190 5156 1318 5203 xxn,
1348 5141 1433 5194 15.

522 5204 573 5257 1.
650 5205 706 5244 δι’
743 5205 937 5261 Johan.
967 5224 1072 5271 Juv,
1104 5209 1192 5262 27.

1596 5084 1615 5110 τ
1648 5073 1667 5126 1
1698 5074 1833 5128 Tim.
1868 5093 1938 5141 Iv,
1969 5078 2022 5132 8.

1271 5222 1322 5249 οι·
1365 5209 1386 5263 1
1414 5211 1538 5268 Cor.
1572 5229 1639 5276 vi,
1675 5215 1761 5270 17.

872 4932 882 4963 ι
917 4925 1056 4981 l’sal.
1087 4925 1384 5003 cxxxrv,
1438 4942 1462 4978 Β
1491 4932 1642 4985 Dent.
1668 4950 1838 5003 χχχιι,
1861 4936 1948 4991 22.
2014 4925 2203 4996 h'l’sal.
2229 4925 2535 5003 multa;

1822 5015 1858 5041 ω
1889 5007 1908 5059 1
1936 5007 2060 5062 Cor.
2087 5028 2193 5075 xlv,
2238 5013 2325 5067 20.

2102 5092 2123 5118 ⁸
2149 5082 2337 5136 Matth.
2394 5100 2537 5143 xxiv,
2588 5083 2677 5143 51,
2710 5092 2765 5136 et
2786 5100 2911 5149 xxv,
2934 5083 3021 5137 27.

1513 5152 1535 5178 ι
1577 5142 1739 5217 Deut.
1757 5162 1941 5217 xvvm,
1975 5148 2060 5203 44.
2139 5161 2168 5199 γ
2205 5152 2349 5207 Psal.
2381 5170 2449 5216 cr,
2484 5142 2535 5217 7,
2563 5162 2618 5207 et
2641 5142 2691 5216 x,
2724 5154 2777 5206 6.

1839 5215 1895 5253 έιί
1934 5218 2071 5289 Eph.
2103 5237 2173 5288 ιι,
2234 5222 2314 5277 14.

2621 4946 2632 4980 ί
2659 4942 2800 4997 Psal.
2822 4960 2892 5007 cr,
2924 4943 3011 4997 25.
3093 4945 3105 4994 1
3146 4944 3265 5009 Job,
3297 4961 3406 5001 vni.
3440 4943 3526 4998 14.
3586 4943 3609 4980 κ
3632 4945 3777 4998 Psal.

2404 5023 2432 5050 ιι
2461 5013 2607 5069 Eccl.
2650 5030 2777 5075 xxn,
2818 5014 2907 5067 15.
2983 5014 3295 5080 “Matth.v,
3341 5015 3430 5069 25.
3511 5027 3535 5063 ι’
3578 5013 3777 5068 Jnlian.

2404 5100 2537 5139 KXIV.
2588 5083 2677 5139 51.
2710 5092 2765 5136 et
2786 5100 2911 5139 xxv.
2934 5083 3021 5137 27.
3104 5088 3120 5121 ί
3153 5084 3283 5139 Luc.
3317 5103 3426 5139 xix.
3466 5084 3554 5139 23.
3632 5094 3659 5120 υ
3689 5084 3781 5137 Ja-

2855 5163 2876 5189 ι
2896 5123 3105 5208 ’Μαιιιι
3136 5172 3264 5209 xxn.
3296 5156 3383 5209 15.
3411 5128 3426 5151 ’
3460 5166 3513 5192 ⁸⁸
3538 5156 3694 5209 Rom.
3725 5171 3779 5219 v,

2396 5235 2451 5261 εδ
2490 5222 2686 5278 Johan.
2718 5239 2824 5287 xw,
2867 5223 2955 5277 23.
3038 5223 3087 5262 τί
3131 5225 3318 5279 Matth.
3348 5242 3481 5291 xxv,
3508 5225 3596 5279 2|.

593 5320 610 5337 ‘
651 5317 795 5373 Alias
832 5318 931 5386 20;
978 5335 1097 5390 qua:
1124 5329 1299 5375 autem
1330 5322 1397 5377 56
1443 5331 1576 5387 erat,
1605 5342 1745 5382 mmc
1764 5326 1850 5381 45.
1881 5328 2090 5400 Scripta
2113 5346 2255 5386 anno
2285 5332 2410 5399 405,
2440 5342 2495 5387 et
2523 5333 2685 5387 missa
2709 5348 2830 5387 cum
2861 5335 3159 5403 superiore.

591 5427 669 5497 (a)
707 5428 784 5499 Ita
813 5445 939 5484 mss.
963 5431 1193 5485 codices.
1223 5431 1382 5499 Editi,
1414 5435 1657 5489 valemus.

520 5500 666 5622 σάω)
704 5498 794 5554 Sic
839 5502 1187 5571 manuscripti
1234 5504 1388 5559 codd.
1438 5505 1570 5574 Reg.
1615 5514 1670 5561 et
1708 5507 1862 5563 Vien.
1906 5509 2087 5577 Editi,

697 5638 842 5716 _Edit.
874 5638 1062 5716 Rosv._,
1089 5643 1477 5716 refrigerentur.

593 5710 670 5787 td)
688 5708 773 5787 _l_ta
799 5726 935 5787 mss:
950 5719 1006 5765 et
1026 5708 1158 5780 Reg;
1184 5708 1333 5767 Vien.
1362 5722 1418 5767 ct
1445 5715 1574 5769 editi
1599 5715 1810 5772 codices
1837 5726 2086 5787 quatuor.

522 5775 662 5831 Edit.
688 5779 872 5844 liosv.,
899 5781 1004 5848 ﬁet.

593 5852 668 5917 (c)
704 5848 794 5906 Sic
837 5850 1235 5910 emendavimus
1276 5868 1343 5909 ex
1390 5867 1491 5907 ms.
1547 5853 1734 5912 codice
1775 5856 2085 5916 Viennensi.

2187 5441 2330 5498 Edit.
2362 5446 2550 5518 Rosv.,
2581 5462 2669 5518 seu
2710 5446 2890 5518 horum
2933 5450 2984 5501 in
3016 5448 3161 5502 nobis
3185 5452 3398 5503 duorum
3429 5453 3504 5503 aet
3527 5454 3778 5518 conspiri-

2194 5521 2366 5635 tantm1
2379 5516 2568 5637 7tgium.
2633 5514 2948 5585 Saccbinus,
3007 5535 3121 5587 cum
3181 5520 3365 5589 spiritu
3421 5521 3592 5574 trium.
3646 5514 3777 5575 Vide

2194 5600 2265 5637 no
2297 5625 2309 5637 .
2456 5624 2468 5636 .

2194 5600 2309 5639 1101..
2344 5600 2468 5637 110.

2266 5655 2333 5725 (fi
2378 5654 2520 5709 Editi
2550 5655 2764 5711 codices
2797 5656 2949 5711 Grin.
2999 5666 3052 5713 et
3102 5659 3265 5714 Rosv.
3310 5659 3508 5713 addunt
3550 5660 3603 5713 in
3648 5659 3774 5725 ﬁne,

2195 5721 2329 5801 Opto
2357 5736 2412 5777 ut
2440 5726 2613 5801 aniens
2643 5740 2805 5801 aqua:
2852 5728 3011 5801 verba
3051 5746 3172 5783 cum
3220 5747 3250 5784 a
3306 5732 3681 5801 manuscriptis
3724 5721 3777 5786 et

2192 5796 2361 5849 tribus
2390 5795 2547 5852 editis
2561 5795 2834 5855 codicibus
2855 5798 3123 5864 abessent,
3155 5801 3531 5871 cxpunximus.
