1994 3088
76 140 131 168 353

309 190 382 219 EPIS
388 189 473 217 I‘OLA
487 192 494 201 ‘
508 188 633 216 XXXVII.

76 239 155 267 Dolet
167 246 214 274 per
231 245 280 265 sua
293 241 398 274 peccata
416 238 512 271 factum
525 240 553 261 ut
570 234 722 274 victricius.
739 234 871 274 cum_Ro-

108 269 181 301 utam
191 269 311 307 venisset,
322 273 356 298 ad
366 280 394 298 se
403 269 455 297 non
467 271 617 307 pervenerit.
631 269 730 307 Laudat
740 270 868 307 hominem

108 310 143 336 de
158 305 307 343 apostolico
315 306 509 343 euangelizandi
526 313 640 343 munere,
655 305 733 340 deque
752 305 867 343 toleratis

108 339 323 370 adversariorum
336 339 520 368 vacationibus.
537 340 671 367 Postremo
683 339 740 366 eum
753 339 787 365 ad
804 348 867 366 con—

111 379 239 406 stantiam
253 382 330 404 recta:
347 377 473 403 doctrina:
491 379 515 402 et
534 376 647 402 omnium
663 375 783 401 uirtutum
805 375 867 401 lior-

113 419 194 440 tatur.

112 468 256 495 Vicrmeio
270 466 308 502 (a)
320 465 448 493 unanimo
461 465 537 492 fratri
551 464 692 492 Pwunus.

111 514 137 540 ι.
159 512 236 540 Sicut
255 520 322 547 aqua
337 511 433 546 frigida
451 510 560 541 sitienti.
583 514 608 535 et
622 508 700 535 bonus
719 508 822 534 nuntius
838 507 870 534 de

83 565 145 586 terra
157 558 302 593 longinqua
309 561 333 589 ι,
347 556 383 583 ita
397 556 475 583 nobis
485 554 623 588 refrigerio
634 558 661 580 et
672 552 808 580 refectioni
821 552 870 579 fuit

79 605 216 639 eloquium
229 602 380 630 sanctitatis
393 606 453 634 tunc,
466 601 538 635 quod
552 608 600 635 per
612 600 753 635 epistolam
769 601 776 614 ¹
786 619 793 631 ,
807 600 867 626 bre-

80 657 136 676 vem
150 649 264 684 quidem
275 648 373 679 verbis,
389 646 437 674 sed
450 646 562 674 caritate
581 646 729 681 prolixam,
744 645 771 672 in
790 653 872 672 manu

83 695 212 722 carissimi
228 694 368 729 portitoris
381 693 543 727 accepimus,
563 692 614 719 hoc
637 696 688 724 est,
717 691 762 718 lilii
787 692 870 719 nostri

84 741 256 772 Candidiani;
271 739 348 773 cujus
367 739 458 773 gratim
481 738 658 772 congratulati
679 746 782 771 sumus,
809 739 871 773 quia

84 791 191 821 propter
215 786 299 812 verba
324 785 454 811 labiorum
470 788 623 811 sanctorum
639 787 764 818 prompto
777 784 873 819 spiritu

83 832 224 866 impigrum
235 830 324 857 carnis
336 830 446 856 inlirinzc
457 829 607 863 jumentum
621 829 769 862 angariavit
779 829 805 855 in
816 829 873 855 vias

735 131 898 161 EPISTOLA
919 131 1050 159 XXXVII.

879 194 902 222 Α
917 188 988 215 circa
1011 186 1190 215 inﬁmitatem
1211 190 1329 215 nostram
1353 187 1420 214 facie
1434 191 1462 214 et
1475 194 1554 215 manu
1569 191 1614 215 tua
1628 196 1703 215 com-

1649 131 1702 160 354

918 233 1005 259 minus
1015 232 1183 264 visitandam,
1196 232 1307 259 verbum
1321 231 1387 259 illud
1401 232 1505 259 Domini
1518 232 1642 259 salutaris
1652 233 1702 259 im-

918 278 1027 312 plesses,
1042 278 1104 312 quia
1119 285 1170 304 non
1180 281 1219 304 est
1232 285 1295 312 opus
1313 277 1411 304 medico
1421 278 1503 311 uanis,
1517 277 1562 304 sed
1576 278 1643 304 male
1654 278 1703 303 Ita—

918 322 1032 349 bentibus
1046 327 1067 349 ιι.
1083 322 1151 349 Nolo
1166 327 1192 350 te
1205 323 1286 355 enim,
1299 322 1439 350 benedicte
1453 322 1494 349 vir
1517 322 1553 357 (ε)
1579 321 1703 355 Domino,

917 369 954 396 ita
969 376 1091 396 securum
1103 376 1162 396 esse
1172 369 1205 396 de
1216 368 1292 396 nobis
1301 388 1308 401 ,
1325 372 1354 396 ut
1367 372 1444 403 putes
1454 367 1510 403 jam
1527 372 1635 395 sanatos
1646 375 1705 395 esse

918 422 1012 442 omnes
1034 415 1176 449 languores
1196 415 1291 442 animo:
1315 419 1423 446 nostrae,
1447 415 1580 449 inquibus
1591 414 1705 441 Domino

918 460 1086 495 peccavimus
1111 465 1139 487 et
1160 468 1302 495 peccamus
1318 469 1324 487 :
1340 460 1487 495 quamlibet
1505 460 1562 495 ipse
1585 467 1705 487 summus

919 506 1118 540 unguentarius,
1129 506 1175 540 qui
1189 506 1223 533 ad
1236 506 1354 533 remedia
1368 506 1464 533 salutis
1479 510 1577 532 nostra:
1598 505 1707 532 coniicit

918 552 1008 580 varias
1025 557 1219 587 unguentorum
1233 553 1388 579 salutarium
1406 557 1486 587 atque
1497 553 1625 579 virtutum
1642 561 1706 579 sua-

918 598 1025 631 vitates,
1041 599 1263 626 medicamentum
1275 599 1336 626 vita:
1358 604 1456 626 nostra:
1468 607 1521 626 non
1530 599 1615 626 solum
1626 599 1659 626 de
1669 599 1707 625 ef—

920 642 1025 670 fusione
1038 644 1148 678 spiritus
1161 644 1213 677 sui,
1228 644 1275 671 sed
1286 645 1366 671 etiam
1379 644 1412 671 de
1427 645 1547 679 corporis
1563 644 1648 671 nostri
1663 651 1707 670 as—

921 689 1053 716 sumtione
1067 689 1227 722 confecerit;
1244 691 1337 725 factus,
1354 694 1382 717 ut
1396 691 1522 725 scriptum
1537 695 1588 724 est,
1602 699 1648 722 pro
1659 698 1708 716 nu-

922 734 960 761 bis
985 739 1115 769 peccatum
1140 743 1185 770 per
1209 735 1401 762 similitudinem
1425 737 1510 762 carnis
1535 736 1632 770 peccati
1656 742 1662 753 ι
1682 736 1708 762 ιιι

922 781 1034 807 veritate
1049 781 1136 807 carnis
1147 785 1254 814 nostlm,
1269 786 1296 807 ut
1312 781 1343 807 de
1358 787 1461 815 peccato
1474 781 1608 807 dmnnaret
1618 789 1709 815 perca-

924 829 976 851 rum
989 825 995 849 ι
1011 825 1062 851 hoc
1076 829 1131 857 est,
1148 826 1264 852 radicem
1277 826 1377 860 peccati
1393 826 1477 852 nostri
1491 826 1547 859 ipse
1561 825 1662 860 peccati
1678 825 1709 851 li-

85 877 159 904 duras
170 876 198 909 δ,
214 883 268 902 non
284 876 393 907 virtute,
410 873 456 901 sed
472 873 523 900 fide
537 873 629 900 fretus.
655 872 688 900 Et
711 873 769 900 sine
791 873 872 900 dubio
888 878 909 906 Β
924 870 972 897 her
984 870 1017 897 de
1032 871 1143 897 materia
1157 871 1230 904 prius
1247 871 1395 904 peccatrice
1409 870 1557 903 damnaret,
1573 871 1660 897 deleas
1676 871 1709 897 il-

86 929 129 956 per
143 922 284 949 orationes
298 926 365 952 tuas,
382 919 458 954 quasi
478 926 580 953 pennas
592 919 721 946 columba:
735 924 780 946 aut
793 919 875 954 pedes

86 968 153 994 cervi
170 972 181 986 ε
199 965 236 993 ad
251 965 416 1000 implendum
429 965 549 992 caritatis
569 964 744 992 ministerium
765 966 876 992 robora-

88 1022 126 1041 tus
138 1013 257 1048 accepit,
272 1017 300 1040 et
314 1012 376 1039 inde
390 1013 415 1039 in
429 1019 512 1046 parvo
523 1019 636 1046 corpore
649 1011 723 1046 quasi
743 1012 815 1047 gigas
837 1011 876 1038 l'a-

89 1065 155 1092 ctus,
167 1059 306 1086 exsultavit
320 1058 354 1084 ad
369 1057 520 1084 currendum
531 1057 598 1084 viam
609 1055 638 1088 d;
653 1060 681 1083 et
694 1057 806 1090 replevit
818 1057 876 1083 ani-

95 1111 160 1131 mam
171 1107 292 1130 nostram
306 1102 493 1129 benedictione
502 1101 658 1133 dulcedinis,
675 1100 789 1129 atterens
801 1102 810 1116 '
825 1109 875 1128 n0-

93 1150 129 1177 bis
148 1149 278 1184 epistolas
302 1147 482 1175 desiderabiles
506 1155 581 1182 super
608 1155 702 1173 aurum
721 1152 746 1173 et
765 1147 876 1182 lapidem

92 1196 225 1229 pretiosum
240 1194 327 1227 nimis,
340 1199 365 1220 et
379 1201 453 1228 super
462 1194 512 1219 mel
523 1193 534 1208 ³
548 1197 572 1219 et
583 1193 668 1228 favum
680 1192 766 1219 dulces
778 1198 800 1219 θ.
813 1192 877 1225 Qui-

91 1239 136 1266 bus
155 1244 277 1266 mentem
305 1243 425 1266 nostram
444 1238 478 1265 de
503 1239 620 1273 peccatis
642 1246 776 1271 amaram,
801 1238 877 1273 quasi

95 1285 250 1319 (b)merram
262 1285 333 1311 illam
341 1285 376 1319 (ε)
384 1284 409 1311 in
422 1292 502 1311 manu
512 1284 596 1320 Moysi
607 1291 655 1319 per
667 1284 767 1318 lignum
777 1290 877 1320 myste-

91 1330 121 1357 rii
130 1330 192 1362 κιαι
209 1330 383 1357 beatitudinis
398 1331 475 1365 223
489 1334 659 1357 tuas—sanctus
669 1334 696 1357 et
708 1330 794 1358 dulcis
802 1329 878 1357 allia-

90 1381 126 1402 tus
137 1376 163 1402 in
176 1375 349 1402 dulcedinem
369 1374 466 1401 lictitnc
480 1374 593 1409 spiritali
611 1375 742 1402 suavitate
753 1376 876 1403 mutavit.

89 1420 150 1447 Nam
165 1424 196 1448 et
215 1419 282 1447 inde
296 1420 393 1446 tristati
405 1419 608 1447 amaritudinem
621 1420 790 1452 duxeramus,
805 1421 877 1455 quod

88 1472 119 1492 ex
132 1463 207 1492 Urbe
222 1465 257 1491 ad
268 1471 326 1497 nos,
341 1465 411 1491 sicut
423 1464 610 1499 sperabamus,
625 1464 700 1492 brevi
715 1464 810 1492 itinere
825 1473 877 1492 non

89 1517 211 1542 veneras,
228 1510 273 1544 qui
296 1510 331 1537 ad
355 1509 452 1537 Urbem
474 1518 522 1545 per
540 1515 614 1537 tanta
637 1515 768 1538 terrarum
791 1512 877 1546 spatia

925 916 968 942 Iud
991 917 1057 951 quod
1080 917 1213 942 aduersum
1234 925 1280 943 nos
1292 922 1347 943 erat
1362 918 1479 943 mortalis
1492 917 1566 943 edicti
1580 917 1710 951 chirogra-

925 962 1001 997 phum
1015 962 1028 980 κ
1043 971 1090 997 per
1104 964 1257 996 sanguinem
1274 963 1402 997 passionis
1415 971 1478 994 sum.
1495 968 1523 989 et
1539 963 1709 995 inimicitiam,

925 1015 977 1040 qua
991 1008 1180 1042 separabantur
1199 1016 1213 1033 a
1242 1007 1296 1034 Deo
1320 1008 1435 1042 peccatis
1462 1008 1710 1041 intervenientibus,

926 1052 960 1087 (ι’)
974 1053 1101 1087 interfecit
1115 1053 1139 1078 in
1153 1054 1285 1086 semetipso
1304 1052 1323 1083 ¹,
1339 1058 1365 1078 et
1381 1053 1552 1086 triumphavit
1565 1056 1710 1086 potestates

926 1097 1091 1124 adversarius
1114 1099 1191 1133 (forte
1210 1098 1271 1124 add.
1297 1099 1334 1133 in)
1350 1105 1431 1125 carne
1455 1106 1518 1131 sua,
1545 1099 1611 1125 dans
1634 1098 1711 1125 nobis

925 1142 1076 1177 exemplum
1092 1142 1196 1169 vivendi
1219 1147 1299 1177 atque
1322 1143 1442 1170 vincendi
1465 1143 1491 1169 in
1515 1143 1711 1178 nobismetipsis

925 1187 1058 1222 spiritales
1072 1192 1100 1214 et
1118 1188 1263 1215 invisibiles
1276 1188 1397 1215 inimicos
1414 1188 1527 1223 spiritali
1546 1194 1573 1216 et
1586 1189 1711 1216 invisibili

926 1234 1033 1268 pimlio,
1055 1233 1126 1268 quod
1147 1234 1247 1268 geritur
1268 1235 1337 1261 inter
1356 1235 1440 1268 legem
1465 1235 1561 1262 mentis
1580 1240 1608 1263 et
1626 1236 1711 1270 legem

926 1280 1014 1306 carnis
1023 1279 1159 1313 captivare
1170 1288 1219 1307 nos
1232 1280 1360 1307 nitentem
1372 1281 1399 1308 in
1416 1280 1502 1315 legem
1517 1281 1618 1315 peccati
1632 1286 1661 1308 ω.

961 1326 988 1352 5.
1009 1325 1062 1352 Sed
1076 1333 1122 1352 ora
1134 1325 1218 1352 Deum
1233 1326 1252 1358 ⁵,
1265 1330 1291 1353 ct
1305 1333 1397 1359 exora,
1411 1330 1439 1352 ut
1449 1326 1623 1361 apprehendat
1632 1327 1713 1362 224

927 1380 1001 1398 arma
1014 1375 1039 1397 et
1049 1376 1157 1403 scutum,
1173 1376 1197 1398 et
1211 1377 1334 1407 exsurgat
1359 1372 1386 1398 in
1406 1372 1563 1407 adjutorium
1585 1372 1668 1405 nobis,
1688 1377 1712 1399 et

927 1416 996 1443 dicat
1009 1418 1102 1444 anima:
1116 1422 1211 1444 nostra:
1225 1425 1234 1444 :
1249 1417 1327 1444 Salus
1344 1421 1388 1444 tua
1401 1426 1447 1452 ego
1457 1425 1514 1444 sum
1524 1422 1552 1450 υς
1565 1425 1599 1445 ne
1611 1418 1657 1444 fiat
1670 1419 1712 1444 via

928 1466 1018 1490 nostra
1037 1463 1154 1490 tenebrm
1173 1467 1201 1490 et
1222 1463 1365 1496 lubricum,
1379 1467 1407 1490 et
1421 1463 1525 1498 operiat
1546 1471 1596 1490 nos
1619 1464 1711 1490 umbra

927 1508 1030 1540 mortis,
1046 1513 1072 1535 et
1083 1508 1151 1534 dicat
1160 1509 1278 1535 inimicus
1289 1516 1297 1534 :
1309 1508 1438 1535 Prwvalui
1451 1509 1571 1535 adversus
1583 1517 1626 1535 eos
1638 1512 1661 1535 ο.
1674 1509 1712 1535 Te

89 1562 260 1589 perveneras.
277 1554 374 1582 Fateor
387 1555 460 1582 enim
477 1562 521 1583 me
534 1556 613 1590 hujus
627 1555 691 1583 boni
705 1556 803 1584 damno
823 1564 876 1584 non
891 1561 914 1592 ρ
928 1553 1037 1589 vero(g)
1047 1552 1173 1580 tendente
1186 1561 1235 1588 pro
1245 1554 1322 1580 nobis
1335 1561 1426 1581 arcum
1434 1554 1572 1587 orationis,
1586 1562 1638 1581 non
1649 1562 1712 1581 con-

89 1600 169 1627 solum
183 1600 375 1628 contristatum
388 1622 396 1634 ,
421 1600 469 1628 sed
482 1604 510 1628 et
528 1600 667 1628 confusum
682 1601 762 1629 fuisse
776 1610 782 1628 :
798 1610 877 1629 num-

89 1651 163 1678 quam
179 1645 256 1673 enilu
271 1644 283 1660 ‘
297 1645 380 1679 magis
394 1645 459 1672 mihi
473 1646 534 1680 ipsi.
550 1653 584 1673 ne
596 1646 684 1673 dicam
698 1646 767 1679 aliis,
789 1647 877 1674 mani-

92 1689 180 1717 festata
194 1690 305 1717 fuerant
320 1694 430 1725 peccata
442 1697 513 1723 mea,
525 1697 604 1724 quam
618 1690 689 1724 quod
702 1691 768 1718 mihi
775 1691 809 1718 de
824 1696 877 1719 tam

93 1736 211 1770 proximo
224 1737 316 1762 vultus
330 1735 368 1762 tui
378 1735 467 1763 lumen
485 1736 644 1763 inviderant.
658 1735 791 1771 Numquid
805 1737 877 1764 enim

91 1780 252 1814 Deimanus,
266 1789 326 1816 qua:
340 1787 395 1809 tam
409 1781 487 1817 longe
502 1787 528 1810 te
538 1782 708 1817 perduxerat,
728 1791 814 1819 prope
822 1792 877 1812 non

89 1827 217 1856 valuisset
227 1827 380 1856 adducent
400 1827 453 1855 Sed
466 1832 575 1863 peccata
588 1832 678 1856 nostra
693 1829 786 1863 grandi
799 1837 877 1858 muro

89 1873 230 1902 desideriis
243 1874 343 1901 nostris
356 1874 491 1909 opposita,
506 1875 576 1902 inter
586 1882 635 1902 nos
648 1879 676 1903 et
693 1879 720 1903 te
739 1883 878 1910 separave-

90 1922 150 1945 runt
161 1924 184 1946 ι.
206 1918 254 1946 Va:
266 1919 329 1946 mihi
340 1919 431 1946 misero
450 1920 577 1954 peccaturi
594 1919 727 1946 immunda
740 1920 809 1947 labia
829 1921 877 1947 lia-

89 1962 166 1996 benti,
180 1964 228 1999 qui
240 1964 328 1992 audeo
340 1963 429 1992 dicere
442 1968 469 1991 te
483 1972 567 2001 prope
579 1972 644 1997 nos,
657 1965 700 1992 vel
720 1973 769 1993 nos
792 1973 876 2001 prope

89 1972 166 1996 venit,
180 1972 228 1999 qui
240 1972 328 1992 auaeo
340 1972 429 1992 dicere
442 1972 469 1991 te
477 1972 567 2036 ἔτορε
579 1972 644 1997 nos,
657 1972 700 1992 vel
720 1973 769 1993 nos
792 1973 875 2001 prope

88 2012 113 2035 te
124 2007 209 2036 fuisse
225 2017 232 2035 :
245 2017 315 2041 cum,
332 2009 413 2036 etiam
426 2009 475 2036 sia
508 2017 556 2036 nos
564 2016 648 2043 usque
661 2009 788 2043 venisses,
799 2018 875 2045 atque

87 2057 175 2081 tamen
185 2061 205 2080 a
219 2054 361 2081 sanctitate
372 2057 416 2080 tua
426 2054 504 2088 longe
514 2053 657 2081 fuissemus
666 2054 677 2069 ⁵
689 2062 696 2080 :
708 2061 795 2088 neque
804 2056 875 2082 enim

87 2098 151 2126 locis
174 2099 311 2134 potuisset
328 2099 427 2134 aquari
453 2103 500 2126 aut
523 2098 647 2134 conjungi
661 2103 736 2127 tanta
748 2100 875 2128 virtutum

87 2145 219 2172 distantia
233 2148 262 2172 et
274 2144 455 2179 longinquitas
467 2145 634 2173 meritorum.

117 2189 146 2218 2.
165 2189 362 2217 Verumtamen
367 2189 496 2217 fructibus
506 2190 656 2218 sanctitatis
662 2194 715 2218 tuae
722 2198 790 2226 opus
798 2191 875 2218 istius

927 1603 1063 1626 vertemur
1075 1599 1085 1614 "
1101 1599 1127 1625 in
1141 1606 1231 1626 arcum
1244 1606 1407 1634 perversum.
1431 1599 1564 1635 Exsurgat
1586 1601 1613 1627 in
1634 1601 1712 1628 nobis

926 1644 1006 1677 Deus,
1022 1649 1049 1671 ut
1058 1645 1213 1680 dissipentur
1222 1645 1318 1672 inimici
1333 1646 1413 1672 nostri
1429 1651 1441 1669 ν
1453 1654 1460 1679 ;
1474 1646 1536 1680 quia
1550 1651 1654 1681 propter
1666 1647 1714 1673 nti-

926 1692 1020 1718 teriam
1029 1692 1133 1727 inopum
1143 1696 1169 1718 et
1182 1692 1302 1727 gemitum
1312 1700 1452 1727 pauperum
1465 1697 1490 1726 ιι,
1504 1700 1617 1727 quorum
1628 1694 1711 1728 parti-

926 1736 999 1771 cipes
1011 1744 1112 1769 sumus,
1133 1738 1278 1764 exsurrexit
1301 1736 1441 1770 Dominus,
1453 1742 1483 1765 ut
1500 1742 1624 1765 averteret
1641 1739 1710 1765 mala

926 1786 1018 1808 nostra
1031 1782 1141 1808 inimicis
1157 1782 1251 1808 nostris
1265 1786 1288 1813 τ,
1303 1786 1331 1809 et
1349 1783 1432 1809 calvos
1447 1784 1542 1818 faceret
1553 1788 1708 1817 peccatores,

925 1835 1032 1862 quorum
1056 1828 1178 1862 precipui
1203 1835 1290 1854 sumus
1307 1831 1329 1860 ',
1347 1828 1417 1855 sicut
1438 1827 1520 1856 inﬁmi
1540 1830 1551 1844 ³
1571 1836 1709 1856 servorum

925 1871 1040 1904 Christi;
1052 1872 1097 1906 qui
1107 1879 1156 1899 nec
1166 1879 1198 1898 ea
1211 1879 1270 1905 quae
1284 1871 1421 1904 debemus,
1432 1871 1520 1900 facere
1533 1881 1673 1908 possumus
1687 1877 1708 1909 ις

926 1925 987 1946 cum
1000 1922 1028 1945 et
1040 1926 1119 1952 supra
1134 1917 1251 1944 debitum
1263 1918 1328 1953 legis
1339 1918 1446 1952 aliquod
1462 1919 1639 1947 voluntarium
1650 1930 1709 1949 mu-
1757 1913 1761 1918 ⁷

926 1971 976 1991 nus
989 1963 1104 1998 adjicere
1118 1962 1262 1990 debeamus
1275 1963 1308 1990 de
1318 1963 1414 1990 allectu
1428 1968 1531 1999 nostro,
1543 1969 1571 1992 ut
1584 1965 1710 2000 Magister

925 2011 983 2046 ipse
1002 2009 1074 2041 fecit.
1089 2009 1165 2045 cujus
1175 2014 1204 2036 tu
1218 2009 1335 2037 imitator
1354 2017 1398 2043 es;
1413 2010 1459 2045 qui
1483 2015 1642 2046 potestatem
1661 2013 1708 2040 ha-

925 2057 991 2085 bens
1001 2057 1034 2084 de
1047 2055 1191 2090 Evangelio
1202 2055 1408 2088 vivendi,noluit
1423 2061 1510 2085 tamen
1526 2059 1562 2085 uti
1576 2063 1709 2093 potestate

924 2110 982 2135 sua,
1005 2106 1034 2130 et
1053 2102 1092 2137 (Ιι)
1109 2102 1220 2129 abutens
1235 2101 1317 2134 licito,
1332 2102 1401 2130 hanc
1415 2104 1581 2131 occasionem
1602 2106 1652 2133 sibi
1666 2115 1709 2133 cu-

925 2147 1057 2175 mulandat
1074 2146 1143 2181 apud
1161 2146 1294 2174 Christum
1308 2147 1438 2175 mercedis
1455 2148 1565 2183 invenit,
1581 2154 1610 2177 ut
1622 2150 1705 2179 Evan-

924 2193 1021 2227 gelium
1034 2192 1092 2219 sine
1101 2196 1189 2218 sumtu
1204 2196 1317 2226 poneret
1331 2196 1354 2219 ιι.

87 2235 194 2270 pietatis
210 2235 251 2270 (d)
262 2240 413 2263 accesserat
427 2234 504 2271 (forte
513 2236 561 2271 leg.
573 2236 749 2272 accessisset),
764 2240 792 2264 et
806 2244 875 2264 mer-
889 2248 914 2277 Ι)
960 2238 986 2264 4,
1007 2236 1063 2264 Tua
1075 2244 1138 2264 vero
1151 2237 1277 2264 sanctitas
1294 2244 1347 2264 non
1358 2237 1444 2265 solum
1457 2238 1492 2266 de
1508 2239 1636 2269 abusione
1656 2241 1708 2269 lici-

87 2281 253 2309 cesincaalo
272 2285 318 2308 tua
344 2281 378 2309 de
400 2285 454 2308 tam
466 2281 512 2316 pio
527 2281 618 2309 labore
641 2282 779 2315 crevisset,
802 2283 825 2310 si
848 2288 877 2311 et

119 2343 132 2357 ι
146 2338 317 2379 grows“,
331 2337 375 2364 ‘25.
391 2337 427 2379 ub
437 2337 507 2365 Psal.
523 2346 578 2379 xvi,
591 2338 608 2365 4
618 2373 627 2379 Ι
639 2338 747 2379 :‘Psall.
764 2347 817 2379 HV,
832 2339 858 2379 7,
871 2343 899 2367 et
912 2347 976 2379 xvii,
987 2339 1031 2378 34..
1048 2339 1080 2379 nd
1088 2339 1159 2379 Psal.
1168 2347 1244 2379 xvnt,
1252 2338 1278 2365 6.
1302 2338 1418 2379 fni’sal.
1431 2341 1555 2379 xvm,_ll.

170 2373 192 2401 5,
234 2377 248 2396 ις
266 2373 327 2400 lsai.
339 2381 363 2400 Vl
390 2372 417 2406 5,
431 2381 465 2400 ex
478 2374 601 2401 versione
617 2373 694 2401 LXX.
732 2373 744 2393 1³
764 2374 858 2401 Matth.

170 2409 178 2435 ι
202 2407 303 2440 Ephes.
318 2415 346 2440 ιι,
360 2394 403 2435 ίϐ.
442 2414 460 2427 ω
480 2408 558 2436 Rom.
571 2417 616 2440 vn,
629 2409 673 2436 25.
710 2413 724 2427 ιλ
743 2408 814 2437 Psal.
830 2418 874 2437 xx:

935 2375 977 2401 12.
1019 2374 1027 2393 ί
1048 2374 1070 2401 ll
1085 2374 1147 2401 Cor.
1168 2382 1193 2406 ν,
1216 2375 1261 2401 2|.
1300 2374 1307 2399 ἱ
1333 2374 1411 2401 Rom.
1429 2383 1483 2407 vui,
1497 2372 1526 2403 3.
1566 2378 1578 2395 κ
1598 2377 1656 2405 Col.

931 2409 948 2436 2
961 2415 989 2437 et
1002 2410 1028 2437 5.
1065 2410 1076 2420 °
1090 2409 1161 2437 Psal.
1178 2418 1223 2440 χιι.
1240 2409 1265 2437 5.
1303 2415 1316 2434 Ρ
1337 2409 1407 2437 Psal.
1422 2419 1519 2440 Lxxvn.
1531 2411 1575 2440 57.
1590 2417 1617 2439 et
1625 2421 1675 2440 va

227 2416 303 2443 pnes.
318 2416 346 2440 ιι,
360 2416 403 2435 ιυ.
442 2416 460 2427 ω
481 2416 558 2436 nom.
571 2417 616 2441 vn,
629 2416 673 2436 aa.
711 2416 724 2427 ιι
743 2416 814 2437 rsat.
830 2418 874 2437 xx:

227 2443 257 2469 ιι.
274 2450 311 2476 ιι,
325 2443 360 2484 (ίλ
391 2448 400 2462 τ
420 2442 491 2471 Psal.
502 2452 557 2476 Llll,
574 2445 599 2471 7.
638 2448 648 2461 '
669 2444 680 2471 Ι
694 2443 762 2471 Tim.
775 2452 794 2479 ι,
810 2444 853 2472 15.

931 2416 948 2436 z
961 2416 989 2437 et
1002 2416 1028 2437 δ.
1066 2416 1075 2420 '
1090 2416 1161 2437 rsat.
1178 2418 1223 2441 χιι,
1240 2416 1265 2437 a.
1303 2416 1316 2434 Ρ
1337 2416 1407 2437 I’sal.
1422 2419 1519 2443 Lxxvn,
1531 2416 1575 2445 57,
1590 2417 1617 2439 et
1625 2421 1707 2447 van,

923 2444 983 2472 Luc.
995 2453 1058 2477 xvn,
1073 2444 1117 2472 10.
1154 2449 1166 2463 ιι
1181 2444 1191 2471 1
1206 2445 1268 2472 Cor.
1284 2453 1321 2478 ix,
1336 2445 1379 2478 18,
1393 2450 1420 2472 et
1430 2453 1466 2479 ιν,
1480 2446 1525 2480 li;
1545 2447 1556 2474 Ι
1578 2447 1657 2476 Thes.
1678 2458 1708 2484 ιι,

88 2380 129 2405 xv,
145 2373 192 2401 25.

87 2408 127 2434 Η.
170 2409 178 2435 ι
202 2408 303 2443 Ephes.
318 2415 346 2440 ιι,
360 2408 403 2435 16.
442 2414 460 2427 ω
480 2408 558 2436 Rom.
571 2417 595 2436 vt

87 2443 110 2469 '2.
148 2449 162 2469 ιι
182 2443 257 2470 Psal.
274 2450 311 2476 xi,
325 2443 351 2469 6.
391 2448 400 2462 τ
420 2442 557 2476 Psal.:nn,
574 2445 599 2471 7.

88 2476 120 2511 9;
133 2478 155 2505 ll
173 2478 273 2505 Thess.
289 2485 329 2512 in,
344 2477 371 2504 8.

930 2288 1017 2310 torum
1031 2287 1059 2310 et
1072 2283 1232 2310 abstinentia
1244 2283 1445 2310 commodorum
1467 2284 1610 2313 visibilium
1631 2286 1707 2314 Chri-

1597 2342 1606 2360 Ῑ
1621 2342 1707 2372 Exod.

1300 2374 1307 2399 i
1333 2374 1411 2412 item.
1429 2383 1483 2407 vui,
1501 2376 1545 2412 5.77
1566 2378 1578 2395 κ
1598 2377 1656 2405 Col.
1678 2388 1707 2412 ιι,

121 2525 129 2535 ³
149 2524 229 2550 Alias
240 2522 285 2556 2'1;
299 2530 359 2558 qua:
370 2527 459 2551 autem
474 2524 509 2550 57
520 2528 589 2556 erat,
613 2532 683 2552 nunc
704 2524 748 2551 l3.
772 2523 876 2560 Scripta
890 2532 959 2552 anno
969 2524 1021 2551 404
1031 2529 1155 2552 exeunte.

119 2571 158 2604 (ai
180 2568 233 2595 Ms.
249 2568 338 2604 Vien.,
352 2569 449 2596 Sancto
463 2574 488 2596 et
501 2570 590 2598 merito
604 2571 751 2604 uenerabili,
764 2579 794 2598 ac
808 2570 872 2598 dile-

85 2603 201 2631 ctissimo
217 2605 292 2639 fratri
307 2603 437 2637 Victricio,
452 2604 590 2632 Paulinus.

120 2639 158 2673 ib)
179 2639 294 2674 Codices
307 2647 417 2672 omnes,
433 2640 572 2674 myrrham.
588 2639 791 2668 Emendavrmus
803 2649 872 2668 mer-

85 2682 140 2709 ram
154 2682 191 2702 ex
205 2681 255 2701 ms.
269 2673 360 2701 Germ.
383 2675 418 2701 ad
442 2673 524 2702 carm.
549 2675 583 2701 17
603 2676 636 2703 de
659 2676 747 2703 reditu
762 2675 872 2709 Nicetze,

86 2716 110 2746 _v.
124 2708 171 2746 §2.
186 2709 232 2746 S_ic
242 2716 305 2746 mss.
317 2709 510 2746 _codices_apud
524 2709 698 2745 Augustinum
707 2730 716 2744 ,
731 2715 825 2746 quaest.
838 2710 872 2737 56

86 2717 110 2735 v.
124 2717 171 2735 az.
186 2717 232 2736 an:
242 2717 305 2736 mss.
321 2717 427 2736 coerces
441 2717 456 2736 a
477 2718 484 2736 ι

85 2743 111 2770 in
123 2743 259 2771 Exodum.
277 2743 341 2771 Vide
351 2748 407 2771 not.

118 2779 157 2815 (c)
178 2778 229 2815 his.
245 2779 339 2815 codex.
355 2778 444 2812 Vien.,
455 2780 528 2806 illam
537 2788 627 2807 manu:
642 2779 736 2815 Moysi.

119 2812 161 2849 id)
249 2813 336 2849 Yjen"
348 2814 493 2846 accederet;
507 2815 579 2849 forte
590 2816 639 2849 leg.
652 2812 807 2843 accessisset.

119 2847 160 2885 (ei
180 2847 231 2876 Ms.
252 2847 352 2885 Vatic.,
369 2849 402 2885 in
422 2849 543 2878 Domino.
573 2847 719 2885 Utrumque
745 2851 870 2878 usitatum

85 2883 201 2911 Paulino
210 2887 237 2911 et
251 2883 425 2919 scriptoribus
435 2885 543 2912 sanctis.

962 2570 995 2611 (ί)
1014 2571 1154 2600 Ms.-Vien.
1178 2572 1273 2606 codex,
1296 2573 1506 2608 interfecerit"...
1521 2577 1546 2601 et
1564 2575 1707 2611 triumpha-

924 2608 996 2633 verit.

960 2642 999 2676 (g)
1019 2640 1081 2668 Mss.
1097 2641 1183 2668 Vatic.
1195 2646 1222 2669 et
1236 2642 1314 2676 Reg.,
1326 2643 1480 2670 intendente.

961 2679 1000 2711 (Ιι)
1014 2676 1126 2703 Abutens
1140 2677 1227 2709 licito;
1250 2678 1274 2704 id
1289 2682 1330 2704 est
1343 2686 1394 2704 non
1413 2683 1497 2705 utens.
1511 2676 1613 2706 Eodem
1627 2688 1707 2710 sensu

925 2718 998 2742 mox,
1014 2710 1135 2750 abusione
1150 2712 1292 2750 licitorum;
1307 2717 1334 2750 e_t
1344 2713 1423 2747 epist.
1434 2712 1476 2750 >49
1495 2714 1530 2750 ad
1552 2714 1706 2750 Hacariinn,

926 2753 998 2782 num.
1016 2745 1059 2778 M,
1075 2754 1126 2782 non
1140 2747 1303 2782 abutendum.
1319 2745 1384 2775 [tein
1398 2748 1476 2782 epist.
1500 2748 1535 2775 12
1555 2749 1588 2775 ad
1607 2745 1705 2777 Anum:

921 2781 994 2818 dum,
1011 2788 1083 2807 num.
1095 2781 1122 2814 7,
1138 2781 1184 2808 Est
1193 2787 1283 2809 sancta
1296 2781 1480 2818 superbia’quw
1489 2784 1547 2810 huic
1559 2786 1652 2812 mundo
1663 2794 1707 2812 su-

923 2815 1060 2855 perbit,.._..
1076 2817 1239 2855 omnibusque
1255 2815 1355 2853 magnis
1369 2815 1463 2850 eiur'et
1474 2817 1587 2845 dulcibus
1601 2827 1632 2846 ac
1646 2829 1706 2855 spe-

923 2850 999 2877 ciosis
1014 2850 1134 2878 abutitur.
