1983 3092
272 125 325 153 555

855 122 882 150 S.
906 121 1042 151 PAULINI
1060 122 1187 159 NOLANI
1207 121 1359 150 EPISCOPI

1847 124 1900 152 556

270 179 363 207 stiame
374 177 537 214 paupertatis
559 177 668 205 divitem
682 177 796 211 gloriam
811 180 900 210 tenet;
915 177 973 211 sed,
992 177 1062 211 sicut
1075 184 1098 213 Α
1113 182 1186 205 rator
1198 177 1294 205 Patris.
1305 177 1357 205 Per
1366 178 1450 213 ipsum
1463 177 1536 205 enim
1550 178 1637 205 omnia
1648 178 1719 213 facta
1732 183 1802 210 sunt,
1818 180 1904 206 ctsine

271 224 402 259 comperi,
415 224 495 251 etiam
507 223 540 251 de
554 223 722 250 multitudine
734 222 945 256 adversantium,
955 226 983 249 et
997 223 1064 250 tole—

271 270 357 297 rentia
369 270 561 301 teutationum;
576 269 696 304 quoniam
707 269 902 295 insurrexerunt
912 268 940 295 in
955 273 978 294 te
987 272 1064 295 testes

270 315 362 350 iniqui,
383 319 408 341 et
432 315 537 341 memita
551 319 589 341 est
601 314 723 349 iniquitas
738 314 788 340 sibi
808 319 831 340 α.
857 313 912 341 Sed
930 313 1017 341 nodus
1037 313 1065 340 in

271 361 360 394 scirpo
377 363 404 387 et
416 367 508 387 mnvus
524 360 551 386 in
572 360 672 387 lumine
688 367 743 386 uon
754 359 842 394 potuit
863 358 975 386 inveniri
990 367 998 385 :
1013 366 1066 386 non

272 406 345 432 enim
358 405 403 432 sub
415 405 499 432 modio
513 405 614 432 latebat
636 404 742 431 lucerna
764 409 818 436 tua,
834 412 894 439 qua:
917 405 1018 432 eminet
1037 409 1067 432 et

273 450 411 485 splendide
423 450 506 484 fulget
519 458 599 485 supra
610 449 793 477 candelabrum
803 454 935 482 sanctum,
948 450 1067 477 utluceat

274 497 390 524 omnibus
401 497 444 532 qui
455 497 482 524 in
496 497 572 523 domo
581 501 640 523 sunt
651 495 683 529 l’;
698 500 725 524 et
739 496 830 523 multis
842 496 957 524 Domino
969 502 1067 524 accen-

274 544 369 571 dendis
383 543 557 571 luminaribus
570 542 655 570 fomes
668 543 775 570 existat.
790 542 826 569 Et
839 542 899 570 ideo
925 543 1066 570 inconcus-

274 597 334 616 sum
347 594 375 616 et
394 589 489 616 stabile
514 589 659 624 permansit
682 588 871 615 candelabrum
898 591 981 620 tuum,
1003 587 1067 622 quia

1114 224 1171 258 ipso
1181 224 1279 259 factum
1290 229 1328 251 est
1342 224 1406 251 nihil
1421 222 1445 250 Ιι.
1463 223 1498 251 Et
1512 223 1564 251 hoc
1579 223 1707 255 Verbum.
1729 224 1835 258 pietatis
1855 224 1907 252 im-

1115 276 1215 296 mensa:
1228 269 1368 305 mysterio,
1391 277 1453 296 caro
1477 269 1574 305 factum
1597 269 1681 301 est”,
1694 273 1720 296 et
1734 268 1857 296 habitauit
1878 270 1907 296 in

1116 313 1199 340 nobis.
1212 313 1274 341 Non
1296 317 1388 341 autem
1401 320 1466 341 caro
1480 317 1585 340 tantum
1604 314 1727 348 corporis
1751 313 1846 346 nostri,
1860 314 1909 341 sed

1116 360 1198 388 homo
1213 365 1297 395 totus,
1305 365 1333 388 et
1341 360 1464 395 corporis
1478 359 1564 387 nostri
1578 363 1606 387 et
1619 359 1716 387 animo:
1726 360 1907 388 assumtione:

1116 406 1212 432 animm
1224 410 1313 433 autem
1324 404 1473 438 rationalis,
1481 412 1540 439 qua:
1548 403 1625 439 juxta
1639 404 1761 432 naturale
1773 404 1908 439 opiﬁcium

1117 450 1165 477 Dei
1177 450 1257 477 habet
1271 450 1378 477 insitam
1401 453 1519 476 mentem
1541 457 1548 475 :
1571 448 1691 483 alioquin
1706 449 1727 464 “
1742 449 1770 476 in
1791 449 1911 477 tenebris

1117 495 1279 531 Apollinaris
1293 495 1331 531 (g)
1342 494 1502 529 errabimus,
1512 495 1535 523 si
1549 495 1685 523 hominem
1696 500 1845 523 assumtum
1854 495 1910 523 Deo

1118 541 1235 568 animam
1247 542 1345 568 mentis
1355 540 1479 567 humanm
1494 547 1615 573 vacuam,
1628 540 1716 575 qualis
1725 544 1766 568 est
1779 548 1909 575 pecorum

1117 590 1145 613 et
1153 585 1345 619 jumentorum,
1358 584 1478 612 dicamus
1492 584 1632 617 habuisse;
1656 588 1685 612 et
1698 592 1759 612 eum
1772 585 1907 613 hominem

275 634 398 662 manibus
412 634 534 661 humanis
545 634 730 669 impellebatur
738 637 767 660 ut
777 633 896 660 caderet.
907 632 964 660 Non
975 637 1067 660 autem
1118 637 1198 665 quem
1211 630 1330 665 suscepit
1339 629 1386 656 Dei
1400 628 1497 662 Filius;
1508 629 1555 663 qui
1569 636 1680 656 necesse
1689 634 1731 656 est
1737 637 1770 657 ea
1783 630 1907 664 veritate,

276 680 420 707 merebaris
445 684 474 706 nt
496 679 566 706 illius
580 687 660 706 manu
675 679 701 706 in
715 679 820 706 ruinam
841 682 1066 710 commoveretur,
1118 682 1170 709 qua
1185 674 1285 701 veritas
1298 678 1348 706 est,
1365 677 1393 700 et
1406 681 1458 708 qua
1472 673 1574 700 creavit
1588 673 1734 706 hominem,
1750 677 1838 701 totum
1851 682 1908 701 sus-

273 726 318 760 1]κὶ
336 726 410 752 habet
425 730 519 760 septem
539 725 637 758 stellas,
650 730 675 752 et
689 725 804 752 ambulat
818 725 885 752 inter
901 729 997 760 septem
1007 732 1069 751 can-
1119 721 1233 756 ceperit,
1248 725 1277 747 Ui-
1300 727 1369 755 OpuS
1382 727 1460 747 suum
1481 720 1561 755 plena
1573 720 1660 747 salute
1670 725 1823 748 renovaret.
1835 721 1911 749 Nulla

275 769 380 797 delubra
394 778 483 802 aurea,
499 770 594 797 habens
616 771 643 797 in
666 778 711 797 ore
731 770 845 805 gladium
859 769 898 796 bis
920 775 1022 796 acum;
1043 774 1066 802 ο,
1119 769 1160 793 est
1174 770 1265 792 autem
1279 766 1352 792 salus
1366 768 1469 797 nostra,
1482 764 1533 792 nisi
1548 764 1626 799 plena
1637 769 1693 797 est;
1708 765 1770 800 quia
1791 774 1846 793 non
1860 766 1912 794 ho-

275 821 329 847 quo
344 816 458 843 armavit
468 816 606 843 dexteram
625 816 723 843 mentis
743 820 805 848 tum,
821 819 849 842 ut
863 815 1002 850 utriusque
1016 814 1066 842 Te-

1118 810 1229 841 minem,
1242 808 1290 836 sed
1302 807 1375 835 aliud
1387 808 1477 836 nescio
1492 808 1566 843 quod
1576 808 1616 844 (h)
1630 809 1823 837 irrationabilis
1836 818 1913 837 crea-

274 863 400 889 stamenti
422 863 459 897 (a)
489 862 546 890 face
571 862 712 890 candentia
740 862 841 889 inimici
870 862 960 897 jacula
982 861 1066 889 victor

1120 858 1186 882 tura:
1199 853 1298 881 animal
1321 853 1438 889 suscepit
1457 853 1506 881 Dei
1529 853 1626 887 Filius,
1642 855 1665 881 si
1689 858 1808 882 mentem
1835 863 1914 883 suam

274 907 429 942 exstinguas
442 906 455 926 θ
471 912 499 935 et
513 908 607 934 cadunt
621 917 636 934 a
652 909 731 934 latere
746 913 787 934 tuo
801 907 881 941 mille,
894 912 919 934 et
930 907 996 934 dena
1010 907 1070 933 mil-

276 953 312 979 lia
332 962 349 979 a
370 953 468 980 dextris
482 954 532 980 tuis
548 959 571 986 ε,
586 954 633 981 tibi
655 958 742 980 autem
764 963 817 981 non
834 954 1068 989 appropinquent;

277 996 314 1032 (ὁ)
329 1004 409 1031 quem
421 997 617 1032 inexpugnabili
630 1003 706 1025 scuto
718 1003 788 1031 teget
802 999 901 1026 veritas
915 998 973 1029 Dei,
987 1002 1016 1025 ut
1027 1006 1070 1024 ar-

276 1050 323 1069 cus
337 1050 431 1070 eorum
454 1043 631 1074 inﬁrmentnr,
659 1044 705 1077 qui
728 1044 754 1069 in
781 1049 805 1070 te
819 1043 944 1071 dicuntur
965 1044 1069 1071 acuisse

276 1088 427 1123 linguarum
442 1089 598 1116 machaeras.
613 1089 668 1116 Sed
682 1094 710 1116 ut
721 1091 824 1125 sagith
840 1089 1017 1123 paruulorum,
1032 1091 1070 1116 ita

275 1135 403 1170 inﬁrmati
416 1140 475 1162 sunt
484 1135 519 1171 (ι)
530 1136 596 1162 ictus
605 1144 694 1163 eorum
708 1135 729 1168 ῖς
745 1143 794 1163 nec
809 1140 954 1171 potuerunt
969 1136 996 1163 in
1010 1144 1069 1162 cor-

277 1188 343 1215 pore
357 1181 439 1209 armis
449 1181 497 1208 Dei
511 1182 665 1216 potentibus
675 1185 752 1216 septo
767 1181 855 1209 locum
866 1181 982 1209 vulneris
995 1182 1069 1208 inve—

277 1225 351 1258 nire;
363 1226 489 1254 Dominus
507 1227 576 1253 enim
596 1227 719 1260 protectio
733 1231 778 1253 tua
792 1231 819 1261 ε,
828 1231 856 1254 et
869 1226 996 1254 Dominus
1007 1227 1068 1254 illn—

278 1272 388 1299 minatio
399 1272 488 1299 cordis
500 1273 548 1305 tui,
562 1273 608 1307 qui
620 1276 647 1300 te
659 1273 685 1299 in
698 1272 794 1307 spiritu
801 1273 920 1301 veritatis
934 1273 1069 1307 instruxit,

278 1322 307 1344 ut
320 1317 347 1344 in
358 1317 437 1353 225
451 1318 573 1345 doctrina
588 1318 664 1346 Pauli
674 1319 800 1353 magister
814 1319 850 1347 sis
864 1319 993 1354 gentium,
1007 1328 1068 1347 cum

278 1363 329 1390 (ide
342 1368 369 1391 et
380 1365 504 1397 veritate,
520 1372 574 1391 non
589 1364 616 1391 in
630 1364 768 1392 inﬂatione
789 1365 920 1399 scientias,
940 1373 1022 1401 neque
1041 1366 1069 1392 in

278 1409 431 1436 sublimitate
440 1410 566 1437 sermonis
588 1410 627 1445 (d)
647 1411 786 1437 annuutias
800 1411 948 1446 mysterium
963 1409 1067 1443 Christi,

276 1455 321 1482 sed
335 1455 400 1482 nillil
413 1460 438 1483 te
443 1455 567 1491 judicans
577 1456 643 1483 scire
657 1456 725 1483 inter
735 1456 861 1489 homines,
876 1456 927 1483 nisi
938 1455 1069 1484 Christum

279 1501 373 1534 Iesum,
384 1507 409 1529 et
423 1503 508 1537 ipsum
518 1502 670 1537 cruci/imum
681 1500 705 1529 ³³.

1120 898 1256 934 propriam
1270 897 1386 925 hominis
1397 898 1508 925 assumti
1518 898 1607 926 anima
1622 907 1676 926 non
1686 899 1791 934 habuit,
1802 904 1831 926 et
1844 907 1913 927 con-

1121 948 1161 971 tra
1186 948 1308 971 naturam
1327 940 1440 978 generis
1450 943 1560 971 humani
1574 943 1619 971 ille
1632 944 1799 978 potissimum
1810 944 1914 979 primo-

1120 989 1226 1021 genitus
1240 989 1328 1016 omnis
1342 993 1472 1017 creatum:
1483 989 1565 1016 homo
1576 989 1602 1015 in
1617 988 1729 1016 formam
1740 989 1914 1024 perfectionis

1120 1036 1243 1062 humanm
1257 1040 1390 1064 assumtus
1411 1035 1439 1063 in
1460 1038 1564 1063 tantum
1578 1040 1669 1064 mente
1679 1044 1727 1063 sua
1743 1036 1868 1071 iudiguit,
1887 1042 1914 1065 ut
1935 1033 1937 1038 ’

1120 1088 1173 1107 non
1188 1081 1222 1108 de
1236 1081 1364 1113 humano,
1374 1080 1422 1108 sed
1433 1080 1467 1108 de
1485 1080 1577 1109 divino
1591 1082 1673 1117 226
1682 1082 1779 1117 spiritu
1792 1087 1913 1110 mentem

1119 1127 1242 1154 habuisse
1257 1127 1370 1154 dicatur.
1379 1126 1455 1161 Quod
1466 1127 1572 1155 illorum
1586 1135 1634 1156 ore
1648 1128 1745 1156 dicitur
1757 1129 1790 1161 “,
1806 1129 1835 1156 in
1844 1136 1914 1163 quo-

1120 1180 1179 1199 rum
1203 1171 1286 1200 corde
1310 1172 1462 1208 concipitur
1484 1173 1537 1200 hoc
1547 1181 1690 1206 venenum,
1717 1177 1747 1201 ut
1761 1178 1791 1202 et
1804 1173 1912 1203 Veritas

1121 1218 1234 1245 mentita
1248 1218 1293 1245 sit.
1305 1217 1359 1245 Sed
1373 1225 1457 1254 prope
1470 1223 1497 1246 te
1511 1223 1539 1246 et
1551 1219 1577 1246 in
1590 1224 1616 1246 te
1629 1223 1671 1246 est
1684 1219 1796 1247 verbum
1810 1220 1911 1248 verita-

1120 1264 1154 1291 tis
1177 1267 1205 1291 et
1223 1263 1323 1291 veritas
1335 1263 1393 1291 Dei.
1410 1263 1502 1299 Neque
1516 1264 1618 1299 indiges
1632 1264 1733 1300 Spiritu
1748 1269 1857 1300 sancto,
1868 1266 1913 1301 qui

1120 1308 1263 1336 Dominum
1273 1309 1365 1337 Jesum
1381 1309 1429 1337 Dei
1441 1308 1547 1343 Filium,
1559 1310 1642 1337 Deum
1657 1311 1684 1338 in
1698 1310 1782 1345 gloria
1797 1311 1846 1339 Dei
1863 1311 1913 1339 Pa-

1118 1355 1176 1388 tris,
1188 1360 1216 1383 et
1238 1355 1272 1382 ad
1283 1355 1423 1383 dexteram
1433 1355 1553 1389 virtutis,
1568 1355 1668 1391 Regem
1683 1363 1777 1391 regum
1789 1365 1910 1390 manere,

1118 1406 1146 1429 et
1160 1409 1193 1429 ex
1207 1401 1406 1429 resurrectione
1416 1406 1582 1429 mortuorum
1591 1401 1710 1437 judicem
1722 1402 1790 1430 vivis
1803 1407 1833 1431 et
1842 1410 1913 1431 mor-

1118 1448 1172 1475 tuis
1184 1446 1278 1475 adl'ore
1291 1446 1439 1480 conﬁteris,
1453 1450 1481 1474 et
1494 1447 1591 1480 credis,
1603 1452 1632 1476 et
1642 1447 1783 1483 prtedieas.

1154 1493 1181 1521 7.
1201 1493 1336 1520 Memento
1349 1493 1444 1526 nostri,
1459 1498 1487 1521 et
1502 1494 1618 1528 gloriare
1631 1495 1779 1522 secundum
1792 1494 1912 1530 Aposto-

312 1547 338 1574 5.
354 1547 422 1575 Cum
445 1554 510 1582 ergo
524 1546 589 1575 ﬁdes
601 1552 629 1575 et
642 1548 776 1576 conlessio
790 1553 852 1581 tua,
878 1551 908 1575 ut
930 1547 1066 1576 credimus

1119 1538 1185 1572 lum,
1196 1538 1260 1573 quia
1272 1539 1329 1566 haec
1343 1539 1370 1567 in
1381 1538 1455 1567 brevi
1468 1540 1581 1568 tentatio
1596 1540 1624 1568 in
1637 1544 1767 1568 aeternum
1786 1541 1836 1569 tibi
1849 1542 1909 1576 glo«

276 1598 358 1629 atque
365 1594 524 1622 conﬁdimus
531 1599 693 1622 comternam
706 1595 864 1623 Trinitatem
875 1595 953 1623 unius
962 1595 1064 1623 Divini-

276 1639 340 1666 tatis
353 1642 381 1666 et
398 1639 566 1670 substantiae,
579 1644 606 1666 et
616 1640 705 1674 operis
727 1643 755 1667 et
768 1640 844 1674 regni
856 1648 917 1668 esse
937 1645 1064 1675 testetur;

276 1689 392 1716 cumque
405 1682 513 1710 Patrem
527 1683 622 1716 Deum,
642 1688 671 1711 et
682 1683 779 1711 Filium
790 1684 883 1718 Deum,
898 1689 926 1712 et
936 1684 1066 1721 Spiritum

276 1732 397 1755 sanctum
408 1727 502 1761 Deum,
510 1732 540 1755 ut
548 1733 599 1761 est,
611 1729 654 1764 qui
665 1733 743 1763 est,et
752 1734 817 1762 erat,
828 1735 852 1757 et
867 1735 986 1759 uenturus
997 1736 1034 1759 est
1044 1731 1064 1765 ί,

276 1772 323 1807 qui
336 1773 409 1800 misit
433 1777 459 1800 te
472 1773 543 1801 sicut
557 1773 676 1810 Moysem
696 1778 724 1802 et
742 1775 777 1810 (ε)
797 1776 938 1810 apostolos
955 1784 1068 1812 evange-

277 1817 358 1845 Iizare
367 1818 493 1852 gentibus
502 1818 571 1846 bona
585 1819 690 1847 Domini
702 1829 709 1846 :
725 1820 797 1854 quod
814 1820 860 1852 ita,
872 1825 902 1848 ut
917 1822 974 1857 ipse
985 1830 1001 1850 a
1011 1823 1067 1851 Deo

276 1861 372 1890 doctus
382 1870 421 1895 es,
432 1862 524 1897 doces,
537 1864 666 1891 unitatem
688 1863 826 1892 Trinitatis
839 1865 899 1894 sine
911 1866 1068 1895 confusione

276 1905 398 1940 iungens,
410 1911 438 1934 et
448 1906 606 1936 Trinitatem
617 1908 700 1943 ipsius
708 1909 819 1937 unitatis
829 1910 886 1937 sine
899 1912 1068 1946 separatione

277 1950 443 1986 distinguens
453 1954 463 1969 ο
477 1952 501 1984 i,
516 1952 552 1979 ita
567 1957 597 1980 ut
608 1953 680 1980 nulla
693 1953 771 1981 alteri
784 1962 900 1989 persona
913 1956 1066 1990 conveniat,

277 2001 304 2023 et
326 1997 353 2024 in
368 1997 440 2024 omni
462 2005 576 2032 persona
589 1998 669 2025 trium
686 1999 707 2014 ‘°
721 1999 792 2027 Deus
813 2007 882 2028 unus
905 2001 1025 2034 eluceat;
1040 2005 1069 2029 et

277 2046 367 2069 tantus
381 2043 488 2077 quidem
513 2043 604 2076 Filius,
620 2049 736 2079 quantus
750 2050 778 2073 et
792 2045 885 2080 Pater,
901 2052 1018 2081 quantus
1040 2052 1068 2076 et

276 2087 391 2122 Spiritus
417 2092 542 2121 sanctus;
566 2088 616 2116 sed
636 2097 743 2125 semper
756 2090 870 2125 quisque
888 2091 930 2118 sui
951 2092 1069 2121 nominis

278 2132 441 2166 proprietate
458 2132 608 2166 distinctus,
622 2133 786 2162 individuam
800 2135 899 2163 retinet
917 2136 943 2164 in
962 2138 1068 2166 virtutis

277 2180 305 2203 et
330 2176 421 2210 gloria:
447 2177 600 2212 aequalitate
625 2179 806 2210 concordiam.

313 2220 339 2247 6.
354 2220 428 2249 Certi
447 2226 537 2249 autem
555 2231 648 2251 sumus
660 2224 733 2259 quod
744 2229 771 2252 et
782 2225 878 2253 Filium
889 2226 937 2254 Dei
951 2228 988 2255 ita
1002 2236 1067 2263 pra:-

277 2266 359 2298 dicas,
376 2272 404 2294 ut
426 2267 548 2295 eumdem
571 2273 598 2296 et
611 2268 709 2297 Filium
735 2270 851 2298 hominis
874 2272 995 2301 conﬁteri
1009 2281 1064 2301 non

277 2312 432 2345 erubescas;
457 2317 511 2340 tam
536 2320 601 2341 vere
621 2314 758 2342 hominem
780 2315 807 2342 in
836 2320 927 2344 nostra
951 2322 1063 2351 natura,

277 2364 355 2391 quam
365 2365 429 2385 vere
442 2357 526 2385 Deum
541 2359 568 2386 in
580 2367 645 2392 sua;
660 2359 707 2387 sed
721 2359 817 2388 Filium
829 2360 876 2388 Dei
886 2365 950 2390 ante
962 2364 1062 2396 secula,

277 2402 338 2436 quia
353 2402 409 2437 ipse
419 2407 461 2430 est
468 2403 514 2430 Dei
529 2402 646 2435 Verbum
659 2403 739 2438 Deus,
753 2405 800 2439 qui
815 2409 874 2433 erat
888 2407 915 2434 in
930 2407 1063 2444 principio

276 2447 346 2482 apud
361 2447 454 2481 Deum,
469 2456 546 2483 aeque
566 2447 637 2476 Deus
652 2449 686 2484 (Γ)
699 2450 903 2486 eoomnipotens
923 2456 951 2479 et
964 2460 1064 2488 coope—

311 2508 323 2543 ξ
345 2502 415 2543 Psal.
429 2511 502 2543 xxvi,
589 2503 613 2543 ιιι
632 2504 727 2543 Matth.
741 2505 835 2543 v,_15;
858 2506 939 2543 Marc.
955 2516 992 2541 iv,
1007 2510 1058 2543 2|;
1073 2511 1139 2539 Luc.
1152 2511 1241 2543 Χ1.55.
1281 2516 1294 2532 °

277 2542 288 2555 ε
302 2536 373 2565 Psal.
389 2546 432 2571 xc,
447 2539 473 2565 7.
495 2536 498 2537 ⁷
514 2538 522 2558 ι
538 2538 607 2578 Psal.
624 2548 696 2578 nxm,
706 2540 722 2566 4
736 2536 765 2568 et
777 2541 804 2578 9._
814 2536 833 2578 ς
843 2546 854 2565 ις
864 2541 933 2578 Psal.
950 2536 1284 2578 xxvl,-i;iii'iE:l:-il.

277 2581 377 2619 33m"
389 2567 508 2619 νηί.βῇ
521 2582 538 2601 κ
547 2567 843 2619 ιολξξιιιιιτιέκνίιὲέίεϋ
855 2567 1198 2619 ,λὲὲξὸὶῗῦἕιἺἹὲιὲΪίι
1208 2567 1284 2615 ’ἐτ’ἑὶ
1294 2567 1354 2619 μ’
1370 2567 1431 2619 "lvii
1444 2567 1563 2619 ἓὸέιίνζ
1574 2567 1617 2613 ii!

278 2612 288 2626 υ
307 2607 329 2634 il
343 2607 405 2636 Cor.
427 2616 474 2643 xtl,
489 2608 514 2636 9.

311 2665 350 2702 (a)
368 2664 417 2702 iis.
431 2665 512 2702 ﬁes”
527 2667 603 2701 facie.
619 2666 667 2694 Ms.
684 2667 772 2702 Vien.,
785 2670 849 2696 acie.

310 2699 347 2734 (θ)
367 2699 414 2726 Ms.
430 2699 509 2728 Vie’u.
525 2699 626 2734 codex,
641 2711 699 2729 cum
718 2699 774 2731 te...
798 2709 876 2739 tegat.
896 2704 946 2734 Ms.
961 2706 1059 2741 Vatic.,

276 2744 332 2763 sum
344 2739 453 2764 leaet....
468 2741 501 2764 te.

311 2774 346 2810 (ct
363 2772 558 2810 manuscriptus
569 2772 656 2810 codex
666 2772 818 2807 Vaticanus,
828 2775 927 2810 jactus.

310 2806 349 2842 (ιι)
361 2806 411 2842 bis.
423 2806 505 2834 Vien.’
515 2812 543 2835 et
556 2808 598 2835 ed.
615 2809 717 2839 Schot.,
729 2806 897 2838 annuntians.

309 2841 345 2877 (ε)
359 2841 408 2878 Ms.
424 2842 509 2878 codex
521 2842 608 2874 Vien.,
624 2843 783 2878 Apostolum.

309 2877 343 2912 (ί)
359 2877 397 2904 lta
410 2885 474 2906 mss.
490 2877 556 2914 Reg.
581 2883 610 2906 et
623 2877 699 2907 Vien.
725 2887 759 2908 ac
779 2879 843 2908 editi
863 2881 989 2917 quinque.
1005 2881 1056 2910 Ed.

553 2609 563 2619 ο
583 2609 602 2636 ιι
624 2609 687 2637 Cor.
700 2619 741 2643 vl.
756 2613 781 2638 6.
820 2617 833 2636 ρ
853 2612 948 2649 Philip.
965 2609 984 2648 i;
1007 2615 1050 2644 η.
1088 2622 1102 2643 ιι
1122 2609 1217 2653 Philip.
1233 2609 1275 2650 'm.
1290 2617 1334 2645 ευ.
1373 2623 1384 2637 τ
1405 2609 1610 2654 ιοὸἱῖιξιῖέό.

1116 1585 1162 1612 riu:
1177 1583 1283 1619 pondus
1296 1589 1407 1619 operata
1429 1589 1471 1613 est
1486 1584 1508 1620 ι,
1529 1589 1557 1613 et
1570 1586 1691 1621 reposuit
1711 1586 1759 1614 tibi
1779 1594 1905 1615 eoronan

1114 1630 1233 1665 justitias,
1249 1637 1329 1671 quam
1344 1630 1462 1665 accipies
1472 1631 1506 1658 de
1519 1637 1601 1659 manu
1611 1632 1716 1660 Domini
1730 1638 1750 1652 ιιι
1763 1642 1770 1660 :
1784 1637 1813 1661 et
1825 1634 1853 1661 in
1867 1635 1910 1662 vi-

1116 1675 1208 1703 ctorize
1219 1674 1358 1702 materiam
1374 1675 1421 1703 tibi
1434 1675 1533 1703 bellum
1548 1677 1661 1705 excitari
1674 1679 1835 1713 permissum
1848 1684 1910 1714 est;

1117 1725 1148 1749 ut
1161 1726 1189 1750 et
1202 1722 1250 1750 tibi
1264 1722 1411 1752 se0undum
1434 1722 1544 1750 beatum
1557 1722 1668 1755 Paulum
1682 1725 1822 1753 doctorem
1833 1730 1913 1754 tunn.

1117 1768 1197 1796 liceat
1210 1769 1319 1803 gloriari
1329 1769 1357 1796 in
1372 1769 1540 1804 passionibus
1553 1770 1606 1798 tuis
1615 1775 1647 1804 ιι,
1661 1775 1690 1799 et
1702 1771 1814 1800 dilatato
1828 1780 1913 1809 super

1118 1814 1241 1842 inimicos
1263 1818 1324 1842 tuos
1347 1823 1405 1847 ore,
1428 1815 1518 1843 dicere
1542 1817 1677 1850 quomodo
1696 1817 1864 1846 laboraveris
1884 1820 1911 1847 is

1116 1860 1322 1896 longanimitate,
1337 1861 1366 1887 in
1376 1860 1476 1896 Spiritu
1487 1866 1589 1894 sancto,
1602 1862 1631 1889 in
1643 1863 1754 1890 caritate
1764 1871 1817 1891 non
1830 1864 1909 1899 ﬁcta,

1116 1907 1146 1934 in
1158 1905 1233 1934 verba
1247 1907 1370 1940 ueritatis,
1390 1907 1418 1934 in
1430 1907 1522 1935 uirtute
1544 1907 1603 1942 Dei,
1619 1917 1667 1943 per
1680 1918 1754 1937 arma
1767 1912 1882 1946 justitic
1895 1921 1913 1939 a

1118 1951 1216 1979 dextris
1229 1956 1254 1979 et
1268 1960 1284 1979 a
1297 1952 1420 1984 sinistris,
1435 1961 1479 1988 per
1489 1954 1599 1989 gloriam
1611 1958 1636 1981 et
1650 1954 1836 1990 ignobilitatem
1845 1977 1852 1988 ,
1865 1966 1914 1992 per

1117 1997 1255 2032 infantiam
1264 2001 1289 2025 et
1300 1997 1393 2025 bonam
1403 1999 1512 2034 fumant,
1521 2003 1549 2026 ut
1559 1999 1686 2033 seductor,
1698 2005 1723 2028 ct
1733 2009 1813 2029 sem:
1823 2011 1831 2034 ;
1843 2004 1914 2030 sicut

1117 2044 1232 2079 ignotus,
1246 2048 1272 2071 et
1280 2052 1337 2071 ecce
1352 2045 1472 2080 agnitus;
1482 2046 1556 2081 quasi
1569 2047 1719 2082 castigatus,
1734 2052 1760 2074 et
1773 2056 1827 2076 non
1839 2057 1911 2076 mor—

1119 2089 1248 2123 tiﬁcatus;
1268 2089 1342 2122 quasi
1363 2090 1456 2124 tristis,
1470 2094 1570 2126 semper
1592 2096 1678 2119 autem
1694 2093 1828 2128 gaudens;
1841 2095 1912 2121 sicin

1118 2143 1203 2170 egens,
1215 2136 1308 2162 multos
1315 2140 1400 2163 autem
1413 2136 1572 2171 locupletans
1590 2143 1614 2166 ο.
1626 2138 1693 2165 Nam
1707 2139 1765 2167 hinc
1778 2140 1837 2174 ipsa
1847 2144 1912 2168 ten-

1119 2181 1186 2208 tatio
1207 2180 1357 2208 sanctitatis
1381 2185 1434 2209 tua:
1457 2182 1548 2210 multis
1562 2183 1589 2210 in
1602 2184 1749 2219 protectum
1770 2185 1913 2220 Evangelii

1081 2241 1105 2271 υ
1118 2228 1193 2255 venit
1203 2233 1216 2253 ν
1230 2236 1236 2254 :
1249 2228 1311 2262 quia
1321 2235 1401 2255 nemo
1411 2228 1439 2255 in
1450 2232 1476 2256 te
1489 2230 1616 2258 confusus
1624 2235 1675 2264 est,
1687 2232 1810 2260 elucente
1820 2234 1913 2267 gratia

1117 2273 1216 2302 Christi
1231 2278 1259 2302 et
1272 2274 1385 2302 veritate
1396 2273 1458 2302 ﬁdei
1474 2280 1525 2302 tum
1548 2283 1601 2303 non
1615 2277 1701 2304 solum
1716 2278 1744 2305 in
1757 2278 1913 2307 directione

1116 2320 1244 2348 doctrina:
1255 2325 1315 2352 tuae,
1326 2320 1373 2348 sed
1384 2321 1502 2349 etiamin
1513 2321 1612 2350 virtute
1621 2324 1834 2352 conversationis
1846 2332 1912 2359 qua:

1116 2364 1144 2391 in
1161 2364 1236 2392 caelis
1249 2369 1291 2391 est
1305 2370 1329 2391 ιι.
1344 2364 1407 2392 Νοη
1421 2370 1460 2392 est
1472 2366 1552 2398 enim,
1567 2366 1667 2402 inquit,
1693 2376 1798 2404 regnum
1813 2369 1865 2396 Dei
1881 2371 1911 2397 in

1116 2417 1243 2441 sermone,
1269 2410 1315 2436 sed
1333 2410 1361 2436 in
1384 2410 1477 2437 virtute
1501 2415 1525 2438 ι’.
1545 2410 1614 2444 Quid
1636 2419 1701 2446 ergo
1716 2414 1747 2448 (ὅ)
1763 2415 1907 2450 quaeritur,

1117 2463 1178 2484 cum
1191 2456 1219 2483 in
1233 2459 1260 2483 te
1282 2455 1324 2489 id,
1339 2456 1411 2490 quod
1426 2461 1454 2484 et
1467 2457 1550 2485 verbo
1567 2458 1603 2493 (j)
1628 2463 1746 2493 prastat,
1768 2461 1910 2489 emineat?

1308 2510 1434 2552 ᾼροεηι,
1459 2513 1529 2552 i,_et
1551 2514 1638 2552 1,16.
1676 2514 1689 2534 ἀ
1710 2515 1779 2552 Eph.
1794 2524 1832 2551 vr,
1860 2518 1906 2546 t6.

1321 2547 1354 2575 ιιι
1369 2547 1431 2575 Cor.
1445 2556 1475 2582 ιι,
1489 2548 1515 2576 1.
1556 2549 1596 2577 ίΑ
1616 2558 1658 2579 oc.
1670 2559 1688 2584 ι,
1704 2547 1741 2578 4.’
1773 2547 1876 2580 iExod.
1891 2562 1909 2580 v

1321 2582 1337 2610 ι.
1378 2582 1385 2601 ¹
1407 2582 1429 2610 II
1444 2583 1506 2611 Cor.
1521 2593 1558 2615 iv.
1575 2558 1617 2613 ti).
1657 2591 1675 2604 ω
1691 2586 1712 2613 ll
1731 2586 1801 2615 Tim.
1823 2596 1861 2615 iv.
1877 2588 1907 2615 8.

1754 2595 1801 2615 im.
1823 2596 1861 2621 iv,
1877 2595 1907 2621 δ,

1115 2672 1208 2713 ῌοενη
1224 2673 1393 2713 onmipotens.
1410 2674 1454 2703 Sic
1468 2675 1595 2704 Paulinus
1609 2678 1687 2713 epist.
1703 2677 1734 2705 21
1755 2678 1789 2706 ad
1804 2679 1908 2707 Aman-

1111 2708 1185 2770 3:131,
1197 2716 1224 2735 ιι.
1240 2709 1267 2739 ὅ,
1276 2710 1505 2745 ιόσποκὲροιεηιειη
1514 2717 1538 2738 ct
1547 2708 1696 2748 coopiiicem
1706 2713 1782 2741 Patri
1793 2714 1903 2749 Filium,

1146 2777 1237 2883 sic
1245 2785 1308 2819 mss.
1321 2778 1406 2820 Vatic.
1422 2784 1450 2822 et
1463 2781 1542 2823 Vien.
1556 2782 1607 2810 Alii
1620 2783 1736 2818 codices,
1746 2786 1899 2813 erravimus.

1224 2821 1245 2841 s.
1261 2813 1349 2846 Vieu.,
1364 2817 1534 2844 irrationalis.

1157 2848 1178 2883 ἱ)
1194 2847 1387 2883 Manuscriptus
1400 2851 1485 2879 codex
1500 2852 1669 2883 Viennensis.
1683 2855 1810 2883 queritur.

1157 2848 1178 2891 ξ)
1194 2847 1387 2891 ᾔεηρὲαήριιιε
1400 2851 1485 2891 codex
1500 2852 1669 2888 Viennensis,
1683 2855 1810 2891 queritur.

1145 2882 1179 2920 υ)
1192 2882 1242 2912 Ms.
1256 2882 1346 2920 VienI,
1360 2890 1467 2920 perstat.
