3966 6184
235 316 334 372 357

1543 302 1874 361 EPISTULA
1914 296 2202 357 XXXVIII.

3390 288 3492 344 558

228 423 354 493 Quis
382 422 530 478 enim
551 422 759 477 dubitet
786 420 841 476 in
875 418 991 488 ejus
1019 416 1213 487 spiritu
1242 413 1401 469 fidem
1431 414 1673 469 veritatis
1715 416 1811 468 ha-
1839 426 1885 480 Α
1916 409 2153 464 timorum
2182 406 2267 462 vel
2314 392 2757 476 philosophorum
2800 401 3060 473 sapientia
3087 398 3325 465 inﬂatur,
3350 400 3496 469 abje~

224 517 418 585 hilare,
439 516 494 570 in
532 513 686 583 cujus
711 514 825 568 vita
852 510 998 567 videt
1027 510 1150 565 fidei
1178 517 1393 563 exstare
1420 506 1707 561 virtutem?

680 644 1017 701 EPISTOLA
1043 646 1061 666 '
1089 640 1366 697 XXXVIII.

226 760 382 886 2%7
399 757 741 814 Commendat
767 760 1026 830 insignem
1048 757 1176 827 Apri
1198 773 1229 809 a
1252 757 1365 826 [oro
1386 771 1448 807 ac
1478 754 1723 808 tribunali
1744 754 1813 807 ad

337 832 553 884 hristum
575 831 855 883 transitum
877 846 895 882 :
919 830 1161 881 admonet
1183 844 1247 880 ne
1265 828 1500 886 miretur,
1524 825 1612 878 sed
1642 826 1811 886 potius

337 825 553 884 hristum
575 825 895 883 transitum}
919 825 1161 881 admonet
1183 825 1500 890 ne'miretur,
1524 825 1612 878 sed
1642 826 1811 890 potius

214 954 218 975 ὅ
288 901 517 975 gaudeat
548 918 603 975 se
621 908 899 975 propterea
935 898 1271 975 despectuiet
1301 896 1560 975 odioresse
1587 896 1810 975 mundo;

288 966 406 1025 cum
421 970 537 1041 jam
556 966 678 1023 inde
702 966 930 1041 abinitio
953 966 1186 1041 Christus
1208 968 1261 1041 in
1293 967 1398 1019 suis
1422 967 1547 1041 talia
1559 966 1808 1031 patiatur.

289 1037 572 1122 Concludit
582 1057 684 1122 quo
700 1040 871 1122 studio
894 1040 1137 1122 humanis
1158 1038 1311 1118 rebus
1323 1037 1566 1122 seruitum
1587 1047 1683 1099 est,
1706 1052 1816 1114 ser-

287 1112 531 1167 uiendum
558 1106 767 1163 divinis.
811 1109 1067 1163 Processit
1095 1108 1335 1177 deinceps
1365 1106 1435 1159 ad
1464 1122 1663 1159 omnem
1711 1108 1816 1177 vir-

291 1192 452 1235 tutem
479 1183 639 1250 Aper,
669 1188 720 1231 et
748 1178 1011 1249 presbyter
1044 1180 1237 1250 factus
1251 1186 1325 1229 est
1340 1192 1373 1250 _:
1400 1178 1702 1250 memoriam
1730 1176 1814 1229 in»

290 1266 369 1306 ter
394 1244 603 1305 sanctos
632 1244 818 1302 meruit
842 1244 945 1302 XVII
966 1244 1170 1301 kalend.
1199 1244 1455 1299 Octobris.

294 1364 501 1419 Sancto
532 1372 588 1417 et
616 1364 812 1417 merito
857 1360 1148 1416 venerabili
1177 1375 1241 1415 ac
1286 1356 1633 1413 dilectissimo
1661 1355 1813 1411 fratri

228 1456 371 1509 Arno
386 1494 403 1518 ,
425 1452 717 1508 PAULINUS.

295 1548 321 1599 1
334 1588 349 1601 .
366 1547 509 1601 Lazta
518 1555 604 1601 tus
622 1562 741 1601 sum
761 1545 816 1599 in
837 1544 903 1599 iis
923 1560 1040 1615 qua:
1060 1541 1457 1613 scripsistimihi
1478 1551 1527 1606 ⁸,
1551 1548 1810 1594 etsecun—

228 1642 349 1697 dum
378 1641 542 1695 ﬁdem
565 1649 735 1705 tuam,
765 1654 926 1708 quam
947 1637 1109 1693 corde
1129 1643 1444 1706 conceptam
1466 1648 1561 1690 ore
1589 1638 1815 1687 testatus

229 1750 307 1797 es,
336 1734 383 1787 si
409 1747 496 1787 me
533 1733 707 1801 gratia
739 1730 948 1785 Domini
974 1729 1291 1800 participem
1322 1727 1454 1781 tanti
1479 1725 1699 1797 spiritus
1738 1721 1817 1775 fa-

232 1826 359 1890 ciat,
391 1838 548 1893 spero
574 1822 700 1891 quia
732 1822 786 1875 in
815 1820 1034 1875 domum
1060 1819 1273 1875 Domini
1320 1818 1542 1880 ibimus;
1592 1821 1648 1869 et
1692 1827 1811 1882 qua:

231 1914 496 1969 communi
526 1930 625 1983 spe
652 1912 863 1981 fideque
887 1912 962 1983 (a)
987 1910 1345 1982 percepimus,
1374 1908 1576 1979 pariter
1599 1906 1813 1961 intuen-

229 2015 305 2061 tes
323 2006 375 2059 in
396 2004 539 2060 facie
557 2004 821 2069 veritatis,
838 2018 1075 2059 consona
1096 2002 1451 2057 exsultatione
1480 1999 1813 2057 cantabimus

234 2098 483 2169 hymnum
514 2095 633 2153 Deo
660 2104 849 2151 nostro
882 2113 894 2147 :
924 2094 1118 2151 dicturi
1144 2094 1408 2150 Domino:
1448 2092 1812 2148 Credebamus

240 2188 343 2257 quia
354 2188 498 2243 cinis
521 2195 577 2242 et
598 2195 742 2241 terra
756 2200 997 2241 essemus
1020 2183 1068 2252 ι’,
1095 2184 1169 2257 (b)
1196 2184 1242 2239 si
1268 2184 1322 2239 in
1342 2184 1448 2239 hoc
1465 2191 1709 2251 tempore
1738 2180 1810 2235 ita

239 2278 619 2335 confirmentur
643 2278 809 2347 pedes
857 2276 1027 2332 nostri
1056 2275 1110 2330 in
1138 2275 1291 2329 atriis
1318 2273 1652 2329 Hierusalem
1684 2285 1731 2341 ο,
1752 2279 1813 2326 ut

235 2380 361 2425 terra
388 2379 450 2425 et
470 2369 615 2426 cinis
641 2383 761 2424 esse
788 2375 912 2423 actu
957 2378 1014 2422 et
1037 2381 1205 2437 opere
1239 2365 1546 2421 desinamus
1566 2362 1627 2430 <1;
1651 2364 1726 2418 ita
1754 2371 1814 2417 ut

232 2462 277 2515 in
296 2462 493 2531 spiritu
524 2459 844 2514 humilitatis
872 2466 1069 2513 terram
1113 2472 1234 2513 esse
1263 2472 1364 2514 nos
1388 2456 1807 2518 meminerimus,

232 2562 277 2608 et
298 2569 417 2610 esse
446 2554 721 2607 fateamur
759 2551 1007 2615 Domino,
1041 2558 1098 2604 nt
1133 2564 1230 2620 per
1256 2550 1451 2619 ipsum,
1481 2548 1625 2619 quod
1655 2546 1810 2601 dam-

231 2645 441 2698 natione
464 2642 680 2713 peccati
708 2656 911 2707 sunus,
941 2641 1010 2696 de
1036 2639 1473 2696 reconciliatione
1499 2638 1682 2707 gratia:
1705 2651 1811 2691 non

228 2750 339 2791 esse
364 2749 697 2789 mereamur.
730 2733 921 2788 Beatus
948 2750 1026 2801 es,
1056 2732 1240 2798 frater,
1269 2740 1319 2786 et
1357 2730 1485 2786 bene
1515 2730 1604 2785 tibi
1625 2731 1720 2784 erit
1764 2740 1809 2796 ο,

229 2828 347 2896 quia
374 2842 488 2880 non
519 2840 684 2881 carne
704 2834 758 2880 et
782 2826 1068 2895 sanguine,
1091 2824 1184 2880 sed
1214 2822 1417 2894 Spiritu
1445 2822 1679 2878 ctelestis
1706 2820 1813 2875 Pa-

232 2917 324 2970 tris
355 2916 661 2981 revelante,
686 2914 917 2970 didicisti
943 2913 962 2952 ί
994 2914 1141 2984 quod
1170 2923 1223 2969 te
1252 2914 1568 2969 inconcussa
1596 2912 1700 2967 fide
1732 2922 1812 2966 te-

230 3022 355 3062 nere
395 3015 454 3061 et
485 3006 654 3061 libera
683 3020 818 3060 voce
844 3002 1087 3075 profiteri
1125 3005 1460 3059 sanctissimo
1494 3003 1562 3057 ad
1592 3017 1678 3057 me
1706 3003 1814 3073 epi-

231 3100 376 3153 stolae
428 3108 539 3153 tute
588 3102 693 3152 line
721 3098 965 3164 ﬁrmasti,
994 3096 1265 3154 Christum
1290 3096 1470 3152 Jesum
1498 3095 1811 3152 crucifixum

1917 500 2056 555 cisse
2084 513 2145 553 se
2185 506 2241 552 et
2269 498 2561 550 mstimasse
2606 502 2666 548 ut
2703 503 2944 548 stercora
2990 500 3322 561 protestetur
3352 501 3400 557 η,
3437 501 3494 545 ut

1917 589 2188 643 Christum
2216 585 2531 650 lucrifaciat,
2565 592 2621 638 et
2650 583 2790 637 illius
2836 582 3073 636 scientia:
3118 581 3314 636 damno
3337 581 3497 650 hujus

1916 680 2195 750 imperitiae
2222 679 2431 733 lucrum
2456 682 2835 743 consequatur,
2869 682 2927 728 ut
2949 671 3095 728 dicat
3123 690 3137 725 :
3168 670 3279 739 Ego
3318 680 3497 727 autem

1916 770 2046 823 nihil
2073 770 2210 833 novi,
2242 770 2343 821 nisi
2366 766 2629 820 Christum
2654 764 2850 829 Jesum,
2881 773 2930 817 et
2950 764 3085 817 hunc
3112 763 3417 832 cruciﬁxum
3447 768 3497 829 ος

1914 858 1973 914 lu
1995 872 2103 927 quo
2128 858 2384 926 quoniam
2406 856 2580 909 omnis
2602 854 2876 924 sapientia:
2890 861 2946 907 et
2964 854 3199 907 scientiae
3222 852 3501 922 plenitudo

1915 961 2077 1021 atque
2104 949 2363 1021 perfectio
2409 947 2882 1017 comprehenditur
2908 958 2968 1013 ι’,
2999 948 3077 1018 (d)
3136 954 3193 1001 ut
3239 947 3501 1002 insultans

1914 1044 2041 1098 huic
2068 1043 2286 1108 mundo,
2311 1051 2365 1097 et
2394 1042 2598 1097 litteras
2635 1040 2751 1109 ejus
2779 1049 3055 1111 totamque
3085 1040 3155 1111 (θ)
3180 1042 3500 1111 sapientiam

1914 1134 2156 1187 vanitate
2176 1132 2367 1203 spiritu
2396 1132 2625 1187 celsiore
2652 1131 2976 1200 despiciens,
3007 1132 3084 1184 ait
3116 1149 3127 1183 :
3172 1130 3270 1185 Ubi
3305 1130 3495 1196 scriba,

1912 1221 2000 1275 ubi
2022 1224 2251 1290 sapiens,
2273 1221 2359 1275 ubi
2374 1222 2693 1293 conquisitor
2716 1222 2866 1292 hujus
2882 1222 3071 1286 seculi;
3094 1236 3263 1274 nonne
3286 1222 3499 1275 stultam

1915 1316 2039 1386 fecit
2066 1314 2207 1369 Deus
2236 1315 2543 1383 sapientiam
2563 1314 2716 1384 hujus
2744 1315 2923 1367 mundi
2940 1315 3007 1367 tt?
3033 1313 3371 1385 Causamque
3396 1315 3498 1368 hu-

1909 1400 1999 1475 jus
2044 1406 2245 1460 erroris
2289 1405 2528 1460 ostendit
2550 1422 2659 1476 quo
2690 1408 2762 1460 ita
2801 1407 3009 1477 percuti
3049 1408 3311 1477 sapientia
3341 1407 3501 1477 hujus

1915 1498 2081 1552 seculi
2104 1498 2319 1563 meruit,
2346 1505 2405 1551 ut
2432 1498 2655 1553 stultitia
2682 1497 2795 1553 Deo
2815 1500 2920 1564 sit;
2952 1500 3077 1568 quia
3112 1500 3187 1553 illi
3217 1515 3316 1570 per
3342 1514 3498 1554 arro-

1915 1590 2154 1659 gantiam
2184 1590 2459 1659 sapientiac
2510 1600 2779 1659 tamquam
2824 1606 2953 1657 suae,
2993 1606 3113 1645 cum
3151 1606 3311 1646 nemo
3338 1589 3497 1660 quid-

1915 1695 2078 1749 quam
2102 1681 2301 1735 habeat
2320 1682 2421 1735 nisi
2447 1682 2735 1749 acceperit,
2758 1682 2982 1737 stultitia
3002 1681 3275 1737 videretur
3298 1682 3502 1753 sapien-

1846 1792 1891 1851 Β
1916 1774 1989 1826 tia
2020 1772 2113 1827 Dei
2142 1782 2186 1826 τ.
2215 1772 2361 1826 Bene
2384 1774 2544 1841 igitur
2570 1773 2861 1827 secundum
2885 1773 3147 1842 justitiam
3184 1774 3302 1841 Dei,
3324 1774 3502 1829 stulti-

1920 1864 2004 1916 tiae.
2034 1878 2098 1918 ac
2127 1864 2402 1933 sapientia:
2423 1877 2578 1917 versa
2595 1863 2735 1932 vice,
2764 1877 2830 1919 eo
2850 1864 2997 1917 stulti
3019 1878 3137 1919 esse
3155 1856 3499 1930 damnantur,

1914 1954 2005 2022 qui
2033 1953 2134 2008 sibi
2164 1969 2273 2008 non
2298 1955 2365 2008 de
2376 1952 2473 2008 Dei
2500 1968 2742 2021 munere,
2772 1954 2865 2008 sed
2895 1954 2963 2008 de
2990 1969 3089 2009 suo
3109 1954 3260 2023 quasi
3281 1956 3502 2025 proprio

1913 2044 2058 2099 bono
2076 2045 2348 2114 sapientes
2376 2044 2642 2099 videntur.

1982 2143 2037 2198 2.
2078 2144 2195 2212 Quo
2222 2146 2391 2214 magis
2419 2145 2657 2213 gratulor
2683 2146 3019 2200 unanimitati
3049 2154 3154 2201 tua:
3182 2147 3324 2217 quod
3354 2146 3500 2201 illam

1913 2239 2257 2307 reprobatam
2286 2237 2399 2293 Deo
2428 2239 2449 2269 ³
2478 2238 2798 2306 sapientiam
2838 2238 3112 2307 respuisti,
3143 2248 3197 2293 et
3222 2253 3342 2293 cum
3370 2254 3501 2310 par-

1916 2332 2053 2384 vulis
2081 2328 2302 2397 Christi,
2332 2344 2491 2398 quam
2530 2345 2650 2384 cum
2679 2328 3015 2398 sapientibus
3062 2330 3247 2383 mundi
3300 2330 3503 2386 habere

1914 2421 2244 2476 consortium
2265 2420 2501 2475 maluisti
2523 2427 2568 2473 '.
2593 2418 2721 2473 Inde
2746 2420 2857 2488 jam
2888 2428 2942 2473 et
2970 2420 3109 2473 hanc
3129 2420 3356 2488 gratiam
3385 2436 3502 2475 me-

1914 2513 2049 2568 reris
2077 2512 2098 2543 ⁸
2127 2527 2158 2566 a
2200 2511 2446 2576 Domino,
2478 2519 2537 2565 ut
2566 2519 2639 2577 te,
2670 2512 2810 2566 sicut
2860 2511 3098 2566 indicare
3148 2512 3395 2580 dignatus
3441 2527 3504 2570 es

1915 2605 2003 2676 pie
2030 2605 2286 2673 glorians,
2317 2604 2530 2657 oderint
2576 2618 2764 2657 omnes
2796 2621 2809 2655 :
2841 2603 2984 2673 quod
3024 2619 3133 2657 non
3180 2602 3354 2672 fieret,
3399 2604 3503 2659 nisi

1916 2710 2075 2750 verus
2104 2695 2344 2749 imitator
2365 2693 2562 2749 Christi
2591 2709 2710 2749 esse
2730 2694 3004 2764 coepisses.
3036 2693 3152 2749 Non
3182 2695 3325 2749 enim
3354 2694 3503 2749 odis-

1914 2796 1998 2845 set
2019 2789 2105 2843 hic
2128 2789 2376 2853 mundus,
2407 2788 2507 2842 nisi
2534 2788 2679 2858 quod
2714 2786 2827 2857 jam
2856 2804 2887 2842 a
2930 2804 2990 2843 se
3033 2788 3287 2853 alienum,
3318 2794 3372 2841 et
3398 2785 3502 2841 sibi

1915 2881 2122 2936 videret
2159 2881 2440 2934 adversum
2478 2882 2518 2933 ι.
2551 2878 2737 2935 Gaude
2766 2888 2821 2934 et
2851 2881 3061 2933 exsulta
3094 2896 3107 2932 :
3153 2879 3261 2948 jam
3293 2888 3348 2932 et
3384 2877 3408 2908 ⁸
3446 2878 3501 2931 in

1917 2972 2234 3027 rudimentis
2264 2972 2369 3025 tuis
2407 2972 2577 3025 virtus
2608 2970 2956 3040 perfectionis
2985 2979 3260 3039 operatur.
3290 2969 3503 3039 Perspi-

1917 3079 2075 3119 cuum
2097 3071 2178 3118 est
2199 3077 2357 3131 quam
2378 3061 2587 3117 fortiter
2607 3061 2897 3116 credideris
2928 3063 2981 3115 in
3009 3059 3244 3127 Christo,
3278 3062 3362 3116 cui
3387 3059 3501 3129 jam

233 3149 550 3245 nam.
584 3149 1815 3259 saginantes;in;una...
1844 3165 1889 3227 c
1918 3154 2174 3259 genarum
2202 3161 2283 3259 est
2314 3149 2660 3259 proghrisw
2690 3152 2820 3259 ναῖε·
2853 3151 3161 3259 vacavi?
3189 3149 3370 3259 gica,
3388 3152 3504 3256 ipse

230 3283 439 3349 striam,
464 3281 769 3338 caelestium
802 3290 861 3338 et
887 3281 1218 3338 infernorum
1240 3290 1296 3348 8;
1327 3289 1383 3337 et
1403 3296 1564 3352 quem
1590 3280 1659 3336 ad
1692 3281 1819 3336 dex-

230 3384 400 3431 teram
428 3376 668 3440 virtutis,
699 3384 755 3431 et
794 3376 848 3431 in
876 3376 1047 3445 gloria
1092 3390 1213 3430 esse
1259 3375 1356 3431 Dei
1402 3374 1595 3441 Patris,
1643 3375 1819 3431 omnis

230 3469 410 3539 lingua
453 3468 760 3524 confitetur.
806 3468 961 3525 Hunc
1008 3477 1068 3523 tu
1120 3469 1402 3524 Dominum
1431 3476 1488 3524 et
1516 3468 1683 3523 Deum
1722 3484 1819 3524 no-

230 3570 421 3627 strum,
451 3561 582 3630 quia
610 3578 714 3615 non
743 3562 1079 3616 wstimabitur
1102 3562 1237 3615 alius
1261 3561 1331 3615 ad
1363 3578 1479 3615 eum
1503 3560 1551 3625 δ,
1583 3568 1699 3615 ιοιο
1727 3576 1817 3615 ar-

230 3667 378 3707 canae
400 3652 625 3722 pietatis
646 3652 906 3722 mysterio
926 3652 1227 3720 amplexus,
1258 3651 1541 3705 Dominum
1568 3659 1624 3704 et
1650 3649 1820 3703 Deum

235 3742 324 3800 Dei
350 3744 550 3799 Filium
579 3753 705 3799 ante
728 3743 932 3811 secula,
963 3746 1156 3815 factum
1196 3759 1262 3799 ea:
1290 3745 1483 3799 semine
1510 3742 1681 3797 David
1715 3744 1730 3780 ι
1766 3743 1821 3797 in

241 3834 339 3891 hoc
364 3836 582 3899 seculo;
613 3844 671 3890 et
697 3851 841 3891 nunc
879 3850 946 3890 ex
975 3836 1371 3892 resurrectione
1398 3844 1735 3889 mortuorum
1763 3832 1819 3887 in

240 3940 387 3996 spem
408 3927 725 3982 :eternitatis
754 3927 999 3981 humana:
1016 3927 1288 3981 viventem
1316 3926 1370 3980 in
1390 3919 1596 3990 secula,
1629 3931 1687 3979 ut
1712 3931 1818 3987 est,

236 4016 441 4082 credis;
470 4026 525 4072 et
546 4025 608 4071 ut
631 4018 825 4083 credis,
845 4018 1132 4087 praedicas:
1157 4026 1213 4072 et
1238 4016 1425 4071 rudem
1446 4031 1566 4071 esse
1586 4025 1642 4071 te
1661 4024 1822 4085 atque

231 4106 496 4162 infantem
524 4108 637 4163 Deo
664 4107 811 4163 dices
843 4109 902 4162 ’?
946 4107 1085 4163 Vere
1111 4107 1327 4177 quidem
1355 4123 1424 4163 ex
1452 4115 1607 4178 parte
1655 4107 1819 4162 credo

230 4198 519 4267 parvulum
546 4213 667 4253 esse
696 4206 751 4253 te
779 4197 1000 4265 factum,
1030 4198 1124 4254 sed
1168 4199 1405 4265 malitia;
1437 4213 1595 4253 sensu
1640 4206 1820 4253 autem

231 4297 283 4343 te
332 4302 461 4343 esse
487 4287 781 4358 perfectum
809 4288 877 4344 de
904 4289 1237 4359 professione
1280 4290 1401 4344 fidei
1438 4299 1542 4346 tuae
1569 4289 1719 4345 disco
1750 4290 1766 4340 ι
1802 4307 1817 4356 ;

229 4380 355 4447 quia
380 4381 627 4435 veritatis
646 4382 867 4448 agnitio,
890 4396 1053 4450 quam
1072 4382 1473 4453 apprehendisti
1496 4383 1549 4437 in
1569 4382 1821 4438 sermone

229 4470 499 4536 hreviato,
553 4472 827 4540 sapientiae
874 4472 1149 4542 plenitudo
1195 4482 1278 4528 est
1324 4472 1383 4527 ιε
1438 4481 1495 4528 et
1522 4472 1648 4528 ideo
1704 4474 1819 4543 ipse

1920 3246 2196 3309 Dominus,
2230 3254 2285 3299 et
2314 3244 2549 3313 intellige
2576 3258 2733 3313 quam
2760 3244 2949 3299 beatus
2973 3243 3065 3297 sis.
3094 3241 3271 3297 Nolite
3299 3244 3500 3311 mirari,

1920 3338 2111 3406 inquit,
2135 3339 2178 3389 si
2208 3353 2295 3390 ros
2312 3335 2530 3389 mundus
2552 3334 2678 3399 odit,
2702 3336 2821 3406 quia
2842 3350 2922 3388 me
2948 3336 3091 3399 prius
3112 3332 3229 3387 odio
3257 3332 3433 3387 habuit
3451 3342 3500 3389 “.

1922 3426 1984 3481 Si
2008 3426 2149 3481 enim
2172 3442 2236 3480 ea:
2260 3426 2449 3480 mundo
2471 3426 2670 3491 essetis,
2700 3435 2897 3478 amaret
2917 3426 3099 3494 utique
3125 3425 3345 3479 mundus
3368 3426 3503 3496 quod

1926 3533 2077 3571 suum
2123 3524 2255 3570 esset
2287 3526 2333 3569 '.
2366 3514 2434 3569 Et
2462 3516 2655 3570 iterum
2686 3533 2699 3568 :
2734 3513 2858 3569 Non
2887 3524 2965 3569 est
2993 3516 3162 3585 major
3209 3531 3381 3569 servus
3411 3517 3506 3571 do-

1921 3608 2060 3660 mino
2123 3623 2234 3660 suo.
2285 3604 2346 3660 Si
2390 3606 2823 3677 patremfamilias
2877 3603 3158 3659 Beelzebub
3225 3606 3507 3674 dixerunt,

1921 3707 2113 3770 quanto
2135 3698 2301 3768 magis
2322 3697 2627 3751 domesticos
2657 3699 2767 3767 ejus
2788 3707 2811 3733 ι
2828 3699 2852 3751 ?
2872 3697 3004 3752 Vide
3031 3714 3189 3763 nunc,
3222 3698 3268 3752 si
3298 3699 3421 3754 licet
3447 3707 3506 3754 ut

1922 3794 2064 3847 servi
2091 3808 2190 3863 pro
2212 3792 2441 3847 Domino
2461 3806 2770 3847 recusemus
2798 3792 2928 3861 pati,
2953 3807 3069 3861 qua:
3096 3807 3192 3861 pro
3218 3792 3372 3846 nobis
3391 3808 3502 3846 ser-

1923 3886 2004 3939 vis
2024 3886 2136 3939 suis
2164 3883 2421 3937 Dominus
2460 3891 2585 3937 ante
2624 3883 2893 3937 sustinuit.
2919 3880 2962 3935 Ο
2984 3883 3137 3936 beata
3156 3881 3365 3951 injuria,
3395 3884 3505 3938 dis—

1925 3978 2125 4047 plicere
2152 3989 2283 4029 cum
2301 3971 2545 4027 Christo!
2578 3974 2749 4042 magis
2777 3972 2932 4026 nobis
2959 3973 3227 4027 timendus
3247 3981 3329 4028 est
3353 3988 3506 4028 amor

1925 4077 2130 4143 talium,
2154 4076 2347 4147 quibus
2368 4076 2483 4130 sine
2506 4072 2720 4130 Christo
2751 4074 3010 4146 placetur.
3048 4073 3238 4131 Nonne
3265 4078 3349 4149 qui
3377 4078 3503 4131 ode-

1924 4182 2043 4225 rant
2066 4181 2131 4238 te,
2164 4171 2356 4239 inquit,
2380 4170 2589 4224 oderam
2613 4171 2730 4225 illos
2748 4174 2768 4225 Ζ)
2796 4182 2851 4226 et
2879 4171 3102 4240 addidit,
3126 4171 3361 4244 Perfecto
3385 4172 3504 4226 odio

1924 4264 2135 4318 oderam
2170 4264 2288 4317 illos
2335 4274 2385 4317 γ.
2418 4261 2568 4329 Quod
2622 4264 2778 4319 nobis
2825 4280 2946 4320 cum
3001 4265 3192 4320 horum
3244 4254 3505 4322 sacietate

1922 4354 2303 4411 commercium
2332 4355 2422 4421 sit,
2451 4370 2573 4410 cum
2601 4372 2828 4426 quorum
2857 4366 3004 4412 sorte
3031 4358 3281 4414 discretio
3310 4362 3430 4415 est?

1998 4468 2158 4538 229
2185 4465 2236 4519 3.
2263 4464 2452 4521 Merito
2490 4466 2757 4533 gloriaris,
2801 4468 3253 4523 venerandissime
3276 4470 3295 4500 ⁵
3317 4468 3502 4538 frater,

230 4565 397 4634 223
424 4561 682 4629 Magister
701 4564 960 4632 gentium,
990 4579 1085 4619 vas
1112 4565 1391 4623 electionis
1410 4573 1467 4619 et
1491 4579 1583 4619 vas
1602 4564 1696 4619 Dei
1723 4563 1816 4634 qui
1845 4543 1895 4603 Ῑ)
1921 4568 1978 4615 et
2019 4560 2074 4613 in
2100 4556 2460 4613 exsultatione
2499 4556 2636 4612 dicis
2666 4558 2790 4612 hinc
2819 4565 2872 4613 te
2917 4558 3091 4627 ipsum
3136 4559 3233 4613 tibi
3282 4563 3506 4617 credere

231 4654 283 4708 in
311 4670 373 4710 se
402 4653 679 4709 Christum
706 4654 872 4724 loqui,
902 4664 959 4709 et
976 4668 1035 4709 se
1060 4654 1319 4725 Spiritum
1347 4655 1441 4710 Dei
1463 4654 1662 4710 habere
1685 4670 1815 4726 pro-

234 4744 419 4799 litetur
446 4742 490 4809 ι,
518 4759 623 4797 non
648 4745 702 4796 in
721 4745 1035 4799 sublimitate
1059 4747 1311 4801 sermonis
1326 4756 1385 4809 ω,
1413 4760 1589 4816 neque
1606 4745 1659 4799 in
1687 4744 1823 4812 legis

229 4836 462 4889 scientia
491 4834 773 4902 gloriatur,
803 4834 899 4890 sed
946 4851 1166 4892 omnem
1206 4837 1453 4906 gloriam,
1482 4851 1588 4909 qua
1614 4835 1702 4891 vel
1727 4835 1823 4891 Ju-

1925 4647 2072 4719 quod
2098 4647 2431 4702 Christianus
2466 4646 2560 4712 sis,
2607 4647 2732 4716 quia
2774 4654 2826 4702 te
2853 4648 3033 4704 odisse
3058 4650 3320 4719 (πωροι-ξω
3364 4652 3386 4683 ι
3413 4654 3506 4721 (μή

1926 4739 2236 4809 diligebant,
2287 4747 2344 4793 et
2380 4738 2657 4809 despicere
2697 4739 2789 4810 qui
2841 4740 3127 4807 timebant;
3156 4750 3214 4797 et
3252 4743 3369 4814 ipse
3407 4746 3504 4802 tibi

1928 4830 2175 4886 conscius
2203 4843 2282 4894 es,
2329 4828 2456 4898 quia
2484 4829 2531 4883 si
2560 4837 2618 4883 tu
2669 4828 2783 4900 ipse
2811 4830 2945 4885 tanti
2992 4832 3011 4863 τ
3042 4831 3185 4901 apud
3220 4840 3276 4889 te
3320 4849 3502 4903 esses;

301 4956 330 4985 ³
356 4947 501 5003 Psal.
527 4964 669 5010 cxx],
696 4948 746 5003 1.
820 4948 1000 5005 bGen.
1025 4966 1101 5015 ιιι,
1133 4948 1219 5005 19.
1250 4949 1415 5006 Eccli.
1445 4966 1503 5017 x,
1533 4949 1585 5004 9.
1667 4960 1689 4988 ο
1713 4948 1851 5003 Psal.
1887 4958 2031 5017 cxx},
2054 4939 2108 4995 2.
2159 4937 2191 5017 fl
2206 4938 2354 5017 gen.
2386 4956 2531 5017 svnt,
2560 4939 2660 5017 27.
2693 4952 2730 5017 -ε
2760 4941 2901 5017 Psal.
2926 4960 3120 5017 cxxvn,
3148 4944 3201 4999 2.
3246 4944 3283 5017 l
3307 4947 3502 5007 Matth.

233 5033 342 5082 xvr,
393 5018 484 5072 17.

235 5104 353 5149 xm,
381 5087 433 5142 5,

584 5029 611 5067 ε
650 5017 787 5075 Phil.
839 5037 898 5084 ιι,
932 5021 1017 5075 10.

235 5237 261 5275 ι
292 5226 438 5282 Psal.
468 5245 725 5295 cxxxvm,
749 5229 811 5284 2i
846 5242 900 5286 et
922 5230 1010 5286 22.

1115 5019 1141 5059 ιι
1173 5021 1399 5086 Baruch,
1452 5012 1541 5086 ιιι,
1585 5020 1690 5084 56,
1730 5035 1839 5074 sec.
1889 5012 2051 5086 LXX.

561 5078 584 5126 ἰ
620 5089 640 5142 l
667 5088 793 5145 Cor.
824 5078 915 5155 vii,
946 5090 1032 5145 40.
1110 5102 1147 5128 ιη
1174 5092 1195 5145 l
1222 5091 1346 5147 Cor.
1380 5078 1435 5156 ιι,
1466 5078 1540 5144 ι.’
1587 5101 1613 5127 η
1645 5078 1815 5159 Philip

1923 5083 2028 5159 1,8,
2106 5090 2131 5117 ο
2156 5082 2176 5136 l
2199 5082 2327 5159 Corn.
2352 5097 2407 5146 ιι,
2438 5080 2490 5134 2.
2512 5151 2532 5159 _
2570 5094 2595 5159 ι)
2626 5081 2805 5139 Colos.
2839 5100 2897 5159 n_,
2928 5085 2979 5140 5.

240 5168 258 5193 τ
298 5157 331 5227 I
362 5157 489 5214 Cor.
524 5176 594 5225 tv,
631 5160 680 5214 7.
761 5170 781 5196 θ
815 5150 1001 5215 Matth.
1034 5176 1107 5227 xl,
1137 5161 1225 5216 25.
1306 5164 1323 5199 ι
1352 5150 1541 5218 Johan.
1573 5178 1661 5225 xv,
1708 5150 1803 5214 19.’

1926 5154 2119 5210 Johan.
2150 5169 2238 5221 xv,
2264 5150 2349 5207 18.

2157 5012 2168 5048 ί
2206 5009 2362 5065 Rom.
2404 5011 2546 5081 1,73.
2648 5015 2660 5062 i
2693 5012 2713 5067 I
2753 5012 2879 5068 Cur.
2923 5031 3020 5081 xv,
3052 5009 3141 5070 20.
3240 5015 3265 5054 ¹ι
3292 5018 3332 5072 Il
3372 5020 3502 5077 Cor.

3068 5098 3105 5153 ,τι
3137 5085 3157 5140 I
3185 5086 3310 5143 Cor.
3342 5107 3379 5154 ι,
3408 5090 3501 5146 20.

2451 5162 2475 5189 ν
2503 5151 2696 5209 Johan.
2721 5170 2797 5221 ιιι,
2832 5154 2917 5209 15.
2998 5166 3022 5192 ³
3065 5151 3259 5213 Johan.
3288 5151 3375 5229 xv,
3410 5161 3499 5215 16.

311 5326 326 5341 ⁸
370 5322 517 5377 Alias
550 5322 648 5387 29;
670 5339 792 5394 qua:
818 5334 997 5379 autem
1037 5324 1106 5378 38
1136 5334 1271 5390 erat,
1299 5340 1438 5380 nunc
1466 5325 1552 5378 16.
1584 5322 1793 5392 Scripta
1830 5318 1969 5374 forte
1993 5329 2134 5370 anno
2158 5312 2282 5367 404.

310 5450 510 5533 (αλξίιτ
548 5452 951 5509 emendavimus
997 5472 1065 5510 ex
1106 5472 1207 5511 ms.
1254 5456 1408 5511 Vien.
1458 5456 1665 5512 codice.
1698 5454 1821 5517 Alii,

236 5535 590 5590 pracipimus.

308 5607 388 5675 (b)
411 5609 510 5663 Ms.
542 5609 722 5677 Vien.,
753 5612 844 5667 sed
871 5616 926 5668 in
960 5614 1053 5669 h‘oc
1082 5616 1478 5683 conﬁrmantur.

310 5699 387 5763 (ε)
413 5697 491 5751 Ita
507 5714 637 5755 mss.
657 5700 812 5756 Vien.
841 5711 897 5757 et
918 5701 1049 5773 Reg.
1082 5703 1184 5758 Alii
1205 5702 1436 5770 codices,
1463 5705 1601 5774 ﬂecti
1630 5718 1647 5757 :
1679 5710 1823 5758 utra-

236 5790 350 5843 que
381 5776 537 5834 lectio
561 5789 800 5850 recepta.

2002 5438 2079 5518 (ά)
2109 5435 2422 5491 Addidimus
2458 5436 2771 5506 particulam
2810 5446 2863 5490 ut
2890 5453 2955 5493 ex
2998 5454 3096 5494 ms.
3129 5436 3313 5494 codice
3340 5437 3501 5493 Vien-

1926 5522 2376 5648 nelleéjVulgatam
2404 5576 2718 5648 retinuimus
2738 5578 3019 5633 lectionem
3056 5594 3174 5647 quae
3202 5593 3328 5632 mss.
3353 5576 3502 5632 codi—

1925 5646 2046 5703 cum
2074 5647 2361 5701 autoritate
2400 5646 2636 5711 fulcitur,
2683 5649 2733 5702 id
2760 5656 2863 5715 est,
2904 5646 3184 5715 despiciens
3210 5650 3385 5702 mundi
3412 5666 3502 5704 sa-

1925 5720 2173 5789 pientiam
2213 5717 2395 5789 spiritu
2438 5718 2650 5789 celsiore
2702 5719 2941 5773 vanitate.
2972 5716 3110 5772 Edit.
3141 5716 3350 5785 Schot.,
3404 5737 3496 5776 sa-

1926 5786 2170 5855 pientiam
2198 5787 2495 5842 vanitatem.
2528 5786 2725 5853 Latin..
2752 5790 3022 5853 sapientia
3056 5788 3352 5846 vanitatem.
