3988 6176
270 302 369 361 561

1597 294 1925 351 EPISTULA
1968 293 2251 352 XXXVIII.

3412 294 3527 356 562

272 422 330 468 ιιι
350 407 653 468 confusioni
679 409 720 442 "
741 406 977 477 ejusdem
1004 419 1126 461 cum
1149 404 1265 473 ipso
1288 404 1614 469 revelemur;
1636 411 1850 473 quando
1880 410 1926 469 Α
1958 406 2119 461 fuisse
2156 412 2539 471 meminerunt,
2576 414 2729 463 tanto
2780 406 3079 464 evidentior
3124 409 3189 465 iis
3213 423 3334 466 esse
3360 408 3527 467 debet

271 504 465 558 horum
490 515 610 569 quae
638 514 780 553 nunc
828 497 983 551 nobis
1032 495 1216 562 objicit
1268 509 1491 558 memor,
1539 495 1727 551 dicet:
1780 494 1854 547 Ili

272 600 413 656 sunt,
442 604 658 657 quorum
683 589 835 640 vitam
871 584 1253 638 wslinwbamus
1302 584 1579 647 insaniam,
1606 583 1855 653 quomodo

272 679 495 747 γεραιαιὶ
516 686 635 729 sunt
658 675 792 727 inter
818 675 956 743 ﬁlios
990 672 1081 725 Dei
1107 672 1171 725 ﬂ?
1197 671 1328 725 Sine
1357 671 1477 726 illos
1496 672 1729 733 interim,
1755 672 1859 725 Ira-

275 777 358 822 ter
387 765 752 823 dilectissime,
780 765 1021 816 fruantur
1041 762 1210 829 gloria
1239 768 1294 815 et
1314 761 1421 813 vita
1442 776 1559 821 sua,
1584 762 1860 829 potiantur

275 856 535 910 fructibus
556 856 665 909 suis
689 871 703 917 ;
735 855 976 923 quoniam
1004 854 1135 905 sicut
1164 852 1306 904 olera
1334 850 1607 904 herbarum
1636 853 1736 904 cito
1766 852 1858 906 de-

274 947 446 1000 cident
477 945 524 1007 h,
559 955 611 998 et
632 946 739 998 dies
759 960 933 997 eorum
959 944 1089 996 sicut
1109 942 1289 995 umbra
1317 952 1626 1011 praetereunt
1650 954 1671 981 ⁸
1695 958 1709 1007 ;
1734 958 1862 1010 quo-

274 1054 393 1091 rum
421 1051 547 1104 spes
569 1036 706 1087 intra
737 1035 892 1101 hujus
916 1033 1015 1086 :evi
1036 1033 1207 1102 spatia
1238 1031 1595 1098 concluditur,
1616 1034 1738 1101 quia
1761 1048 1861 1088 nec

277 1124 440 1178 fidem
473 1124 587 1177 veri
616 1124 836 1185 habent,
856 1137 959 1176 nee
985 1122 1315 1175 voluntatem
1340 1120 1480 1185 fidei,
1508 1122 1599 1189 qui
1626 1137 1861 1191 praesen-

276 1217 420 1269 tibus
450 1224 659 1269 tantum
692 1214 849 1267 rebus
869 1212 1079 1277 intenti,
1103 1221 1359 1281 prmstant
1392 1213 1629 1265 avaritia:
1656 1220 1711 1266 et
1738 1212 1856 1267 libi-

277 1305 392 1359 dini
419 1320 486 1357 ne
507 1304 733 1357 credant
759 1302 890 1364 Deo,
923 1302 1046 1370 quia
1082 1301 1387 1369 cupiditatis
1410 1301 1683 1370 utriusque
1704 1301 1861 1357 linem

280 1396 409 1450 facit
445 1395 607 1448 timor
636 1394 869 1459 Domini,
899 1393 987 1462 qui
1019 1393 1368 1446 confirmatur
1397 1392 1498 1447 ﬁde
1520 1392 1739 1461 Christi,
1766 1410 1865 1463 per

278 1503 441 1558 quam
464 1490 505 1520 ³⁸
529 1486 782 1541 discimus
804 1499 1093 1553 agnoscere
1110 1485 1388 1537 veritatem
1412 1484 1495 1537 vel
1520 1484 1572 1537 in
1590 1494 1862 1539 contemtu

282 1578 685 1649 temporalium,
710 1577 795 1630 vel
819 1577 870 1628 in
900 1576 1140 1643 appetitu
1161 1582 1484 1629 aeternorum
1506 1574 1789 1629 bonorum.
1820 1576 1862 1629 A

281 1686 391 1740 quo
406 1669 589 1732 alieni,
612 1667 734 1737 quia
773 1674 827 1719 et
856 1665 1053 1719 veritas
1085 1664 1327 1719 Christus
1357 1671 1440 1718 est
1465 1662 1513 1725 'l,
1540 1664 1593 1716 in
1638 1664 1737 1717 hac
1757 1679 1853 1717 ne-

1960 496 2201 565 operatio
2229 497 2484 565 potentiae
2521 495 2637 563 Dei,
2684 497 2808 565 quia
2839 497 3155 565 prudentem
3179 514 3209 552 a
3249 500 3528 556 sententiae

1958 598 2067 639 sua:
2102 600 2259 639 cursu
2280 586 2366 639 vel
2393 594 2533 640 statu
2585 602 2691 640 non
2722 595 2901 656 potest
2934 587 3169 652 flectere,
3192 589 3294 643 nisi
3320 603 3529 645 summa

1960 677 2073 744 ipsa
2104 674 2375 745 Sapientia
2396 718 2411 742 ,
2443 677 2586 744 quod
2630 685 2711 731 est
2752 677 2803 731 in
2842 677 3052 732 Christo
3083 677 3243 744 Deus,
3276 679 3531 734 virtutum

1963 765 2146 828 virtus,
2176 772 2232 818 et
2253 780 2402 819 mens
2443 766 2718 828 mentium,
2752 765 3005 819 Dominus
3028 765 3356 832 majestatis,
3398 766 3531 821 bra-

1960 854 2140 908 chium
2160 854 2450 921 excelsum,
2483 856 2534 908 in
2555 869 2662 923 quo
2690 856 2913 924 dispersi
2942 856 3175 925 superbi,
3200 864 3259 911 ut
3278 857 3533 926 scriptum

1959 952 2042 998 est
2068 954 2127 1010 ω,
2159 959 2190 999 a
2215 953 2394 1000 mente
2423 947 2600 1001 cordis
2629 946 2884 1015 ipsorum,
2935 948 3164 1017 depositi
3193 956 3442 1017 potentes
3464 948 3535 1005 de

1959 1034 2107 1098 sede,
2129 1042 2183 1089 et
2208 1035 2425 1089 exaltati
2446 1034 2826 1101 humiles.’Quo
2846 1038 3082 1101 brachio,
3101 1037 3152 1091 id
3170 1046 3271 1103 est,
3294 1037 3533 1107 Christo,

1962 1125 2259 1179 esurientes
2289 1126 2576 1195 implentur
2596 1126 2771 1191 bonis,
2802 1136 2856 1181 et
2881 1128 3068 1182 inanes
3088 1128 3426 1183 dimittuntur
3452 1129 3537 1185 di-

1967 1215 2117 1269 vites.
2147 1214 2298 1280 ρυοά
2338 1224 2394 1270 et
2418 1216 2471 1269 in
2502 1224 2555 1269 te
2586 1217 2853 1271 cernimus
2882 1219 2986 1285 agi.
3031 1216 3256 1287 Respice
3300 1219 3441 1273 enim
3478 1218 3535 1274 in

1962 1304 2326 1372 temetipsum,
2363 1312 2418 1358 et
2441 1304 2551 1358 haec
2582 1312 2827 1373 utraque,
2851 1320 2969 1373 quae
2996 1305 3179 1374 dejicit
3202 1314 3297 1360 aut
3322 1307 3535 1362 extollit

1963 1393 2125 1461 Deus,
2159 1395 2209 1448 in
2240 1403 2295 1448 te
2319 1394 2507 1449 eodem
2532 1394 2790 1449 invenies.

2034 1485 2087 1539 8.
2120 1486 2431 1541 Destructus
2452 1502 2510 1541 es
2534 1503 2562 1541 a
2593 1487 2857 1558 superbo,
2878 1495 3142 1542 assumtus
3168 1488 3221 1542 in
3249 1487 3533 1543 humilem:

1964 1573 2238 1645 depositus
2266 1576 2333 1629 ab
2358 1574 2595 1644 iniqua“
2616 1578 2867 1646 potentiae
2886 1577 3032 1643 sede,
3050 1585 3110 1630 ut
3136 1578 3190 1630 in
3206 1578 3353 1646 pacis
3379 1584 3540 1647 atque

1960 1665 2180 1732 justitim
2207 1667 2343 1720 solio
2372 1667 2624 1723 locareris
2655 1685 2667 1719 :
2698 1668 2930 1722 inanitas
2954 1682 3012 1722 es
3032 1682 3061 1720 a
3082 1667 3263 1730 divite,
3289 1668 3541 1723 utditeris

283 1778 437 1817 cesse
466 1768 549 1817 est
576 1774 818 1813 errorum
841 1756 1128 1811 infelicium
1152 1757 1394 1810 caecitate
1421 1766 1791 1825 permaneant,
1809 1766 1867 1811 ut
1899 1756 1940 1814 Β
1970 1756 2021 1807 in
2046 1772 2278 1824 paupere
2304 1773 2316 1807 :
2344 1765 2399 1809 et
2426 1756 2493 1809 ab
2537 1757 2623 1809 illa
2654 1771 2996 1825 supervacua:
3023 1758 3362 1812 distentionis
3390 1766 3541 1813 satu-

286 1852 340 1904 in
368 1850 539 1917 fragili
568 1848 911 1910 soliditatem,
934 1846 1067 1900 et'in
1096 1845 1267 1899 solido
1295 1845 1609 1898 inanitatem
1635 1850 1862 1911 putent;

283 1958 415 1995 vera
438 1956 537 2009 pro
574 1940 726 1993 vanis
751 1937 990 2001 rideant,
1019 1945 1074 1989 et
1101 1951 1202 2005 pro
1244 1936 1385 1989 veris
1408 1949 1542 1988 vana
1585 1934 1862 1988 mirentur.

288 2032 389 2097 Qui
404 2032 449 2084 si
482 2029 681 2084 vellent
706 2030 744 2061 "
770 2026 1064 2093 intelligere
1086 2033 1143 2078 ut
1161 2024 1298 2078 bene
1318 2032 1533 2091 agerent
1558 2034 1601 2083 ε,
1621 2031 1676 2076 et
1695 2022 1867 2076 oculos

284 2139 426 2184 suos,
458 2134 597 2188 quos
639 2124 926 2171 statuerunt
945 2115 988 2146 ιο
1026 2115 1287 2167 declinare
1316 2116 1369 2166 in
1399 2124 1591 2166 terram
1626 2111 1667 2178 ί,
1692 2112 1758 2165 ad
1778 2126 1865 2165 sa-

291 2212 459 2265 lutem
494 2209 718 2278 justitiae
763 2207 1021 2268 levarent,
1065 2219 1229 2273 seque
1271 2204 1353 2258 vel
1381 2204 1653 2273 paululum
1706 2204 1869 2258 humo

290 2302 530 2373 (Virgil.)
565 2300 836 2362 tollerent,
866 2297 1020 2351 facile
1049 2295 1133 2351 his
1159 2295 1306 2365 ipsis,
1339 2295 1530 2364 quibus
1549 2302 1607 2347 ut
1624 2293 1871 2348 inanibus

287 2403 342 2448 et
362 2392 545 2447 stultis
570 2390 881 2455 detrahunt,
909 2388 1185 2441 hominum
1216 2386 1653 2442 conversionibus
1675 2385 1870 2440 illumi~

286 2493 567 2539 narentur.
599 2482 849 2536 Dominus
876 2480 1038 2543 enim,
1070 2488 1128 2533 ut
1147 2480 1402 2549 scriptum
1423 2487 1523 2540 est.
1556 2478 1707 2532 solvil
1727 2494 1872 2532 com-

286 2576 514 2645 peditos,
541 2582 599 2627 et
627 2573 878 2626 Dominus
935 2571 1194 2624 illuminat
1230 2585 1395 2624 caecos
1445 2578 1489 2621 ε.
1525 2567 1592 2622 Et
1637 2570 1868 2623 iterum:

293 2665 401 2718 Lex
418 2664 634 2718 Domini
663 2660 1455 2731 irreprelzensibilis,convertens
1480 2660 1700 2724 animas,
1734 2662 1875 2713 testi-

290 2758 523 2809 inonium
548 2754 755 2807 Domini
780 2753 962 2821 ﬁdele:
986 2753 1295 2821 sapientiam
1313 2760 1566 2821 pra’stans
1586 2752 1811 2819 parvulis
1826 2748 1869 2801 ³³.

290 2844 437 2915 Opus
475 2845 621 2898 enim
674 2843 768 2896 Dei
814 2852 896 2896 est
936 2850 1145 2895 mutare
1192 2841 1495 2903 hominem,
1553 2840 1677 2909 quia
1732 2840 1878 2895 solus

294 2944 479 3005 potest
508 2934 807 2988 instaurare
850 2934 926 3003 (a)
957 2932 1104 3001 quod
1149 2932 1291 2987 fecit.
1322 2931 1475 2998 Quod
1501 2939 1616 2987 toto
1636 2931 1746 3000 jam
1775 2932 1876 2985 du-

198 3031 211 3042 '
292 3026 421 3077 dum
443 3023 577 3077 orbe
616 3031 876 3076 terrarum
920 3022 1180 3091 sapientia
1218 3021 1313 3075 Dei
1341 3020 1582 3076 Christus
1604 3028 1874 3090 operatur,

1967 1846 2126 1899 ritate
2147 1855 2403 1899 vacuatus
2421 1861 2479 1899 es
2495 1886 2510 1911 ,
2539 1856 2597 1901 ut
2623 1848 2766 1900 veris
2789 1848 2889 1916 piae
2915 1847 3244 1917 paupertatis
3262 1848 3417 1902 bonis
3437 1848 3540 1901 im-

1965 1935 2163 2005 plearis
2210 1936 2452 1990 esuriens
2492 1936 2776 2005 justitiam.
2820 1934 2922 1991 Ubi
2964 1953 3106 1991 nunc
3148 1945 3205 1990 tu
3242 1938 3330 1991 ille
3359 1952 3417 1991 es
3444 1937 3515 1990 ali

1965 2025 2181 2094 quando
2212 2026 2480 2091 terribilis,
2505 2027 2587 2080 vel
2616 2042 2714 2096 pro
2740 2026 3090 2083 tribunalibus
3116 2027 3425 2094 advocatus,
3453 2025 3541 2082 vel

1969 2117 2022 2170 in
2050 2118 2400 2172 tribunalibus
2419 2117 2615 2185 judex?
2634 2118 2719 2170 ubi
2748 2126 2835 2171 tua
2857 2117 2945 2171 illa
2970 2118 3171 2183 cervix,
3197 2125 3321 2173 tunc
3339 2117 3540 2181 verius,

1969 2215 2029 2260 ut
2057 2222 2202 2262 nunc
2243 2207 2311 2262 de
2342 2215 2392 2261 te
2421 2207 2674 2261 mentitus
2703 2221 2782 2272 es,
2828 2208 2963 2260 tauri
2994 2206 3220 2275 pinguis,
3271 2205 3542 2273 quomodo

1967 2297 2112 2353 facta
2142 2305 2223 2352 est
2248 2297 2435 2351 docilis
2462 2311 2526 2351 ac
2544 2296 2720 2350 tenuis
2743 2296 2796 2349 in
2820 2293 2949 2363 jugo
2977 2292 3175 2348 Christi
3202 2308 3267 2348 ex
3291 2308 3398 2361 quo
3420 2308 3544 2347 con-

1970 2403 2159 2443 versus
2186 2386 2490 2454 ingemuisti
2512 2394 2538 2421 η
2559 2426 2574 2451 ,
2604 2394 2651 2438 et
2690 2384 3057 2453 beneplacitum
3076 2392 3154 2437 est
3176 2384 3227 2437 in
3252 2392 3306 2437 te
3331 2372 3441 2435 Deo
3467 2382 3544 2435 si-

1971 2488 2064 2534 cut
2106 2496 2258 2550 super
2286 2478 2495 2532 vitulum
2522 2476 2773 2530 novellum
2796 2476 2861 2528 οἳ
2893 2475 3142 2544 Deposita
3170 2474 3380 2529 cervice
3407 2472 3545 2526 tauri

1974 2570 2046 2639 (c)
2069 2569 2265 2624 fractus
2292 2583 2351 2622 es
2370 2569 2422 2621 in
2445 2565 2903 2621 mansuetudinem
2929 2564 3082 2619 bovis
3106 2564 3245 2620 illius
3263 2563 3356 2632 qui
3391 2577 3547 2633 agno-

1972 2663 2044 2714 vit
2066 2676 2405 2729 possessorem
2425 2674 2571 2711 suum
2600 2666 2648 2711 P.
2674 2656 2822 2711 Beati
2852 2655 2990 2710 oculi
3016 2670 3202 2709 eorum
3230 2654 3322 2723 qui
3353 2653 3469 2707 haec
3493 2652 3547 2707 in

1978 2760 2030 2803 te
2052 2750 2144 2803 Dei
2173 2748 2435 2804 mirabilia
2465 2746 2926 2816 conspiciunt,etsi
2954 2745 3027 2799 illi
3057 2744 3341 2801 miserrimi
3358 2745 3424 2813 ⁸⁸,
3455 2744 3546 2813 qui

1976 2841 2217 2895 videntes
2242 2855 2349 2894 non
2370 2838 2567 2893 vident.

2030 2932 2084 2986 9.
2104 2930 2230 2995 Quis
2245 2931 2391 2983 daret
2412 2930 2535 2981 mihi
2560 2944 2754 2997 pennas
2778 2930 2909 2980 sicut
2925 2928 3189 2991 columine,
3212 2934 3261 2979 et
3287 2928 3507 2981 colorem
3520 2936 3549 2977 ιι

1988 3023 2058 3078 ad
2095 3032 2172 3089 te,
2196 3031 2251 3077 et
2272 3022 2324 3075 in
2347 3028 2637 3089 conspectu
2653 3027 2745 3072 tuo
2767 3017 3139 3087 colloquioque
3164 3017 3548 3088 requiescerem,

295 3118 495 3185 ubique
521 3132 582 3171 se
600 3117 837 3183 gentium
866 3115 1022 3170 Verbi
1041 3114 1369 3169 voluntate"
1398 3114 1794 3180 circumferens,
1827 3124 1881 3169 et
1908 3109 1952 3172 C
1981 3114 2035 3165 in
2057 3128 2175 3166 roce
2222 3111 2299 3181 (ά)
2329 3109 2688 3163 exsultationis
2735 3116 2785 3160 et
2829 3107 3165 3175 confessionis
3209 3104 3447 3175 epularer
3502 3111 3549 3158 ν.

295 3210 371 3279 (b)
392 3227 485 3276 per
507 3209 694 3262 electas
714 3211 915 3262 mtimas
942 3217 1099 3261 semet
1123 3208 1400 3260 imminens
1435 3206 1451 3243 ί
1475 3223 1489 3269 ;
1519 3215 1598 3267 ut,
1625 3206 1763 3260 sicut
1786 3221 1881 3276 per

297 3299 625 3371 Prophetam
656 3300 808 3366 dixit,
834 3302 885 3353 in
907 3302 1046 3354 omni
1075 3308 1223 3370 gente
1241 3301 1513 3369 primatum
1537 3299 1720 3351 habeat
1750 3299 1794 3351 i.

373 3394 425 3446 7.
469 3391 536 3445 Et
564 3392 685 3459 quia
711 3394 820 3459 jam
850 3392 1088 3459 quotidie
1116 3391 1286 3458 magis
1315 3392 1709 3459 appropinquat
1729 3406 1881 3445 reco-

297 3483 557 3550 gnitionis
577 3483 653 3550 (id
681 3481 977 3547 estjudicii.
996 3481 1055 3534 V.
1080 3496 1165 3550 ep.
1192 3480 1276 3543 19,
1297 3496 1349 3534 n.
1367 3482 1422 3549 5)
1440 3480 1574 3547 dies,
1604 3481 1885 3549 omnisque

302 3590 402 3627 nos
432 3573 570 3626 hora
609 3572 811 3639 judicio
842 3572 1095 3641 applicat,
1133 3572 1326 3638 satagit
1347 3580 1402 3626 et
1435 3581 1688 3642 properat
1714 3574 1885 3627 bonus

303 3662 562 3717 Dominus
592 3663 875 3730 praeripere
912 3677 1009 3715 nos
1051 3662 1118 3716 ab
1157 3662 1235 3714 ira
1262 3670 1485 3715 ventura
1506 3701 1519 3724 ,
1565 3670 1619 3715 ct
1646 3661 1714 3716 de
1736 3677 1885 3717 com-

305 3753 467 3822 plexu
490 3754 535 3782 "
564 3750 740 3819 hujus,
773 3759 831 3804 ut
856 3752 1110 3819 scriptum
1133 3760 1217 3805 est
1237 3752 1283 3815 κ,
1313 3751 1556 3805 nocentis
1582 3758 1637 3804 et
1660 3751 1887 3819 vipereae

304 3842 669 3909 generationis
695 3841 978 3895 abducere.
1006 3840 1141 3896 Hinc
1170 3841 1222 3894 in
1253 3842 1399 3894 omni
1426 3841 1546 3895 loco
1570 3841 1723 3909 plura
1754 3856 1888 3909 quo-

306 3934 437 3988 tidie
467 3933 731 3986 mirabilia
761 3933 921 3987 solito
966 3934 1114 4000 signa
1144 3933 1507 3997 crebrescunt,
1554 3943 1611 3987 ut
1651 3949 1883 4003 omnem,

306 4033 568 4093 quantum
594 4025 647 4077 in
677 4024 792 4093 ipso
814 4032 916 4085 est,
965 4024 1236 4077 hominem
1280 4024 1484 4077 salvum
1517 4024 1675 4079 faciat
1702 4023 1744 4079 ι.
1792 4024 1890 4079 Os-

308 4115 482 4168 tendit
504 4115 558 4167 in
581 4114 735 4176 raris,
768 4113 911 4181 quod
938 4113 1204 4177 omnibus,
1236 4112 1280 4166 si
1304 4112 1487 4177 velint,
1520 4115 1706 4181 prosit.
1738 4111 1892 4167 Suffi-

306 4206 379 4259 cit
407 4204 555 4257 enim
597 4204 969 4257 universorum
1010 4202 1329 4257 institutioni
1366 4204 1523 4273 232
1555 4204 1721 4255 forma
1753 4218 1888 4271 pau-

305 4307 519 4353 corum,
543 4305 661 4359 quze
692 4292 743 4344 in
765 4300 1049 4359 utrumque
1088 4292 1407 4360 proponitur
1426 4332 1441 4357 ,
1468 4301 1525 4344 ut
1550 4291 1893 4345 credentibus

306 4384 562 4451 exemplo
590 4384 676 4445 sit,
703 4383 1068 4435 indurantibus
1086 4381 1886 4455 (Aninduratis?)"testimonio.

1983 3204 2181 3259 Videns
2210 3212 2264 3257 te
2293 3216 2398 3255 non
2426 3208 2501 3264 te,
2523 3208 2579 3253 et
2605 3199 2793 3253 videns
2822 3213 2887 3252 ex
2917 3197 3073 3251 leone
3093 3196 3336 3261 vitulum,
3366 3194 3552 3250 videns

1984 3297 2034 3349 in
2070 3310 2200 3364 apro
2229 3293 2498 3348 Christum
2531 3308 2543 3342 :
2575 3304 2715 3343 nunc
2742 3301 2894 3342 versa
2916 3286 3208 3341 ferocitatis
3230 3292 3322 3339 aut
3340 3284 3554 3338 virtutis

1987 3385 2099 3438 vice
2127 3397 2314 3451 aprum
2342 3380 2555 3443 seculo,
2586 3388 2780 3447 agnum
2827 3375 2954 3430 Deo.
2999 3374 3115 3429 Non
3154 3375 3295 3430 enim
3339 3372 3449 3443 jam
3491 3372 3555 3428 de

1983 3475 2117 3529 silva
2148 3482 2195 3537 ³,
2220 3471 2315 3527 sed
2342 3470 2410 3526 de
2436 3479 2619 3539 segete
2648 3484 2779 3538 aper
2821 3482 2901 3530 es,
2934 3468 3005 3537 (e)
3035 3466 3158 3533 quia
3203 3466 3357 3521 bonis
3399 3465 3558 3519 disci-

1982 3564 2247 3633 plinarum
2267 3562 2525 3616 fructibus
2545 3558 2816 3627 opimaris,
2849 3566 2903 3610 et
2929 3557 2981 3609 in
3012 3556 3159 3623 fruge
3184 3556 3437 3608 virtutum
3463 3554 3557 3607 tibi

1984 3663 2170 3725 pastus
2183 3661 2290 3717 est;
2318 3651 2541 3719 duplicis
2565 3646 2892 3702 Testamenti
2913 3645 3162 3699 dentibus
3185 3644 3249 3697 ad
3264 3642 3559 3712 rumpenda

1986 3746 2121 3800 retia
2150 3741 2385 3797 Nebroth
2399 3740 2446 3772 '°
2476 3738 2569 3808 (V.
2601 3752 2685 3806 ep.
2719 3736 2771 3797 9,
2801 3751 2854 3788 ιι.
2888 3734 2942 3800 4)
2963 3733 3235 3786 venatoris
3260 3731 3558 3795 armaris‘;

1988 3844 2206 3902 totaque
2235 3832 2324 3885 illa
2354 3831 2509 3900 233
2538 3843 2658 3896 quae
2684 3842 2783 3895 pro
2816 3824 2997 3879 seculo
3025 3824 3286 3892 superbus
3312 3821 3559 3889 gerebas,

1990 3938 2129 3978 nunc
2144 3920 2427 3974 adversum
2451 3916 2686 3972 seculum
2715 3914 2926 3969 humilis
2942 3927 3086 3965 arma
3108 3910 3395 3965 convertis.
3411 3909 3561 3964 Nunc

1991 4027 2115 4068 vere
2143 4011 2379 4079 sapiens,
2395 4022 2520 4061 vere
2540 4007 2787 4068 disertus,
2813 4012 2869 4058 et
2888 4017 3013 4057 vere
3030 4000 3341 4071 potens,qui
3362 3998 3563 4053 mundo

1995 4105 2121 4159 huic
2147 4102 2341 4157 stultus
2367 4109 2423 4155 et
2449 4107 2628 4153 mutus
2657 4113 2736 4163 es,
2784 4104 2844 4149 ut
2870 4096 3043 4149 autori
3073 4093 3263 4160 lingute
3289 4099 3346 4146 et
3372 4091 3564 4145 mentis

1992 4206 2098 4251 tute
2119 4194 2375 4250 facundus
2391 4201 2445 4246 et
2457 4190 2668 4260 sapiens
2679 4190 2746 4242 de
2768 4188 2877 4243 suis
2898 4185 3205 4240 muneribus
3217 4185 3327 4239 Deo
3342 4184 3561 4239 servias.

2068 4285 2152 4340 10.
2182 4283 2333 4339 Nune
2363 4280 2673 4336 instructior
2688 4280 2808 4347 jure
2828 4278 3008 4332 divino
3054 4275 3344 4329 advocatus
3389 4287 3488 4342 pro
3515 4279 3567 4326 te

1996 4376 2248 4447 postules,
2281 4372 2542 4439 etjustior
2564 4367 2729 4437 judex
2752 4376 2803 4421 te
2830 4368 3003 4435 ipsum
3042 4364 3279 4432 judices;
3310 4370 3366 4417 et
3407 4363 3459 4415 in
3491 4369 3563 4423 te,

309 4450 493 4539 Quare
521 4474 567 4525 si
588 4473 714 4540 quid
737 4473 953 4527 humani
976 4473 1189 4540 sapiunt
1210 4474 1265 4537 ii,
1284 4472 1373 4539 qui
1396 4450 1695 4525 inliciantur
1715 4473 1893 4525 animo
1926 4464 1969 4521 D
1998 4475 2089 4520 aut
2109 4465 2175 4518 de
2198 4471 2251 4517 te
2293 4462 2405 4530 ipse
2460 4459 2775 4513 sententiam
2823 4454 2981 4517 feras,
3007 4461 3065 4506 ut
3094 4452 3260 4518 magis
3281 4539 3286 4540 γ
3307 4450 3566 4540 merearis

309 4579 476 4632 quem
509 4564 673 4630 figura
718 4561 1005 4631 praeferunt
1051 4563 1349 4625 hominem,
1383 4561 1710 4615 admirentur
1738 4563 1790 4615 in
1818 4571 1887 4629 te,

311 4663 369 4707 et
394 4652 617 4705 laudent
638 4650 823 4715 Deum,
850 4658 905 4705 et
932 4652 1068 4706 hanc
1090 4651 1445 4705 beatissimam
1468 4651 1889 4705 immutationem

313 4743 517 4797 mentis
547 4758 610 4796 ac
639 4742 758 4795 vita:
787 4750 888 4795 tua:
912 4758 1017 4795 non
1048 4743 1353 4796 existiment
1390 4757 1624 4796 errorem
1654 4742 1892 4795 stultitiae

312 4840 458 4896 tua),
510 4829 607 4884 sed
645 4831 918 4898 sapientia:
969 4830 1063 4883 Dei
1108 4846 1225 4884 esse
1269 4831 1520 4883 virtutem
1576 4830 1891 4898 intelligant.

314 4922 533 4987 Quanto
576 4919 718 4972 enim
749 4918 1146 4986 prudentiorem
1200 4927 1253 4971 te
1281 4920 1473 4972 ceteris
1502 4926 1556 4971 et
1599 4918 1897 4971 doctiorem

392 5025 414 5046 ³·
451 5010 579 5078 Sap.
610 5025 661 5072 v,
694 5009 745 5061 4.
823 5008 849 5046 δ
873 5009 1028 5078 Psal.
1074 5025 1253 5071 xxxvi,
1281 5008 1334 5078 2.
1415 5020 1435 5045 ο
1460 5007 1599 5078 Psal.
1635 5024 1813 5078 cui",
1842 5006 1895 5059 4.

312 5093 337 5129 tr
369 5075 710 5142 Psal.—chv,
743 5078 795 5131 8.
872 5076 898 5114 ¹ι
938 5077 1076 5131 Psal.
1105 5094 1249 5141 xvm,
1275 5077 1327 5140 8,
1352 5085 1505 5142 juxta
1533 5075 1693 5129 Psalt.
1730 5076 1882 5129 Rom.

318 5152 331 5187 ι
382 5150 401 5203 l
434 5148 574 5201 Tim.
602 5164 658 5210 ιι,
692 5146 743 5200 4.
820 5158 857 5184 ιη
896 5147 1025 5202 Luc.
1057 5164 1096 5212 1,
1128 5146 1215 5200 51.
1292 5156 1315 5181 υ
1357 5144 1544 5199 Matth.
1573 5162 1646 5211 xu,
1674 5144 1761 5198 ἓξ).

313 5236 422 5282 xu,
458 5218 511 5271 5.
593 5226 612 5249 ³
656 5215 795 5271 Psal.
820 5233 1005 5283 Lxxtx,
1037 5216 1124 5268 Η.
1211 5219 1230 5252 τ
1270 5215 1405 5269 Gen.
1440 5232 1492 5279 x,
1521 5215 1568 5267 9.

390 5330 477 5451 (ai
499 5329 624 5382 Mss.
652 5329 785 5399 Reg.
817 5338 872 5383 et
900 5329 1050 5383 Vica.
1082 5344 1202 5381 cum
1234 5328 1389 5381 editis
1413 5326 1609 5389 tribus,
1632 5342 1775 5396 quem
1806 5328 1883 5396 fe.

392 5439 405 5450 .
472 5398 679 5451 ltrauue
706 5399 864 5451 lectio
898 5400 1037 5451 bona
1070 5417 1081 5449 :
1108 5398 1318 5451 vulgata
1350 5397 1666 5449 concinnior
1693 5405 1747 5449 et
1774 5412 1883 5448 ma-

315 5397 406 5452 ril.
446 5397 679 5466 Utraque
706 5397 864 5453 lectio
898 5400 1037 5452 bona
1070 5417 1081 5449 :
1108 5398 1318 5464 vulgata
1350 5397 1666 5449 concinnior
1693 5405 1747 5449 et
1774 5412 1887 5448 ma-

316 5472 400 5536 gis
420 5469 743 5533 significans.

396 5538 469 5606 (b)
500 5536 642 5589 LXX
664 5547 719 5591 et
742 5537 987 5605 Vulgata,
1026 5539 1091 5590 in.
1122 5537 1324 5589 animos
1354 5544 1559 5587 sanctas
1589 5552 1642 5587 se
1669 5535 1892 5603 transfe-

319 5624 460 5659 18118.

400 5676 469 5743 (ε)
510 5674 636 5729 Mss.
676 5675 804 5744 Reg.
835 5684 890 5729 et
930 5676 1108 5738 Vien.,
1142 5677 1327 5746 factus,
1355 5689 1473 5742 quae
1504 5678 1662 5734 lectio
1692 5677 1896 5733 admitti

321 5742 527 5816 posset,
551 5760 673 5798 cum
697 5742 1070 5813 ex'pmnnissis
1091 5742 1455 5801 conﬁrmetur.
1471 5746 1660 5805 Verior
1685 5750 1796 5804 visa
1821 5752 1903 5801 est

529 5836 800 5895 Panos.
847 5835 1003 5895 LXI.

1980 5003 2007 5042 ά
2045 5004 2234 5057 Johan.
2264 5015 2369 5059 xlv,
2395 4996 2447 5049 6.

1970 5076 1982 5112 ί
2036 5074 2163 5141 Sap.
2189 5068 2394 5141 vn,_2_7.

1840 5126 1879 5178 τί
1906 5126 2255 5201 Psal.1.rf\'vm,
2271 5126 2374 5189 '32.
2451 5146 2474 5183 ι)
2512 5131 2659 5187 Isaia:
2681 5146 2716 5191 ι,
2744 5130 2795 5182 5.
2875 5140 2899 5177 τι
2938 5126 3077 5182 Psal.
3104 5143 3207 5191 ων,
3234 5128 3286 5180 7.

1996 4553 2198 4608 absolvi
2224 4569 2237 4615 ;
2263 4558 2420 4617 teque
2443 4563 2549 4601 non
2571 4546 2741 4600 solum
2764 4544 2939 4606 venia,
2971 4541 3064 4595 sed
3091 4548 3144 4594 et
3159 4539 3325 4606 glaria
3348 4539 3567 4606 dignum

1995 4643 2179 4705 facias,
2205 4655 2329 4695 cum
2361 4639 2456 4691 tibi
2503 4652 2599 4705 per
2648 4634 3041 4689 accusationem
3089 4631 3164 4684 tui
3214 4629 3373 4693 ades,
3406 4637 3566 4698 teque

1995 4730 2300 4787 damnando
2327 4725 2663 4782 sanetilicas:
2724 4723 3025 4791 intelligens
3080 4736 3186 4774 non
3219 4719 3361 4788 quod
3389 4719 3568 4774 homi-

2002 4823 2177 4885 nibus,
2233 4819 2325 4873 sed
2356 4814 2497 4885 quod
2545 4813 2657 4866 Deo
2686 4813 2914 4882 placeat,
2953 4818 3195 4863 sanctum
3223 4817 3277 4863 et
3306 4810 3567 4864 innocens

2007 4927 2126 4969 esse
2146 4928 2159 4977 ;
2183 4918 2238 4965 et
2263 4908 2381 4963 ideo
2409 4921 2583 4969 rarus,
2613 4912 2670 4957 ut
2692 4902 2898 4964 scribis,
2932 4902 3141 4954 urbium
3173 4898 3560 4968 frequentator,

2540 5006 2561 5029 ε
2603 4993 2741 5045 Psal.
2774 5007 2943 5057 xxxv,
2978 4989 3029 5041 4.
3124 4988 3141 5025 ί
3184 4988 3321 5043 Psal.
3354 5004 3458 5053 xvr,
3486 4988 3573 5057 II.

2477 5064 2490 5113 i
2542 5062 2703 5116 Eccli.
2764 5056 3034 5124 xxiv,iO.
3112 5057 3137 5094 κ
3178 5058 3366 5112 Matth.
3392 5074 3470 5118 Ill,
3516 5056 3573 5113 7.

3366 5139 3385 5165 τ
3430 5127 3572 5183 Psal.

1990 5324 2099 5393 jam
2129 5319 2549 5393 recepta_lectio.
2681 5384 2693 5393 _
2951 5384 2960 5393 .
3048 5382 3058 5393 .
3135 5382 3145 5393 ο
3389 5380 3399 5390 ο

2071 5394 2147 5461 (d)
2176 5380 2314 5445 Edit.
2346 5390 2523 5461 Ro_sv._
2541 5384 2812 5461 mendose,
2841 5382 3362 5461 exaltalioiiis:_c1in1
3388 5380 3437 5433 in
3459 5380 3577 5461 aliis

2000 5450 2290 5523 codicibus,
2325 5461 2376 5512 in
2408 5456 2676 5511 Psaltcriis
2714 5455 2969 5523 quinque,
3019 5454 3070 5523 in
3118 5451 3340 5523 Vulgata
3368 5491 3382 5513 ,
3437 5456 3492 5523 et
3522 5450 3576 5501 in

2001 5532 2229 5609 epistola
2279 5517 2318 5581 '9
2355 5529 2419 5581 ad
2450 5517 2767 5590 Amandum,
2816 5517 2964 5577 num.
3014 5522 3066 5587 4,
3118 5521 3323 5586 legatur
3349 5517 3576 5569 exsulta-

2004 5600 2179 5653 tionis.

2078 5670 2149 5738 (ε)
2188 5666 2265 5720 Ex
2295 5683 2395 5721 ms.
2431 5665 2559 5738 Reg.
2613 5672 2667 5718 et
2694 5662 2819 5738 edit.
2874 5660 3022 5738 Cr'n.
3073 5656 3406 5738 reposuimus
3425 5657 3575 5738 quia,

2008 5728 2309 5808 postulante
2336 5728 2572 5791 secundo
2618 5730 2819 5803 periodi
2850 5731 3090 5783 membro
3142 5733 3281 5779 Ante
3325 5732 3443 5778 erat
3469 5728 3576 5795 qui.

3220 5814 3297 5873 12
