3988 6176
381 303 494 359 565

1526 297 1582 352 S.
1622 292 1895 356 PAULiNl
1930 294 2177 352 NOLANI
2216 292 2517 348 EPISCOPI

3522 298 3630 357 36b

381 414 641 469 familiare
683 417 947 466 secretum
977 406 1123 462 taciti
1170 406 1311 461 ruris
1365 406 1384 475 (
1414 405 1475 459 V.
1502 414 1614 461 not.
1646 405 1791 475 l80)
1820 406 1948 461 ada-
1976 414 2021 469 Α
2120 402 2349 469 Sanctis,
2382 403 2576 459 merito
2600 404 2993 463 venerabilibus
3021 422 3083 463 ac
3120 407 3485 465 dilectissimis
3520 410 3628 465 fra-

381 505 565 572 masti,
585 518 693 557 non
717 501 883 556 otium
908 499 1123 566 negotio
1144 497 1435 567 prteferens
1453 538 1467 562 ,
1502 511 1672 566 neque
1704 506 1755 551 te
1778 490 1949 552 eccle-

382 597 609 652 siasticae
637 592 851 648 utilitati
876 590 1212 653 subtrahens,
1244 588 1334 643 sed
1354 588 1465 656 jam
1494 604 1630 658 pene
1655 590 1951 645 forensibus

382 688 550 741 turbis
572 687 790 741 aemulos
818 685 1160 739 ecclesiarum
1191 683 1448 737 tumultus
1502 690 1558 736 et
1604 682 1829 737 concilia
1862 682 1946 736 in-

383 778 563 847 quieta
591 776 885 830 declinans.
918 772 1164 826 Arbitror
1191 779 1369 825 autem
1399 770 1628 838 idipsum
1659 770 1951 838 majoribus

382 866 623 921 ecclesia:
653 862 970 918 utilitatibus
995 859 1305 929 praeparari,
1335 858 1479 926 quod
1499 858 1700 911 salubri
1723 857 1949 912 consilio

384 956 719 1011 instructioni
746 960 947 1008 sancta:
978 966 1157 1016 vacas,
1175 959 1229 1004 et
1252 951 1485 1003 intentus
1506 951 1550 979 "’
1576 950 1764 1004 studiis
1790 948 1949 1018 spiri-

386 1049 596 1112 talibus,
626 1046 820 1115 quibus
847 1042 1081 1099 solitudo
1108 1042 1278 1095 amica
1303 1050 1386 1095 est
1413 1042 1479 1104 ’3,
1502 1039 1698 1095 formas
1727 1042 1779 1095 in
1802 1048 1856 1095 te
1873 1040 1949 1110 (a)

384 1138 624 1208 quotidie
652 1135 1044 1201 conﬁrmasque
1070 1130 1362 1193 Christum,
1394 1144 1502 1198 quo
1529 1138 1584 1184 et
1623 1144 1809 1184 servus
1855 1131 1955 1183 uti-

385 1227 507 1290 lior,
532 1234 587 1281 et
610 1225 866 1292 magister
892 1222 1103 1276 doctior
1128 1220 1425 1286 digniorem
1450 1226 1501 1273 te
1524 1218 1598 1288 (b)
1630 1232 1710 1279 ea,
1756 1219 1807 1271 in
1846 1232 1951 1286 qua

385 1325 517 1370 nutu
546 1315 638 1368 Dei
663 1314 866 1382 positus
893 1327 973 1377 es,
1001 1310 1129 1365 sede
1152 1307 1427 1379 perﬁcias,
1454 1322 1619 1376 opere
1669 1307 1875 1376 pariter
1900 1316 1955 1361 et

388 1407 548 1460 verbo
580 1412 799 1472 potens;
830 1410 889 1455 ut
909 1401 1085 1468 lingua
1113 1407 1168 1453 et
1187 1406 1369 1452 mente
1388 1398 1484 1451 tibi
1503 1411 1747 1458 concors,
1772 1394 1953 1450 veram'

388 1503 442 1548 te
467 1492 779 1562 apostolica:
803 1488 1097 1557 disciplimc
1125 1486 1410 1541 formulam
1440 1486 1683 1555 praebeas
1704 1485 1955 1555 przecepti

388 1579 648 1636 Dominici
685 1586 836 1633 actor
862 1584 918 1631 et
940 1576 1130 1630 doctor
1159 1577 1204 1608 ’³
1231 1583 1279 1627 ⁸.
1318 1572 1395 1627 lta
1425 1572 1638 1627 demum
1691 1572 1957 1628 constabit

389 1684 495 1723 non
519 1670 750 1723 humano
775 1664 1051 1735 suffragio,
1074 1663 1171 1719 sed
1196 1663 1376 1719 divino
1424 1671 1478 1717 te
1507 1678 1626 1719 esse
1642 1662 1842 1731 judicio
1870 1678 1955 1719 sa-

388 1758 680 1813 cerdotem.

460 1848 547 1901 fl.
578 1847 731 1913 Quod
748 1847 859 1915 jam
882 1846 1100 1916 probari
1142 1852 1199 1899 et
1230 1842 1331 1898 ﬁde
1361 1852 1417 1897 et
1454 1844 1563 1897 vita
1593 1852 1683 1898 tua
1710 1845 1956 1909 credens,

389 1943 515 2006 peto
537 1943 592 1990 et
620 1936 859 2004 impense
886 1948 1038 2003 rogo,
1068 1940 1126 1987 ut
1148 1948 1244 1987 nos
1264 1948 1477 2001 semper
1495 1934 1828 1989 orationibus
1856 1936 1959 1989 tuis

389 2025 658 2094 implices;
687 2032 741 2077 et
759 2024 971 2091 quoties
1000 2024 1048 2055 ³ο
1077 2022 1483 2089 fueritoccasio,
1516 2022 1705 2077 litteris
1726 2025 1959 2078 revisere

390 2114 624 2168 studeas.
657 2111 811 2177 Quod
848 2111 1063 2179 quidem
1087 2120 1200 2165 ate
1247 2127 1443 2165 munus
1489 2127 1596 2166 non
1643 2122 1752 2166 tam
1798 2111 1958 2168 officii

391 2200 633 2269 capiendi
662 2199 905 2267 cupidus,
935 2192 1093 2267 quam
1117 2198 1277 2251 animi
1305 2197 1577 2252 reﬁciendi
1603 2200 1821 2254 studens
1846 2201 1958 2254 exi-

390 2302 492 2355 go;
524 2296 582 2341 ut
603 2295 658 2341 et
677 2287 928 2341 solatium
955 2287 1196 2341 caritatis
1211 2294 1265 2341 et
1284 2287 1531 2353 gaudium
1552 2289 1706 2342 simul
1727 2290 1955 2358 capiam,

390 2390 513 2429 cum
541 2384 594 2429 te
624 2375 731 2429 mei
760 2390 1053 2430 memorem
1080 2375 1135 2429 in
1164 2376 1392 2444 negotiis
1419 2379 1633 2443 sanctis,
1664 2394 1727 2432 ac
1775 2380 1851 2432 tui
1878 2380 1958 2433 di-

391 2464 637 2532 ligentem
662 2464 906 2532 profectu
934 2465 1169 2519 scientia:
1222 2466 1491 2535 spiritalis,
1524 2476 1578 2520 et
1618 2468 1953 2523 intellectu"

390 2555 625 2609 ardentis
653 2555 705 2609 in
732 2554 899 2609 Deum
931 2556 1110 2610 cordis
1165 2556 1349 2623 legens
1375 2557 1577 2612 videro.
1625 2558 1740 2613 Non
1764 2560 1876 2629 jam
1904 2568 1958 2615 te

390 2643 456 2697 de
484 2657 731 2698 sermone
751 2644 985 2712 virtutis,
1017 2644 1069 2698 id
1089 2652 1189 2710 est,
1215 2645 1593 2715 praedicatione
1622 2648 1840 2716 Christi,
1863 2650 1957 2705 sed

388 2735 455 2788 dc
483 2735 681 2790 virtute
703 2734 869 2803 ipsius
890 2737 1152 2792 sermonis
1171 2738 1498 2807 expendens,
1524 2738 1578 2793 id
1608 2749 1708 2804 est,
1742 2751 1799 2795 ut
1841 2757 1957 2797 cre-

388 2828 515 2882 dere
545 2836 598 2883 te
651 2828 921 2884 Christum
977 2827 1157 2883 Jesum
1198 2830 1510 2885 crucifixum
1569 2832 1848 2886 Dominum
1903 2842 1959 2888 et

388 2918 557 2974 Deum
588 2920 854 2988 loquendo
880 2921 1081 2989 pariter
1105 2928 1159 2975 et
1188 2921 1414 2976 vivendo
1459 2922 1762 2977 confirmes.
1821 2923 1955 2989 Quia

386 3009 572 3065 eodem
595 3008 789 3065 aﬁectu
813 3020 1011 3080 gestare
1039 3010 1273 3065 debemus
1301 3013 1578 3081 imaginem
1618 3014 1834 3067 cwlestis
1863 3016 1956 3067 Ito-

2049 494 2220 548 tribus
2249 493 2395 548 Arno
2424 501 2479 548 et
2515 493 2784 563 ΑιιΑΝιιιε,
2822 494 3086 552 Pwuaus
3113 507 3168 553 et
3212 498 3475 555 Tueusu
3504 516 3630 570 pec-

2050 590 2283 637 catores.

2121 670 2145 721 l
2160 710 2173 722 .
2192 669 2322 724 Aliis
2334 670 2536 725 reditus
2546 670 2611 723 de
2629 670 2646 740 (
2653 670 2700 739 ε)
2714 672 3048 740 patrimoniis
3058 674 3416 747 pensitatione
3429 676 3628 733 solem-

2052 762 2104 815 ni
2126 762 2462 830 praebeantur
2493 762 2701 828 :nobis,
2733 763 2925 829 quibus
2980 765 3249 833 possessio
3296 767 3492 820 caritas
3531 783 3629 823 νε·-

2051 857 2161 904 stra
2191 850 2244 903 in
2270 848 2482 905 Christo
2504 860 2604 915 est,
2629 851 2832 905 reditus
2860 852 2926 906 ab
2960 854 3151 908 oﬂiciis
3191 854 3491 911 affectionis
3534 873 3630 912 ve~

2050 947 2173 993 stra:
2201 941 2446 1003 sumitur,
2479 948 2535 994 et
2561 941 2613 993 in
2642 941 2939 995 litterarum
2970 951 3267 997 vestrarum
3299 946 3630 1001 humanitate

2054 1038 2385 1083 numeratur.
2428 1028 2642 1083 Gratias
2693 1030 2920 1085 Domino
2974 1032 3082 1087 Deo
3134 1042 3341 1097 nostro,
3367 1036 3457 1103 qui
3486 1036 3629 1091 bona

2053 1119 2171 1171 viva
2201 1133 2297 1186 pro
2319 1118 2545 1171 mortuis
2588 1126 2642 1172 et
2671 1119 2885 1174 caducis
2925 1121 3247 1190 rependens,
3296 1138 3393 1177 vos
3414 1139 3631 1193 quoque

2054 1207 2208 1261 nobis
2228 1207 2552 1260 uberrimum
2581 1206 2804 1262 fundum
2837 1210 3056 1278 largitus
3079 1221 3181 1265 est.
3212 1212 3345 1267 Nam
3367 1223 3424 1267 ut
3451 1216 3503 1267 in
3545 1230 3632 1270 re-

2053 1297 2151 1352 bus
2170 1298 2398 1352 terrenis
2416 1298 2592 1353 carior
2612 1298 2803 1354 fundus
2830 1309 2932 1365 est,
2956 1302 3048 1369 qui
3078 1311 3168 1355 aut
3182 1304 3358 1359 avaris
3378 1306 3629 1373 agricolae

2057 1389 2139 1442 sui
2188 1389 2325 1443 votis
2372 1387 2576 1457 proﬂua
2624 1391 2871 1444 ubertate
2925 1392 3245 1459 respondet,
3281 1401 3373 1447 aut
3416 1395 3633 1449 delicati

2055 1480 2380 1548 possessoris
2408 1480 2576 1533 oculis
2632 1482 2940 1535 ammnitate
2973 1482 3269 1550 blanditur;
3302 1485 3374 1538 ita
3403 1485 3631 1540 nuncin

2057 1570 2256 1623 nostris
2285 1569 2495 1638 praediis
2515 1570 2860 1639 spiritalibus,
2889 1571 2938 1625 id
2988 1581 3089 1638 est,
3118 1574 3315 1628 sanctis
3357 1574 3630 1642 fratribus,

2056 1674 2193 1728 quos
2224 1660 2377 1713 nobis
2404 1660 2603 1714 caritas
2628 1660 2823 1714 Christi
2854 1664 3166 1727 connexuit,
3197 1672 3251 1718 et
3289 1665 3343 1718 in
3374 1675 3630 1721 :eternam

1988 1760 2034 1819 Β
2063 1751 2453 1819 possessionem
2484 1749 2649 1814 dedit,
2676 1751 2720 1803 is
2750 1752 2904 1804 nobis
2932 1751 3164 1819 opimior
3188 1767 3316 1821 ager
3338 1755 3635 1809 mstimatur

2061 1841 2244 1906 homo,
2302 1840 2395 1910 qui
2445 1837 2604 1893 fuerit
2658 1841 2827 1894 nostri
2870 1840 3174 1909 diligentior
3212 1851 3267 1896 et
3312 1843 3635 1899 fructuosior

2060 1930 2235 1993 nobis,
2263 1929 2575 1984 salutarium
2596 1930 2997 1984 commodorum
3034 1931 3443 1986 ministratione.
3478 1932 3633 1999 Quod

2059 2037 2180 2075 eum
2210 2022 2282 2074 ita
2312 2022 2401 2082 sit,
2433 2020 2612 2074 videte
2634 2027 2883 2088 quantam
2910 2035 3007 2075 vos
3035 2036 3263 2075 massam
3296 2021 3635 2089 hujuscemoc

2058 2111 2112 2164 di
2134 2110 2484 2180 possessionis
2510 2109 2817 2173 habeamus,
2841 2123 2962 2163 cum
2987 2117 3183 2178 praeter
3197 2109 3443 2165 affectum
3472 2125 3633 2180 quem

2060 2201 2115 2254 in
2140 2214 2238 2253 nos
2266 2206 2454 2252 mutuo
2481 2197 2772 2265 eﬁ‘unditis,
2796 2199 2919 2262 alia,
2950 2199 3145 2266 quibus
3171 2214 3327 2268 pares
3372 2214 3493 2254 esse
3523 2217 3633 2255 non

2060 2301 2358 2357 possumus,
2390 2300 2611 2338 munera
2650 2286 2819 2354 copiis
2858 2286 3049 2353 linguae
3097 2294 3152 2340 et
3198 2287 3394 2341 mentis
3443 2297 3633 2342 vestra:

2056 2377 2249 2446 opibus
2270 2373 2579 2430 conferatis.
2610 2373 2794 2429 Ofﬁcia
2840 2376 2982 2429 enim
3012 2384 3067 2430 et
3094 2376 3305 2444 eloquia
3332 2376 3635 2432 litterarum

2058 2475 2386 2528 vestrarum,
2444 2480 2562 2533 qua:
2616 2465 2770 2519 nobis
2826 2466 3042 2533 largiter
3092 2480 3270 2520 annuo
3329 2475 3634 2522 commeatu

2059 2556 2138 2628 (ά)
2161 2556 2407 2625 penditis,
2441 2555 2673 2610 indicant
2696 2571 2854 2624 quam
2878 2556 3052 2625 ampla
3078 2557 3345 2626 possessio
3374 2559 3547 2622 nobis,
3579 2568 3636 2613 et

2057 2662 2216 2715 quam
2238 2646 2425 2700 fertilis
2453 2654 2592 2700 terra
2623 2646 2733 2700 Deo
2758 2646 2874 2699 sitis
2907 2664 2918 2697 :
2967 2646 3076 2713 jam
3102 2647 3427 2702 tricesimum
3458 2650 3474 2679 ι
3522 2648 3634 2704 fru—

2057 2745 2203 2791 ctum
2229 2736 2294 2790 de
2315 2745 2494 2791 vestra
2527 2737 2669 2790 inter
2697 2752 2795 2790 vos
2835 2737 3163 2790 continentia
3202 2738 3556 2807 proferentes,
3578 2748 3633 2795 et

2057 2825 2379 2895 quotidianis
2409 2825 2528 2879 ﬁdei
2558 2826 2714 2896 235
2734 2826 3031 2879 communis
3058 2828 3360 2895 augmentis
3408 2843 3632 2897 sexage-

2056 2916 2192 2969 simo
2221 2916 2658 2984 propinquantes,
2690 2923 2745 2970 et
2770 2915 2835 2970 de
2854 2916 3006 2985 prole
3026 2917 3261 2984 virginea
3284 2919 3632 2975 centesimum

2056 3005 2368 3075 pollicentes
2402 3004 2443 3058 ί.

385 3102 555 3165 minis,
586 3118 684 3170 quo
734 3103 974 3170 gessimus
1029 3111 1148 3154 ante
1188 3103 1374 3154 terreni
1414 3100 1461 3154 δ.
1520 3103 1767 3171 Alioquin
1812 3103 1953 3170 quod
1981 3113 2023 3173 ρ
2127 3095 2180 3147 2-
2231 3094 2362 3148 Nam
2401 3095 2544 3162 (Πιοά
2595 3094 2825 3149 “Tillius
2874 3093 3251 3163 impedimenta
3297 3098 3459 3151 νθεῐΐί
3509 3113 3631 3152 €550

384 3201 623 3246 nostrum
646 3202 729 3245 est
748 3192 867 3257 quis
895 3191 1041 3244 dabit
1072 3191 1241 3254 nobis,
1269 3192 1313 3245 si
1340 3206 1444 3243 non
1469 3192 1722 3247 fuerimus
1752 3202 1859 3246 tam
1887 3192 1950 3243 li-

383 3281 534 3335 deles
562 3280 616 3332 in
664 3287 846 3332 nostro
881 3290 925 3343 ο,
978 3294 1137 3345 quam
1185 3278 1379 3333 fuimus
1424 3281 1475 3332 in
1506 3281 1797 3334 alieno?ln
1850 3282 1953 3337 hoc

383 3372 525 3425 enim
547 3370 671 3423 facti
700 3385 902 3434 sumus,
927 3378 986 3422 ut
1014 3370 1138 3422 boni
1162 3370 1343 3433 simus,
1374 3378 1427 3423 et
1452 3380 1636 3426 nostro
1657 3374 1952 3427 serviamus

383 3458 604 3523 Autori;
635 3466 820 3512 contra
850 3459 1002 3527 cujus
1022 3468 1286 3528 prmcepta
1317 3460 1559 3514 viventes
1608 3463 1768 3532 23h
1818 3464 1949 3517 vitio

380 3548 669 3602 voluntatis
698 3555 915 3614 nostrw,
946 3564 1054 3601 non
1098 3548 1268 3601 solum
1316 3558 1502 3603 contra
1558 3551 1740 3617 vitam,
1772 3553 1867 3607 sed
1896 3562 1949 3607 et

380 3644 564 3693 contra
590 3645 834 3691 naturam
862 3648 1098 3692 nostram
1130 3637 1417 3701 faciemus;
1448 3646 1501 3692 et
1522 3637 1644 3693 ideo
1674 3656 1946 3709 compara-

379 3728 542 3781 bimur
564 3730 829 3799 jumentis,
859 3730 1037 3799 quibus
1067 3739 1267 3782 nonest
1296 3730 1578 3783 intellectus
1602 3727 1646 3782 ἀ.
1698 3730 1947 3786 Attamen

378 3820 471 3874 Dei
500 3819 711 3875 bonitas
767 3821 839 3874 ita
887 3820 1161 3875 nobiscum
1215 3821 1530 3888 paciscitur,
1566 3829 1620 3874 ut
1666 3824 1947 3890 praeterita:

377 3914 531 3969 nobis
553 3916 839 3984 impietatis
866 3916 1089 3983 gratiam
1119 3914 1343 3980 faciens,
1371 3922 1621 3970 contenta
1652 3916 1721 3969 sit
1749 3916 1833 3970 vel
1862 3924 1944 3969 ta-

376 4002 454 4058 les
484 4019 582 4057 nos
601 4018 719 4057 esse
738 4004 835 4057 sibi
865 4018 1049 4057 servos
1098 4020 1195 4070 pro
1244 4005 1414 4068 nobis,
1446 4005 1632 4071 quales
1660 4006 1944 4059 adversum

376 4106 475 4146 nos
521 4092 735 4146 diabolo
766 4092 810 4122 ³¹
855 4090 1129 4157 fuerimus,
1161 4093 1371 4145 dicente
1420 4092 1699 4160 Apostolo,
1731 4102 1788 4146 ut
1815 4096 1947 4147 sicut

374 4182 690 4238 exhibuimus
713 4183 935 4236 membra
958 4194 1132 4234 nostra
1158 4184 1345 4238 servire
1366 4183 1643 4253 iniquitati,
1674 4184 1746 4236 sic
1766 4186 1943 4238 eadem

376 4272 702 4325 exhibeamus
731 4272 920 4324 servire
941 4270 1161 4339 justitiae
1189 4281 1210 4307 θ
1233 4287 1246 4335 ;
1270 4271 1537 4338 videlicet,
1570 4280 1628 4326 ut
1652 4273 1836 4327 eadem
1859 4273 1941 4326 af-

377 4360 605 4414 fectione
632 4360 956 4413 delectemur
977 4361 1030 4412 in
1055 4359 1301 4421 Domino,
1332 4375 1435 4427 qua
1484 4362 1734 4415 delectati
1759 4376 1943 4417 sumus

2056 3186 2316 3257 propositi
2346 3187 2710 3255 possessiones
2740 3186 2991 3252 ﬁliorum,
3014 3186 3103 3254 qui
3127 3202 3286 3240 causa
3312 3188 3418 3241 sint
3443 3203 3630 3243 neces-

2053 3279 2224 3332 sitatis
2250 3279 2399 3332 istius
2417 3291 2521 3345 qua
2547 3287 2754 3331 terrena
2777 3278 2993 3341 curatis,
3025 3293 3147 3331 cum
3197 3278 3435 3332 cwlestia
3489 3280 3628 3333 desi-

2052 3367 2267 3431 deretis,
2294 3367 2345 3418 in
2376 3365 2742 3418 multimodam
2773 3366 2950 3435 potius
2976 3366 3127 3421 vobis
3156 3368 3471 3421 exercendae
3503 3369 3627 3422 ﬁdei

2051 3456 2492 3527 perﬁcieiidzeque
2528 3456 2739 3511 virtutis
2785 3459 3063 3511 materiam
3108 3457 3289 3512 divino
3344 3459 3457 3514 lucc
3508 3474 3627 3514 esse

2050 3549 2323 3619 proposita
2369 3548 2593 3603 consilio
2619 3548 2939 3616 judicamus.
2973 3549 3107 3604 Cum
3152 3552 3294 3605 enim
3345 3552 3458 3607 huic
3506 3553 3624 3605 uni—

2050 3654 2202 3694 versa
2232 3638 2414 3693 mundi
2462 3640 2728 3708 possessio
2756 3649 2973 3709 propter
3000 3642 3269 3695 hominem
3311 3643 3619 3707 constituta,

2049 3730 2358 3797 hominique
2380 3728 2621 3796 subjecta
2649 3729 2895 3783 videatur
2926 3740 2973 3794 8,
3002 3731 3119 3797 quis
3144 3731 3376 3798 ambigat
3418 3732 3471 3785 in
3500 3747 3619 3786 om-

2049 3820 2103 3872 ni
2126 3820 2243 3873 loco
2271 3818 2475 3883 mundi,
2510 3820 2562 3872 in
2585 3819 2731 3872 omni
2757 3827 2908 3888 parte
2938 3829 3139 3873 natura:
3160 3821 3415 3875 utilitates
3442 3821 3619 3876 homi-

2049 3910 2101 3963 ni
2130 3918 2362 3978 paratas,
2394 3924 2424 3963 e
2448 3910 2643 3979 quibus
2668 3925 2775 3964 non
2806 3910 2980 3964 solum
3006 3911 3239 3965 carnalia
3261 3912 3617 3967 emolumenta

2046 4002 2335 4069 capiamus,
2386 4000 2480 4055 sed
2526 4001 2694 4055 multo
2750 4003 2917 4069 magis
2964 4003 3220 4071 spiritalia
3262 4004 3613 4072 pertegamus.

2047 4090 2336 4159 Propterea
2363 4091 2491 4145 dicit
2530 4107 2625 4160 per
2668 4092 3013 4148 Salomonem
3053 4095 3165 4164 ipsa
3218 4110 3395 4149 rerum
3439 4096 3617 4166 opifex

2045 4181 2334 4251 Sapientia,
2363 4198 2481 4252 qua:
2510 4184 2737 4253 disponit
2757 4188 2930 4238 omnia
2958 4186 3196 4251 suaviter,
3245 4187 3309 4239 ab
3354 4188 3618 4241 Altissimo

2045 4281 2271 4325 creatam
2294 4273 2679 4326 rusticationem
2709 4272 2755 4339 ιι,
2785 4282 2844 4327 ιιι
2872 4289 2990 4328 eam
3018 4290 3125 4330 non
3179 4277 3446 4344 corporali
3493 4286 3617 4330 tan-

2046 4371 2176 4427 tum,
2206 4362 2302 4418 sed
2331 4363 2493 4417 etiam
2524 4364 2746 4433 spiritali
2765 4364 2941 4418 studio
2966 4365 3131 4419 colas.
3162 4364 3401 4434 Denique
3444 4381 3617 4435 quan-

373 4450 426 4501 in
450 4456 689 4515 peccato.
720 4445 809 4500 Sic
829 4448 1122 4502 ambiamus
1151 4448 1245 4502 Dei
1274 4462 1516 4515 regnum,
1540 4450 1808 4517 quomodo
1829 4465 1941 4503 am-
1970 4466 2018 4523 D
2047 4458 2157 4504 tuin
2187 4451 2254 4505 de
2278 4467 2401 4506 rure
2430 4452 2494 4505 ad
2524 4452 2876 4506 eruditionem
2898 4453 3088 4509 anima:
3117 4453 3254 4507 trahi
3279 4456 3465 4523 possit,
3512 4455 3610 4510 do-

376 4536 602 4591 bivimus
629 4537 793 4591 seculi
816 4537 1157 4606 dignitatem;
1189 4546 1244 4593 et
1269 4539 1499 4607 denique
1530 4546 1637 4592 tam
1658 4540 1939 4607 diligenter

371 4640 617 4681 curemus
638 4627 778 4681 bona
807 4628 1065 4691 cmlestia,
1096 4644 1254 4697 quam
1280 4637 1490 4682 terrena
1510 4629 1828 4683 curavimus.

830 4716 1160 4771 EPISTOLA
1190 4719 1207 4736 '
1237 4715 1473 4770 XXXIX.

367 4806 559 4876 Aprum
587 4806 731 4859 docet
757 4807 1004 4875 quomodo
1034 4823 1156 4876 ager
1178 4807 1344 4859 cordis
1370 4808 1438 4859 sit
1468 4806 1709 4859 colendus
1740 4823 1757 4859 :
1787 4805 1869 4861 ubi
1891 4817 1940 4860 et

434 4895 585 4949 verba
611 4896 774 4949 Joelis
803 4896 865 4947 de
892 4913 1064 4959 eruca,
1111 4899 1325 4959 locusta,
1380 4897 1569 4950 brucho
1594 4908 1643 4950 et
1689 4896 1936 4967 rubigine,

434 4987 608 5053 pulcre
666 4986 941 5037 admodum
1018 4987 1084 5038 ad
1148 4997 1363 5056 quatuor
1429 4990 1617 5042 anima:
1672 4992 1941 5059 passiones

440 5077 613 5129 trahit.

436 5182 740 5237 1|llTbess.
773 5195 848 5249 ιιι,
878 5182 928 5237 9.
1006 5184 1033 5222 δ
1088 5184 1108 5239 ι
1152 5183 1277 5239 Cor.
1329 5204 1429 5249 xv,
1490 5187 1576 5241 49.

2042 4548 2145 4603 cet,
2164 4556 2283 4595 cum
2304 4548 2597 4595 sectatores
2619 4557 2742 4595 suos
2758 4541 2825 4595 ad
2841 4542 3115 4597 formicam
3135 4551 3190 4597 et
3209 4558 3365 4611 apem
3392 4545 3552 4598 mittit
3569 4554 3612 4612 ι,

2044 4647 2162 4700 qua:
2189 4641 2413 4701 utraque
2438 4634 2574 4687 ruris
2602 4632 2848 4686 animalia
2866 4642 3009 4699 sunt,
3028 4633 3115 4686 illa
3144 4632 3209 4687 de
3236 4632 3473 4700 frugibus
3490 4638 3616 4690 vita:

2043 4723 2283 4791 provida,
2311 4732 2365 4777 et
2394 4724 2493 4776 ista
2520 4724 2586 4777 de
2639 4722 2856 4778 ﬁoribus
2886 4724 3059 4778 mellis
3088 4726 3351 4793 operaria.
3407 4726 3473 4780 Et
3501 4728 3614 4781 Do-

2041 4814 2216 4865 minus
2245 4812 2298 4863 in
2331 4809 2616 4879 Evangelio
2647 4815 2691 4875 i,
2723 4826 2881 4879 quam
2914 4812 3077 4866 multa
3097 4812 3165 4867 de
3191 4815 3400 4869 rusticis
3429 4814 3614 4869 docuit

2040 4902 2331 4969 exemplis,
2385 4902 2453 4956 de
2511 4900 2613 4956 ficu
2641 4904 2660 4932 ¹
2702 4904 2922 4965 arbore,
2980 4912 3036 4957 et
3084 4902 3151 4956 de
3199 4903 3611 4961 ﬂavescentibus

2041 4992 2339 5061 propinqua
2358 4991 2469 5059 jam
2491 5006 2664 5045 messe
2696 4992 3001 5058 regionibus
3045 4994 3351 5049 ultimorum
3404 5003 3603 5063 tempo-

2042 5097 2159 5135 rum
2185 5084 2334 5149 signa
2362 5082 2766 5147 demonstrans;
2798 5092 2850 5137 et
2879 5085 2930 5137 in
2972 5100 3098 5153 agro
3145 5101 3262 5141 esse
3301 5085 3603 5140 discendum

1659 5188 1840 5262 {L_uc.
1898 5206 2013 5255 xvx,
2047 5190 2131 5262 l2.
2197 5190 2233 5262 Β
2272 5190 2631 5262 Psal._xt.vm,
2676 5194 2771 5256 l5,
2812 5203 2863 5248 et
2895 5212 3047 5259 xxxi,
3103 5196 3168 5262 9;
3216 5197 3349 5251 Tob.
3399 5215 3482 5259 v.,
3517 5200 3601 5251 f7.

341 5251 578 5331 fallo-tn.
598 5268 680 5331 ποι,
731 5252 817 5331 i9_.
866 5252 1098 5331 (Matth.
1123 5255 1527 5331 x1u,ﬂ8;_M_arc.
1556 5274 1629 5325 ιν,
1747 5258 1870 5331 Luc.
1904 5251 2010 5323 vin,
2041 5260 2161 5331 8.7g
2184 5259 2317 5331 Cen.
2351 5260 2491 5325 1,96.
2518 5330 2529 5331 ί
2550 5261 2595 5331 ἰι
2620 5251 2872 5331 ’δίιρξνιιῃ
2908 5266 2955 5317 1.
3007 5251 3212 5318 λῬι-όγ.
3249 5283 3317 5328 v1,
3344 5251 3601 5330 (Letum,

358 5320 459 5388 9.5;
491 5321 651 5377 Eccli.
682 5338 758 5390 ιι,
788 5323 839 5375 5.
893 5326 905 5372 i
942 5323 1068 5377 Luc.
1098 5320 1304 5389 3011,76;
1334 5325 1523 5380 Joban.
1556 5320 1628 5394 1v,
1654 5320 1749 5391 45;
1774 5326 1936 5382 Marc.

2056 5370 2069 5395 ,
2099 5329 2196 5386 98:
2225 5328 2349 5384 Luc.
2375 5320 2482 5394 im,
2508 5329 2607 5395 29;
2639 5320 2822 5386 Matth.
2858 5320 2999 5395 xxiv,
3025 5334 3123 5398 40;
3156 5320 3339 5389 Mattli.
3376 5320 3486 5401 inn,
3514 5320 3601 5389 Si}:

435 5413 453 5432 ‘
484 5410 628 5465 Alias
656 5409 755 5471 50;
788 5426 904 5479 qum
931 5420 1106 5466 autem
1155 5410 1222 5465 59
1244 5422 1381 5479 erat,
1411 5430 1550 5469 nunc
1576 5415 1663 5471 25.
1707 5414 1913 5485 Scripta
1945 5432 2085 5471 anno
2114 5416 2236 5469 405.

432 5500 509 5570 (a)
533 5499 721 5553 Addita
743 5514 806 5552 ex
838 5516 964 5554 mss.
997 5501 1267 5555 codicibus
1289 5502 1418 5569 Reg.
1443 5512 1495 5556 et
1520 5503 1665 5557 Vien.
1698 5512 1751 5558 et
1774 5505 1930 5558 editis

2110 5506 2183 5576 (b)
2214 5504 2729 5581 Sic_e_tne_ndavirnus
2749 5527 2815 5565 ex
2844 5528 2941 5569 ms.
2969 5514 3153 5568 codice
3183 5513 3348 5581 Regio
3372 5523 3421 5569 et
3446 5515 3603 5570 editis

360 5580 588 5645 quatuor
616 5570 872 5645 particula
908 5581 1000 5645 Aet,
1036 5585 1101 5625 ex
1155 5570 1341 5645 iisdem
1395 5588 1520 5627 mss.
1571 5574 1843 5645 codicibus
1868 5584 1921 5628 et
2018 5570 2267 5645 quatuor.
2301 5575 2395 5645 Ed.
2432 5576 2616 5642 Rosv.,
2646 5582 2709 5633 ei.

362 5638 507 5711 (irin.
537 5640 867 5711 reposuimus
896 5641 1177 5709 formas....
1204 5641 1593 5711 confirmasque.
1621 5642 1716 5697 Ed.
1736 5642 1920 5709 Rosv.,

361 5706 519 5760 Grav.
550 5706 607 5763 ct
622 5706 830 5774 Scltot.,
856 5706 1177 5775 formans...
1212 5706 1635 5779 conﬁnnttnsqtte.

2092 5647 2163 5715 (cf)
2321 5644 2517 5714 Valic.,
2538 5650 2864 5715 patrimonii.

2092 5713 2169 5783 (ά)
2200 5713 2297 5769 Ms.
2323 5713 2858 5787 codex'Viennensis,
2886 5720 3201 5791 impenditis.
