3988 6176
305 348 412 402 565

1667 354 1993 411 EPISTOLA
2022 355 2248 420 XXXIX.

3410 370 3417 378 '
3461 358 3565 413 366

302 472 555 522 monens,
582 458 728 529 quod
774 473 1061 516 caveamus
1100 461 1154 517 in
1176 461 1394 532 spiritu,
1422 477 1491 519 ne
1544 460 1667 518 ﬁdei
1696 472 1891 519 nostra:
1916 468 1965 527 Α
1992 463 2059 519 de
2086 480 2248 520 manu
2273 466 2502 522 serentis
2522 463 2837 532 excidimus,
2875 466 2972 522 sed
3018 466 3071 522 in
3114 467 3230 538 ipsa
3270 468 3452 541 potius
3474 469 3530 529 vi
3550 492 3581 531 a

300 550 552 625 emulam
583 550 855 614 fraudem,
879 551 1019 606 sicut
1064 552 1325 608 zizaniam
1352 554 1373 585 ⁸
1402 554 1611 623 tritico,
1640 555 1887 610 inimicus

303 639 612 695 interserat.
636 640 821 709 Itaque
843 656 942 696 nos
960 654 1149 709 agrum
1175 658 1327 697 suum
1350 644 1501 711 dixit,
1527 659 1693 715 seque
1712 646 1886 714 ipsum

301 728 539 783 ostendit
561 730 613 782 in
636 730 793 785 nobis
820 731 943 785 vitae
968 739 1164 786 nostrae
1184 739 1451 798 satorem;
1480 742 1536 789 et
1589 735 1885 790 animarum

300 819 611 875 discrimina
638 822 802 875 variis
826 828 1086 875 terrarum
1110 824 1371 892 expressit
1408 823 1651 891 ingeniis.
1674 824 1751 879 Ne
1772 833 1885 879 ste-

302 910 413 963 rilis
440 910 513 965 sit
541 926 859 975 caveamus;
889 926 985 965 nos
1014 926 1229 980 quoque
1256 912 1402 981 ipsos
1414 912 1480 965 ad
1505 912 1885 967 fecunditatem

304 1001 414 1057 Deo
440 1001 680 1056 debitam
702 1010 758 1056 et
787 1002 940 1056 nobis
970 1002 1155 1057 utilem
1184 1002 1450 1058 contentis
1479 1003 1533 1058 in
1559 1002 1678 1071 lege
1697 1002 1883 1058 Domi-

303 1091 354 1145 ni
384 1091 576 1147 studiis
607 1092 934 1147 cxcolamus.

371 1183 426 1237 5.
449 1183 619 1251 igitur
636 1199 756 1238 cum
804 1184 856 1237 in
897 1198 1026 1253 agro
1077 1198 1154 1250 es,
1187 1193 1242 1239 et
1270 1200 1361 1241 rus
1392 1194 1541 1240 tuum
1569 1194 1801 1255 spectas,
1832 1196 1886 1244 te

302 1291 518 1345 quoque
546 1275 718 1345 ipsum
736 1273 932 1330 Christi
963 1290 1149 1343 agrum
1177 1292 1295 1331 esse
1337 1279 1533 1345 cogita,
1560 1285 1616 1331 et
1661 1278 1714 1331 in
1742 1285 1795 1334 te
1821 1278 1888 1333 si-

303 1373 394 1419 cut
422 1364 475 1419 in
497 1379 681 1432 agrum
713 1374 860 1419 tuum
890 1366 1116 1434 respice.
1146 1365 1371 1432 Qualem
1402 1368 1512 1435 agri
1548 1368 1622 1421 tui
1649 1368 1883 1436 speciem

305 1454 417 1509 ﬁeri
443 1470 473 1509 a
502 1456 684 1510 villico
724 1463 817 1509 tuo
843 1456 1101 1524 postulas,
1128 1457 1287 1509 talem
1318 1457 1428 1511 Deo
1449 1456 1677 1512 Domino
1709 1458 1885 1513 cordis

303 1544 379 1598 tui
406 1543 573 1599 redde
629 1544 919 1609 culturam;
951 1552 1008 1599 et
1053 1545 1306 1612 intellige,
1337 1544 1595 1615 quidquid
1650 1546 1703 1599 in
1752 1560 1883 1615 agro

302 1642 395 1689 tuo
418 1635 516 1688 tibi
545 1635 826 1703 displiceat
872 1641 964 1688 aut
1012 1634 1249 1704 placeat,
1276 1635 1417 1690 idem
1471 1635 1525 1689 in
1568 1634 1744 1690 anima
1793 1644 1883 1690 tua

303 1725 516 1794 placere
538 1722 773 1786 Christo,
804 1733 897 1778 aut
918 1724 1219 1794 displicere.
1251 1724 1308 1780 Si
1326 1732 1477 1779 vasta
1500 1724 1597 1795 (V.
1621 1733 1735 1779 not.
1756 1724 1881 1797 181)

1987 554 2233 610 seminati
2258 571 2443 611 sumus
2466 565 2512 621 ο,
2535 556 2587 611 id
2610 564 2692 611 est
2728 557 2781 611 in
2810 556 3087 611 catholicae
3125 559 3313 614 matris
3358 562 3579 628 gremio

1986 644 2260 699 constituti
2290 663 2303 699 :
2327 661 2357 699 a
2382 660 2490 715 quo
2518 661 2588 701 ne
2636 645 2981 715 projiciamur
3008 655 3067 701 ut
3108 647 3368 714 abortivi,
3397 648 3565 718 ipsius

1986 734 2350 791 misericordia
2376 752 2513 806 opus
2559 745 2661 801 est,
2690 745 2749 791 ut
2802 736 3130 791 intellectum
3161 736 3255 792 det
3306 738 3462 793 nobis
3505 738 3562 794 in

1986 824 2072 878 via
2098 825 2196 880 hac
2224 841 2328 894 qua
2356 826 2560 894 ingredi
2596 827 2782 896 jussit,
2811 842 2876 883 ac
2901 827 3173 897 praestitit;
3200 834 3255 881 et
3280 826 3563 884 conﬁrmtet

1985 929 2147 983 super
2174 930 2274 970 nos
2300 917 2490 971 oculos
2545 932 2692 982 suos,
2744 931 2813 972 ne
2865 916 3161 971 efﬁciamur
3212 917 3352 973 sicut
3389 930 3563 987 equus

1985 1010 2041 1058 et
2067 1004 2241 1058 mulus
2266 1005 2457 1075 quibus
2479 1021 2586 1060 non
2609 1013 2693 1061 est
2713 1007 3014 1063 intellectus
3040 1006 3084 1062 ί.

2055 1090 2108 1145 6.
2139 1091 2246 1147 Sed
2271 1093 2337 1146 ad
2365 1094 2729 1150 rusticationis
2778 1104 2974 1150 nostra}
3019 1095 3183 1150 verba
3236 1095 3557 1151 redeamus:

1984 1196 2111 1235 nam
2132 1182 2246 1252 ipse
2268 1183 2409 1238 Deus
2434 1193 2618 1239 noster
2644 1192 2700 1239 et
2726 1184 2888 1239 Pater
2926 1186 3156 1256 agricola
3183 1194 3290 1250 est;
3318 1194 3375 1239 et
3421 1185 3561 1241 Deus

1984 1272 2229 1327 salutaris
2252 1282 2454 1338 noster,
2476 1291 2593 1329 vero
2612 1276 2727 1329 vitis
2754 1285 2781 1323 8
2809 1284 2917 1340 est;
2946 1284 3001 1330 et
3047 1274 3277 1345 Spiritus
3323 1284 3558 1343 sanctus,

1984 1362 2187 1430 rigator
2213 1364 2511 1418 animarum
2534 1372 2633 1420 est.
2660 1364 2778 1418 Fiat
2808 1365 2970 1433 igitur
2985 1365 3139 1419 nobis
3166 1380 3262 1435 per
3290 1365 3561 1419 orationes

1983 1461 2209 1515 vestras.
2242 1462 2301 1507 ut
2327 1469 2565 1510 summus
2610 1455 3017 1525 paterfamilias,
3054 1463 3110 1511 et
3137 1455 3371 1511 caelestis
3422 1455 3563 1525 agri-

1984 1544 2125 1611 cola,
2154 1552 2208 1600 et
2230 1545 2458 1613 diligens
2486 1545 2803 1601 hortulanus
2829 1547 3037 1613 visitet,
3068 1554 3123 1600 et
3150 1547 3478 1614 frequentet,
3508 1552 3563 1599 et

1983 1633 2159 1701 signet
2183 1634 2399 1688 hortum
2424 1636 2612 1689 anima:
2641 1643 2859 1703 nostrae,
2885 1636 3023 1689 sicut
3047 1634 3196 1688 illum
3246 1634 3299 1688 in
3327 1648 3434 1702 quo
3465 1632 3563 1687 do-

1984 1724 2114 1790 cuit,
2145 1725 2339 1790 oravit,
2362 1726 2654 1780 resurrexit
2702 1723 2748 1778 δ.
2781 1724 2983 1780 Firmet
3036 1726 3090 1779 in
3120 1724 3274 1778 nobis
3324 1722 3563 1778 caritatis

301 1816 536 1886 peccatis
563 1815 714 1883 quasi
741 1814 915 1869 dumis
939 1814 1184 1883 sordeat,
1213 1829 1389 1884 neque
1437 1815 1766 1885 propheticis
1789 1826 1882 1871 aut
1915 1822 1959 1885 Β
1982 1826 2091 1867 suae
2119 1829 2339 1881 nexum,
2370 1822 2429 1869 ut
2457 1814 2728 1869 manentia
2757 1814 2810 1868 in
2840 1815 2958 1884 ipso
3003 1820 3272 1867 sarmenta
3302 1812 3560 1865 vivamus.

298 1905 612 1975 apostolicis
640 1906 869 1959 nubibus
889 1905 1252 1974 compluatur,
1278 1907 1331 1960 in
1384 1906 1586 1960 aridam
1635 1907 1879 1963 solitudi-

300 2011 421 2051 nem
471 1997 643 2063 gratia
671 1996 953 2050 deserente
982 1995 1345 2051 damnabitur.
1395 1995 1451 2050 Si
1492 2012 1620 2052 vero
1649 1998 1731 2052 sui
1758 1998 1880 2052 dili-

299 2099 457 2152 gens,
490 2085 824 2139 orationibus
877 2084 1081 2139 crebris
1134 2094 1304 2140 semet
1348 2086 1583 2154 excolat,
1613 2094 1669 2142 et
1715 2087 1883 2143 sacris

300 2173 517 2229 Litteris
543 2176 833 2244 opimetur,
864 2184 919 2229 et
950 2173 1026 2245 (a)
1056 2174 1301 2229 intimum
1326 2176 1475 2231 cordi
1504 2186 1739 2231 aratrum
1761 2193 1883 2231 cru-

299 2263 375 2317 cis
404 2264 693 2331 imprimat,
725 2271 779 2317 et
831 2272 1006 2317 rastro
1064 2262 1227 2317 divini
1277 2264 1484 2319 timoris
1528 2266 1709 2334 spinas
1760 2280 1885 2322 suas

300 2360 472 2416 eruat,
505 2352 784 2420 ignitoque
827 2351 920 2405 Dei
945 2350 1110 2405 verbo
1137 2359 1321 2406 uratur
1347 2352 1402 2406 in
1429 2352 1627 2422 culpis,
1656 2354 1884 2409 lumine-

300 2451 386 2495 tur
414 2442 466 2495 in
491 2441 771 2504 sensibus;
806 2450 933 2496 tunc
976 2456 1197 2496 necesse
1225 2449 1307 2495 est
1349 2450 1408 2496 ut
1434 2444 1658 2512 spatiari
1704 2444 1760 2498 in
1790 2453 1882 2500 tuo

300 2532 462 2587 corde
485 2529 922 2600 patremfamilias
944 2538 998 2584 et
1028 2546 1214 2585 omnes
1245 2531 1435 2585 animae
1483 2541 1587 2587 tuae
1635 2533 1884 2602 regiones

300 2622 463 2692 238
493 2632 782 2689 peragrare
810 2620 1069 2683 delectet;
1098 2627 1153 2674 et
1180 2635 1279 2689 pro
1303 2628 1353 2674 te
1382 2621 1433 2675 in
1464 2636 1563 2675 suo
1578 2622 1885 2690 adgaudens

301 2714 397 2766 tibi
424 2713 590 2771 dicat.
615 2711 659 2763 si
679 2710 902 2778 diligens
933 2711 1007 2763 tui
1036 2710 1211 2764 cultor
1240 2726 1501 2780 apparens
1525 2729 1537 2764 :
1564 2711 1885 2783 Euge,scrve

301 2804 453 2866 bone,
483 2804 623 2855 intra
645 2804 697 2855 in
725 2801 967 2872 gaudium
999 2800 1208 2855 Domini
1238 2803 1310 2854 tui
1334 2818 1351 2855 :
1373 2803 1491 2873 quia
1521 2804 1691 2873 ﬁdelis
1739 2806 1885 2876 fuisti

303 2894 354 2947 in
377 2892 577 2962 paucis,
610 2908 763 2960 super
792 2891 951 2943 multa
974 2900 1018 2943 te
1046 2891 1349 2944 constituam
1376 2900 1422 2944 ⁸.

374 2982 428 3034 4.
460 2981 570 3036 Nos
618 2996 745 3035 vero
790 2982 909 3052 ipsi,
944 2982 1032 3051 qui
1075 2996 1329 3051 perverso
1373 2983 1561 3038 ordine
1604 2985 1884 3040 consilium

305 3072 499 3127 validis
524 3071 719 3125 infirmi
749 3071 955 3133 damus,
986 3072 1113 3140 quid
1136 3088 1234 3141 pro
1264 3073 1421 3127 nobis
1446 3075 1884 3144 respondeamus,

1983 1904 2213 1974 Imperet
2236 1904 2465 1959 nubibus
2493 1903 2605 1959 suis
2631 1912 2691 1958 ut
2717 1904 2905 1973 pluant
2926 1916 3088 1971 super
3114 1916 3234 1963 nos,
3266 1908 3321 1956 et
3340 1915 3371 1953 a
3398 1900 3563 1954 corde

1984 2002 2168 2049 nostro
2192 1994 2463 2063 improbas
2485 1993 2779 2048 carnalium
2826 1992 3213 2062 cogitationum
3262 1989 3562 2059 passiones,

1983 2095 2042 2140 ut
2070 2085 2161 2139 illa
2192 2084 2443 2139 animalia
2493 2084 2649 2139 bonis
2694 2084 2931 2151 frugibus
2973 2082 3184 2137 inimica
3224 2082 3560 2136 submoveat.

1982 2174 2059 2231 Ne
2089 2173 2181 2229 fiat
2210 2174 2263 2228 in
2293 2174 2447 2229 nobis
2493 2175 2715 2228 verbum
2761 2173 2890 2227 illud
2931 2172 3239 2242 prophetae:
3283 2168 3560 2224 Reaiduum

1982 2281 2148 2319 eruca:
2166 2265 2323 2336 337
2351 2264 2565 2319 comedit
2585 2264 2802 2328 locusta,
2834 2272 2884 2316 et
2911 2262 3172 2317 residuum
3222 2262 3433 2315 locustae
3471 2276 3558 2315 co-

1982 2354 2141 2409 medit
2168 2354 2409 2418 bruchus,
2434 2363 2483 2406 et
2506 2352 2767 2406 residuum
2810 2352 2987 2405 bruchi
3027 2350 3247 2406 comedit
3294 2348 3473 2420 rubigo
3518 2347 3561 2403 ί.

1983 2444 2122 2500 Sunt
2149 2442 2290 2498 enim
2320 2442 2375 2496 in
2397 2456 2625 2513 corpore
2651 2449 2838 2497 nostro
2879 2440 3191 2509 principalia
3235 2439 3455 2492 totidem
3484 2437 3561 2491 in-

1984 2532 2193 2587 centiva
2217 2532 2487 2596 vitiorum,
2519 2545 2663 2600 spes,
2694 2538 2891 2594 metus,
2918 2528 3187 2597 gaudium,
3229 2526 3416 2592 dolor;
3446 2525 3563 2595 qui-

1983 2625 2083 2680 bus
2110 2624 2343 2679 maximc
2375 2638 2543 2692 genus
2572 2623 2813 2677 turbatur
2856 2622 3166 2684 humanum,
3200 2619 3408 2674 duobus
3435 2634 3563 2688 prm-

1983 2716 2224 2771 sentibus
2251 2723 2307 2770 et
2332 2715 2538 2770 duobus
2561 2713 2749 2771 futuris
2775 2732 2787 2766 :
2819 2714 3197 2783 praesentibus,
3244 2712 3562 2781 aegritudine

1986 2803 2172 2869 animi,
2197 2803 2283 2858 vel
2309 2802 2504 2871 gaudio
2531 2821 2543 2857 :
2578 2801 2788 2867 futuris,
2819 2810 2986 2866 metu,
3013 2802 3096 2856 vel
3127 2816 3243 2869 spe.
3275 2800 3425 2855 Unde
3472 2814 3564 2855 ca-

1986 2892 2217 2948 vendum
2242 2900 2347 2959 est,
2384 2908 2451 2947 ne
2474 2891 2600 2946 dum
2623 2892 2850 2947 alterum
2873 2906 2942 2946 ex
2964 2891 3047 2947 his
3081 2891 3267 2943 vitium
3312 2888 3559 2959 fugimus,

1988 2982 2324 3037 incurramus
2350 2981 2681 3036 contrarium
2714 2981 2753 3034 ⁸.

2060 3072 2110 3125 7.
2152 3070 2291 3141 Ergo
2337 3070 2391 3124 in
2430 3084 2608 3134 eruca,
2641 3079 2696 3125 et
2739 3070 2964 3136 locusta,
2996 3079 3052 3125 et
3078 3069 3305 3137 brucho,
3335 3076 3390 3124 et
3414 3067 3562 3123 rubi-

306 3164 399 3231 qui
425 3171 535 3216 tam
564 3176 850 3231 pauperes,
879 3176 1036 3230 quam
1065 3172 1239 3231 putas,
1271 3165 1497 3233 spiritali
1528 3166 1705 3234 potius
1730 3180 1889 3233 quam
1918 3172 1965 3235 ρ
1993 3162 2118 3231 gine
2137 3204 2153 3228 ,
2197 3169 2501 3216 nostrarum
2530 3158 2869 3215 affectionum
2899 3159 3255 3228 intelligenda:
3294 3166 3419 3213 sunt
3442 3173 3565 3229 pas-

308 3261 523 3307 tcrrena
566 3267 625 3306 re
675 3267 890 3316 sumus;
920 3267 1026 3305 non
1073 3253 1269 3307 virtute
1316 3255 1659 3319 mentis,sed
1712 3256 1891 3325 inopia

308 3345 521 3400 virtutis
545 3343 795 3397 humiles.
820 3342 1088 3410 Angustus
1118 3344 1223 3407 ille,
1256 3360 1417 3413 quem
1438 3345 1547 3400 lato
1578 3356 1768 3415 potens
1796 3360 1892 3402 ore
1932 3409 1937 3415 ,

310 3433 593 3495 describis,
626 3433 713 3485 vix
762 3433 902 3486 unici
926 3432 1093 3486 caulis
1141 3432 1290 3487 ferax
1320 3443 1375 3488 ct
1403 3451 1571 3505 capax
1627 3435 1891 3502 hortulus,

311 3540 413 3580 nos
433 3525 534 3594 ipsi
564 3539 779 3587 sumus;
809 3532 864 3577 et
891 3523 1027 3576 ultra
1051 3522 1230 3577 betam
1274 3525 1617 3579 semicoctam
1646 3525 1737 3594 (V.
1775 3535 1888 3581 not.

312 3614 463 3681 ἰδὲ),
489 3623 546 3667 ut
574 3613 835 3681 propheta
882 3612 1015 3665 dixit
1059 3610 1111 3680 ι),
1152 3613 1394 3681 insipidi;
1422 3612 1681 3669 faciamus
1733 3629 1800 3669 ne
1838 3615 1892 3668 in

312 3704 477 3758 domo
505 3712 689 3757 nostra
718 3703 885 3757 caulis
913 3703 999 3756 illc
1027 3702 1171 3756 solus
1209 3703 1441 3757 insulsus
1468 3703 1555 3757 sit.
1596 3703 1891 3759 Excusabi-

316 3796 422 3849 lius
440 3804 622 3849 tamen
652 3794 739 3847 ille
759 3810 865 3847 non
889 3794 1050 3847 habet
1078 3794 1263 3858 salem,
1287 3808 1448 3862 quem
1478 3794 1670 3864 inopiae
1699 3804 1895 3851 nostrae

319 3887 661 3949 necessitate,
684 3893 775 3938 aut
823 3870 1164 3954 parsimoniae
1214 3886 1345 3939 vitio
1393 3900 1501 3939 nou
1529 3886 1766 3955 accepit;
1798 3902 1896 3941 nos

318 3975 398 4045 (ὁ)
424 3976 604 4045 potius
629 3975 773 4036 elixi,
798 3990 896 4028 nos
920 3974 1235 4044 culpabilius
1273 3973 1478 4037 insulsi,
1512 3974 1563 4029 in
1589 3976 1780 4044 quibus
1806 3990 1896 4030 su-

315 4064 721 4135 perabundante
747 4064 814 4117 de
853 4064 1086 4132 peccatis
1115 4064 1428 4118 voluntariis
1470 4064 1792 4133 insipientia,
1817 4065 1896 4119 sal

315 4157 646 4225 apostolicus
675 4156 893 4209 evanuit
921 4166 977 4219 c;
1010 4163 1065 4209 et
1088 4170 1117 4208 a
1147 4154 1281 4209 facie
1314 4165 1658 4225 peccatorum
1685 4168 1897 4213 nostro-

316 4262 440 4301 rum
471 4245 730 4315 spiritalia
751 4246 1092 4300 condimenta
1116 4246 1381 4313 fugerunt.
1430 4247 1539 4302 Sed
1570 4249 1671 4304 nisi
1700 4250 1896 4305 vestris

316 4338 654 4392 orationibus
708 4336 1027 4401 reﬁciamur,
1059 4352 1156 4391 nec
1181 4338 1314 4406 'ipse
1342 4338 1362 4370 ⁸
1392 4338 1582 4393 unicus
1625 4341 1790 4395 caulis
1845 4342 1896 4396 in

318 4430 479 4485 nobis
500 4430 712 4495 virebit,
734 4429 1053 4499 penitusque
1074 4428 1299 4485 desertis
1325 4428 1487 4483 etiam
1504 4429 1760 4484 insulsum
1781 4430 1898 4485 olus

316 4521 512 4575 deerit.

397 4610 444 4663 5.
470 4608 634 4664 Orate
656 4608 813 4676 igitur
839 4623 907 4663 ne
952 4609 1190 4677 germina
1218 4610 1407 4664 animae
1456 4618 1653 4665 nostrae
1699 4626 1896 4666 nocens

318 4717 485 4757 eruca
532 4701 840 4771 populetur,
866 4715 933 4754 ne
984 4702 1178 4755 mentis
1221 4709 1457 4769 segetem
1506 4701 1642 4755 edax
1693 4701 1894 4756 locusta

318 4800 626 4851 consumat.
653 4807 719 4845 ne
742 4792 1047 4860 praecordiis
1076 4795 1272 4847 nostris
1301 4794 1451 4862 piger
1493 4794 1726 4848 bruchus
1769 4794 1898 4847 insi-

317 4886 466 4947 deat,
498 4893 554 4939 et
583 4885 796 4937 intimas
819 4884 1060 4936 vitalium
1090 4883 1249 4938 libras
1280 4885 1462 4938 ultima
1492 4885 1681 4937 harum
1701 4884 1897 4938 bestio-

318 4976 496 5030 larum
522 4988 707 5029 comes
733 4974 920 5040 rubigo
941 4973 1132 5027 exedat
1154 4970 1201 5025 δ.
1235 4972 1437 5041 Urgent
1488 4974 1630 5027 enim
1679 4972 1895 5026 interio-

1992 3254 2202 3317 siones;
2232 3266 2458 3321 quarum
2480 3251 2599 3305 alia:
2626 3251 2859 3306 breviter
2885 3252 2939 3305 in
2968 3250 3132 3305 corde
3159 3250 3425 3315 haereant,
3447 3251 3565 3305 aliae

1991 3344 2248 3415 paulatim
2289 3352 2561 3406 crescant;
2592 3348 2646 3397 et
2685 3342 2729 3397 si
2758 3342 2979 3411 abjectae
3005 3357 3111 3395 non
3152 3340 3370 3409 fuerint,
3400 3355 3569 3410 usque

1993 3436 2059 3490 ad
2098 3435 2357 3490 medullas
2396 3435 2732 3504 perveniant,
2762 3442 2817 3488 et
2837 3447 3053 3488 omnem
3082 3446 3303 3487 succum
3350 3431 3569 3485 obibant

1993 3529 2201 3583 animae.
2232 3527 2363 3582 Vide
2383 3527 2526 3582 enim
2554 3526 2784 3594 qualiter
2809 3525 2910 3579 ista
2932 3524 3033 3578 sibi
3053 3531 3348 3589 congruant
3368 3522 3421 3575 in
3441 3537 3568 3577 cor-

1992 3621 2147 3675 dibus
2186 3619 2385 3674 nostris
2429 3624 2668 3672 monstra
2696 3615 2970 3679 vitiorum,
3019 3612 3194 3681 qualia
3236 3613 3290 3665 in
3334 3611 3568 3679 frugibus

1994 3712 2238 3767 accidunt
2264 3712 2393 3765 vitia
2433 3717 2815 3764 monstrorum.
2863 3705 3035 3770 Nam,
3084 3703 3235 3757 verbi
3282 3704 3472 3770 gratia,
3521 3704 3566 3758 si

1994 3803 2122 3871 quid
2150 3802 2372 3856 vetitum
2401 3798 2807 3867 concupiscam,
2837 3803 2893 3849 et
2918 3809 3044 3848 mox
3072 3791 3318 3859 abjiciam
3364 3791 3570 3858 cogita-

1996 3892 2219 3958 tionem,
2246 3904 2404 3945 eruca
2446 3895 2529 3943 est
2558 3888 2612 3942 in
2658 3886 2785 3941 folio
2814 3884 3025 3947 sedens,
3054 3883 3126 3953 (c)
3158 3889 3279 3950 quae
3323 3882 3566 3947 decussa,

1995 3984 2041 4039 si
2071 3982 2318 4051 abjecero
2336 3978 2583 4049 quidem,
2613 3977 2705 4032 sed
2736 3993 2920 4032 rursus
2966 3974 3189 4030 redierit
3215 3972 3493 4042 cogitatio,
3517 3981 3571 4027 et

1998 4074 2221 4143 coeperit
2249 4072 2429 4141 abjici,
2462 4079 2519 4125 et
2544 4069 2721 4125 redire
2741 4069 3069 4133 crebrescat,
3099 4066 3305 4120 locusta
3338 4070 3420 4118 est
3442 4078 3572 4118 avo-

2000 4166 2115 4219 lans
2143 4172 2198 4219 et
2221 4171 2514 4219 revertens.
2549 4160 2702 4226 Quod
2733 4154 2777 4214 si
2800 4157 3027 4227 coeperit
3054 4154 3346 4218 immorari,
3374 4161 3430 4208 et
3456 4167 3572 4206 ma-

1994 4256 2083 4323 jus
2110 4254 2360 4309 habuerit
2382 4253 2613 4322 spatium
2642 4251 2695 4304 in
2715 4247 3077 4313 comedendo,
3103 4260 3264 4316 quam
3292 4244 3574 4307 avolando,

2000 4347 2233 4403 bruchus
2263 4344 2472 4398 dicitur.
2503 4341 2656 4407 Quod
2685 4342 2730 4395 si
2760 4340 2872 4408 ipse
2901 4338 3134 4393 bruchus
3168 4335 3259 4403 qui
3287 4349 3395 4388 non
3444 4333 3575 4388 satis

2002 4437 2200 4500 avolat,
2229 4434 2324 4490 sed
2351 4433 2518 4499 magis
2540 4431 2711 4497 sedet,
2738 4445 2844 4483 non
2866 4427 3026 4482 fuerit
3060 4424 3320 4493 abjectus,
3351 4424 3403 4477 in
3431 4422 3577 4477 mbi-

1931 4521 1976 4577 D
2002 4527 2177 4595 ginem
2210 4526 2433 4579 vertitur
2468 4540 2479 4574 :
2508 4536 2625 4590 quae
2649 4519 2760 4587 jam
2789 4518 3001 4587 penitus
3028 4516 3405 4579 inhaerescens,
3426 4520 3486 4566 ut
3510 4511 3577 4566 de

2003 4616 2215 4684 stipula,
2259 4615 2335 4667 sic
2371 4613 2436 4667 de
2458 4611 2665 4674 anima,
2714 4620 3003 4675 numquam
3032 4612 3124 4658 aut
3150 4600 3366 4656 difﬁcile
3393 4601 3577 4671 expel-

2002 4706 2147 4848 mgl...
2166 4793 2370 4847 Vereor
2392 4806 2461 4846 ne
2481 4790 2605 4844 dum
2632 4785 2910 4855 loquacius
2930 4798 3027 4838 vos
3052 4782 3238 4849 fatigo,
3284 4780 3399 4850 ipse
3428 4778 3579 4833 vobis

2002 4885 2279 4941 molestius
2297 4898 2456 4952 quam
2478 4882 2681 4936 locusta
2698 4887 2789 4933 aut
2808 4877 3039 4931 bruchus
3062 4872 3363 4929 insederim.
3376 4870 3578 4940 (d)Dis-

2005 4977 2169 5033 cutite
2226 4976 2383 5043 igitur
2428 4982 2487 5027 ut
2528 4985 2774 5030 erucam,
2836 4976 2891 5022 et
2952 4965 3137 5037 procul
3184 4962 3396 5032 abjicite
3441 4961 3580 5016 hanc

320 5083 440 5121 rem
497 5073 737 5119 nostrum
770 5065 789 5095 '
820 5064 974 5117 malae
1029 5064 1244 5129 bestiae;
1277 5072 1331 5117 et
1381 5064 1698 5133 importunae
1752 5063 1906 5116 alites
2006 5065 2319 5128 chartulam,
2355 5078 2424 5117 ne
2455 5060 2522 5116 de
2550 5062 2791 5129 longiore
2828 5066 3079 5113 contactu
3119 5054 3381 5110 sermonis
3410 5051 3577 5106 nostri

319 5158 636 5224 frequenter
665 5153 939 5221 infestant,
970 5162 1079 5208 uta
1101 5155 1274 5219 nobis,
1304 5155 1349 5209 si
1373 5155 1599 5225 possint,
1644 5154 1789 5208 verbi
1817 5168 1904 5207 se-
2007 5156 2302 5222 rubiginem
2333 5151 2651 5222 insipientiae
2679 5158 2874 5204 nostrae
2902 5146 3187 5215 colligatis,
3205 5158 3309 5212 qua
3338 5141 3580 5210 despleno

323 5262 451 5302 men
481 5246 765 5314 abripiant.
791 5244 895 5299 Sed
924 5245 1124 5313 gratias
1146 5245 1275 5310 Deo,
1299 5245 1440 5315 quod
1462 5261 1570 5300 non
1594 5245 1746 5314 juxta
1769 5246 1907 5298 viam
2010 5245 2190 5300 descat
2211 5244 2354 5298 nitor
2380 5242 2556 5297 cordis
2582 5241 2766 5305 vestri,
2791 5236 2847 5296 dt
2874 5241 3026 5308 vigor
3048 5236 3243 5291 mentis
3271 5236 3571 5289 hebetetur.

406 5394 429 5421 ι
459 5383 642 5437 Matth.
678 5398 800 5443 xxv,
834 5379 893 5432 2|
920 5398 934 5445 ;
990 5379 1119 5435 Luc.
1146 5396 1255 5443 xxx,
1292 5380 1375 5432 l7.
1481 5379 1506 5418 δ
1535 5378 1657 5432 lsai.
1688 5394 1759 5440 Li,
1789 5376 1876 5437 ‘20,
1907 5376 2055 5438 juxta
2080 5374 2242 5429 LXX.
2310 5384 2371 5445 κε
2404 5372 2589 5427 Matth.
2618 5390 2672 5439 ν,
2698 5371 2785 5445 ηξ.
2860 5368 2912 5445 ,ξ’
2942 5367 3077 5423 Joel.
3110 5382 3146 5429 ι,
3179 5366 3274 5445 4..-
3334 5372 3357 5401 ο
3379 5360 3575 5445 εΜέιιῑΙέ.

324 5428 934 5573 xurﬁ'fmFﬁsiiﬁi'
962 5428 1255 5515 χῖξῖξ
1287 5428 1654 5511 gibbam—xv,
1679 5428 1758 5499 [ξ’
1796 5428 1809 5429 7
1834 5428 2069 5501 h'lllatth.
2105 5461 2248 5509 xxvi,
2308 5442 2395 5508 56,
2448 5451 2503 5498 et
2528 5428 2710 5507 xxvtu,
2733 5440 2805 5505 6;
2858 5438 3022 5493 Marc.
3054 5452 3160 5500 xiv,
3209 5433 3295 5489 32.
3378 5430 3392 5469 ί
3426 5428 3567 5485 .loel.

324 5542 369 5573 Ι-
444 5563 457 5573 .

324 5542 369 5587 ι,
405 5542 457 5575 4.

410 5635 485 5703 (a)
512 5633 611 5688 Ms.
641 5634 820 5699 Vien.,
850 5643 899 5687 et
920 5634 974 5687 in
1001 5633 1236 5687 intimum
1259 5633 1428 5685 cordis
1446 5670 1460 5693 ,
1484 5644 1717 5685 aratrum
1745 5632 1910 5684 crucis
2087 5628 2160 5703 (c)
2190 5628 2315 5703 Mss.
2349 5627 2487 5703 Reg.
2515 5634 2570 5680 et
2601 5624 2777 5687 Vien.,
2817 5632 2968 5694 atque
3000 5620 3230 5673 decussa.
3274 5610 3371 5667 Ed.
3420 5608 3570 5666 Grln.

322 5696 615 5773 imprimat.
808 5696 818 5699 ’
982 5772 991 5773 7
1108 5771 1118 5773 _
1148 5771 1157 5773 _
1350 5772 1358 5773 ί
1689 5770 1702 5773 _
2013 5708 2067 5755 et
2092 5696 2293 5773 Latin,
2324 5714 2423 5773 qua
2453 5697 2683 5773 decussa.

410 5762 487 5843 (ὁ)
514 5772 656 5829 Edit.
686 5773 873 5832 Schol.
892 5782 948 5831 et
970 5771 1239 5836 Sacchin.,
1272 5772 1437 5841 pejus,
1464 5787 1570 5828 nou
1599 5770 1757 5827 male.
2081 5768 2160 5831 (di
2186 5766 2284 5824 Ms.
2312 5762 2484 5823 codex
2503 5765 2683 5831 Vien.,
2706 5762 2951 5818 Decuma.
