3988 6176
1672 224 1753 243 ξαρ..

476 350 579 408 ’5ϋῖ

1612 342 1664 395 S.
1699 338 1969 395 P.\ULlNl
2012 340 2256 395 NOLANI
2297 339 2599 397 EPISCOPI

3635 338 3741 395 3’3

478 465 727 515 Attamen
758 456 829 514 ob
869 457 973 511 hoc
1002 463 1209 509 tantum
1256 466 1418 522 super
1470 451 1573 505 hoc
1611 458 1836 518 peccato
1883 449 2058 513 nobis,
2093 461 2134 516 Α
2164 466 2487 520 quamquam
2519 466 2624 505 non
2650 452 2747 505 ista
2778 451 3065 508 dilectione
3101 467 3219 522 qua:
3247 451 3446 508 Christi
3478 464 3560 509 cst
3580 496 3595 520 ,
3647 458 3738 511 sed

477 568 584 620 quo
617 565 711 604 vos
740 557 849 602 tam
879 548 1113 617 graviter
1150 544 1454 611 fatigamus,
1481 541 1761 609 ignoscite,
1802 540 1946 608 quod
1992 540 2059 594 de

478 641 689 696 licentia
716 637 954 693 caritatis
982 634 1252 689 abutimur
1280 630 1539 701 patientia
1556 636 1763 692 vestra;
1792 636 1849 681 et
1871 627 1945 680 ita
1973 641 2060 680 re—

475 733 678 802 pletum
707 736 897 798 pectus
917 734 1155 781 vestrum
1191 724 1359 777 nostri
1390 734 1573 775 amore
1615 716 1956 781 confidimus,
2003 726 2062 771 ut

478 822 737 877 offensam
763 819 930 873 nostri
957 832 1061 872 non
1083 816 1279 885 capiat,
1302 813 1513 869 etiamsi
1529 810 1786 867 faciamus
1812 810 2059 879 injuriam

478 928 584 982 qua
611 925 913 966 mereamur
940 907 1230 971 oliendere,
1261 906 1307 959 si
1337 920 1433 959 vos
1460 916 1714 971 umquam
1742 917 1772 954 a
1802 901 1957 955 nobis
1976 900 2061 954 vel

480 1002 809 1058 merentibus
836 998 1051 1068 possitis
1078 996 1293 1050 ollendi.
1382 1044 1387 1049 .

1013 1082 1339 1139 EPISTOLA
1368 1083 1385 1103 ⁶
1418 1080 1527 1135 XL.

481 1182 644 1253 238
673 1179 896 1253 Sanctus
923 1185 970 1231 et
992 1174 1256 1253 Amandus
1286 1173 1411 1225 data
1440 1172 1508 1225 ad
1541 1171 1822 1253 Paulinum
1843 1169 2060 1238 epistola

550 1240 765 1320 5.39m
788 1250 839 1301 in
865 1264 977 1320 eum
1000 1245 1588 1320 laudescongesserant.
1624 1240 1725 1320 Hic
1752 1242 1827 1320 eis
1850 1256 2063 1320 respuat

551 1308 695 1381 den's,
728 1334 871 1371 acres
896 1317 964 1368 ad
983 1308 1345 1435 petlectionem
1371 1312 1605 1365 stimulos
1632 1311 1823 1390 subdit.
1851 1308 2063 1361 Tractat

551 1390 698 1435 initio
746 1405 811 1435 ea:
848 1389 1009 1435 sacris
1102 1386 1295 1435 itteris.
1342 1398 1488 1434 suum
1526 1382 1701 1435 cuique
1747 1395 1823 1431 rei
1867 1386 2062 1435 tempus

548 1390 698 1442 initio
746 1405 811 1440 ea;
848 1382 1009 1439 sacris
1058 1382 1295 1445 Litteris,
1342 1398 1488 1434 suum
1526 1382 1701 1450 cuique
1747 1382 1823 1431 rei
1867 1386 2062 1450 tempus

552 1475 681 1512 esse.
722 1456 921 1509 Deinde
968 1471 1031 1507 ea'.
1066 1453 1266 1523 psalmo
1308 1468 1356 1505 Cl
1402 1449 2060 1523 expositionemhmoralem

552 1528 823 1597 pellicani,
860 1516 1292 1598 nycticoraciset
1320 1516 1550 1598 passeris
1582 1519 1806 1598 solitarii
1842 1516 2061 1598 subjun-

557 1588 649 1669 'git.
692 1595 821 1648 Tum
871 1588 1137 1669 attribuas
1178 1591 1275 1669 sibi
1312 1588 1553 1669 laudibus
1606 1589 1675 1669 ad
1722 1588 2063 1669 humilitatem

556 1656 735 1730 utens,
785 1662 947 1716 multa
976 1661 1157 1714 atterit
1197 1662 1260 1713 de
1301 1659 1475 1730 divina
1508 1660 1677 1730 gratia
1708 1656 1797 1730 cui
1826 1656 2062 1730 debemus

553 1726 745 1799 omnia,
764 1734 828 1786 de
852 1732 1119 1802 vigilantia
1139 1730 1429 1802 necessaria
1452 1726 1521 1780 in,
1537 1729 1619 1780 via
1640 1728 1874 1797 spiritus,
1903 1726 2064 1794 deque

552 1806 779 1875 perfecta
801 1803 882 1855 sui
903 1800 1268 1870 abnegationet

553 1893 830 1947 Μειιοιηυε
854 1889 1119 1944 ΡΑιτιιΝυε
1146 1896 1202 1941 et
1235 1887 1523 1954 Tnsaasu,
1553 1884 1765 1940 Sucro
1802 1892 1860 1938 et
1884 1882 2063 1937 Anau-

483 1998 551 2040 no
579 1983 656 2053 (a)
686 1981 957 2045 fratribus,
988 1982 1039 2033 in
1070 1980 1179 2033 Deo
1209 1978 1423 2032 Christo
1444 1978 1691 2031 salutem.

508 2105 513 2111 ο
551 2072 603 2125 1.
635 2070 895 2127 Omnibus
916 2077 1215 2138 tempus,et
1233 2078 1429 2136 tempus
1452 2083 1589 2121 omni
1619 2068 1693 2119 rei
1721 2076 1747 2103 ι
1772 2065 1870 2118 sub
1899 2064 2064 2129 cmlo;

482 2178 644 2233 super
663 2162 859 2217 celum
889 2160 1031 2215 enim
1055 2175 1164 2213 non
1202 2169 1286 2212 est
1308 2166 1547 2227 tempus;
1592 2156 1716 2224 quia
1754 2169 1863 2208 non
1907 2153 2070 2207 habet

484 2264 695 2322 tempus
735 2251 1030 2308 aeternitas.
1059 2262 1221 2317 quam
1252 2247 1305 2301 in
1349 2248 1487 2302 cmlo
1536 2250 1553 2278 ⁸
1603 2246 1768 2299 etiam
1807 2242 2067 2298 creaturis

482 2343 706 2396 Creator
734 2340 899 2404 dedit,
916 2339 1009 2409 qui
1029 2337 1177 2393 solus
1202 2337 1363 2391 habet
1386 2335 1741 2390 :eternitatem
1769 2333 2063 2402 propriam,

511 2425 657 2494 (blet
684 2430 856 2485 lucem
880 2429 1084 2483 habitat
1105 2427 1549 2483 inaccessibilem.
1576 2425 1718 2479 Vera
1746 2424 1889 2479 enim
1908 2430 2069 2476 aeter-

482 2517 622 2574 nitas
651 2520 753 2574 nisi
781 2519 834 2573 in
862 2519 979 2588 ipso
1019 2533 1125 2573 non
1153 2526 1254 2583 est,
1283 2518 1371 2585 qui
1402 2518 1549 2572 solus
1572 2557 1587 2582 ,
1637 2515 1782 2585 quod
1810 2523 1912 2579 est,
1943 2522 2026 2567 est
2051 2532 2065 2579 ;

483 2614 622 2665 sicut
648 2611 763 2679 ipse
784 2610 918 2664 dixit
950 2626 962 2661 :
996 2608 1108 2680 Ego
1136 2610 1356 2679 suntqui
1396 2624 1528 2661 sum.
1583 2604 1775 2662 Cetera
1804 2621 1931 2661 vero
1965 2606 2067 2661 nisi

485 2702 538 2753 in
568 2701 683 2768 ipso
721 2714 828 2752 non
868 2697 1288 2770 sunt.]Tempus
1318 2712 1445 2768 ergo
1474 2697 1574 2751 sub
1602 2697 1741 2752 cmlo
1788 2697 1929 2750 omni
1967 2697 2063 2749 rei.

485 2788 715 2859 Tempus
737 2789 870 2854 otio,
915 2796 1128 2858 tempus
1156 2788 1404 2857 negotio;
1453 2795 1665 2856 tempus
1694 2787 1924 2840 silentiis
1948 2829 1962 2854 ,
2012 2794 2068 2839 et

486 2888 695 2949 tempus
714 2878 961 2946 alloquiis
995 2896 1007 2931 :
1041 2887 1253 2948 tempus
1281 2879 1549 2932 esuriendi
1567 2917 1581 2943 ,
1614 2887 1669 2932 et
1699 2887 1908 2946 tempus
1936 2892 2067 2947 epu-

486 2969 660 3035 landi;
696 2978 752 3023 ut
781 2970 937 3023 nobis
961 2969 1220 3024 hactenus
1241 2968 1339 3022 fuit
1364 2978 1571 3038 tempus
1594 2968 1869 3037 jejunandi
1897 2984 1926 3021 a
1953 2983 2070 3023 ser-

485 3048 731 3113 monibus
769 3059 984 3125 vestris,
1028 3059 1108 3114 sic
1155 3074 1298 3113 nunc
1336 3062 1355 3089 ²
1404 3059 1593 3113 iisdem
1638 3059 1805 3113 cibari
1856 3068 2068 3126 tempus

2161 543 2248 596 illa
2280 543 2656 597 familiaritatis
2680 542 2924 596 humana:
2953 543 3206 609 amicitia,
3238 557 3358 613 qum
3379 545 3739 599 blandimenta

2163 634 2214 687 in
2247 634 2397 688 labiis
2442 633 2625 699 habet,
2674 643 2729 688 et
2774 634 3009 688 radicem
3062 636 3223 706 239
3252 636 3303 689 in
3332 636 3585 699 cordibus
3634 653 3739 691 non

2162 723 2348 787 habet;
2376 724 2501 792 quia
2532 739 2636 777 non
2667 733 2750 777 est
2778 723 2995 777 fundata
3022 739 3184 793 super
3225 734 3457 795 petram,
3488 742 3606 795 quae
3635 742 3741 781 non

2159 814 2454 868 mditicatur
2483 815 2536 868 in
2564 814 2800 870 Christo.
2832 813 2983 870 Unde
3012 816 3255 884 quolibet
3285 818 3550 871 interdum
3579 827 3741 873 vento

2161 905 2395 959 levitatis
2418 905 2617 975 agitata
2646 905 2970 970 dissolvitur,
3014 915 3070 960 et
3110 909 3390 977 temporali
3414 910 3586 976 gratia
3616 912 3739 966 breo

2165 1012 2279 1051 vem
2321 996 2505 1051 liorem
2537 1006 2725 1053 tenens
2749 1040 2763 1063 ,
2798 1001 2928 1052 sicut
2957 1003 3127 1069 fenum
3161 1000 3398 1054 velociter
3441 1005 3662 1069 arescit,
3696 1016 3745 1059 et

2160 1085 2290 1139 sicut
2318 1087 2395 1155 (d)
2425 1088 2523 1155 [tos
2553 1089 2689 1158 agri,
2718 1089 2818 1142 cito
2841 1089 3031 1142 decidit
3055 1100 3078 1137 Β
3107 1092 3350 1147 :.caritas
3380 1108 3508 1148 vero
3530 1094 3745 1150 Domini

2162 1184 2344 1229 manet
2370 1176 2422 1229 in
2453 1186 2732 1243 mternum,
2764 1194 2868 1247 qua
2894 1180 3120 1235 invicem
3151 1184 3380 1237 connexi
3411 1187 3429 1215 "
3466 1200 3649 1241 sumus
3692 1200 3747 1241 et

2162 1264 2232 1318 ad
2264 1267 2654 1320 convivendum
2692 1279 2747 1321 et
2775 1267 2841 1321 ad
2887 1270 3381 1340 commoriendum,
3422 1274 3547 1342 quia
3593 1277 3744 1345 fortis

2161 1363 2219 1407 ut
2246 1348 2383 1410 mors
2414 1358 2435 1388 ⁸
2460 1358 2652 1411 caritas
2681 1356 2708 1395 1³
2739 1357 2959 1412 Christi.
2993 1359 3141 1415 Sicut
3164 1362 3305 1415 enim
3337 1363 3420 1417 lex
3450 1366 3637 1419 mortis
3668 1366 3743 1420 ir-

2162 1455 2342 1516 rupta,
2374 1448 2447 1501 ita
2476 1456 2530 1501 et
2559 1450 2800 1503 caritatis
2836 1458 3026 1506 catena
3071 1466 3257 1521 parem
3285 1453 3392 1507 vim
3421 1456 3662 1512 caritatis
3690 1466 3745 1512 et

2164 1539 2353 1592 mortis
2394 1554 2515 1594 esse
2558 1546 2805 1594 testatur.
2850 1541 2981 1597 Nam
3022 1542 3161 1597 sicut
3204 1545 3467 1615 prOpheta
3516 1548 3738 1603 dicit’:

2166 1626 2295 1692 Quis
2319 1640 2394 1683 est
2419 1630 2567 1685 homo
2588 1634 2671 1702 qui
2704 1632 2773 1703 (e)
2796 1636 2941 1700 vivet,
2971 1644 3021 1689 et
3066 1653 3169 1691 non
3198 1637 3383 1692 videbit
3422 1650 3637 1695 mortem
3677 1642 3689 1679 ί
3718 1645 3743 1697 ?

2165 1724 2235 1777 ita
2266 1733 2320 1777 et
2350 1726 2635 1794 Apostolus
2663 1728 2859 1783 clamat
2883 1747 2895 1782 :
2931 1728 3056 1793 Quis
3077 1749 3171 1786 nos
3191 1733 3451 1804 separabit
3470 1754 3503 1790 a
3532 1739 3746 1793 caritate

2095 1821 2136 1877 Β
2165 1817 2353 1871 Christi
2403 1818 2464 1872 i?
2506 1818 2573 1889 (f)
2623 1820 2983 1885 Quamobrem
3028 1824 3154 1889 tibi,
3202 1826 3501 1894 benedicte,
3543 1828 3745 1887 fructus

2168 1909 2386 1962 uberior
2413 1923 2479 1963 ex
2509 1924 2571 1963 ea
2601 1911 2797 1977 veniet,
2829 1912 2922 1980 qui
2949 1914 3097 1983 prior
3121 1915 3278 1983 hujus
3305 1918 3546 1974 caritatis
3573 1921 3727 1989 spicu

2170 1995 2233 2049 lis
2258 1996 2591 2065 vulneratus,
2618 2001 2909 2069 praevenisti
2940 2018 3033 2056 nos
3062 2004 3115 2056 in
3141 2004 3493 2061 benedictione
3516 2008 3745 2065 dulcedi-

2168 2086 2250 2138 nis
2304 2087 2323 2122 ¹ι
2359 2101 2454 2155 per
2481 2087 2695 2156 eloquia
2723 2089 3020 2145 litterarum
3051 2101 3259 2148 tuarum
3284 2104 3428 2149 casta
3454 2112 3519 2153 ac
3547 2096 3745 2166 fidelia,

2169 2175 2220 2228 in
2248 2166 2441 2243 quibus
2461 2192 2492 2231 a
2521 2179 2687 2233 verbo
2711 2178 2923 2235 Domini
2950 2183 3054 2237 mel
3079 2193 3134 2238 et
3160 2185 3243 2241 lac
3270 2186 3544 2243 distillavit
3568 2189 3745 2259 lingua

2168 2272 2257 2317 tua
2288 2262 2327 2317 ι.

2239 2354 2288 2408 3.
2333 2354 2663 2427 Scripseram
2693 2375 2821 2415 vero
2868 2370 2923 2416 et
2952 2365 3098 2432 prius
3138 2366 3478 2423 unanimitati
3525 2376 3648 2436 tute,
3693 2380 3749 2427 et

2168 2460 2290 2499 cum
2319 2461 2350 2500 a
2382 2455 2433 2502 te
2470 2449 2749 2518 epistolam
2790 2460 2935 2507 tuam
2983 2455 3203 2511 brevem
3242 2474 3340 2527 pro
3368 2474 3431 2514 ea
3476 2460 3551 2531 (g)
3579 2476 3741 2531 quam

2170 2536 2283 2604 ipse
2309 2539 2581 2608 miseram,
2608 2543 2949 2613 recepissem,
2976 2554 3246 2615 tamquam
3277 2550 3555 2618 persoluto
3584 2553 3747 2609 ollicii

2167 2628 2371 2697 debito,
2396 2630 2590 2686 iterum
2618 2648 2704 2688 me
2733 2634 2996 2690 diuturnae
3028 2640 3379 2695 taciturnitati
3418 2642 3744 2699 refuderam.

2169 2721 2275 2776 Sed
2304 2723 2499 2787 acrius,
2532 2724 2786 2793 vigilante
2824 2725 3068 2793 Christo,
3118 2731 3259 2799 apud
3289 2740 3526 2788 mentem
3557 2742 3702 2788 tuam
3728 2779 3745 2803 ,

2167 2812 2317 2881 prior
2343 2813 2632 2868 relloruisti
2654 2831 2844 2885 sapere
2866 2818 2933 2871 ad
2962 2820 3301 2876 excitandam
3320 2824 3361 2854 ¹⁰
3390 2824 3445 2879 in
3474 2826 3629 2880 nobis
3657 2826 3747 2881 οὺς

2168 2906 2493 2959 servantiam
2522 2908 2783 2976 caritatis,
2815 2924 2884 2963 ne
2913 2910 3243 2967 obdormiret
3271 2915 3323 2968 in
3353 2925 3581 2971 mortem
3610 2918 3747 2973 obli-

2170 2998 2341 3051 vionis
2374 3016 2385 3049 :
2418 3007 2472 3052 et
2497 3000 2622 3067 quia
2659 3000 3022 3055 abundaverat
3067 3003 3161 3057 tibi
3193 3004 3556 3062 inhumanitas
3584 3023 3703 3063 mea
3726 3048 3744 3073 ,

2169 3090 2622 3157 superabundavit
2667 3092 2797 3144 mihi
2865 3092 3170 3148 humanitas
3227 3103 3335 3149 tua.
3382 3095 3747 3167 Multiplicasti

490 3157 739 3202 exortum
768 3157 870 3202 est.
894 3146 1118 3202 Pavistis
1138 3149 1281 3202 enim
1310 3164 1407 3203 nos
1428 3149 1617 3202 litteris
1640 3149 1660 3179 ³
1691 3150 1882 3202 vestris
1904 3150 2067 3202 verbo
2095 3180 2140 3242 ρ
2170 3146 2312 3233 enim
2336 3180 2663 3249 locupletare
2686 3196 2772 3236 me
2801 3181 2998 3237 affectu
3025 3192 3080 3239 et

487 3241 581 3293 Dei
603 3239 870 3303 dulcibus,
896 3247 951 3292 et
979 3238 1100 3292 oleo
1142 3239 1339 3292 laetitia
1386 3239 1655 3302 delibutis,
1684 3252 1792 3307 quo
1839 3239 2068 3291 libenter

486 3328 556 3399 (ε)
584 3328 830 3395 ungimus
851 3334 1012 3396 caput
1050 3336 1290 3382 nostrum
1319 3328 1377 3392 ιτς
1411 3328 1534 3397 quia
1566 3343 1672 3381 non
1720 3335 1801 3382 est
1832 3329 1883 3381 in
1916 3329 2067 3381 vobis

486 3416 715 3471 mendax
756 3431 894 3485 opus
931 3417 1085 3471 olivzn
1114 3428 1171 3484 ο,
1215 3418 1271 3471 in
1307 3419 1502 3487 quibus
1538 3418 1743 3471 habitat
1769 3420 1962 3471 caritas
2006 3418 2068 3471 de

487 3507 640 3561 corde
674 3523 821 3575 puro,
849 3516 898 3559 et
927 3506 1059 3560 bona
1090 3509 1433 3575 conscientia,
1468 3518 1515 3562 et
1544 3510 1648 3579 ﬁde
1667 3527 1769 3563 non
1810 3511 1936 3579 ficta
1962 3511 1983 3541 ‘
2013 3511 2061 3564 ά.

486 3598 590 3652 Sed
620 3599 742 3665 quia
787 3614 945 3653 nemo
989 3601 1078 3668 qui
1125 3601 1349 3654 multum
1374 3602 1541 3655 esurit
1578 3610 1754 3671 potest
1793 3618 1899 3657 uno
1929 3618 2067 3672 pane

486 3688 687 3754 satiari,
718 3687 949 3743 fatemur
972 3704 1070 3743 nos
1098 3690 1325 3744 necdum
1353 3691 1598 3761 expletos
1616 3734 1629 3757 ,
1662 3694 1755 3747 sed
1776 3695 1956 3762 potius
1986 3696 2067 3747 in-

485 3780 680 3834 citatos
708 3780 775 3833 ad
816 3781 1140 3835 desiderium
1172 3783 1470 3837 litterarum
1496 3791 1795 3838 vestrarum
1842 3801 1946 3839 una
1978 3787 2064 3839 illa

484 3871 711 3941 epistola
737 3874 756 3901 ³
779 3881 983 3937 vestra;
1008 3888 1167 3942 quam
1200 3889 1360 3927 unam
1390 3884 1763 3943 computamus
1786 3917 1799 3940 ,
1834 3878 1955 3945 quia
1989 3886 2067 3929 ta—

485 3962 591 4017 lem
615 3979 646 4015 a
677 3963 852 4027 vobis,
885 3979 987 4031 qua
1020 3967 1149 4017 sicut
1189 3967 1341 4035 adipe
1380 3975 1427 4018 et
1464 3968 1773 4037 pinguedine
1806 3971 2067 4037 repleatur

485 4056 662 4107 anima
678 4063 854 4107 nostra
889 4069 931 4117 ν,
952 4056 1125 4107 adhuc
1152 4057 1320 4108 semel
1349 4058 1671 4123 accepimus.

555 4145 609 4198 2.
650 4145 1049 4207 Verumtamen,
1081 4146 1181 4199 etsi
1211 4147 1349 4199 inter
1376 4145 1551 4201 ofﬁcia
1591 4157 1772 4202 nostra
1801 4151 2067 4205 vicissitu-

464 4238 638 4315 .dines
667 4245 967 4305 temporum
998 4236 1211 4299 fuerint,
1240 4246 1298 4289 ιιι
1323 4247 1519 4308 tempus
1548 4242 1771 4305 tacendi,
1802 4254 1850 4295 et
1872 4254 2065 4313 tempus

488 4328 727 4398 loquendi
756 4327 796 4391 τ,
824 4343 929 4380 non
960 4329 1031 4380 ita
1054 4328 1213 4380 etiam
1244 4330 1496 4396 diligendi
1521 4347 1583 4385 ac
1605 4334 1907 4400 negligendi
1933 4343 2067 4387 tein-

487 4435 589 4489 pus
615 4418 730 4472 fuit.
764 4418 969 4472 Dudum
999 4420 1163 4484 enim,
1208 4431 1265 4473 ut
1293 4423 1644 4490 proculdubio
1687 4427 2029 4493 recognoscis
2049 4468 2063 4491 ,

489 4509 686 4564 Sancte
729 4508 910 4573 frater,
954 4511 1175 4579 diligere
1202 4512 1340 4580 coepi
1366 4520 1444 4575 te;
1490 4521 1543 4566 et
1582 4514 1745 4568 dilexi
1768 4515 1968 4583 jugiter
2001 4519 2019 4546 θ

563 4627 588 4655 ει
616 4619 779 4674 Eccli.
806 4636 881 4686 ut,
916 4619 999 4671 17.
1076 4620 1102 4659 δ
1126 4620 1311 4675 Matth.
1340 4639 1405 4685 vt,
1434 4622 1518 4675 l7.
1599 4634 1619 4661 ο
1647 4622 1939 4685 llabac.1n,
1969 4626 2050 4678 l7.

490 4703 673 4758 xxxvi,
704 4690 756 4751 2,
786 4700 1074 4758 etcxxvnt,
1098 4690 1147 4742 6.
1228 4692 1251 4726 ιι
1283 4693 1434 4744 Cant.
1483 4709 1589 4758 vnt,
1621 4693 1671 4746 6.

492 4774 563 4824 tv,
597 4757 684 4810 11.
761 4769 797 4794 ιιι
827 4757 984 4812 Prov.
1039 4776 1183 4823 xvtn,
1215 4759 1298 4812 19.
1376 4762 1543 4815 "lsai.
1576 4779 1627 4827 v,
1674 4763 1760 4816 20.

2166 3285 2275 3338 quo
2304 3271 2643 3327 benedictum
2684 3274 2893 3329 Domini
2931 3282 3156 3346 puerutn
3196 3279 3415 3334 fratrem
3447 3281 3749 3339 Amandum

2165 3361 2489 3418 visitationis
2535 3372 2729 3418 nostra:
2758 3367 2962 3420 socium
2997 3370 3295 3424 assumsisti
3336 3371 3452 3435 tibi,
3485 3381 3541 3427 et
3590 3375 3750 3429 nobis

2169 3451 2246 3523 (τι)
2278 3452 2511 3506 validum
2541 3455 2836 3523 apposuisti
2867 3465 3167 3526 patronum.
3219 3458 3550 3517 Conlidimus
3579 3465 3749 3534 enim,

2165 3542 2290 3610 quia
2319 3542 2457 3597 sicut
2485 3544 2752 3598 scribendi
2782 3548 2847 3599 ad
2885 3562 2981 3601 nos
3004 3550 3272 3619 particeps
3303 3552 3394 3606 tibi
3424 3554 3595 3609 lactus
3616 3565 3698 3610 est
3732 3574 3747 3611 :

2165 3631 2238 3685 ita
2265 3631 2427 3685 etiam
2454 3632 2638 3686 orandi
2687 3648 2784 3703 pro
2836 3636 2991 3689 nobis
3032 3637 3237 3706 collega
3264 3641 3352 3695 sit.
3417 3641 3484 3696 Et
3525 3644 3747 3711 quidem

2165 3722 2488 3788 germanitas
2514 3723 2805 3792 spiritualis
2851 3726 2921 3779 ita
2963 3729 3219 3795 postulat,
3254 3738 3312 3784 ut
3351 3731 3489 3787 sicut
3527 3735 3752 3804 spiritus

2165 3813 2318 3867 vobis
2348 3830 2484 3869 unus
2513 3815 2566 3867 in
2596 3815 2698 3870 fide
2727 3824 2781 3871 et
2827 3818 3165 3875 confessione
3193 3821 3392 3878 Christi
3438 3834 3542 3893 est,
3572 3827 3647 3881 ita
3675 3828 3752 3883 sit

2167 3921 2318 3959 amor
2345 3915 2399 3959 et
2428 3906 2579 3961 labor
2610 3924 2746 3962 unus
2772 3909 2824 3962 in
2853 3911 3114 3979 proximis
3145 3913 3206 3984 (ὁ)
3236 3917 3556 3972 asserendis.
3594 3918 3747 3975 Unde

2167 4009 2505 4070 communem
2537 3997 2756 4065 largiter
2785 4013 2814 4051 a
2845 4014 3054 4053 summo
3086 4004 3411 4060 retributore
3442 4009 3749 4065 mercedem

2167 4088 2380 4141 mctetis
2410 4090 2627 4143 cxaltati
2660 4092 2713 4143 in
2744 4093 2980 4147 turribus
3008 4095 3148 4163 ejus,
3181 4098 3305 4166 quia
3336 4101 3501 4169 frater
3529 4104 3749 4172 fratrem

2168 4177 2418 4246 udjuvans
2440 4180 2824 4235 exaltabiturm.
2850 4182 2903 4237 Si
2924 4192 3100 4238 tamen
3119 4201 3330 4256 semper
3355 4205 3511 4244 orare
3539 4200 3749 4248 tantum

2171 4270 2208 4297 ¹¹
2242 4276 2296 4321 et
2321 4270 2589 4338 suspirare
2635 4288 2733 4341 pro
2762 4275 2916 4330 nobis
2942 4277 3319 4349 memineritis,
3352 4290 3407 4336 et
3451 4284 3518 4338 de
3564 4293 3751 4340 cetero

2168 4361 2403 4417 caveatis
2440 4376 2667 4415 onerare
2708 4378 2806 4417 nos
2851 4367 3027 4420 verbis
3080 4366 3541 4439 beatificantibus,
3590 4390 3656 4429 ne
3692 4383 3750 4430 et

2171 4444 2321 4505 vobis
2364 4450 2588 4506 forsitan
2635 4452 3011 4511 offendiculnm
3058 4464 3420 4531 comparetis,
3466 4466 3510 4519 si
3556 4467 3753 4524 dicatis
3820 4504 3823 4505 ν

2043 4559 2057 4580 θ
2094 4532 2138 4587 D
2164 4540 2495 4608 dulce,qnod
2523 4557 2762 4597 amarum
2792 4550 3108 4619 estmzﬁo
3144 4548 3370 4620 Legistis
3395 4557 3596 4611 etenim
3619 4561 3747 4626 quia

2130 4628 2187 4681 “1
2219 4629 2355 4683 Tim.
2386 4646 2421 4693 ι,
2450 4629 2498 4683 5.

1759 4693 1945 4749 iPsal.
1998 4713 2249 4764 Lxxxvnt,
2300 4700 2385 4752 49.

2583 4633 2765 4687 ιῬδιιΙ.
2794 4652 2919 4701 Lxu,
2955 4640 3006 4691 b‘.
3089 4639 3284 4696 {Eccli.
3310 4659 3386 4706 ιιι,
3423 4644 3471 4698 7.
3550 4656 3575 4692 κ
3601 4646 3745 4703 Psal.

2468 4703 2480 4749 ι
2516 4700 2669 4757 Rom.
2716 4720 2823 4770 vni,
2862 4706 2949 4761 55.
3025 4706 3047 4745 ³(
3072 4708 3213 4765 Psal.
3257 4728 3345 4778 xx,
3374 4700 3455 4767 ’4.
3536 4716 3550 4754 ¹
3587 4700 3747 4775 Cant.

563 4850 583 4867 '
608 4846 753 4901 Alias
779 4846 868 4909 26,
900 4863 1021 4915 pars
1050 4847 1074 4898 1
1099 4888 1113 4912 ,
1144 4864 1263 4916 qua:
1304 4860 1483 4904 autem
1510 4850 1579 4905 40
1624 4861 1759 4918 erat,
1789 4871 1930 4910 nunc
1964 4856 2051 4911 26.
2094 4857 2302 4928 Scripta
2331 4859 2471 4914 circa
2500 4876 2698 4916 annum
2727 4863 2847 4918 405.

564 4957 645 5038 (ιι)
687 4955 927 5038 Sic‘mss.
961 4958 1172 5038 codices
1200 4959 1435 5038 Cluniae.
1479 4970 1541 5038 et
1576 4963 1730 5038 Yien.
1772 4981 1892 5038 cum
1936 4969 2063 5022 edit.

492 5025 667 5103 Chii-ll.
719 5028 808 5103 At.
842 5026 927 5102 ed.
986 5027 1172 5093 Rosv.,
1223 5032 1415 5083 sanctis
1467 5035 1711 5103 fratribus
1757 5037 1811 5089 in
1844 5037 2066 5093 Domino

494 5095 715 5168 Christo
728 5096 964 5168 salutem.

568 5165 642 5237 (b)
673 5166 795 5220 llaec
817 5164 1116 5222 addidimus
1146 5183 1211 5222 ex
1250 5185 1349 5224 ms.
1398 5172 1583 5237 codice
1629 5173 1965 5231 Cinitiacensi
2013 5189 2066 5233 et

493 5236 585 5315 ed.
616 5236 788 5315 Chim.
825 5237 1102 5315 Anteerat
1126 5244 1410 5315 propriam.
1438 5236 1654 5315 Tempus
1676 5261 1817 5315 ergo,
1849 5259 1950 5301 etc.

506 5376 517 5387 θ
569 5308 641 5386 (ελ
669 5306 748 5358 ita
776 5316 904 5358 mss.
930 5304 1084 5359 Clun.
1114 5304 1329 5361 eme...
1364 5325 1483 5363 cum
1513 5304 1641 5366 edit.
1667 5304 1841 5368 vail‘ll.
1870 5316 2057 5381 Roma,

490 5390 774 5450 ιαηφςηριίξε

565 5445 644 5519 (d)
672 5443 1099 5519 LXX,_Vulga_ta,
1132 5444 1389 5501 Psalteria
1424 5446 1589 5503 Romi
1615 5462 1667 5505 et
1696 5451 2068 5519 Gallic.,olera

495 5514 783 5588 herbarum,
808 5514 1125 5588 Psalterium
1154 5527 1305 5570 vetus
1327 5527 1380 5569 et
1409 5520 1465 5571 S.
1497 5514 2069 5588 Augustinusin'Cotn-

496 5586 761 5665 mentafio
790 5600 949 5665 super
978 5586 1231 5665 psalmos,
1265 5588 1417 5665 olera.
1436 5586 1600 5665 prati:
1710 5592 2067 5665 Hieronymus

496 5664 546 5707 el
576 5656 633 5705 S.
666 5654 986 5723 Augustinus
1010 5654 1060 5707 in
1083 5654 1332 5723 Speculo,
1366 5654 1477 5711 olus
1507 5661 1681 5714 viride.

534 5724 637 5795 ⁸(ε)
669 5722 741 5795 Es
774 5740 899 5777 mss.
935 5724 1089 5778 Clun.
1123 5722 1180 5786 et
1208 5725 1360 5795 Vien.
1387 5735 1442 5788 et
1477 5729 1561 5781 ed.
1594 5730 1769 5784 lell.
1802 5734 2058 5788 emenda-

501 5794 670 5843 vnnus
695 5794 839 5857 ι’ἱυεε,
866 5795 1021 5859 juxta
1046 5802 1252 5853 textum
1289 5794 1531 5852 Grarcum
1562 5808 1615 5854 et
1648 5800 1957 5874 Vulgatam;
1984 5805 2062 5860 sic

2124 4984 2125 4987 ‘
2172 4975 2755 5052 quoque_smpiuslegit
2780 4978 3102 5048 Augustinus
3129 4985 3181 5040 in
3212 4986 3613 5051 Commentario
3654 5013 3747 5052 su-

2170 5057 2270 5111 per
2298 5045 2551 5114 psalmos.
2586 5045 2685 5099 Ed.
2720 5045 2906 5114 Rosvi,
2934 5054 3067 5105 vivit.

2176 5114 2317 5200 qua).
2342 5113 2453 5200 Msa
2474 5112 2847 5200 Cluniacensis
2877 5112 3052 5200 codex
3088 5140 3207 5179 cum
3243 5129 3327 5200 ed.
3364 5130 3572 5199 Chim.,
3606 5135 3750 5200 Quu-

2166 5183 2658 5277 l’fﬁ'ﬂlf’.f.‘.‘f.‘.’."iif‘f
2684 5192 3159 5277 ,ςτξιξῖειφιξειτκειξιε
3183 5183 3751 5277 ,ιιίιενξρίῗῦέέὲέιῗῖιὶὶί

2166 5251 2343 5332 eadem
2366 5251 2658 5308 vulneratus
2678 5251 2971 5326 praevenisti
2991 5278 3084 5316 nos
3102 5265 3153 5318 in
3177 5251 3619 5329 benedictionibus
3632 5251 3751 5332 diti:

2167 5320 2381 5387 reclinis,
2419 5332 2525 5377 etc.

2207 5461 2216 5470 _
2241 5391 2316 5459 (μ)
2344 5392 2415 5473 lta
2444 5409 2572 5448 mss.
2595 5392 2749 5450 Clun.
2769 5399 2990 5473 etVien.
3020 5420 3141 5459 cum
3170 5408 3296 5463 edit.
3321 5410 3496 5466 Chilil.
3527 5414 3628 5469 Alii
3658 5432 3752 5473 (εο-

2167 5460 2581 5550 dices,_l.)rev‘ertt,
2610 5482 2763 5534 quant
2786 5472 2894 5550 ipse
2916 5473 3151 5550 miseras,
3182 5460 3506 5550 recepissem.

2341 5531 2438 5586 Ms.
2467 5531 2633 5613 yatic.
2660 5531 2959 5613 opposuisti.
2984 5542 3081 5598 Ms.
3115 5531 3575 5607 codex'Cluii."et
3617 5556 3751 5610 edit.

2166 5598 2367 5722 $321.,
2396 5603 2623 5658 validum
2669 5598 2850 5663 salutis
2889 5598 3751 5689 opposuistirtniiiu‘s

2235 5684 2322 5722 ne.

2237 5738 2636 5835 ll'_)nh_l§.hchdex
2686 5746 3052 5807 Cluniacensis
3081 5803 3096 5829 ,
3140 5757 3470 5814 sustinendis.
3520 5761 3748 5835 Vulgata

2166 5807 2326 5863 lectio
2349 5813 2539 5866 verior.
