3988 6176
272 275 376 330 569

272 401 434 446 rectos
482 399 538 444 et
558 405 684 446 vere
711 401 924 448 sanctos
953 393 1096 447 decet
1124 394 1437 449 collaudatio
1469 403 1492 430 ἰ
1515 435 1530 458 ,

269 491 592 552 peccatores
636 483 688 535 in
735 483 856 538 lelle
905 483 1278 538 amaritudinis
1306 484 1332 521 δ
1380 487 1604 554 positos,
1654 487 1748 540 sed
1797 497 1852 542 et

270 573 446 627 adhuc
475 589 583 627 non
616 583 724 630 tam
753 576 899 630 tenui
937 591 1076 630 nexu
1105 576 1403 644 iniquitatis
1433 579 1508 648 (α)
1539 580 1848 647 adstrictos,

271 673 327 719 ut
363 665 622 720 contritio
671 674 726 720 et
772 667 1055 721 infelicitas
1097 668 1151 720 in
1192 668 1292 722 viis
1342 670 1540 724 nostris
1591 680 1613 710 ο
1665 672 1853 726 deesse

271 755 341 825 (ὁ)
364 755 477 822 jam
509 757 699 824 possit.

336 844 389 897 4.
420 845 808 900 Verumtamen
853 848 933 902 sic
966 832 1186 916 quoque
1215 848 1486 904 mentibus
1532 849 1728 904 nostris
1756 851 1852 905 de-

269 936 358 990 bet
400 935 578 990 inesse
617 937 901 1001 contritio,
943 939 1100 1006 quia,
1138 955 1228 992 cor
1261 938 1332 1008 (c)
1371 939 1768 993 contribulatum
1804 950 1854 994 et

269 1027 599 1081 humiliatum
629 1028 767 1082 Deus
805 1045 906 1083 non
946 1031 1146 1099 spernit
1176 1028 1225 1082 ά.
1257 1029 1325 1083 Ει
1369 1032 1490 1099 quis
1523 1030 1671 1086 dabit
1700 1032 1852 1086 nobis

268 1136 364 1174 cor
408 1135 668 1174 carneum
695 1130 750 1185 ο,
799 1129 858 1174 ut
897 1121 1138 1176 emollita
1178 1136 1367 1176 sensus
1414 1122 1584 1176 nostri
1622 1122 1846 1186 duritia,

268 1210 565 1264 sentiamus
592 1211 813 1278 sagittas
843 1211 1052 1265 Domini
1083 1211 1414 1280 contigentes
1443 1213 1636 1266 timore
1665 1223 1852 1267 sancto

267 1319 460 1358 carnes
499 1313 712 1358 nostras
746 1301 802 1366 τ,
853 1311 908 1358 et
953 1305 1190 1358 excitato
1219 1305 1500 1358 vulnerum
1544 1314 1850 1358 nostrorum

267 1395 474 1458 dolore,
499 1395 756 1464 ploremus
785 1404 906 1448 ante
931 1394 1207 1449 Dominum
1236 1397 1321 1464 qui
1339 1397 1458 1466 fecit
1493 1413 1587 1449 nos
1612 1398 1675 1448 8?
1698 1395 1852 1450 Com-

268 1486 452 1540 modet
483 1486 639 1540 nobis
684 1485 942 1544 Jeremias
972 1486 1118 1539 illum
1162 1485 1361 1540 fontem
1406 1487 1756 1557 lacrymarum
1801 1485 1848 1548 ιι,

269 1594 374 1647 quo
403 1578 547 1632 diem
572 1593 728 1632 suum
758 1587 824 1633 et'
852 1579 1106 1648 populum
1149 1579 1471 1633 lamentatus
1507 1587 1589 1632 est
1616 1597 1627 1630 :
1661 1594 1850 1648 super-

269 1667 457 1721 fundat
501 1668 660 1722 nobis
701 1675 755 1721 et
799 1668 964 1723 David
1012 1667 1228 1722 ﬂumina
1275 1669 1556 1722 oculorum
1605 1685 1845 1734 suorum,

1692 283 2022 342 EPISTOLA
2059 289 2168 344 ΧΙ..

1592 411 1700 450 non
1723 412 1849 495 vero
1879 405 1931 460 Α
1957 402 2216 465 struendi,
2269 404 2509 470 ridendi;
2560 416 2616 462 et
2661 411 2877 466 tandem
2920 419 3160 484 sanandi,
3193 406 3490 483 :editicandi
3513 471 3529 495 ,

3430 318 3538 376 570

1957 489 2199 558 plorandi
2243 501 2449 562 tempus
2483 495 2779 552 advenerit.
2823 499 2958 556 Ecce
2989 508 3125 558 enim
3162 526 3296 564 nunc
3335 489 3531 584 tempus

1957 580 2024 672 (ρ
2045 591 2324 650 acceptum,
2348 599 2462 636 ecce
2491 601 2625 638 nunc
2657 587 2769 640 dies
2795 589 2982 646 salutis
3007 603 3056 647 κ.
3091 593 3214 650 Nox
3244 580 3529 672 praecessit,

1955 669 2064 723 dies
2091 681 2259 724 autem
2279 675 2728 745 appropim‘yuavit.
2755 678 3070 749 Abjiciamus
3100 703 3255 755 opera
3299 669 3535 748 tenebra-

1955 776 2086 826 rum,
2119 771 2168 814 et
2195 764 2637 832 apprehendamus
2665 784 2813 822 arma
2833 770 2965 825 lucis
2992 783 3043 828 δ’.
3089 776 3158 830 Ut
3181 777 3280 846 ﬁlii
3301 780 3402 835 diei
3421 800 3534 836 cm-

1953 849 2179 905 bulemus
2199 853 2251 906 in
2275 853 2504 908 lumine:
2536 859 2776 926 quoniam
2807 877 2922 914 ecce
2947 863 3144 920 inimici
3175 870 3345 923 nostri
3371 887 3533 940 para-

1955 951 2130 993 uerunt
2149 945 2365 1013 sagittas
2393 947 2448 998 in
2483 946 2748 1016 pharetra,
2786 959 2843 1002 ut
2871 954 3112 1021 sagittent
3143 958 3195 1010 in
3243 957 3458 1015 obscuro
3483 971 3528 1013 ι.

1955 1031 2137 1100 Neque
2156 1035 2296 1088 enim
2328 1037 2380 1089 in
2405 1038 2520 1092 luce
2550 1040 2758 1108 positos
2785 1052 3040 1110 poterunt
3065 1049 3340 1116 saginare,
3373 1060 3524 1106 ante-

1951 1137 2111 1190 quam
2162 1124 2353 1180 feriant
2380 1130 2704 1198 praevidendi
2739 1135 2802 1197 “‘,
2835 1143 2892 1188 et
2920 1141 3344 1206 praecaventibus
3373 1141 3530 1198 facile

1954 1213 2172 1268 vitandi.
2201 1213 2386 1271 Potest
2413 1227 2592 1274 autem
2624 1221 2676 1275 in
2707 1224 2900 1278 eodem
2930 1227 3046 1296 ipso
3067 1245 3234 1297 opere
3262 1240 3531 1287 utrorum-

1952 1317 2058 1370 que
2092 1311 2393 1373 temporum
2441 1310 2580 1364 ratio
2625 1315 2894 1378 connecti,
2924 1325 2979 1369 ut
3026 1318 3115 1371 illa
3154 1322 3398 1389 superius
3441 1322 3525 1376 di-

1952 1392 2142 1446 stincta
2176 1402 2415 1462 tempora
2451 1399 2654 1466 pariter
2692 1414 2986 1470 operentur
3026 1405 3078 1460 iu
3109 1409 3281 1463 nobis.
3311 1411 3443 1464 Nam
3474 1421 3531 1467 et

1953 1483 2004 1535 in
2034 1497 2141 1550 quo
2169 1486 2856 1559 viviﬁcamur,occidimur;
2886 1496 2967 1549 vel
2993 1497 3046 1550 in
3073 1512 3181 1566 quo
3210 1501 3523 1569 occidimur,

1950 1570 2281 1628 viviﬁcamur
2308 1591 2404 1644 per
2431 1592 2552 1632 eum
2583 1581 2673 1648 qui
2694 1581 2829 1636 dixit
2873 1601 2886 1636 :
2930 1585 3042 1656 Ego
3084 1590 3337 1655 occidam,
3367 1601 3417 1646 et
3455 1595 3529 1648 vi-

1953 1678 2066 1716 rere
2087 1666 2277 1734 faciam
2295 1676 2373 1721 ειι.
2402 1669 2511 1724 Nisi
2539 1672 2681 1726 enim
2723 1690 2822 1729 nos
2850 1675 3094 1734 Christus
3112 1683 3388 1750 occiderit,
3419 1701 3528 1741 non

270 1761 464 1830 quibus
490 1762 697 1828 rigabat
721 1761 916 1816 lectum
947 1776 1098 1814 suum
1139 1760 1149 1797 ί
1179 1776 1192 1820 ;
1225 1775 1400 1828 neque
1441 1769 1646 1814 tantum
1687 1776 1851 1830 genus
1886 1764 1927 1822 Β
1954 1753 2219 1845 Vivamus;
2252 1756 2320 1810 de
2344 1773 2452 1825 (1υο
2495 1762 2869 1844 δοΓίΡῑυῐῐι,θδι
2915 1784 2926 1819 τ
2965 1768 3217 1826 Dominus
3249 1777 3528 1845 ἠονείβσαε

271 1851 449 1904 vultus
474 1851 580 1915 sui,
619 1851 711 1906 sed
744 1859 797 1904 et
827 1859 997 1905 totum
1027 1853 1287 1920 corporis
1333 1860 1561 1905 stratum
1603 1852 1850 1921 lacrymis

270 1941 662 1996 exundantibus
690 1941 989 2011 proluebat.
1017 1942 1461 2011 Superposuerunt
1488 1942 1630 1995 enim
1655 1943 1847 2012 iniqui-

269 2042 396 2085 tates
428 2041 619 2085 nostra:
641 2041 792 2100 caput
820 2040 1070 2095 nostrum,
1100 2043 1148 2084 et
1167 2031 1524 2100 multiplicata:
1557 2040 1675 2084 sunt
1697 2049 1850 2098 super

270 2123 484 2191 capillos
513 2123 694 2190 capitis
733 2122 896 2176 nostri
930 2122 977 2185 i,
1023 2123 1148 2190 quia
1189 2122 1339 2190 plura
1369 2122 1420 2174 in
1464 2122 1618 2176 nubis
1663 2121 1851 2189 iniqui-

271 2214 391 2267 tatis
420 2230 580 2283 quam
619 2214 838 2282 iustitia:
879 2230 1038 2283 opera
1083 2223 1428 2268 numerantur
1464 2232 1475 2266 :
1508 2223 1562 2268 ct
1601 2213 1724 2268 ideo
1767 2215 1845 2284 (ό)

269 2313 684 2372 computruerunt
730 2315 780 2358 et
813 2306 1248 2359 deteriornverunt
1285 2307 1548 2359 cicatrices
1589 2314 1779 2360 nostra:
1815 2323 1847 2358 a

269 2395 400 2462 facie
419 2395 734 2462 insipientia:
762 2404 955 2448 nostra:
983 2397 1033 2458 κ,
1062 2403 1114 2448 et
1137 2396 1420 2447 inveterata
1461 2403 1580 2448 sunt
1600 2411 1720 2449 ossa
1753 2411 1847 2448 no-

269 2496 390 2545 sfra,
415 2487 658 2552 quoniam
681 2487 982 2538 tacuimus"
1011 2485 1121 2540 Deo
1155 2484 1170 2522 Ι
1196 2503 1209 2550 ;
1241 2494 1296 2539 et
1323 2495 1636 2555 opponentes
1664 2487 1847 2558 iniqui-

265 2585 418 2628 tatem
457 2593 609 2644 super
661 2577 981 2646 iniquitatem
1003 2585 1065 2642 ιη,
1107 2591 1226 2630 cum
1270 2578 1627 2631 statuissemus
1670 2577 1845 2632 oculos

269 2677 466 2721 nostros
491 2666 751 2719 declinare
774 2667 826 2719 in
855 2675 1043 2720 terram
1073 2675 1125 2732 ιι,
1161 2666 1312 2721 tarde
1345 2683 1439 2721 eos
1469 2676 1520 2722 et
1540 2682 1680 2735 aegre
1709 2673 1848 2723 leva-

269 2759 424 2813 cimus
456 2758 526 2810 ad
549 2767 744 2811 montes
775 2758 890 2823 Dei,
922 2758 1056 2811 unde
1076 2757 1222 2812 nobis
1246 2759 1496 2812 auxilium
1525 2761 1662 2813 venit
1683 2777 1714 2813 a
1737 2759 1846 2816 Do-

267 2851 402 2903 mino
435 2858 482 2911 ο,
516 2849 609 2917 qui
637 2850 784 2904 solus
811 2856 1001 2918 potens
1030 2857 1112 2902 est
1139 2865 1328 2902 sanare
1358 2865 1533 2902 omnes
1570 2850 1844 2920 languores

267 2951 466 2993 nostros
489 2952 537 3000 P,
569 2948 623 2993 et
645 2942 840 3009 eripere
879 2956 971 2993 nos
1013 2939 1075 2992 de
1121 2957 1335 3010 corpore
1364 2943 1541 2994 mortis
1578 2942 1728 3011 hujus
1759 2953 1785 2991 ιι
1815 2960 1829 2994 :

264 3031 334 3099 (e)
365 3031 458 3098 qni
483 3046 579 3099 per
609 3029 778 3083 Adam
807 3031 1102 3095 constricti,
1125 3046 1225 3100 per
1252 3029 1521 3086 Christum
1543 3033 1802 3088 solvimur
1826 3052 1840 3087 :

1951 1850 2001 1894 et
2027 1844 2341 1912 vit-iﬁcatbb;
2371 1849 2495 1916 quia
2522 1851 2622 1906 nisi
2645 1864 2863 1920 peccata
2885 1867 3065 1912 nostra
3095 1844 3524 1929 peremerit,rnon

1952 1931 2241 1988 vivilicabit
2281 1937 2505 1992 animas.
2551 1940 2674 1996 Ideo
2706 1944 2778 1997 illi
2822 1949 3084 2015 propheta
3124 1951 3290 2005 dicit:
3321 1953 3523 2008 Exsur-

1952 2023 2081 2084 rexi,
2113 2035 2162 2076 et
2205 2025 2370 2079 adhuc
2410 2038 2574 2083 tecum
2611 2047 2742 2085 sum.
2786 2033 2849 2087 Si
2881 2037 3085 2092 occidas
3117 2040 3255 2095 Deus
3283 2053 3523 2111 peccato-

1950 2126 2059 2162 rem
2090 2122 2165 2165 cc.
2198 2112 2552 2185 Exsurgemus
2577 2120 2652 2191 (g)
2692 2118 3029 2192 emergentes
3056 2128 3122 2183 de
3144 2130 3256 2186 luto
3305 2132 3446 2187 faecis
3475 2143 3525 2188 et

1951 2205 2136 2258 umbra
2181 2209 2387 2271 mortis,
2420 2219 2475 2264 et
2503 2227 2622 2266 cum
2670 2215 2788 2283 ipso
2816 2231 2934 2272 esse
2975 2223 3426 2288 pennam-bimus,
3476 2227 3523 2280 si

1951 2294 2208 2348 occiderit
2237 2296 2289 2349 in
2316 2299 2471 2353 nobis
2507 2310 2872 2369 peccatorem,
2919 2315 2975 2361 et
3000 2307 3202 2377 justum
3226 2313 3525 2376 creaverit;

1949 2383 2069 2452 quia
2097 2386 2238 2439 calix
2259 2386 2561 2456 fragilitatis
2581 2401 2779 2448 nostra:
2799 2396 2854 2448 in
2880 2411 3038 2450 manu
3065 2397 3307 2461 Domini,
3340 2401 3391 2454 in
3417 2417 3528 2476 quo

1951 2474 2082 2528 hunc
2101 2477 2357 2542 humiliat,
2372 2489 2422 2532 et
2449 2480 2582 2534 hunc
2608 2482 2895 2538 exultat“.
2922 2485 3031 2543 Nisi
3057 2489 3197 2542 enim
3223 2474 3528 2545 humilietur

1950 2567 2204 2633 exterior,
2237 2583 2342 2624 non
2373 2571 2643 2625 exaltatur
2683 2573 2923 2630 interior.
2957 2575 3034 2631 Ac
3061 2578 3141 2633 sic
3169 2580 3446 2635 occidendi
3475 2591 3528 2636 et

1951 2657 2032 2728 (h)
2057 2659 2299 2725 sanandi,
2328 2663 2410 2716 vel
2433 2663 2740 2719 destruendi
2774 2674 2831 2722 et
2855 2667 3152 2725 aediﬁcandi
3200 2679 3440 2741 tempora
3473 2673 3526 2728 in

1949 2765 2115 2804 unum
2143 2751 2299 2805 simul
2322 2762 2518 2807 coeunt
2539 2769 2674 2824 opus
2703 2765 2779 2818 σι’,
2812 2772 2932 2811 cum
2957 2758 3248 2813 destruitur
3275 2761 3328 2814 in
3377 2763 3529 2818 nobis

1947 2840 2057 2894 vita
2086 2843 2312 2910 peccati,
2343 2851 2400 2898 ut
2439 2841 2736 2900 aediﬁcetur
2762 2847 2868 2901 vita
2893 2847 3134 2915 justitite.
3165 2851 3352 2920 Neque
3381 2853 3526 2907 enim

1947 2931 2197 2987 tedilicari
2221 2944 2398 3004 potest
2426 2937 2658 3003 novitas,
2692 2938 2791 2992 nisi
2820 2938 3128 2996 destruatur
3150 2951 3405 3010 vetustas,
3435 2955 3529 3000 aut

1949 3040 2130 3080 amare
2150 3029 2190 3058 "
2217 3043 2502 3097 possumus
2542 3029 2830 3100 Christum,
2859 3033 2960 3086 nisi
2989 3049 3350 3091 mammonam
3392 3039 3524 3094 inci-

265 3122 304 3175 si
332 3130 510 3174 tamen
534 3123 610 3174 ita
634 3130 890 3190 portemus
913 3121 1127 3175 caelestis
1158 3123 1379 3176 hominis
1413 3123 1692 3194 imaginem
1713 3126 1845 3177 sicut
1872 3126 1914 3185 C
1947 3116 2155 3184 piamus
2184 3117 2363 3174 Odisse
2391 3117 2441 3157 η
2454 3160 2466 3173 .
2516 3119 2620 3175 Sed
2651 3136 2823 3191 neque
2865 3124 3098 3192 gaudere
3135 3129 3433 3196 poterimus
3473 3131 3527 3186 in

265 3213 453 3265 terreni
479 3214 794 3280 portavimus
825 3221 845 3249 ι·
868 3229 883 3276 ;
906 3212 1011 3266 hoc
1039 3221 1141 3280 est,
1173 3214 1216 3268 si
1248 3224 1353 3266 tam
1377 3214 1416 3245 "
1447 3214 1670 3270 iideliter
1692 3215 1849 3282 justi-

262 3305 347 3358 tirc
374 3315 430 3359 et
459 3305 672 3358 veritati
701 3305 994 3362 serviamus
1015 3322 1112 3375 pro
1150 3308 1320 3361 salute
1350 3316 1556 3377 nostra,
1579 3325 1737 3378 quam
1768 3311 1848 3366 di-

263 3396 492 3462 ligenter
514 3395 785 3463 injustititn
812 3404 866 3450 et
895 3396 1266 3452 inhumanitati
1287 3399 1328 3430 “
1352 3415 1448 3468 pro
1479 3409 1652 3455 morte
1680 3404 1849 3457 servi-

263 3487 457 3541 vimus.
492 3485 793 3539 Humanum
823 3487 965 3540 enim
1005 3501 1034 3539 a
1077 3487 1230 3542 nobis
1255 3487 1543 3558 Apostolus
1573 3490 1846 3558 postulat;

261 3575 717 3644 quemadmodum
745 3575 1066 3629 exhibuimus
1083 3579 1308 3631 membra
1331 3589 1508 3632 nostra
1529 3581 1714 3633 servire
1742 3581 1847 3634 ini-

264 3667 449 3737 quitati
474 3665 542 3719 ad
569 3665 841 3720 interitum
875 3675 930 3720 et
960 3665 1348 3733 confusionem,
1381 3673 1454 3723 sic
1483 3671 1661 3725 eadem
1703 3672 1850 3725 exhi-

265 3758 472 3811 beamus
492 3759 681 3812 servire
705 3759 922 3828 justiticc
953 3768 974 3794 '
1005 3760 1072 3814 ad
1102 3761 1264 3814 vitam
1296 3769 1350 3815 et
1379 3762 1626 3829 gloriam.
1657 3763 1846 3819 Nobis-

267 3867 387 3905 cum
442 3851 586 3904 euim
636 3851 893 3906 habemus
935 3853 1161 3907 fructum
1216 3852 1426 3906 illorum
1475 3870 1733 3923 operum,
1783 3856 1848 3911 de

265 3942 460 4008 quibus
487 3957 631 3995 nunc
659 3941 1040 3996 erubescimus.

334 4031 390 4086 5.
431 4031 539 4086 Sed
567 4032 750 4100 gratia:
775 4032 1061 4102 Sapientiae
1089 4033 1202 4099 Dei,
1232 4032 1446 4088 Christo
1463 4035 1571 4089 Deo
1589 4037 1651 4100 “‘,
1677 4037 1767 4106 qui
1797 4038 1848 4091 iu

265 4139 325 4178 se
355 4139 582 4176 manens
623 4122 801 4175 omnia
840 4123 1081 4190 innovat,
1121 4139 1184 4178 ac
1218 4124 1442 4194 disponit
1480 4127 1655 4179 omnia
1680 4129 1850 4180 suavi-

266 4226 342 4267 ter
365 4216 411 4275 ⁸,
444 4222 506 4267 ut
551 4213 620 4266 sit
660 4211 896 4266 omnibus
938 4212 1089 4266 rebus
1134 4213 1288 4285 241
1323 4223 1517 4284 tempus
1543 4225 1607 4281 L';
1654 4227 1850 4287 tempus

265 4303 557 4367 occidendi,
581 4311 630 4356 et
652 4312 846 4373 tempus
884 4303 1106 4356 sanandi
1134 4320 1151 4356 :
1175 4313 1369 4374 tempus
1384 4304 1616 4369 uidendi,
1643 4314 1692 4357 et
1721 4315 1848 4358 tem-

265 4412 360 4464 pus
379 4396 652 4464 plorandi:
671 4409 866 4460 tempus
879 4397 1196 4466 aediﬁcandi,
1213 4405 1261 4452 et
1281 4407 1472 4468 tempus
1490 4398 1781 4452 destruendi
1797 4410 1843 4454 ν.

1953 3209 2045 3263 illo
2073 3210 2276 3275 seculo,
2327 3211 2428 3266 nisi
2460 3212 2510 3265 in
2541 3211 2646 3265 isto
2689 3213 2984 3282 lugeamus,
3015 3216 3138 3284 quia
3159 3219 3246 3288 qui
3274 3221 3528 3274 seminant

1949 3305 2002 3356 in
2029 3303 2293 3372 lacrymis,
2317 3304 2368 3356 in
2391 3305 2579 3374 gaudio
2601 3314 2786 3358 metent
2809 3315 2887 3359 κϐ.

2021 3396 2074 3449 6.
2114 3392 2378 3450 Convenit
2405 3411 2533 3465 ergo
2560 3411 2701 3453 nunc
2731 3395 2884 3455 nobis
2923 3399 3010 3454 illa
3041 3400 3110 3456 de
3139 3402 3360 3472 psalmis
3389 3419 3523 3474 pau-

1950 3487 2095 3558 peris
2122 3487 2264 3542 anxii
2295 3497 2350 3544 et
2379 3489 2607 3558 lugentis
2636 3493 2830 3557 oratio,
2862 3495 3103 3563 quoniam
3144 3510 3282 3564 pene
3305 3497 3416 3565 jam
3440 3499 3531 3551 de-

1949 3582 2177 3650 fecerunt
2200 3581 2328 3633 sicut
2354 3585 2522 3647 fumus
2559 3581 2668 3634 dies
2707 3584 2869 3636 nostri
2893 3580 2970 3649 ω’,
2995 3593 3050 3638 et
3079 3585 3302 3639 necdum
3330 3586 3531 3642 malitia

1950 3678 2132 3724 nostra
2158 3669 2370 3724 defecit.
2404 3668 2541 3724 Ecce
2568 3671 2711 3724 enim
2734 3667 2946 3725 veteres
2965 3674 3146 3741 posuit
3171 3673 3286 3728 dies
3316 3682 3530 3729 nostros

1948 3759 2240 3830 productos
2268 3774 2425 3812 cursu
2453 3759 2644 3822 :ctatis,
2669 3775 2769 3814 nec
2804 3761 3006 3829 spargit
3045 3762 3196 3817 canis
3223 3771 3404 3832 caput,
3433 3764 3527 3820 sed

1953 3856 2016 3923 (i)
2049 3851 2316 3923 perfundit
2355 3858 2604 3906 senectus
2637 3868 2648 3902 :
2683 3859 2739 3905 et
2765 3866 2865 3906 nos
2898 3851 3072 3907 adhuc
3098 3853 3283 3922 primis
3306 3863 3528 3923 reptan-

1951 3951 2059 3997 tem
2095 3940 2376 3995 conatibus
2415 3941 2514 3994 tcvi
2543 3940 2796 4010 spiritalis
2833 3940 3109 3996 infantiam
3137 3943 3373 4011 parvulis
3400 3959 3528 3998 sen-

1949 4032 2096 4088 sibus
2140 4031 2377 4099 agimus;
2424 4038 2478 4084 et
2502 4030 2587 4084 vis
2620 4031 2781 4085 modo
2811 4031 2862 4085 in
2887 4032 3052 4087 verbo
3080 4031 3177 4086 Dei
3215 4033 3530 4101 incipientes

1951 4123 2113 4191 loqui,
2147 4130 2417 4189 tamquam
2455 4121 2641 4190 primis
2669 4121 2888 4176 vocibus
2927 4123 3105 4177 anima
3131 4123 3375 4191 vagiente
3419 4139 3533 4178 mu,

1955 4222 2062 4282 tam
2095 4220 2150 4266 et
2178 4211 2364 4266 rudem
2394 4210 2594 4266 sanctis
2640 4210 2860 4268 Litteris
2904 4213 3138 4281 linguam
3175 4214 3448 4279 solvimus,
3479 4223 3531 4268 ct

1951 4302 2217 4373 quondam
2248 4301 2298 4355 in
2321 4301 2512 4355 litteris
2541 4301 2889 4354 humanarum
2921 4302 3216 4356 fabularum
3255 4302 3530 4371 loquaces,

1952 4409 2092 4449 nunc
2121 4393 2174 4447 in
2197 4391 2439 4446 veritatis
2467 4390 2624 4461 242
2653 4391 2981 4446 balbutimus
3010 4392 3253 4462 eloquiis,
3286 4393 3529 4446 stultitim

265 4485 493 4551 Abierit,
538 4500 741 4554 quaeso,
760 4486 871 4554 jam
918 4486 1072 4540 nobis
1109 4495 1318 4556 tempus
1371 4487 1683 4550 occidendi,
1750 4490 1845 4544 de-
1880 4483 1929 4542 D
1953 4487 2242 4555 sapientes,
2276 4492 2330 4538 et
2357 4484 2631 4552 sapientia:
2659 4483 2842 4546 stulti;
2874 4485 3080 4538 robusti
3107 4484 3268 4546 vitiis,
3294 4493 3349 4538 et
3374 4486 3534 4538 virtu-

338 4610 364 4637 ι
389 4601 530 4654 Psal.
581 4615 744 4664 xxx",
797 4600 845 4652 1.
924 4599 951 4638 ι)
975 4601 1090 4653 Aet.
1123 4617 1230 4657 \‘lll.
1257 4598 1343 4652 25.

268 4669 400 4735 1%);
447 4668 589 4722 Psal.
636 4685 780 4735 cxrx,
815 4669 865 4724 4.
946 4669 1132 4723 8Psal.
1178 4685 1315 4729 χειν,
1367 4669 1418 4722 6.

268 4740 558 4802 xxxrx,15.
637 4737 660 4774 ¹ί
687 4737 824 4794 Psal.
856 4754 1058 4804 xxxv",
1106 4738 1160 4804 6,
1196 4739 1346 4803 juxta
1388 4738 1609 4793 Psalter.
1644 4740 1799 4794 Rom.

270 4817 297 4844 ο
346 4807 485 4862 Psal.
528 4825 652 4868 cxx,
699 4808 748 4859 1.

272 4880 290 4913 ί
319 4877 444 4948 Sap.
467 4895 580 4942 vm,
616 4878 676 4948 1.
723 4878 982 4948 ίιιῖΕοεΙθ.
1011 4894 1086 4942 ιιι,
1125 4879 1207 4931 17.

270 5017 483 5072 "Psal.
517 5033 676 5081 θην,
709 5016 759 5083 5,
784 5014 893 5072 sec.
927 5017 1150 5073 Psalter.
1184 5015 1340 5070 Rom.
1403 5014 1458 5053 ιλιι
1505 5015 1638 5071 Psal.
1671 5035 1740 5082 ει,
1783 5017 1833 5072 4.

342 5107 418 5176 (a)
449 5106 547 5160 Ms.
576 5105 731 5159 Clun.
763 5115 816 5160 et
843 5107 929 5161 ed.
960 5106 1213 5168 Cliifllet.,
1244 5105 1534 5176 obstrictos.

344 5175 422 5246 (ὁ)
455 5175 621 5246 Abest
660 5177 774 5246 jam
803 5192 961 5230 ams.
1005 5175 1573 5246 culiceiCluniacensi
1618 5185 1672 5230 et
1713 5177 1842 5231 cdit.

270 5245 448 5299 Chim.
482 5244 615 5298 Tres
645 5244 774 5299 vero
801 5263 930 5300 mss.
955 5247 1170 5301 codices
1202 5245 1345 5301 Nol..
1381 5245 1550 5299 Vatic.
1582 5254 1635 5299 et
1663 5246 1842 5311 Vien.,

270 5315 774 5397 "09'.'l‘9"d°5°',..
1125 5391 1136 5397 -
1211 5383 1228 5397 .
1278 5382 1480 5397 ην-..
1538 5383 1574 5397 ..
1680 5392 1691 5397 -

344 5383 422 5506 (εῇ
442 5383 534 5438 Sic
561 5400 688 5438 mss.
717 5383 1063 5445 Clun..Vien.
1089 5391 1147 5464 et
1163 5383 1250 5438 ed.
1275 5382 1507 5438 Chiﬂlct.
1538 5383 1614 5436 Ita
1643 5392 1698 5439 et
1725 5384 1849 5464 alibi

270 5451 384 5522 Dan
407 5469 547 5518 inus,
581 5453 737 5522 epist.
767 5453 929 5514 49,θά
956 5452 1262 5522 Macariuin,
1297 5468 1443 5522 num.
1489 5452 1574 5516 15,
1607 5463 1660 5507 et
1688 5462 1845 5521 epist.

272 5494 1031 5591 .50,atl-Au’gu;ti’num,Wnum.
1073 5521 1128 5576 2.
1174 5494 1274 5575 Ed:
1316 5520 1502 5586 Rosv.,
1535 5495 1624 5576 cor
1659 5494 1850 5576 contri-

272 5600 472 5646 tum....
485 5631 498 5644 .
528 5609 631 5655 non
660 5593 925 5660 despiciet.

345 5660 424 5728 (ἀ)
453 5660 528 5712 Ita
559 5659 814 5714 Psalteria
848 5661 1030 5726 Rom.,
1049 5659 1298 5715 Hebraic.
1330 5667 1384 5712 et
1413 5665 1586 5726 vetus,
1614 5660 1708 5716 SS.
1733 5662 1856 5714 Am-

278 5727 510 5790 brosius,
564 5729 917 5801 Hieronymus
954 5742 1008 5787 et
1037 5729 1366 5800 Augustinus
1411 5727 1472 5783 in.
1504 5738 1850 5786 commcntar.

281 5811 444 5868 super
464 5799 719 5870 psalmos.

1427 4599 1613 4654 cPsal.
1665 4618 1772 4665 xui,
1803 4603 1852 4656 5.
1929 4599 1955 4637 ά
1986 4599 2124 4653 Psal-
2174 4614 2222 4659 ιι.
2275 4595 2358 4647 19-

1500 4667 1637 4704 ιιιη..
1688 4687 1738 4704 ..ρ
1812 4672 1832 4704 ι
1945 4669 2106 4704 ίοειιι
2172 4683 2220 4704 νι
2299 4665 2328 4704 '7

1511 4667 1654 4723 *Jer.
1688 4687 1759 4732 ix,
1812 4672 1861 4724 1.
1945 4669 2129 4722 iPsal.
2172 4683 2241 4728 νι,
2299 4667 2349 4717 7.

1513 4747 1609 4792 ter.
1644 4740 1799 4794 Rom.
1882 4738 2078 4793 lPsal.‘
2108 4752 2252 4797 XXXI,
2303 4735 2356 4788 5.

825 4809 1014 4863 pPsal.
1057 4803 1153 4870 cn,
1207 4808 1258 4872 5,
1292 4823 1400 4862 sec.
1455 4808 1682 4863 Psalter.
1734 4810 1892 4864 Rom.
1968 4808 2172 4861 «Rom.
2212 4819 2306 4869 vn,
2359 4803 2446 4857 21.

1287 4889 1308 4914 ν
1349 4877 1502 4940 lbid.,
1536 4878 1716 4932 5e”.
1793 4889 1818 4916 ι
1847 4880 1887 4933 ll
1917 4879 2042 4933 Cor.
2065 4891 2138 4940 Vl,
2171 4874 2222 4928 2.
2298 4884 2325 4922 θ’
2359 4874 2513 4926 Rom.
2548 4885 2673 4935 xm,
2707 4871 2790 4924 ιθ.

268 4941 434 5011 xxxii,
469 4941 574 5002 59.
638 4946 736 4999 Μ³1
768 4947 899 5016 Reg.
927 4964 982 5006 ιι.
1009 4941 1079 5000 6.
1116 4957 1169 4986 σο
1191 4947 1340 5016 Psal.
1364 4963 1615 5016 cxxxvnt,
1649 4948 1714 5002 18
1741 4958 1796 5003 et
1818 4949 1876 5003 19

1966 4947 1990 4984 ιι
2033 4946 2172 5000 Psal.
2207 4959 2383 5005 Lxxw,
2417 4942 2470 4995 8.
2519 4949 2575 4977 οε
2601 4941 2777 4996 Ecclc.
2805 4956 2891 5008 in,
2923 4941 2973 4994 5.

2440 4603 2463 4631 ο
2487 4594 2680 4648 Ezech.
2730 4609 2889 4646 xxxvx
2914 4635 2929 4658 ,
2960 4592 3046 4644 26.
3132 4591 3149 4630 ί
3176 4593 3313 4645 Psal.
3343 4609 3533 4655 cxvm,

2430 4665 2442 4713 i
2476 4663 2613 4716 Psal.
2651 4672 2851 4728 XXXVII,
2880 4661 2930 4722 5,
2976 4677 3083 4717 sec.
3120 4658 3340 4727 LXXX;
3392 4663 3540 4717 Psal..

2432 4743 2469 4770 ω
2495 4731 2636 4787 Psal.
2672 4745 2855 4790 vaiu.
2884 4730 2975 4785 98.
3052 4729 3238 4785 nPsal.
3294 4748 3401 4792 xvr,
3447 4732 3534 4785 11.

2527 4799 2745 4855 τΙΟον.
2799 4819 2886 4865 xv,
2918 4800 3007 4855 49.
3085 4799 3283 4855 “Rom.
3335 4815 3408 4865 vi,
3448 4801 3534 4854 19.

2873 4881 2892 4907 ι
2922 4869 3062 4925 Psal.
3088 4888 3142 4936 x,
3173 4870 3226 4924 5.
3295 4880 3352 4907 ﬂ
3379 4870 3534 4924 Deut.

3057 4939 3106 4978 Η
3142 4939 3330 4994 Matth.
3353 4955 3424 5005 vx,
3446 4939 3549 4997 24.

1945 4669 2129 4722 iPsal.
2172 4683 2241 4728 νι,
2299 4665 2349 4717 7.

2020 5105 2089 5173 (ε)
2105 5104 2228 5158 Mss.
2243 5101 2453 5173 codices
2463 5101 2700 5173 Cluniae.
2716 5108 2770 5154 et
2785 5099 2935 5173 Vien.
2947 5143 2962 5166 ,
2978 5118 3097 5170 qua.
3123 5100 3218 5155 Ms.
3234 5099 3538 5173 Nol..»quia.

2021 5169 2089 5246 (ι’)
2131 5174 2254 5246 Mss.
2278 5171 2492 5226 codices
2515 5169 2755 5224 Cluniae.
2779 5180 2834 5225 ct
2857 5169 2995 5224 Vicu’
3029 5186 3151 5224 cum
3181 5170 3311 5224 edit.
3336 5170 3537 5232 Chiill..

1951 5243 2278 5313 acceptabile.

2021 5308 2097 5385 (ᾖ)
2130 5312 2253 5366 Mss.
2273 5310 2415 5385 μοι..
2443 5308 2613 5385 Yatic.
2640 5316 2695 5362 et
2716 5308 2879 5385 Vien._
2899 5324 3018 5385 eum
3049 5309 3539 5385 cgit._Rosv.,enim

1953 5377 2158 5456 gentes;
2184 5380 2328 5456 unde
2346 5378 2656 5456 conjectura
2678 5385 2760 5431 est
2773 5379 3052 5456 scripsisse
3078 5377 3354 5456 Paulinﬂm
3368 5392 3538 5456 emer-

1952 5443 2228 5525 Zr'lentesgde‘
2251 5451 2356 5504 luto
2389 5443 2580 5525 :Aquod
2609 5463 2730 5502 cum
2771 5443 3038 5502 Saechino
3066 5458 3120 5502 et
3148 5447 3540 5525 Chiilletionsic

1957 5464 2130 5525 gentes
2159 5464 2221 5506 ae
2251 5464 2356 5504 tuto
2389 5465 2408 5502 :
2473 5464 2580 5502 uou
2609 5464 2730 5502 cum
2772 5464 3038 5502 Saecmno
3066 5464 3120 5502 et
3148 5464 3417 5526 ωιιιιιθιιο
3443 5464 3540 5528 νιιιις

1957 5521 2372 5602 emendavimus.
2405 5464 2572 5573 Alest
2611 5533 2715 5572 vox
2745 5528 2920 5588 gentes
2962 5533 2992 5571 a
3033 5533 3133 5572 nis.
3189 5516 3374 5572 codice
3416 5512 3541 5568 ωυ-

1959 5606 2220 5645 macensn.

2033 5661 2108 5733 (lt)
2139 5660 2247 5733 _Ms.
2271 5658 2428 5714 Clun.
2460 5667 2514 5711 ct
2537 5657 2663 5712 edit.
2686 5658 2884 5733 (ibim,
2911 5655 3246 5733 uiri/iraudi.“
3414 5722 3446 5733 υ
3480 5724 3487 5733 _

2036 5722 2102 5791 (ii
2139 5729 2210 5782 lta
2261 5746 2384 5784 cum
2438 5743 2565 5780 mss.
2608 5727 2880 5782 codicibus
2908 5722 3059 5778 Clun.
3094 5733 3148 5776 et
3190 5727 3339 5780 γίνῃ.
3366 5722 3534 5779 editio

1967 5791 2141 5854 Chiilll.
2172 5799 2307 5854 Aule
2338 5806 2452 5855 erat
2477 5798 2528 5852 in
2559 5797 2682 5852 edit.
2719 5797 2904 5852 Rosv..
2932 5792 3217 5871 profundit.
