4006 6180
563 262 666 322 37!

1697 262 1754 317 S.
1798 261 2068 317 PAULINI
2106 258 2352 317 NOLANI
2389 259 2689 318 EPISCOPI

3649 261 3745 321 3'12

563 383 707 438 tibus
733 378 907 436 adhuc
924 348 1127 442 teneri;
1156 374 1245 431 vix
1285 382 1541 431 nascente
1570 374 1636 429 ad
1659 374 1920 444 justitiam
1939 375 2130 431 volun-
2164 379 2208 437 Α
2240 385 2461 444 tentem,
2483 377 2675 447 opibus
2696 373 2882 447 gratia:
2902 386 3248 447 pauperatum
3272 378 3362 451 (γ.
3384 392 3467 449 ep.
3481 373 3564 448 52,
3580 395 3629 435 η.
3646 378 3746 452 20),
3775 384 3785 411 ί

562 478 675 526 tate
702 471 926 536 tirones,
953 475 1009 522 et
1035 474 1314 522 consumta
1345 466 1398 519 in
1424 466 1658 535 peccatis
1687 472 1845 521 aetate
1868 466 2129 520 veterani.

561 562 885 635 Aliquandiu
913 559 1076 625 enim,
1118 566 1177 613 ut
1198 566 1251 611 tu
1280 556 1473 611 Sancte
1492 556 1770 611 benedicte
1798 555 1963 611 frater
1982 557 2135 610 novi-

562 653 655 720 sti,
685 653 738 707 in
765 653 870 705 hoc
898 649 1080 706 seculo
1108 647 1336 702 volutari
1360 646 1772 700 inveteravimus
1798 646 1939 700 inter
1966 645 2136 699 inimi-

562 758 657 799 cos
701 749 947 806 nostros;
978 747 1137 808 atque
1182 739 1382 792 utinam
1430 737 1901 790 inveteraverimus
1952 735 2132 789 inimi-

562 835 660 899 cis,
684 841 741 887 ut
771 832 859 886 illa
884 832 995 900 jam
1034 830 1189 884 nobis
1216 830 1404 883 otiosis
1428 828 1649 898 spatiosi
1672 828 1880 882 itineris
1907 827 2013 882 vita
2041 828 2136 882 de-

562 923 767 987 fecerit,
798 928 854 975 et
878 928 1146 977 renovetur
1174 919 1226 972 in
1247 918 1485 984 Christo,
1513 919 1645 970 sicut
1670 916 1874 987 aquilae,
1897 916 2133 986 juventus

560 1020 737 1065 nostra
760 1020 784 1047 ⁸
810 1028 826 1076 ;
857 1018 917 1064 ut
951 1010 1101 1063 senio
1130 1006 1586 1067 veterishominis
1613 1021 1890 1071 exuamur,
1913 1005 2133 1059 induen-

560 1109 635 1155 tes
656 1116 839 1153 novum
865 1100 1035 1165 illum,
1057 1100 1141 1170 qui
1160 1097 1437 1151 secundum
1464 1095 1627 1148 Deum
1647 1105 1845 1149 creatus
1866 1106 1940 1148 est
1955 1093 2004 1147 δ.
2028 1093 2135 1149 Sed

560 1190 653 1258 qui
679 1204 778 1244 nec
805 1190 1058 1259 pellicano
1086 1185 1379 1241 solitudinis
1399 1185 1573 1239 adhuc
1591 1187 1633 1217 ¹⁸
1660 1184 1850 1238 similes
1870 1200 1981 1236 esse
2005 1198 2133 1252 pos-

560 1293 767 1341 sumus,
797 1277 1011 1346 quando
1038 1277 1142 1330 erit
1170 1283 1229 1329 ut
1264 1272 1557 1328 efﬁciamur
1584 1273 1723 1327 sicut
1762 1274 2060 1342 nycticorax
2094 1274 2134 1305 ι’

561 1372 617 1424 in
660 1370 919 1424 domicilio
952 1380 973 1407 ο
1000 1368 1022 1421 ?
1048 1366 1271 1433 Quando
1299 1365 1652 1420 excitabimur
1676 1364 1728 1417 in
1752 1378 1875 1417 eum
1910 1362 2135 1417 excelsae

562 1461 758 1515 mentis
784 1459 1045 1526 vigorem,
1069 1466 1127 1511 ut
1151 1456 1376 1526 spiritali
1404 1455 1682 1508 alacritate
1704 1454 1967 1517 volucres,
1988 1455 2059 1521 (α)
2082 1459 2136 1507 et

563 1550 616 1603 in
645 1550 752 1603 alta
782 1550 1036 1603 virtutum
1074 1548 1237 1600 ardua
1273 1560 1446 1614 penna
1472 1545 1708 1614 pervecti
1748 1544 2013 1613 possimus
2051 1543 2133 1597 di-

562 1656 686 1695 cere
714 1658 727 1693 :
768 1639 1008 1710 Vigilavi,
1038 1647 1086 1691 et
1108 1640 1275 1708 factus
1296 1652 1409 1689 sum
1437 1637 1566 1689 sicut
1593 1650 1771 1704 passer
1794 1634 1868 1704 (b)
1899 1634 2131 1704 singula-

2235 475 2290 521 et
2317 468 2529 522 conscia
2569 467 2888 522 miserorum
2929 468 3170 537 lapsuum
3199 468 3351 542 πω
3375 476 3569 536 mente,
3591 469 3751 538 gloriae

2232 569 2343 608 sua:
2382 554 2575 608 damna
2630 555 2928 623 lugentem,
2965 564 3020 610 et
3046 555 3379 610 allliclatione
3405 558 3664 611 miserabili
3686 559 3752 613 la-

2233 643 2513 697 borantem
2540 644 2593 699 in
2616 632 2956 712 gemitu'suo,
2980 652 3033 699 et
3054 645 3122 699 de
3142 647 3362 714 propria:
3381 648 3545 702 carnis
3566 648 3753 705 interitu

2235 733 2396 788 vitam
2429 734 2632 788 animm
2656 735 2895 804 recipere
2934 736 3190 790 nitentem
3211 775 3225 801 ,
3256 750 3451 804 perque
3487 737 3755 792 orationum

2236 825 2502 895 impendia
2527 866 2542 891 ,
2574 834 2630 879 et
2660 808 3054 895 (dfgemituum
3096 824 3337 894 suffragia
3361 868 3377 894 ,
3407 827 3663 882 ambitiosa
3686 827 3755 882 lac

2233 929 2534 984 crymarum
2582 915 2871 970 vulnerata:
2925 915 3113 970 salutis
3158 916 3385 970 remedia
3446 924 3755 985 qumrentem.

2235 1004 2404 1071 Quam
2443 1014 2568 1076 apte
2612 1006 2916 1075 hujusmodi
2958 1022 3162 1076 pauper
3196 1014 3249 1060 et
3276 1016 3513 1077 peccator
3539 1006 3758 1078 [Egyplia

2234 1101 2330 1148 aut
2372 1102 2633 1149 nocturna
2678 1095 2791 1148 avis
2819 1095 3016 1150 dicitur
3046 1113 3059 1148 :
3085 1098 3157 1167 (ε)
3187 1095 3285 1162 Qui
3324 1097 3460 1151 enim
3498 1112 3555 1152 se
3595 1096 3656 1150 ad
3677 1098 3758 1150 de-

2233 1179 2407 1237 ﬂenda
2455 1190 2513 1238 et
2550 1184 2853 1239 conﬁtenda
2889 1192 3107 1254 peccata
3149 1200 3428 1241 secernens
3464 1201 3492 1239 a
3523 1186 3761 1240 communi

2233 1269 2485 1327 Ecclesiae
2526 1281 2666 1327 coetu
2694 1274 2832 1327 intra
2861 1275 3185 1342 ergastulum
3212 1275 3410 1330 cellula:
3432 1290 3534 1330 sua:
3568 1284 3764 1334 llitBSlllS

2234 1360 2486 1427 includit,
2517 1371 2573 1416 et
2592 1363 2873 1432 elongatur
2898 1363 2967 1417 ab
2997 1364 3101 1418 hoc
3126 1365 3307 1419 seculo
3335 1364 3531 1433 fugiens
3548 1405 3563 1433 ,
3590 1372 3644 1418 ut
3665 1379 3762 1417 ma-

2236 1460 2361 1506 neat
2403 1453 2459 1506 in
2506 1452 2793 1506 solitudine
2832 1452 3252 1523 deplorationis,
3301 1461 3355 1508 et
3392 1454 3496 1509 illic
3541 1451 3764 1508 adversus

2234 1544 2412 1599 carnis
2439 1558 2549 1598 sure
2582 1543 2844 1600 desideria
2872 1544 3144 1615 confligat,
3180 1553 3234 1600 et
3261 1547 3313 1600 in
3334 1554 3544 1615 peccata
3564 1561 3649 1600 sua
3670 1544 3764 1614 spi-

2235 1632 2377 1685 ritali
2401 1632 2694 1687 certamine
2717 1633 3041 1687 conterenda
3070 1634 3374 1704 depugnet,
3404 1641 3542 1689 certe
3560 1642 3611 1688 et
3634 1633 3763 1687 habi-

562 1731 635 1784 ris
674 1745 827 1799 super
866 1736 1049 1781 tectum
1070 1725 1120 1780 ἀ.
1152 1725 1439 1780 Videamus
1463 1724 1567 1779 hoc
1596 1724 1715 1778 loco
1737 1762 1751 1787 ,
1782 1725 1826 1778 si
1854 1724 2045 1793 placet,
2079 1723 2132 1777 in
2164 1729 2208 1789 Β
2237 1723 2413 1777 taculo
2441 1722 2644 1793 pariter
2671 1731 2726 1777 et
2752 1723 2936 1792 praclio
2981 1723 3039 1777 fit
3062 1725 3247 1778 similis
3275 1724 3518 1795 pellicano
3555 1722 3762 1776 solitudi-

562 1835 724 1889 quam
754 1819 1017 1874 rationem
1045 1817 1158 1871 hinc
1186 1816 1361 1870 avium
1381 1829 1598 1883 genera,
1623 1822 1679 1869 et
1701 1814 1805 1869 hoc
1827 1814 2013 1869 ordine
2033 1813 2132 1868 sub

560 1924 792 1980 persona
837 1907 1088 1977 pauperis
1125 1906 1309 1972 anxii,
1345 1905 1396 1959 id
1423 1912 1535 1970 est,
1563 1905 1891 1974 pmnitentis,
1924 1903 1991 1957 ad
2017 1905 2133 1959 ino-

562 2002 701 2073 piam
747 2001 861 2070 spei
891 2015 988 2069 per
1014 1998 1247 2068 aliquem
1281 1999 1482 2067 lapsum
1511 1997 1754 2062 redacti,
1788 1997 2134 2066 propheticus

559 2104 738 2144 sermo
758 2089 1023 2157 disponat.
1054 2087 1307 2153 Fertis“,
1335 2096 1396 2141 ut
1419 2087 1630 2156 opinor,
1654 2086 2033 2154 loquacitatem
2052 2085 2134 2138 in-

558 2180 816 2248 sipientize
843 2194 998 2246 mete,
1028 2193 1189 2247 quam
1217 2178 1283 2231 ad
1313 2186 1642 2232 contemtum
1672 2184 1904 2230 vestrum
1930 2177 1971 2207 “
2001 2190 2131 2245 pro-

558 2269 813 2322 vocastis.
844 2267 1041 2336 Accepi
1087 2267 1229 2320 enim
1259 2282 1289 2320 a
1318 2266 1551 2334 quodam
1597 2274 1783 2319 sancto
1821 2265 2133 2320 doctissimo

561 2356 675 2410 viro
703 2354 978 2427 (Ruﬁno)
1006 2364 1062 2411 et
1111 2356 1386 2411 carissimo
1412 2356 1574 2419 mihi,
1604 2356 1697 2422 qui
1727 2370 1833 2408 non
1857 2355 2029 2411 solum
2057 2354 2134 2408 le-

559 2444 755 2515 gendo,
785 2445 879 2500 sed
913 2446 1075 2500 etiam
1104 2444 1492 2514 peregrinando
1530 2444 1695 2498 multa
1722 2445 1989 2512 cognovit,
2014 2444 2131 2514 pel-

562 2535 789 2589 licanum
816 2550 969 2590 avem
997 2550 1116 2590 esse
1156 2536 1206 2588 in
1236 2534 1491 2605 Egypto,
1532 2535 1617 2590 vel
1646 2516 1749 2589 illis
1772 2534 1922 2603 juxta
1960 2536 2132 2604 parti-

559 2624 660 2680 bus
688 2626 937 2679 usitatam
963 2625 1225 2695 proximis
1246 2625 1367 2680 Nilo
1397 2626 1600 2680 tlumini
1640 2625 1864 2680 desertis
1884 2626 2128 2693 uberare,

560 2715 902 2785 serpentibus
945 2716 1087 2771 vesci
1111 2757 1125 2781 ,
1158 2714 1229 2787 (c)
1260 2716 1311 2769 in
1341 2731 1478 2786 quos
1505 2716 1807 2771 dimicando
1834 2718 2130 2787 prmvalue-

558 2806 647 2859 rit.
672 2803 814 2874 Ergo
842 2812 1044 2875 pugnat
1080 2816 1137 2859 ut
1172 2806 1370 2874 vincat,
1400 2814 1455 2861 et
1476 2806 1614 2861 victa
1638 2807 1861 2862 moritur
1894 2823 1906 2859 :
1937 2806 2131 2861 victrix

560 2911 688 2951 vero
745 2904 801 2951 et
852 2896 1033 2951 evadit
1085 2904 1350 2961 mortem,
1418 2904 1471 2950 et
1522 2897 1748 2968 acquirit
1801 2898 2127 2953 alimoniam.

558 2985 711 3052 Quod
756 2993 936 3042 autem
984 2988 1290 3057 nycticorax
1338 2987 1594 3056 scriptum
1636 2996 1751 3051 est,
1802 2990 2127 3059 nycticoram

2234 1814 2313 1867 nis
2336 1853 2351 1877 ,
2384 1820 2440 1866 et
2480 1812 2621 1866 illam
2667 1812 2935 1867 inimicam
2976 1814 3315 1882 serpentibus
3350 1813 3641 1877 volucrem,
3678 1810 3762 1881 ipsi

2232 1903 2445 1959 diabolo
2466 1905 2511 1936 ³³
2558 1912 2613 1958 et
2640 1905 2964 1975 principibus
2999 1906 3357 1971 tenebrarum,
3389 1906 3439 1959 in
3474 1904 3688 1974 peccatis
3718 1911 3765 1958 et

2233 1995 2644 2063 cogitationibus
2680 1996 2856 2050 carnis
2884 1995 3271 2065 expugnandis,
3302 1995 3550 2050 dimicans
3574 1992 3765 2047 :emula-

2233 2092 2337 2139 tur.
2370 2084 2437 2138 Et
2475 2085 2523 2140 si
2569 2086 2622 2139 in
2664 2101 2730 2141 eo
2777 2101 2949 2155 agone
2993 2087 3348 2156 superaverit,
3385 2085 3525 2141 vivet
3559 2082 3764 2138 hostium

2231 2191 2448 2230 suorum
2476 2185 2782 2245 superstes:
2808 2192 2986 2232 escam
3012 2177 3081 2231 de
3105 2177 3389 2231 victoria”
3415 2191 3506 2231 sua
3532 2174 3624 2229 sibi
3646 2187 3764 2241 quae

2231 2265 2320 2329 rit,
2351 2264 2475 2333 quia
2501 2265 2625 2319 vita:
2653 2265 2899 2320 meritum
2922 2304 2937 2329 ,
2971 2266 3037 2339 (Γ)
3063 2268 3270 2336 peccati
3319 2275 3373 2322 et
3408 2265 3594 2321 diaboli
3620 2264 3765 2318 victor

2232 2354 2477 2423 acquirit,
2508 2369 2667 2422 quem
2688 2370 2810 2410 cum
2831 2356 2976 2410 omni
3005 2356 3257 2425 nequitiae
3285 2355 3528 2427 spiritalis
3554 2352 3766 2408 exercitu

2232 2443 2284 2497 in
2314 2443 2603 2512 perniciem
2626 2450 2860 2498 nostram
2880 2445 3041 2500 variis
3059 2445 3264 2500 artibus
3292 2459 3502 2514 serpere
3526 2440 3764 2513 quotidia-

2232 2536 2313 2590 nis
2342 2536 2612 2591 interioris
2638 2537 2806 2591 nostri
2839 2537 3089 2605 periculis
3119 2537 3443 2607 experimur.
3470 2534 3569 2589 Sed
3594 2531 3766 2601 gratias

2230 2624 2370 2690 Dco,
2398 2626 2489 2694 qui
2516 2626 2662 2681 dedit
2706 2627 2860 2681 nobis
2894 2627 3175 2683 victoriam
3204 2643 3304 2698 per
3330 2627 3501 2682 Jesum
3528 2623 3767 2679 Christum

2230 2714 2511 2769 Dominum
2532 2723 2795 2779 nostrum,
2813 2723 2871 2768 ut
2889 2732 3041 2786 super
3061 2716 3294 2786 aspidem
3316 2726 3363 2770 et
3383 2716 3657 2768 basiliscum
3676 2726 3766 2762 am-

2230 2803 2474 2870 bulemus,
2505 2814 2553 2858 et
2576 2804 2925 2859 conculcemus
2963 2805 3158 2859 leonem
3185 2814 3234 2859 et
3282 2806 3547 2858 draconem
3579 2810 3621 2855 ο.
3647 2798 3767 2867 Ergo

2230 2896 2470 2949 adversus
2508 2894 2809 2963 hujusmodi
2839 2897 2917 2964 (g)
2944 2896 3200 2965 principes
3231 2896 3547 2949 tenebrarum
3590 2903 3767 2961 pugne-

2230 2999 2380 3048 mus,
2415 2985 2519 3039 hoc
2547 2992 2627 3038 est
2645 3024 2660 3048 ,
2687 2985 2959 3039 hominum
3003 2994 3350 3054 peccatorum
3376 2992 3628 3055 potentes,
3652 2993 3769 3050 quos

556 3091 681 3146 esse
702 3076 881 3130 verius
908 3076 1180 3131 asserebat
1203 3094 1217 3141 ;
1259 3076 1416 3145 idque
1443 3076 1707 3145 probabili
1746 3076 1952 3131 ratione
1980 3075 2125 3130 vide-
2154 3071 2200 3134 C
2231 3073 2516 3143 Apostolus
2543 3074 2792 3127 tenebras
2818 3073 2948 3128 dicit
2974 3074 3015 3138 τ,
3041 3090 3161 3128 cum
3183 3075 3380 3142 quibus
3416 3074 3562 3129 nobis
3604 3067 3767 3124 aemula

557 3169 713 3221 batur
742 3166 1065 3232 ostendere;
1118 3183 1240 3221 cum
1270 3166 1413 3220 illam
1442 3182 1595 3220 avem
1624 3167 1728 3221 hoc
1755 3168 1875 3222 loco
1900 3167 2131 3236 positam

556 3255 779 3320 diceret,
804 3270 962 3324 quam
992 3256 1322 3325 appellamus
1346 3263 1616 3322 noctuam,
1646 3256 1769 3327 quia
1798 3264 2008 3311 secreto
2028 3272 2129 3311 no-

556 3342 732 3398 ctibus
758 3350 947 3398 cantus
971 3352 1219 3397 exerceat
1257 3351 1313 3397 et
1338 3344 1544 3398 volatus
1569 3360 1582 3410 ;
1614 3352 1668 3397 et
1696 3344 2022 3399 obscuritate
2051 3352 2131 3399 te-

560 3431 867 3497 nebrarum,
883 3446 989 3499 qua
1010 3430 1121 3486 fere
1141 3439 1333 3486 cuncta
1353 3432 1584 3501 caligant
1605 3434 1875 3501 animalia,
1899 3435 2128 3490 lumine-

556 3527 645 3574 tur
669 3538 681 3573 :
714 3520 853 3575 unde
881 3521 1152 3592 nyctiCora
1182 3522 1357 3591 aptius
1385 3538 1543 3592 quam
1565 3524 1874 3595 nycticorax
1900 3525 2126 3581 dicitur:

555 3609 681 3677 quia
728 3610 1059 3681 nycticorax,
1112 3618 1404 3666 nocturnus
1451 3626 1644 3667 corvus
1692 3612 2061 3684 interpretatio
2082 3617 2127 3647 ³⁸

554 3708 669 3767 est;
700 3700 972 3771 nycticora
1020 3709 1198 3756 autem
1220 3740 1237 3766 ,
1285 3709 1441 3757 nocte
1464 3702 1687 3768 videns;
1744 3718 1811 3758 eo
1839 3705 1982 3772 quod
2025 3720 2127 3775 pu-

555 3790 684 3861 pilla
738 3792 879 3846 oculi
939 3793 1059 3868 κὸρη
1123 3806 1153 3846 a
1200 3792 1400 3847 Grmcis
1462 3802 1703 3848 vocetur.
1756 3793 1896 3848 Nihil
1950 3804 2126 3850 autem

555 3887 810 3933 noctuam
847 3880 1019 3935 simile
1065 3880 1211 3935 corvi
1260 3880 1458 3935 habere
1504 3881 1841 3937 manifestum
1864 3892 1965 3938 est.
1997 3883 2128 3941 Por-

554 3983 618 4023 ro
656 3970 995 4038 perspicuum
1043 3985 1199 4033 eam,
1247 3979 1306 4023 ut
1352 3971 1483 4036 dixi,
1539 3972 1675 4026 sicut
1715 3974 1969 4041 quasdam
1996 3977 2128 4031 alias

555 4072 702 4121 aves,
745 4058 918 4113 noctis
949 4058 1001 4111 in
1047 4059 1282 4112 tenebris
1328 4059 1496 4127 magis
1543 4075 1784 4124 cernere,
1841 4071 1896 4116 et
1947 4064 1998 4118 in
2045 4066 2127 4120 lu-

556 4147 699 4202 mine
726 4148 1009 4213 caecutire,
1039 4154 1251 4202 noctem
1279 4147 1468 4202 diebus
1497 4150 1639 4217 pati,
1671 4151 1843 4207 lucem
1880 4155 2128 4212 noctibus

558 4249 838 4305 usurpare.

626 4329 678 4382 7.
719 4328 870 4384 Nunc
895 4342 1043 4399 ergo,
1070 4329 1335 4386 benedicti
1366 4333 1492 4400 mei,
1521 4333 1701 4392 videte
1738 4339 1968 4407 qualiter
2012 4341 2125 4396 haec

2231 3179 2330 3233 pro
2356 3163 2527 3216 salute
2554 3165 2807 3216 contentio
2833 3172 2928 3228 est,
2961 3171 3112 3217 orate
3141 3171 3200 3217 ut
3224 3163 3330 3219 hos
3356 3170 3637 3233 serpentes,
3661 3158 3767 3212 dum

2231 3253 2284 3306 in
2316 3253 2466 3306 istius
2506 3251 2688 3305 mundi
2728 3251 2946 3307 deserto
2994 3254 3198 3321 agimus
3220 3292 3235 3317 ,
3269 3254 3514 3323 exemplo
3543 3252 3668 3305 illius
3704 3247 3770 3314 (h)

2228 3342 2476 3396 salutaris
2501 3342 2641 3395 alitis
2663 3342 2930 3397 tollamus.
2955 3342 3157 3409 Quibus
3178 3344 3420 3411 obtritis,
3441 3352 3495 3398 et
3520 3358 3610 3412 per
3631 3340 3775 3392 victo-

2228 3434 2362 3489 riam
2389 3434 2677 3500 devoratis,
2701 3435 2851 3503 quasi
2874 3435 3110 3489 discussa
3130 3435 3272 3489 nube
3301 3435 3658 3495 tenebrarum,
3681 3428 3777 3482 iilu~

2229 3524 2519 3579 minabitur
2552 3532 2734 3578 noster
2761 3524 3064 3591 interior",
3092 3532 3147 3579 et
3188 3533 3315 3579 tunc
3352 3526 3443 3579 liet
3471 3522 3609 3594 quasi
3633 3516 3776 3588 nycti-

2227 3631 2349 3668 cora
2401 3615 2457 3667 in
2503 3614 2790 3678 domicilio,
2836 3614 2939 3668 hoc
2975 3622 3090 3681 est,
3138 3614 3191 3668 in
3232 3614 3403 3669 domo
3449 3610 3674 3673 Domini,
3726 3615 3777 3658 ut

2228 3705 2368 3759 inter
2395 3703 2551 3773 hujus
2579 3704 2743 3759 seculi
2782 3703 3028 3759 tenebras
3074 3712 3287 3759 acutam
3342 3705 3509 3760 aciem
3536 3700 3776 3757 dcfmcatm

2227 3796 2422 3850 mentis
2444 3794 2703 3859 intendat,
2729 3802 2782 3848 et
2821 3795 2991 3864 possit
3018 3794 3308 3850 secundum
3341 3795 3643 3866 prophetam
3669 3788 3775 3842 tali-

2227 3883 2325 3938 bus
2353 3884 2522 3939 oculis
2570 3885 2631 3954 (i)
2674 3884 2959 3939 luininatus
3010 3884 3190 3939 dicere
3222 3904 3234 3937 ;
3266 3882 3408 3949 Quia
3446 3884 3655 3939 tenebris
3687 3895 3777 3933 non

2226 3974 2631 4030 obscurabuntur
2657 3993 2688 4028 a
2716 3993 2815 4038 me,
2844 3984 2892 4028 et
2919 3992 3023 4030 nox
3049 3978 3179 4030 sicut
3207 3977 3314 4030 dies
3360 3975 3715 4032 illuminabitur
3735 3978 3777 4023 8.

2227 4063 2382 4131 Quod
2428 4065 2613 4133 utique
2654 4065 2733 4132 lit,
2756 4080 2876 4120 cum
2907 4072 3133 4134 utraque
3159 4066 3459 4122 substantia
3505 4067 3555 4120 in
3585 4060 3778 4118 homine

2225 4156 2327 4211 sibi
2350 4156 2616 4224 congruit,
2655 4164 2709 4209 ut
2745 4156 2907 4210 etiam
2934 4171 3062 4211 caro
3091 4166 3362 4213 terrenam
3387 4157 3613 4213 inficiata
3643 4158 3779 4208 natu.

2225 4264 2340 4304 ram
2370 4247 2439 4302 ad
2466 4248 2655 4301 anima:
2694 4245 3038 4302 concordiam
3069 4247 3291 4317 spiritali
3334 4248 3527 4316 migret
3561 4244 3776 4299 affectu:

2227 4350 2283 4395 et
2310 4349 2433 4394 tunc
2460 4353 2563 4392 nos:
2591 4338 2722 4390 sicut
2759 4337 2869 4391 dies
2898 4336 2962 4406 lj)
3000 4337 3397 4402 illuminabitur,
3442 4352 3555 4391 cum
3580 4343 3628 4388 et
3652 4343 3778 4392 caro.

556 4418 671 4472 avis
695 4427 954 4488 congruat
980 4420 1048 4475 ad
1065 4436 1355 4492 pauperem
1392 4432 1663 4489 maestum,
1693 4426 1796 4481 hoc
1826 4437 1927 4492 est,
1957 4431 2127 4498 pmni-
2154 4424 2203 4485 Ι)
2227 4432 2365 4487 sicut
2391 4428 2588 4493 anima,
2619 4427 2872 4498 spiritalis
2896 4425 3174 4483 efficietur.

627 4534 654 4562 ⁸
692 4524 947 4606 Psal._§t,
988 4527 1041 4581 7.
1119 4527 1146 4568 δ
1187 4526 1383 4599 Ephes.
1442 4545 1522 4593 tv,
1551 4530 1639 4583 24.
1716 4543 1739 4572 ο
1783 4532 1921 4589 Psal.
1953 4552 2023 4603 cr,
2050 4538 2101 4592 7.
2177 4536 2201 4577 ι)
2242 4537 2475 4606 lbid.,8.
2552 4547 2576 4576 ο
2603 4536 2744 4591 Psal.
2777 4552 2863 4603 xc,
2897 4535 2984 4590 1'5.
3062 4533 3082 4574 τ
3107 4535 3304 4606 Ephes.
3328 4552 3402 4604 vr,
3434 4536 3521 4591 l2.
3604 4528 3779 4588 sPsal.

555 4610 809 4660 cxxxvtn,
839 4596 924 4650 12.

624 4694 706 4778 (α)
731 4709 1020 4785 vulgatam
1028 4711 1324 4785 retinemus
1344 4712 1644 4785 lectionem,
1668 4730 1774 4769 non
1796 4716 1937 4770 enim
1958 4717 2135 4785 placet

556 4792 683 4849 mss.
712 4779 954 4849 codicum
982 4779 1137 4833 Clnn.
1168 4780 1389 4834 etVien.
1413 4780 1593 4849 lectio,
1611 4793 1659 4836 et
1680 4785 1733 4836 in
1762 4786 1871 4838 alta
1894 4779 2132 4839 virtutum

555 4848 718 4902 arduo
738 4848 843 4929 (ine
861 4850 1103 4920 perfecti,-
1146 4865 1245 4904 nec
1265 4849 1515 4905 Chililetii
1536 4854 1819 4921 correctio,
1847 4855 2008 4909 arduo
2028 4854 2133 4925 ﬁne

619 4926 792 4969 ruecti.

555 4934 822 5056 Ῥεῖἲῖσὲι
849 4999 978 5039 mss.
1009 4986 1189 5051 Clun.,
1219 4987 1337 5041 Nol.
1369 4998 1423 5040 et
1449 4988 1602 5043 Vien.
1645 4999 1700 5044 et
1726 4991 1811 5045 ed.
1835 4990 2009 5045 Chiﬂl.
2039 5007 2126 5047 re-

555 5054 831 5125 poSuim’us
850 5055 1126 5124 singularis
1146 5073 1299 5126 super
1331 5064 1553 5118 tectum;
1581 5059 1657 5113 sic
1686 5061 1827 5114 enim
1852 5059 2124 5127 Paulinus,

556 5139 610 5177 n.
643 5122 677 5176 8
705 5130 759 5178 et
780 5122 845 5182 9,
878 5123 1112 5182 itemque
1140 5128 1194 5180 in
1231 5141 1317 5182 et).
1350 5124 1418 5179 49
1448 5127 1515 5181 ad
1544 5126 1741 5182 Macar.
1772 5145 1827 5182 n.
1862 5127 1912 5182 5.
1945 5146 2124 5182 passer

556 5140 610 5177 ιι.
643 5140 677 5176 δ
705 5140 759 5178 et
780 5140 845 5183 υ,
878 5140 1112 5192 Itemque
1140 5143 1194 5180 in
1231 5141 1317 5195 ep.
1350 5140 1418 5179 ea
1448 5140 1515 5181 ad
1544 5140 1741 5183 macar.
1772 5145 1827 5183 η,
1862 5140 1912 5195 5,
1944 5146 2124 5200 passer

554 5195 907 5261 unicusisuper
929 5200 1133 5247 tectum.

628 5260 700 5331 (ς)
737 5260 942 5331 ιωωε.
987 5262 1159 5318 codex
1206 5263 1379 5317 Vatic.
1411 5271 1466 5316 et
1519 5265 1646 5318 edit.
1696 5266 1858 5320 Rosv.
1884 5267 1953 5320 At
1996 5284 2123 5323 mss.

554 5328 862 5406 Clun._lVol.
886 5338 942 5406 et_
967 5331 1122 5406 Vien.
1150 5347 1269 5387 cum
1297 5332 1425 5387 edit.
1455 5332 1655 5402 Chilfl.,
1683 5353 1809 5406 quos
1832 5336 2126 5392 dimicando

554 5399 845 5469 perculerit,
874 5399 1050 5469 minus
1077 5402 1234 5457 bene.

624 5469 709 5540 (ά)
747 5467 838 5523 Sic
855 5484 984 5524 mss.
1007 5468 1189 5540 Clun.,
1218 5470 1337 5525 Nol.
1370 5479 1426 5525 et
1452 5470 1606 5525 Vien.
1637 5487 1757 5527 cum
1790 5472 1917 5528 edit.
1944 5472 2123 5530 Chil‘ll.

554 5535 699 5594 Ante
714 5545 831 5593 erat
852 5538 1137 5609 ingentium
1176 5535 1456 5611 ’suﬂragia,
1486 5540 1790 5608 ambitiosae,
1822 5550 1953 5611 etc.,
1980 5545 2127 5600 nullo

553 5619 734 5663 scnsu.

628 5675 702 5746 (ι)
728 5672 808 5733 lta
826 5693 953 5735 mss.
977 5676 1325 5747 Clun.,Vien.
1341 5687 1400 5739 et
1417 5678 1550 5739 edit.
1572 5678 1747 5738 Chiﬂl.
1769 5678 1906 5745 Edit.
1934 5681 2125 5751 Rosv.,

2232 4728 2282 4771 et
2302 4719 2356 4771 in
2382 4733 2481 4779 quo
2501 4733 2557 4771 se
2573 4725 2840 4779 secretum,
2869 4725 2972 4771 etc.

2306 4787 2374 4857 (Γ)
2396 4780 2758 4867 Hancvocem
2781 4785 3077 4866 addidimus
3091 4798 3160 4839 ex
3178 4799 3305 4839 mss.
3320 4784 3594 4840 codicibus
3619 4780 3786 4842 Clun.,

2233 4856 2378 4909 Nol..
2406 4856 2562 4909 Vlen.
2593 4864 2649 4909 et
2676 4855 2805 4909 edit.
2835 4852 3069 4908 Chtﬂlet.

2280 4870 2378 4919 OL,
2414 4870 2562 4910 Vlen.
2593 4870 2649 4910 et
2676 4870 2805 4910 etut.
2835 4870 3069 4908 unuuet.

2304 4915 2378 4994 (g)
2418 4923 2509 4994 S_ic_
2532 4925 2932 4994 emendavimus
2969 4938 3180 4994 exms.
3209 4923 3364 4994 Clnn.
3397 4920 3583 4977 codice
3622 4926 3676 4994 et
3708 4915 3787 4972 ed.

2304 4943 2319 4994 ι
2365 4943 2378 4987 ν
2418 4943 2507 4978 mc
2532 4943 2932 4979 emenuavnmus
2969 4943 3037 4976 ex
3078 4943 3180 4977 ms.
3209 4943 3364 4977 unm.
3397 4943 3583 4977 cource
3622 4943 3676 4974 et
3708 4943 3787 4972 eu.

2231 4943 2404 5074 Chii“:
2436 4992 2533 5074 Ed.
2564 4993 2749 5074 Rosv.,
2780 4993 3020 5074 adversus
3042 4992 3332 5074 hujusmodi
3352 5001 3545 5074 noctes,
3574 4989 3658 5059 qui
3684 4998 3791 5074 sunt

2230 5063 2485 5131 principes
2508 5063 2850 5132 tenebrarum,
2881 5062 2976 5116 hoc
3004 5072 3082 5115 est
3109 5063 3337 5115 homines
3364 5069 3687 5132 peccatorum
3710 5070 3793 5121 pc-

2229 5141 2409 5197 tentes,
2432 5146 2576 5197 quos,
2600 5131 2744 5185 nullo
2763 5146 2944 5184 sensu.

2301 5200 2379 5269 (h)
2417 5197 2513 5252 Ms.
2538 5199 2683 5265 Nol.,
2710 5197 3116 5269 solitariietSed
3141 5199 3392 5256 convenit
3409 5198 3682 5268 epitheton
3710 5205 3791 5246 sa-

2227 5268 2587 5342 lutaris,_quia
2618 5276 2894 5342 serpentes
2922 5268 3080 5339 tollit.
3218 5336 3253 5342 __
3294 5336 3323 5342 __
3439 5331 3493 5342 Α,
3643 5330 3702 5342 ω

2299 5339 2364 5406 (i)
2379 5330 2496 5406 _Sié
2515 5330 2860 5406 emendamus
2887 5336 2954 5391 ex
2979 5352 3107 5391 mss.
3135 5336 3409 5391 codicibus
3432 5331 3620 5406 Clum,
3643 5330 3792 5384 Vien.

2228 5402 2459 5460 et'edit.
2507 5403 2683 5461 Chilil.
2734 5415 2789 5460 et
2835 5406 3097 5460 correctio
3138 5414 3318 5459 nostra
3348 5402 3697 5459 conﬁrmatur
3732 5409 3795 5451 ex

2230 5474 2394 5597 exist.
2419 5473 2518 5596 ut,
2542 5490 2598 5528 n.
2626 5474 2680 5538 2,
2712 5476 2887 5529 oculus
2907 5475 3123 5529 interior
3147 5474 3449 5528 luminatur.
3479 5470 3580 5528 Ed.
3611 5469 3792 5527 Rosv.,

2230 5560 2247 5597 ι
2290 5560 2464 5596 nmina
2490 5559 2595 5596 um.

2290 5560 2595 5596 ummamm.

2230 5552 2595 5597 illuminatum.

2230 5679 2242 5692 _
2405 5611 2567 5692 iidem
2593 5612 2834 5680 codices,
2870 5611 3261 5669 illuminatur...
3290 5608 3528 5683 efﬁcitur.
3566 5605 3795 5674 Utraque

2227 5679 2387 5737 lectio
2405 5680 2568 5737 bona.
