3988 6176
270 322 375 379 5Ἱὸ

1658 313 1987 371 EPISTOLA
2027 313 2135 370 XL.

3420 320 3530 377 574

3103 374 3127 401 ε

338 436 392 492 8.
435 434 595 503 Quod
622 435 667 490 si
698 449 793 506 per
826 434 1097 489 orationes
1123 440 1332 487 vestras
1360 432 1519 487 fuerit
1565 431 1843 496 indultum,
1876 432 1924 490 A
1950 428 2214 499 Scriptum
2228 431 2624 499 estenim,quia
2638 430 3011 500 255(d)non
3024 433 3533 491 sinecausatendun-

274 527 434 598 244
460 534 521 581 ut
549 535 605 580 et
629 527 681 580 in
713 526 869 581 hoste
915 526 1135 595 vipereo
1165 524 1492 579 conterendo
1526 525 1603 594 (a)
1632 524 1851 593 pellica-

272 632 397 670 num
428 615 732 669 solitudinis
768 615 1101 680 :emulemur,
1124 622 1179 668 et
1202 615 1490 684 nycticorze
1519 615 1687 669 oculis
1716 615 1855 668 inter

270 707 431 777 hujus
470 707 636 763 seculi
665 708 893 761 obscura
918 721 1231 769 cernamus,
1263 714 1389 761 tunc
1429 706 1481 759 in
1513 721 1856 760 consumma-

273 799 421 853 tione
443 797 668 867 pedibus
693 798 1016 861 constitutis,
1040 812 1202 866 super
1229 796 1440 851 excelsa
1470 794 1721 866 perfecta;
1748 797 1857 849 vir—

271 888 402 941 tutis
423 887 681 957 impositi,
704 886 972 954 vigilando
999 886 1052 939 in
1082 885 1435 949 orationibus,
1466 895 1521 939 et
1550 885 1855 939 meditando

272 978 327 1032 in
364 978 486 1044 lege
532 977 761 1039 Domini,
794 976 1086 1031 efﬁciemur
1127 978 1259 1030 sicut
1284 993 1464 1046 passer
1500 978 1677 1030 unicus
1706 993 1857 1045 super

275 1076 460 1119 tectum
508 1076 553 1130 ιι,
584 1074 639 1120 et
658 1080 884 1135 corpore
913 1074 967 1120 et
995 1066 1181 1135 spiritu
1211 1074 1538 1132 congruente
1569 1065 1640 1131 (ὁ)
1674 1066 1726 1118 in
1754 1081 1855 1119 vo-

272 1156 483 1211 luntate
512 1157 628 1221 Dei,
649 1156 769 1225 jure
798 1156 1036 1211 dicemus
1069 1175 1081 1209 :
1117 1155 1463 1227 Singulariter
1490 1174 1598 1211 sum
1629 1173 1741 1227 ego,
1771 1158 1859 1209 do-

273 1266 367 1303 nec
397 1258 659 1302 transeam
687 1248 735 1302 δ.
760 1247 826 1301 Et
853 1248 971 1316 quis
1000 1258 1081 1303 est
1112 1249 1211 1303 iste
1239 1263 1441 1318 passer,
1475 1249 1527 1301 in
1557 1262 1664 1315 quo
1686 1247 1855 1301 forma

274 1338 502 1409 perfecti
527 1348 627 1405 est,
648 1339 749 1393 nisi
777 1356 954 1409 passer
981 1340 1069 1394 ille
1097 1340 1186 1409 qui
1216 1342 1405 1395 invenit
1424 1341 1521 1394 sibi
1552 1341 1777 1403 domum,
1808 1348 1857 1392 et

274 1448 389 1483 cum
419 1440 617 1484 turture
643 1432 819 1485 nidum
854 1433 949 1484 sibi
987 1434 1106 1499 fecit
1135 1432 1324 1485 altaria
1356 1442 1460 1495 tua,
1496 1431 1715 1485 Domine
1751 1434 1854 1484 vir—

278 1530 438 1573 tutum
471 1522 538 1573 εἳ
565 1520 669 1575 Iste
698 1520 875 1575 forsan
906 1537 1091 1589 passer
1120 1530 1201 1575 est
1228 1522 1295 1576 de
1333 1522 1539 1577 duobus
1568 1523 1669 1576 illis
1721 1538 1856 1589 quo-

277 1624 393 1662 rum
432 1626 567 1663 unus
608 1627 708 1664 non
752 1611 891 1663 cadit
926 1628 1075 1680 super
1104 1620 1292 1665 terram
1321 1612 1433 1665 sine
1461 1612 1719 1665 voluntate
1752 1610 1856 1663 l’a-

279 1698 370 1751 tris
391 1695 440 1751 δ.
471 1698 675 1756 Cecidit
703 1701 844 1754 enim
884 1716 1069 1770 passer
1106 1702 1193 1755 hic
1233 1717 1473 1755 summus
1512 1702 1563 1755 in
1606 1717 1853 1770 corpore,

1957 529 2039 572 tur
2077 520 2249 574 avibus
2276 522 2405 574 retia
2426 532 2473 574 P.
2518 519 2585 573 Et
2610 521 2825 585 scimus,
2870 521 2995 588 quia
3039 521 3117 574 sic
3146 522 3457 579 insidiantes
3483 526 3530 558 ”

1952 612 2229 667 volucrum
2242 612 2565 683 simplicitati
2583 627 2814 681 aucupes
2830 612 2975 666 humi
2988 620 3193 681 ponunt
3209 613 3529 679 teudiculas;

1956 704 2030 774 (ε)
2056 712 2111 758 et
2136 705 2453 772 plerumque
2480 719 2622 767 esca,
2653 704 2738 757 vel
2756 704 2883 757 (:aeci
2912 702 3066 756 illicis
3094 718 3311 771 aspersa
3348 702 3537 760 fraude

1955 795 2227 864 deponunt
2258 811 2401 859 aves,
2434 803 2490 849 et
2530 794 2731 864 opertis
2755 794 2945 848 doloso
2973 794 3175 863 cespite
3201 794 3405 862 laqueis
3432 795 3536 848 im-

1954 883 2153 953 plicant
2181 884 2443 938 credulas.
2496 883 2601 939 Sed
2632 899 2730 938 nos
2757 883 2917 938 simili
2968 890 3084 937 arte
3113 900 3211 938 nos
3239 884 3536 939 sollicitan-

1959 972 2097 1025 tibus
2122 987 2218 1041 per
2242 974 2491 1027 obtentas
2533 973 2716 1027 mundi
2756 972 2916 1040 hujus
2963 973 3243 1027 illecebras
3283 974 3537 1041 nequitia:

1958 1062 2210 1130 spiritalis
2239 1063 2550 1131 aucupibus,
2580 1062 2771 1116 armati
2796 1061 2900 1117 fide
2927 1070 2982 1117 et
3007 1062 3289 1117 illuminati
3309 1064 3538 1117 veritate

1956 1153 2194 1207 dicamus
2224 1171 2235 1204 :
2272 1152 2335 1205 In
2367 1153 2584 1207 Domino
2615 1154 2836 1223 conﬁdo,
2861 1153 3111 1225 quomodo
3140 1155 3309 1208 dicitis
3348 1155 3538 1208 anima:

1958 1260 2082 1297 metu
2107 1260 2124 1297 :
2152 1246 2463 1315 transmigra
2502 1247 2555 1298 in
2580 1255 2800 1299 montem
2827 1248 2956 1299 sicut
2976 1264 3155 1317 passer
3184 1258 3239 1311 9;
3283 1247 3541 1301 Discedite

1958 1349 1990 1383 a
2036 1350 2115 1385 me
2155 1350 2327 1387 omnes
2370 1336 2453 1404 qui
2495 1337 2779 1404 aperamini
2806 1338 3127 1407 iniquitatem
3159 1347 3201 1389 τ.
3246 1335 3536 1406 Propterea

1960 1439 2174 1477 oremus
2196 1424 2497 1489 Dominum,
2530 1428 2614 1496 qui
2643 1416 2899 1479 illuminat
2934 1444 3135 1480 omnem
3173 1428 3428 1481 hominem
3458 1445 3539 1481 ve-

1960 1515 2179 1567 nientem
2206 1514 2261 1566 in
2288 1515 2424 1567 hunc
2461 1516 2707 1569 mundum
2732 1526 2775 1569 ε.
2811 1515 3028 1569 Omnem
3058 1514 3312 1571 hominem
3340 1518 3539 1571 dictum

1958 1610 2109 1669 puto,
2157 1602 2281 1669 quia
2325 1617 2485 1657 nemo
2523 1605 2720 1671 homo,
2766 1606 2869 1659 nisi
2909 1619 3205 1673 agnoscens
3251 1606 3442 1673 Deum,
3487 1616 3543 1661 et

1960 1696 2051 1765 qui
2078 1697 2118 1727 ³⁸
2173 1697 2352 1765 potius
2399 1698 2656 1751 meruerit
2707 1699 2922 1764 agnosci
2961 1714 2989 1750 a
3042 1699 3171 1752 Deo.
3220 1700 3389 1764 Quem
3433 1712 3542 1751 non

275 1786 371 1841 sed
409 1795 465 1841 et
509 1790 822 1844 resurrexit.
850 1788 1055 1844 Cecidit
1101 1797 1279 1845 autem
1324 1807 1391 1845 ex
1432 1792 1723 1845 voluntatis
1769 1808 1857 1845 as-
1892 1776 1937 1833 Β
1964 1798 2334 1854 agnoscentes,
2367 1790 2650 1856 comparati
2680 1797 2797 1841 sunt
2819 1789 3069 1857 jumentis
3095 1788 3468 1858 insipientibus,
3494 1799 3543 1841 et

276 1894 457 1945 sensu,
486 1882 653 1950 [actus
673 1880 910 1935 obediens
939 1881 1083 1935 Patri
1110 1899 1267 1955 usque
1296 1884 1363 1936 ad
1382 1892 1595 1938 mortem
1617 1886 1781 1937 crucis
1808 1895 1855 1938 ε.

279 1966 377 2022 llic
400 1984 590 2037 passer
617 1978 699 2025 est
719 1970 808 2024 illa
829 1969 1124 2040 Sapientia,
1155 1986 1272 2040 qum
1304 1973 1696 2041 requirentibus
1724 1990 1782 2028 se
1806 1975 1856 2027 in

280 2058 377 2111 viis
397 2058 644 2113 hilariter
672 2060 933 2126 ostendit,
963 2077 1105 2116 nunc
1129 2062 1182 2115 iu
1206 2064 1375 2131 portis
1412 2064 1467 2116 lit
1508 2063 1685 2125 obvia,
1719 2079 1859 2119 nunc

280 2147 331 2200 in
360 2148 557 2217 plateis
580 2150 851 2215 occurrit,
885 2167 1026 2206 nunc
1054 2152 1106 2205 in
1142 2154 1309 2206 muris
1339 2154 1424 2208 vel
1451 2155 1685 2209 turribus
1713 2155 1857 2210 celsa

280 2247 543 2292 convocat
572 2240 637 2293 ad
663 2256 720 2295 se
749 2248 1019 2296 amatores
1046 2258 1193 2308 suos,
1226 2251 1279 2297 et
1310 2245 1501 2298 invitat
1528 2260 1621 2300 eos
1650 2246 1701 2300 iu
1732 2247 1855 2300 alti-

279 2328 493 2383 tudines
538 2330 923 2385 habitationum
953 2348 1167 2387 suarum
1203 2332 1245 2399 τ,
1279 2343 1336 2387 ιιι
1378 2336 1591 2405 impleat
1639 2339 1857 2392 verbum

280 2433 465 2483 suum,
496 2421 567 2485 (c)
597 2420 719 2487 quia
750 2421 1015 2476 exaltatus
1056 2424 1233 2476 omnia
1263 2424 1328 2477 ad
1359 2440 1417 2480 se
1447 2426 1609 2480 trahit
1638 2436 1682 2480 ε.
1733 2427 1858 2491 Quis

278 2509 422 2561 dabit
462 2510 610 2561 nobis
640 2528 835 2579 pennas
876 2512 1123 2567 columba:
1163 2514 1528 2585 deargentatas
1552 2515 1606 2580 ιι,
1664 2527 1721 2571 ιιι
1763 2534 1860 2588 per

279 2600 482 2671 eloquia
505 2600 714 2655 Domini
742 2612 906 2668 casta,
931 2612 980 2658 el
1004 2608 1133 2658 sicut
1162 2619 1431 2679 argentum
1454 2612 1573 2681 igne
1592 2615 1861 2668 examina-

282 2692 449 2744 tum"
479 2690 492 2727 ί
517 2734 532 2759 ,
578 2694 794 2762 pennati
819 2696 1155 2764 pervolemus
1182 2699 1223 2729 ’⁷
1254 2698 1320 2752 ad
1348 2700 1588 2755 bravium
1618 2719 1862 2773 superna:

278 2784 582 2838 vocationis
610 2825 624 2849 ,
681 2796 964 2853 sequentes
1010 2788 1171 2842 istum
1216 2806 1490 2859 passerem
1538 2796 1860 2862 singularem

281 2874 399 2941 (qui
427 2883 510 2927 est
539 2876 722 2930 unicus
756 2876 850 2930 Dei
880 2877 1064 2947 Filius)
1091 2883 1563 2951 supervolitantem
1595 2904 1606 2937 :
1639 2889 1779 2956 qui"
1808 2891 1862 2942 in

282 2964 405 3018 altis
432 2966 648 3031 habitat,
680 2976 729 3021 et
765 2968 979 3022 humilia
1008 2973 1267 3045 respicit;
1330 2983 1384 3028 et
1410 2977 1495 3046 qui
1517 2977 1780 3032 descendit
1807 2982 1863 3034 in

280 3055 533 3125 inferiora
582 3064 751 3123 terror,
780 3060 889 3128 ipse
933 3062 1116 3132 estqui
1145 3064 1188 3095 η
1218 3065 1450 3118 ascendit
1490 3082 1643 3136 super
1690 3086 1863 3124 omnes

279 3145 457 3210 talos,
481 3148 730 3215 captivam
760 3148 949 3202 ducens
971 3129 1333 3219 captivitatem,
1358 3164 1412 3206 ut
1431 3129 1732 3224 adimpleret
1754 3175 1863 3211 om—
1891 3129 1937 3193 Ο

280 3239 372 3291 nia
400 3236 447 3290 ιι.
491 3236 644 3294 Hunc
666 3254 940 3308 passerem
964 3241 1007 3295 si
1033 3241 1233 3296 directa
1264 3244 1560 3300 imitatione
1590 3248 1863 3305 valeamus

279 3328 469 3394 sequi,
516 3327 703 3381 iisdem
743 3330 982 3396 vestigiis
1028 3318 1361 3389 ambulantes
1406 3335 1599 3403 quibus
1640 3338 1862 3407 ingressi

279 3427 411 3473 sunt
454 3420 671 3487 speciosi
715 3422 1174 3491 euangelizandum
1208 3425 1359 3494 pedes
1387 3424 1400 3463 ¹
1424 3468 1439 3493 ,
1470 3436 1597 3483 tunc
1634 3430 1686 3483 in
1717 3431 1864 3487 edito

279 3508 562 3561 constituti
589 3510 882 3577 poterimus
908 3512 1087 3567 dicere
1120 3532 1132 3565 :
1171 3514 1417 3586 Vigilavi,
1450 3528 1499 3572 et
1542 3522 1708 3589 factus
1752 3538 1864 3575 sum

279 3603 415 3656 sicut
436 3619 617 3671 passer
644 3604 823 3657 unicus
852 3621 1004 3674 super
1030 3614 1216 3660 tectum
1238 3618 1295 3661 ω.

356 3688 410 3744 9.
452 3690 849 3748 Meminerimus
881 3702 1058 3749 tamen
1089 3698 1252 3751 etiam
1281 3698 1333 3752 in
1377 3700 1603 3756 sublime
1628 3708 1867 3773 provecti

280 3778 510 3833 verbum
539 3779 670 3834 illud
699 3781 933 3851 Domini,
959 3792 1019 3837 ut
1057 3787 1144 3855 qui
1185 3788 1340 3856 fuerit
1368 3789 1421 3841 in
1452 3798 1601 3853 tecto,
1635 3810 1736 3846 non
1781 3812 1864 3848 re-

281 3878 513 3922 vertatur
542 3870 599 3923 in
638 3870 843 3925 domum
866 3890 1011 3927 suam
1045 3876 1220 3929 tollere
1243 3894 1365 3930 vasa
1394 3888 1420 3914 η
1443 3898 1461 3944 ;
1487 3880 1541 3934 id
1569 3890 1669 3947 est,
1704 3900 1770 3939 ne
1814 3886 1866 3939 in

280 3959 645 4028 nosmetipsos
672 3976 1029 4027 recurramus,
1048 3973 1103 4018 et
1119 3981 1284 4035 opera
1307 3971 1543 4026 carnalia
1566 3976 1719 4044 quasi
1742 3993 1869 4032 vasa

281 4048 341 4101 in
374 4046 715 4104 inferioribus
742 4052 995 4108 derelicta
1027 4068 1350 4125 repetamus.
1400 4059 1566 4117 Nemo
1596 4066 1756 4134 enim,
1786 4068 1869 4121 in-

278 4140 425 4209 quit,
456 4143 661 4197 mittens
695 4144 781 4212 (id
812 4154 892 4199 est
934 4149 1229 4207 immittens.
1255 4150 1439 4208 Gnece
1480 4159 1770 4229 ἐπιϐαλών)
1802 4164 1871 4216 ad

277 4240 523 4285 aratrum
572 4251 775 4302 manus,
805 4245 853 4290 et
894 4240 1165 4307 respiciens
1210 4250 1366 4308 retro,
1410 4255 1558 4315 aptus
1597 4260 1673 4303 est
1714 4268 1871 4323 regno

279 4325 387 4380 Dei
412 4336 460 4381 ο.
493 4327 596 4382 Sed
627 4330 727 4384 etsi
752 4348 913 4400 super
944 4341 1141 4388 tectum
1184 4335 1462 4407 fuerimus,
1491 4341 1543 4395 id
1569 4352 1681 4411 est,
1711 4361 1874 4417 super

278 4427 536 4471 naturam
573 4428 837 4476 terrenam
873 4425 1291 4497 evolaverimus,
1324 4446 1431 4485 non
1470 4436 1873 4503 acquiescentes

278 4509 465 4575 carui,
488 4510 770 4568 timeamus
797 4515 975 4568 avium
996 4518 1241 4587 exemplo
1264 4520 1330 4574 ad
1354 4522 1573 4579 humilia
1596 4527 1868 4587 devolare.

363 4642 553 4715 {Psal.
580 4661 648 4707 (τι,
676 4645 729 4698 8.
758 4714 761 4715 ν
804 4645 831 4684 ι)
855 4646 995 4715 Psal.
1019 4665 1140 4715 CXL,
1167 4651 1251 4704 10.

281 4724 311 4761 s
356 4711 562 4791 «ἰοειδηᾷ
589 4731 678 4780 xu,
704 4714 895 4791 32...-1³
924 4717 1065 4791 Psal.
1097 4711 1199 4785 Liv,
1234 4723 1285 4787 7,
1317 4732 1371 4777 et
1399 4740 1490 4791 vu,
1521 4727 1571 4779 4.

1334 4665 1355 4691 ο
1385 4653 1546 4730 Psal._
1573 4674 1790 4730 Lxxxut,
1832 4670 1882 4721 ιι.

1656 4732 1843 4803 ‘Psal.
1887 4758 1959 4803 xl,
2005 4743 2053 4793 7.

1966 1877 2156 1929 similes
2195 1878 2319 1945 facti
2360 1886 2477 1929 sunt
2517 1878 2619 1930 illis
2648 1878 2687 1929 ⁸.
2719 1876 2827 1931 Nos
2865 1891 2994 1944 ergo
3020 1893 3210 1946 magna
3239 1878 3355 1947 ejus
3383 1880 3559 1933 mise-v

1961 1966 2189 2020 ricordia
2232 1982 2299 2021 ex
2345 1968 2523 2037 impiis
2561 1969 2836 2038 justilicati
2874 1984 2970 2040 per
3016 1971 3195 2037 fidem,
3224 1981 3279 2026 et
3320 1988 3428 2026 non
3473 1989 3544 2027 ex

1962 2056 2233 2124 operibus,
2264 2072 2529 2112 curramus
2553 2059 2595 2089 ³³
2629 2061 2683 2112 in
2713 2060 2919 2114 odorem
2949 2072 3321 2131 unguentorum
3352 2064 3463 2133 ejus
3491 2073 3541 2129 ιι,

1963 2156 2022 2203 ιιι
2047 2164 2115 2202 ex
2146 2148 2288 2203 illius
2319 2151 2536 2204 nomine
2578 2152 2798 2206 odorem
2850 2155 2969 2206 vita:
3002 2156 3273 2208 trahamus
3293 2194 3307 2218 ,
3340 2166 3394 2210 et
3429 2156 3542 2209 cfli-

1962 2242 2168 2296 ciamur
2192 2242 2320 2297 odor
2356 2243 2549 2298 Christi
2588 2245 2748 2299 bonus
2793 2246 2900 2301 Deo
2930 2251 3248 2319 ',potionati
3279 2252 3295 2321 (
3333 2251 3393 2305 V.
3426 2262 3541 2305 not.

1966 2329 2069 2384 185
2088 2331 2131 2401 ),
2160 2339 2219 2385 ιιι
2246 2333 2501 2401 scriptum
2532 2343 2614 2391 est
2643 2345 2667 2371 ³
2687 2379 2701 2403 ,
2732 2351 2762 2389 a
2786 2339 2912 2393 vino
2938 2340 3330 2408 unguentorum
3361 2342 3427 2396 de
3456 2359 3544 2397 ca-

1964 2421 2067 2475 lice
2094 2422 2343 2476 salutaris
2372 2466 2387 2489 ,
2434 2423 2487 2477 in
2510 2439 2618 2493 quo
2645 2426 2757 2495 ipse
2780 2436 2837 2481 ut
2858 2430 3261 2497 pigmentarius,
3288 2439 3344 2484 ut
3372 2432 3423 2484 in
3454 2430 3550 2487 Ec-

1964 2516 2262 2572 clesiastico
2307 2519 2562 2573 scribitur
2588 2529 2636 2585 γ,
2670 2531 2939 2589 unguenta
2962 2525 3288 2578 suavitatum
3333 2526 3544 2592 miscet,

1966 2608 2192 2662 dividens
2222 2609 2363 2663 dona
2388 2625 2483 2664 sua
2512 2611 2727 2681 singulis
2767 2622 2918 2683 prout
2961 2615 3064 2667 vult
3096 2624 3141 2681 ι,
3186 2622 3243 2668 ιιι
3283 2616 3460 2668 omnia
3492 2617 3545 2669 in

1966 2703 2213 2757 omnibus
2243 2703 2567 2772 impleantur
2588 2705 2799 2774 (Sacch.
2835 2707 3135 2774 impleatur.
3173 2706 3235 2760 V.
3261 2723 3345 2777 ep.
3372 2706 3458 2770 42,
3491 2725 3542 2759 ιι.

1966 2795 2018 2859 2,
2048 2804 2103 2850 et
2124 2796 2212 2861 43,
2241 2812 2295 2850 ιι.
2328 2796 2361 2849 5
2392 2798 2432 2866 ),
2465 2804 2520 2852 et
2573 2798 2792 2852 odorem
2835 2800 3037 2853 notitiae
3084 2816 3191 2854 sua:
3242 2800 3546 2853 manifeste!

1967 2886 2019 2938 in
2065 2887 2219 2940 nobis
2272 2906 2283 2938 :
2332 2888 2456 2954 quia
2501 2897 2811 2958 unguentum
2850 2890 2917 2959 (f)
2955 2892 3274 2943 exinanitum
3331 2900 3404 2945 est
3450 2909 3545 2945 no-

1967 2993 2081 3029 men
2119 2978 2230 3047 ejus
2256 2986 2331 3029 λο.
2364 2976 2516 3043 Quod
2558 2992 2751 3031 nomen
2774 2987 2831 3031 ut
2862 2980 3141 3032 invocetur
3165 2996 3323 3048 super
3343 2997 3440 3034 nos
3465 2982 3543 3045 δι’,

1968 3080 2181 3134 semper
2200 3074 2251 3120 et
2278 3067 2329 3119 in
2353 3067 2507 3121 nobis
2534 3066 2840 3121 nominetur
2860 3110 2875 3134 ,
2908 3067 2999 3123 fiat
3027 3073 3339 3125 conversatio
3367 3082 3547 3127 nostra

1966 3155 2020 3207 in
2046 3156 2185 3208 cwlis
2205 3164 2280 3208 τε.
2309 3153 2384 3209 Ita
2412 3156 2554 3210 enim
2578 3155 2872 3211 eﬂiciemur
2896 3159 3026 3212 sicut
3046 3176 3225 3230 passer
3251 3163 3429 3217 unicus
3457 3180 3548 3217 su-

1966 3267 2057 3319 per
2086 3259 2269 3303 tectum
2292 3248 2369 3316 άδ,
2400 3252 2442 3305 si
2466 3268 2571 3305 non
2597 3266 2714 3319 qua:
2743 3252 2797 3305 in
2827 3261 2967 3307 terra
2994 3263 3113 3307 sunt
3164 3256 3430 3324 sapiamus
3458 3266 3549 3313 aut

1966 3354 2287 3408 quaeramus,
2313 3342 2403 3394 sed
2428 3358 2540 3411 qua:
2573 3358 2778 3395 sursum
2806 3353 2947 3408 sunt,
2992 3342 3078 3396 ubi
3108 3342 3339 3398 Christus
3364 3349 3441 3415 (g)
3472 3355 3548 3400 est

1966 3429 2145 3483 sedens
2175 3430 2245 3482 ad
2265 3431 2531 3484 dexteram
2562 3430 2661 3485 Dei
2687 3441 2741 3469 σο
2774 3430 2965 3497 Patris,
2999 3433 3476 3493 innumerabilibus
3507 3438 3553 3470 ³³

1968 3523 2139 3576 oculis
2188 3524 2495 3593 speculator
2535 3532 2751 3579 actuum
2784 3533 3091 3579 nostrorum
3122 3566 3137 3591 ,
3179 3534 3234 3579 et
3280 3535 3555 3595 spectator

1969 3618 2157 3685 agonis
2186 3618 2361 3682 istius,
2392 3632 2500 3686 quo
2528 3619 2582 3670 in
2608 3633 2763 3671 carne
2785 3617 3127 3685 ambulantes,
3148 3635 3250 3672 non
3276 3620 3552 3674 secundum

1970 3729 2183 3767 carnem
2211 3713 2491 3765 militamus
2520 3710 2591 3764 τί.

2044 3804 2127 3856 10.
2172 3801 2224 3855 Ν
2230 3818 2295 3855 οη
2317 3802 2456 3856 enim
2487 3811 2565 3854 est
2593 3800 2739 3854 nobis
2763 3802 3057 3855 colluctatio
3078 3803 3322 3856 adversus
3346 3819 3554 3857 carnem

1970 3908 2019 3952 et
2040 3898 2364 3969 sanguinem,
2397 3896 2491 3951 sed
2520 3896 2776 3951 adversus
2800 3896 3090 3950 invisibiles
3120 3896 3363 3952 inimicos'
3386 3904 3441 3952 et
3460 3898 3557 3950 ad.

1971 4003 2143 4041 versus
2165 3986 2459 4057 spiritualia
2483 3987 2720 4055 nequitia:
2758 3988 2812 4039 in
2838 3987 3123 4041 caelestibus
3154 3996 3232 4040 εκ.
3263 3987 3378 4042 Non
3411 3988 3556 4057 quod

1972 4078 2192 4147 spiritus
2233 4092 2464 4146 nequam
2514 4078 2566 4131 in
2596 4076 2906 4131 caelestibus
2947 4084 3142 4145 agant,
3175 4075 3269 4130 sed
3308 4076 3451 4144 quod
3503 4078 3556 4130 in

1974 4169 2178 4224 caelesti
2204 4168 2613 4222 conversatione
2634 4167 2940 4222 viventibus
2961 4166 3330 4220 adversentur.
3358 4165 3561 4218 Indua-

1972 4278 2085 4315 mus
2116 4262 2295 4329 itaque
2322 4276 2469 4313 arma
2491 4259 2618 4312 lucis
2632 4256 2711 4324 ιιι,
2726 4267 2775 4312 et
2798 4260 2850 4312 in
2872 4258 2983 4312 Deo
3012 4266 3189 4311 nostra
3217 4256 3561 4327 transgrediu-

1974 4373 2087 4410 mur
2124 4370 2326 4409 murum
2355 4353 2399 4391 ίί
2438 4354 2586 4409 illum
2625 4354 2769 4409 inter
2809 4370 2909 4409 nos
2933 4362 2987 4408 et
3005 4354 3174 4408 Deum
3195 4361 3558 4422 separantem,

1977 4467 2079 4507 nec
2106 4450 2173 4505 de
2200 4449 2399 4505 carnali
2420 4449 2730 4502 infirmitate
2758 4449 3042 4503 timeamus
3068 4447 3432 4502 adversarium
3458 4446 3562 4516 spi-

1981 4543 2119 4598 ritali
2144 4551 2334 4596 natura
2374 4541 2666 4596 violentum
2691 4582 2705 4606 ,
2747 4544 2868 4609 quia
2899 4543 3057 4595 virtus
3082 4544 3136 4595 in
3176 4541 3551 4611 inﬁrmitateii

1961 4672 1984 4708 ἀ
2030 4672 2219 4725 Matth.
2279 4687 2333 4733 ιι,
2384 4670 2470 4723 29.
2530 4680 2578 4739 νο
2619 4669 2811 4739 Philip.
2847 4688 2900 4734 ιι,
2941 4670 2994 4725 8.
3079 4670 3095 4708 τ
3140 4670 3297 4725 Prov.
3347 4690 3457 4735 vui,
3504 4674 3557 4727 2.

2136 4740 2319 4809 tPsal.
2348 4755 2473 4801 cxu,
2508 4738 2557 4791 5.
2637 4740 2659 4777 ιι
2702 4738 2897 4809 Ephes.
2932 4757 3001 4804 IV,
3036 4741 3089 4803 8,
3122 4740 3185 4805 9,
3218 4742 3304 4793 10.
3391 4743 3403 4780 ¹
3434 4743 3553 4797 Ιειιὶι

280 4783 682 4876 1927.123:
1021 4783 1281 4876 Ρεξιίειὲ
1305 4794 1382 4876 ..εν
1407 4783 1561 4876 tum
1584 4783 1843 4876 Psanééi'
1861 4783 2053 4863 113:..."
2094 4783 2643 4869 n'tigat.“;;;;v:'n.
2723 4783 3185 4875 o"iLL"é.'ii,"hi.’
3224 4783 3281 4860 ἰῖ
3310 4783 3559 4876 mna";

280 4853 518 4931 i7,_s_ec.
547 4853 731 4931 LXAX._
780 4866 806 4904 ιι
846 4856 991 4931 Psa_l_.
1020 4874 1071 4921 ι,
1105 4858 1191 4931 2L
1240 4853 1278 4897 τ’
1302 4853 1440 4917 Psal.
1476 4880 1546 4931 vr,
1581 4873 1630 4921 9.

280 4937 353 4995 rt,
388 4920 514 4995 l5.__
552 4933 587 4995 ξ
614 4923 899 4995 Psal.cxv,
930 4926 1011 4979 15.
1060 4920 1116 4976 κγ
1153 4928 1315 4985 Eccli.
1344 4950 1485 4995 χιιι,
1524 4920 1569 4988 1.

279 4990 408 5061 2ολ
454 4988 516 5061 ξίά
557 4990 697 5047 Psal.
722 5010 789 5061 ει,
815 4994 866 5047 8.

286 5060 339 5111 ii
366 5059 409 5114 ll
437 5059 564 5116 Cor.
596 5079 692 5130 xu,
722 5064 776 5117 9.

367 5153 447 5233 (εὶ
476 5153 934 5233 Sic_emendatum
961 5174 1026 5213 ex
1055 5160 1327 5233 codicibus
1350 5164 1613 5233 Cluniac.,
1648 5171 1798 5229 Vien.
1824 5185 1880 5230 et

282 5219 525 5297 Chillle_t_.
561 5224 629 5277 At
657 5225 785 5297 edit.
802 5226 1007 5297 Bos“,
1030 5230 1302 5297 pellicano.

366 5294 416 5355 (ὁ
472 5292 572 5347 Ms.
600 5295 770 5348 codex
800 5292 1104 5364 Vaticanus,
1135 5301 1382 5356 voluntati
1408 5302 1525 5358 Dei.

370 5294 444 5431 (εξ
482 5359 559 5415 Ita
583 5378 713 5418 mss.
747 5364 927 5430 Clun.,
958 5366 1101 5431 Nol.,
1127 5368 1277 5424 Vien.
1312 5381 1367 5427 et
1395 5374 1523 5429 edit.

370 5359 444 5448 (c)
482 5359 713 5448 .lta‘mss.
747 5364 932 5448 Clum,
958 5359 1101 5448 Nol.,
1127 5368 1277 5448 Yien.
1312 5381 1367 5427 et
1395 5374 1523 5429 edit.
1558 5376 1875 5448 Chifll.Alii,

281 5440 339 5486 et
371 5431 636 5485 exaltatus
660 5437 832 5488 omnia
862 5437 932 5489 ad
960 5453 1012 5488 se
1040 5431 1232 5492 trahat.

694 5504 897 5588 édixgc.
1195 5508 1423 5588 Lucifer,
1446 5531 1558 5588 non
1588 5520 1775 5588 inique.
1816 5520 1879 5572 Et

282 5571 722 5660 sissesisse
758 5574 940 5660 iter“
962 5592 991 5628 ³
1014 5571 1505 5660 Parmensis,
1540 5595 1595 5637 ιιι
1636 5571 1750 5641 ε’Βζ
1777 5571 1879 5660 ci;

284 5640 417 5696 rillo
442 5641 493 5693 in
523 5638 740 5708 Johan.,
773 5644 864 5698 lib.
897 5661 951 5708 ιι,
976 5661 1023 5699 c.
1055 5645 1124 5697 5-1
1150 5656 1205 5702 et
1233 5649 1371 5703 aliis.

374 5716 447 5774 (c)
486 5708 575 5783 Sic
602 5713 1043 5783 ms._AVaticauus
1078 5717 1247 5771 codex
1282 5734 1400 5772 cum
1432 5720 1557 5774 edit.
1594 5723 1756 5783 Ilosv.
1803 5730 1871 5781 At

282 5795 428 5835 mss.
477 5779 666 5851 Clun.,
701 5780 844 5851 Nol.,
895 5782 1045 5840 Vien.
1088 5794 1142 5840 et
1179 5787 1306 5843 edit.
1340 5787 1538 5858 Clum,
1569 5780 1615 5847 et
1648 5779 1869 5863 aspersa;

948 5006 1002 5034 εθ
1039 4995 1155 5052 Col.
1191 5016 1265 5067 III,
1291 5001 1342 5053 2.
1426 5001 1473 5039 ετ
1515 5004 1557 5058 ll
1586 5006 1707 5062 Cor.
1736 4995 1869 5078 ἐξῗῇ

1712 4880 1732 4905 ⁸
1772 4874 1965 4932 Johan.
1992 4896 2025 4942 ι,
2049 4878 2100 4932 9.

1652 4948 1673 4974 ³
1697 4940 1717 4993 Ι
1738 4943 1861 4993 Cor-
1900 4966 1985 4993 xu-
2023 4951 2100 4993 Η.

1738 4946 1861 5000 Cor.
1898 4966 1987 5010 xu,
2023 4951 2104 5002 tl.
2183 4956 2238 4984 ⁸⁸
2277 4946 2429 5001 Cant.
2465 4963 2512 5008 ι,
2542 4948 2594 5000 2.
2675 4948 2731 4986 δι’
2752 4948 2935 5003 Jacoh.
2972 4968 2984 5004 ι

1738 5029 1787 5078 x,
1817 5015 1869 5069 5.
1947 5028 2001 5064 εις
2027 5017 2161 5087 Eph.
2206 5032 2273 5080 γι,
2306 5016 2387 5069 l2.
2463 5014 2517 5052 ιιι·
2548 5018 2705 5072 Rom.
2731 5035 2843 5083 xm,
2901 5019 2984 5073 12.

2185 4880 2200 4913 ⁸
2248 4878 2385 4931 Psal.
2441 4894 2621 4941 XLVIII,
2674 4878 2757 4932 15.
2836 4889 2860 4916 υ
2901 4880 3055 4933 Cant.
3090 4897 3125 4945 ι,
3157 4882 3207 4934 5.
3286 4891 3312 4916 ν
3353 4881 3558 4935 llCor.

2183 4956 2238 4984 η
2277 4946 2429 5019 Capt.
2464 4963 2512 5019 _t,
2542 4948 2594 5019 2.
2675 4948 2731 4986 δι’
2752 4948 2935 5003 Jacoh.
2972 4952 3092 5015 ",7.
3152 4962 3228 5019 ίεε
3260 4949 3451 5019 Philip.
3484 4966 3561 5013 ut,

3069 5019 3115 5057 ii
3145 5018 3286 5075 Psal.
3311 5018 3436 5085 xvn,
3467 5021 3560 5073 50.

1987 5180 2280 5253 plerumque
2302 5195 2436 5253 esca;
2468 5179 2628 5253 illices
2659 5183 2843 5253 fraude
2870 5183 3130 5252 deponunt
3154 5201 3271 5239 aves
3289 5226 3303 5249 ,
3326 5193 3373 5238 et
3401 5184 3563 5253 operti

1989 5248 2865 5319 dolosoAcespitelaqueiimplicant
2888 5248 3129 5307 credulis.

2058 5319 2127 5387 (f)
2154 5316 2242 5387 Vlla
2266 5316 2406 5387 apud
2427 5316 2684 5385 quosdam
2714 5321 2815 5387 legi
2836 5324 3025 5376 asserit
3054 5323 3293 5377 Nobilius
3322 5323 3373 5375 in
3402 5321 3563 5375 scho-

1988 5386 2168 5459 liis'ad
2190 5386 2331 5459 hunc
2350 5403 2581 5459 versum.
2610 5386 2862 5443 Eamdem
2893 5392 3177 5446 lectionem
3208 5392 3427 5459 hujusce
3441 5402 3564 5442 vero

1988 5470 2079 5531 sus
2115 5456 2271 5509 iterat
2299 5455 2550 5531 Piiuiiuus
2574 5467 2766 5531 uoster
2784 5460 2835 5513 in
2864 5462 2967 5516 line
2988 5462 3226 5531 epistola:
3246 5455 3305 5513 4⁷1
3342 5461 3406 5512 ad
3437 5473 3562 5531 eos-

1988 5524 2306 5595 demrntun.
2334 5525 2386 5588 3,
2413 5525 2551 5579 unde
2580 5529 3001 5595 emendavimus,
3022 5524 3076 5584 et
3117 5547 3180 5583 ex
3207 5546 3331 5583 mss.
3363 5526 3563 5581 codici-

1987 5593 2085 5669 bus
2111 5593 2304 5669 Clum,
2326 5595 2569 5669 Vicn_.__et
2598 5597 2723 5649 edit.
2776 5597 2955 5669 Chiﬂ.,
2987 5593 3128 5669 ejus.
3162 5600 3300 5669 Ante
3338 5604 3459 5669 erat
3490 5596 3559 5649 ei.

2054 5666 2131 5740 (θ’)
2174 5661 2343 5716 Editio
2374 5663 2548 5740 (ὶιιιιιι.
2567 5682 2693 5727 cum
2716 5661 2987 5740 codicibus
3008 5661 3381 5735 inanuscriptis
3401 5664 3560 5721 Clun.

1979 5740 2031 5785 et
2063 5732 2240 5798 \"icn.,
2269 5742 2341 5787 est
2371 5732 2438 5785 ad
2465 5734 2726 5789 (tartarum
2762 5736 2971 5805 Patris-
