4006 6180
541 281 649 340 575

976 350 999 375 ἒ

1667 277 1724 331 S.
1768 272 2039 331 PAULINI
2079 273 2331 330 NOLANI
2367 273 2669 330 EPISCOPI
3655 274 3744 329 576

539 391 825 465 per/icitur.
879 362 997 447 Nec
1026 390 1080 445 in
1107 388 1270 461 256
1314 389 1510 443 virtute
1559 387 1603 418 “
1654 402 1750 441 sua
1798 362 1995 456 potens
2032 394 2115 441 est
2142 389 2186 445 Α
2217 402 2336 443 mus
2358 394 2690 443 contemtum
2723 384 3050 454 patrimonii,
3082 382 3399 453 accipiamus
3423 381 3573 438 etiam
3605 385 3749 439 nostri

539 481 644 547 vir,
674 480 769 535 sed
796 480 1053 535 Dominus
1096 479 1363 533 inﬁrmum
1409 478 1536 534 facit
1573 477 1936 535 adversarium
1980 476 2113 547 ejus,

540 584 705 642 quem
744 570 859 639 ipse
899 569 1155 622 Dominus
1199 569 1457 622 virtutum
1506 565 1618 620 Rex
1661 566 1846 635 gloriae
1884 566 1978 619 tali
2017 580 2116 635 pro

541 663 703 718 nobis
751 660 1145 728 congressionis
1186 673 1385 729 genere
1432 656 1704 722 confudit,
1756 663 1816 710 ut
1859 655 2009 710 illum
2062 655 2116 708 in

544 769 704 810 cruce
729 753 925 808 Christi
952 769 1059 807 non
1088 754 1267 807 divina
1288 753 1484 820 virtus,
1511 752 1605 806 sed
1633 752 1864 805 humana
1893 764 2117 820 supera-

542 851 627 897 ret
666 840 962 896 inﬁrmitas.
1004 842 1301 911 Sequamnr
1345 844 1525 911 itaque
1572 842 1988 911 triumphantem
2031 840 2120 896 Je—

545 944 683 996 sum,
712 939 767 984 et
791 931 835 962 ³⁵
863 940 1005 986 scuto
1049 931 1170 985 ﬁdei
1197 932 1476 985 circumdet
1510 947 1602 985 nos
1647 932 1834 985 veritas
1877 933 2019 1002 ejus,
2062 940 2122 987 ut

542 1036 649 1077 non
686 1024 956 1077 timeamus
993 1041 1027 1077 a
1061 1025 1243 1078 timore
1268 1032 1536 1086 nocturno,
1559 1031 1615 1080 et
1660 1039 1691 1075 a
1713 1022 1891 1094 jaculo
1918 1021 2120 1075 volante

544 1126 636 1180 per
657 1110 813 1165 diem.
845 1110 1043 1165 Cadent
1071 1129 1102 1164 α
1130 1113 1290 1167 latere
1317 1122 1491 1167 nostra
1516 1112 1675 1178 mille,
1702 1122 1752 1165 et
1801 1112 1971 1166 decem
2000 1113 2119 1165 mil-

543 1201 617 1255 lia
655 1221 688 1257 a
724 1203 922 1258 dextris
947 1206 1136 1258 nostris
1161 1213 1207 1270 α,
1239 1220 1347 1259 non
1375 1212 1557 1259 nostra
1577 1245 1592 1269 ,
1624 1204 1719 1261 sed
1743 1205 1938 1260 virtute
1966 1205 2120 1260 Chri-

542 1298 613 1353 sti
636 1299 680 1330 ³⁶
706 1299 858 1367 cujus
886 1312 1060 1368 pugna
1085 1307 1167 1353 est
1193 1314 1297 1367 qua
1320 1314 1637 1369 pugnamus,
1664 1308 1720 1353 et
1747 1299 1897 1364 cujus
1921 1314 2120 1355 corona

542 1400 647 1455 qua
669 1388 930 1443 vincimus
954 1428 969 1453 ,
999 1389 1123 1459 quia
1153 1389 1392 1443 membra
1419 1404 1603 1443 sumus
1640 1390 1883 1459 corporis
1911 1389 2047 1457 ejus,
2076 1390 2122 1445 si

541 1492 725 1538 tamen
752 1482 1134 1539 mortiﬁcemus
1155 1484 1208 1538 in
1233 1492 1374 1539 terra
1404 1484 1643 1537 membra
1669 1492 1873 1546 nostra,
1907 1491 1965 1538 ut
1993 1482 2123 1537 ﬁant

542 1586 691 1625 arma
724 1571 964 1640 justitize,
994 1573 1186 1639 quibus
1230 1573 1477 1636 accincti,
1506 1581 1562 1627 et
1580 1572 1814 1638 Christo,
1841 1581 1895 1628 et
1922 1574 2124 1642 angelis

543 1660 681 1726 ejus,
710 1667 765 1713 et
791 1660 944 1714 vobis
988 1661 1164 1714 laetum
1201 1661 1268 1716 dc
1298 1672 1484 1718 nostro
1514 1664 1808 1718 certamine
1840 1673 2122 1733 spectacu-

2219 484 2547 530 contemtum
2581 492 2595 526 :
2621 482 2845 542 angusta
2872 472 3015 527 enim
3055 472 3141 527 via
3169 471 3450 541 gradimur,
3473 480 3525 526 et
3548 473 3683 540 quasi
3705 475 3751 529 in

2220 562 2351 619 fune
2403 578 2663 632 suspenso
2711 562 2970 632 ancipites
2997 561 3367 616 ambulamus:
3398 570 3452 615 et
3501 562 3594 616 nisi
3627 571 3756 619 certo

2218 652 2502 708 libramine
2530 653 2753 721 vestigia
2777 651 3074 716 ﬁxerimus,
3100 661 3159 706 ut
3186 667 3291 706 non
3311 652 3621 707 declinemus
3641 653 3756 707 dex-

2221 749 2301 796 tra
2330 743 2417 797 vel
2440 742 2677 810 sinistra,
2708 741 2863 797 facile
2893 758 2992 796 nos
3020 742 3072 795 in
3119 742 3274 810 hujus
3306 751 3397 795 aut
3440 742 3572 795 illius
3617 743 3761 811 partis

2220 833 2429 887 ruinam
2459 833 2704 888 inimicus
2752 833 3009 903 impellet.
3059 831 3184 887 ideo
3227 833 3377 887 nobis
3416 833 3468 887 in
3504 832 3760 887 Salomone

2221 922 2494 992 Sapientia
2510 923 2654 978 canit
2674 941 2685 975 :
2705 921 2827 977 Non
2844 922 3125 991 deﬂectatis
3145 939 3176 974 a
3192 922 3429 987 Domino,
3449 939 3509 976 ne
3527 923 3760 976 cadetis".

2223 1009 2340 1082 Ipse
2367 1011 2509 1066 enim
2531 1011 2791 1068 Dominus
2818 1011 3063 1066 Christus
3091 1013 3187 1073 via,
3200 1014 3381 1065 veritas
3438 1021 3485 1064 et
3511 1012 3604 1065 vita
3632 1019 3700 1065 est
3720 1022 3758 1078 υ,

2220 1104 2311 1173 qui
2362 1103 2492 1158 dicit
2522 1122 2534 1156 :
2570 1103 2723 1156 Omni
2776 1104 2951 1173 vigilia
2977 1120 3123 1157 serva
3151 1120 3241 1157 cor
3268 1114 3407 1156 tuum
3436 1111 3490 1167 ο,
3534 1102 3651 1171 quia
3684 1118 3763 1171 per

2224 1194 2368 1265 ipsas
2396 1195 2650 1249 virtutum
2692 1195 2808 1249 vias
2836 1195 2890 1248 in
2915 1196 3040 1249 vitia
3082 1194 3256 1249 delabi
3285 1210 3579 1265 possumus;
3607 1203 3658 1249 et
3680 1195 3764 1249 nisi

2224 1297 2393 1351 certo,
2426 1294 2485 1341 ut
2511 1287 2638 1352 dixi,
2670 1294 2813 1341 statu
2841 1287 3131 1355 dirigentes
3159 1288 3323 1342 animi
3344 1295 3602 1341 momenta
3628 1287 3766 1341 libre-

2224 1391 2362 1441 mus,
2413 1375 2481 1430 de
2528 1376 2644 1445 ipsa
2688 1375 2991 1430 humilitate
3042 1377 3314 1445 capiemus
3367 1374 3678 1444 superbiam;
3721 1382 3768 1428 et

2224 1473 2510 1520 evanescet
2539 1465 2746 1534 species
2769 1465 3014 1534 pietatis,
3043 1466 3087 1521 si
3115 1481 3213 1534 per
3239 1465 3445 1520 laudem
3475 1463 3769 1534 paupertatis

2224 1557 2451 1624 obrepat
2477 1555 2702 1610 inflatio.
2728 1554 2795 1609 Et
2824 1555 2951 1625 quid
2982 1555 3221 1625 proderit
3249 1556 3481 1610 caruisse
3507 1554 3705 1615 divitiis,
3732 1552 3772 1606 si

2225 1663 2562 1702 remanemus
2584 1648 2778 1703 divites
2802 1649 2978 1704 vitiis?
3009 1648 3160 1703 Unde
3185 1662 3504 1718 quaesumus,
3531 1661 3593 1701 ne
3616 1661 3675 1701 ex
3695 1646 3772 1700 illo
3827 1656 3835 1665 '

543 1747 652 1800 lum
679 1748 1009 1816 praebeamus
1028 1791 1043 1817 ν
1074 1759 1129 1804 ει
1164 1752 1439 1807 uolantes
1476 1752 1544 1807 de
1578 1753 1771 1821 laqueo
1801 1762 2117 1810 venatorum
2156 1746 2199 1805 Β
2227 1738 2381 1792 nobis
2395 1738 2561 1792 verbo
2585 1738 2794 1793 Domini
2817 1738 3183 1803 blandiamini,
3207 1739 3331 1809 quia
3355 1737 3641 1799 fecerimus,
3662 1735 3775 1789 Ven-

540 1838 752 1906 garrula
776 1840 1131 1906 gratulatione
1174 1851 1452 1901 cantemus
1484 1860 1496 1898 :
1541 1845 1730 1897 Anima
1776 1854 1956 1898 nostra
1986 1846 2127 1897 sicut

540 1944 720 1996 passer
737 1936 910 1998 erepta
936 1938 1014 1983 est
1038 1930 1100 1983 de
1127 1931 1306 2001 laqueo
1338 1933 1660 1997 venantium;
1689 1934 1900 2003 laqueus
1924 1935 2123 1987 contri-

542 2028 619 2070 tus
648 2026 742 2080 est,
773 2028 821 2071 et
842 2036 934 2073 nos
963 2018 1163 2073 liberati
1190 2038 1386 2089 sumus,
1409 2023 1534 2091 quia
1556 2024 1870 2095 adjutorium
1890 2034 2122 2078 nostrum

540 2120 615 2162 est
651 2110 704 2163 in
731 2113 938 2165 nomine
978 2111 1191 2167 Domini
1229 2114 1355 2169 Jesu
1393 2113 1595 2169 Christi
1626 2117 1671 2170 δ.
1722 2116 1839 2170 Non
1869 2124 1954 2173 est
1981 2117 2123 2172 enim

540 2197 684 2251 aliud
729 2213 922 2253 nomen
970 2200 1069 2254 sub
1098 2203 1236 2256 cmlo
1273 2202 1456 2255 datum
1484 2203 1791 2258 hominibus
1832 2214 1879 2266 ο,
1931 2204 1984 2257 in
2013 2218 2123 2272 quo

541 2293 791 2354 oporteat
837 2289 1014 2342 salvos
1041 2288 1117 2359 (a)
1148 2290 1262 2344 ﬁeri
1305 2306 1419 2344 nos.
1448 2290 1504 2344 in
1555 2292 1657 2346 hoc
1688 2294 1903 2346 nomine
1933 2292 2123 2345 trium-

541 2374 787 2441 phantes,
811 2373 884 2444 (ὁ)
916 2376 1250 2445 conﬁteamur
1276 2376 1501 2433 Domino
1527 2381 1909 2433 misericordias
1934 2380 2044 2450 ejus
2071 2375 2121 2446 δ,

540 2468 591 2514 et
619 2460 898 2530 gloriemur
923 2464 977 2515 in
1004 2462 1156 2517 laude
1174 2465 1284 2534 ejus
1314 2475 1358 2531 θ,
1387 2482 1493 2519 non
1526 2466 1580 2521 in
1609 2475 1811 2523 nostra.
1836 2467 2120 2533 Quoniam,

540 2560 600 2606 ut
622 2553 881 2621 prepheta
906 2553 1053 2618 dicit,
1080 2554 1125 2608 si
1144 2556 1271 2623 quid
1292 2558 1492 2611 bonum
1524 2558 1576 2612 in
1611 2559 1682 2625 (ε)
1716 2558 1888 2624 nobis,
1914 2558 1981 2613 ab
2006 2559 2124 2628 ipso

541 2650 651 2707 est;
675 2650 730 2696 et
758 2642 801 2696 si
822 2642 949 2711 quid
972 2646 1255 2714 optimum,
1279 2648 1346 2701 ab
1370 2648 1533 2717 ipsius
1554 2650 1832 2718 majestate
1854 2660 1972 2705 eSt:
2001 2651 2126 2722 Ipse

542 2736 677 2788 enim
703 2736 821 2806 fecit
853 2752 967 2799 nos,
1020 2743 1203 2791 etnon
1254 2739 1355 2809 ipsi
1400 2755 1496 2792 nos
1545 2737 1588 2792 τ.
1619 2737 1688 2791 Et
1738 2747 2023 2809 propterea
2068 2747 2125 2795 et

543 2822 740 2880 Paulus
764 2826 895 2881 dicit
927 2845 940 2880 :
969 2824 1108 2891 Quid
1150 2838 1320 2883 autem
1349 2828 1526 2894 habes,
1560 2846 1590 2883 ο
1620 2830 1788 2893 homo,
1837 2830 1972 2898 quod
2018 2846 2123 2885 non

543 2917 835 2986 acceperis?
863 2915 1013 2980 Quod
1038 2919 1083 2972 si
1111 2920 1374 2989 accepisti,
1397 2919 1519 2989 quid
1545 2920 1788 2991 gloriaris
1830 2920 1979 2989 quasi
2019 2935 2124 2974 non

544 3008 799 3077 acceperis
827 3009 886 3061 8?
908 3007 966 3061 In
989 3023 1096 3077 quo
1118 3020 1300 3065 monet
1330 3018 1406 3076 ut,
1426 3014 1509 3080 qui
1533 3012 1804 3083 gloriatur,
1824 3012 1879 3065 in
1899 3010 2123 3066 Domino

2226 1826 2330 1879 dite
2354 1842 2469 1896 qua:
2494 1827 2765 1895 possidetis
2786 1845 2804 1891 ;
2830 1828 2953 1895 quia
2974 1827 3092 1897 plus
3115 1835 3197 1882 est
3216 1826 3361 1896 quod
3383 1834 3615 1897 superest
3634 1823 3771 1878 illud:

2228 1915 2295 1968 Et
2322 1919 2455 1983 veni,
2481 1934 2687 1988 sequere
2707 1935 2788 1973 me
2804 1929 2851 1972 ι’.
2883 1918 3061 1973 Facile
3081 1927 3163 1972 est
3181 1927 3365 1974 autem
3393 1919 3566 1973 videre
3580 1919 3618 1949 ³⁷
3634 1932 3777 1985 quan-

2225 2016 2338 2063 tum
2368 2010 2435 2063 sit
2463 2010 2617 2077 sequi
2639 2008 2932 2076 Christum,
2952 2018 3010 2064 ut
3038 2010 3203 2065 homo
3228 2011 3465 2065 imitetur
3487 2010 3661 2064 Deum.
3683 2006 3777 2061 Sed

2224 2105 2279 2149 et
2307 2095 2437 2150 illud
2459 2097 2606 2151 scitis
2640 2115 2652 2149 :
2686 2097 2822 2163 Quia
2871 2098 3026 2153 semel
3054 2100 3249 2153 locutus
3271 2108 3348 2153 est
3381 2098 3544 2165 Deus,
3573 2098 3663 2152 duo
3687 2098 3777 2151 lucc

2225 2187 2397 2241 audivi
2428 2197 2453 2235 (ι
2479 2204 2492 2251 ;
2518 2203 2642 2241 nam
2672 2196 2728 2242 et
2758 2189 2860 2244 iste
2888 2204 3085 2253 sermo,
3117 2190 3256 2244 sicut
3283 2191 3462 2244 omnis
3489 2189 3594 2244 fere
3620 2188 3777 2257 Scrip-

2226 2283 2342 2328 tura
2373 2276 2576 2344 divina,
2620 2277 2672 2331 in
2712 2277 2913 2332 bivium
2960 2287 3152 2348 patet:
3199 2279 3341 2333 Vade
3367 2288 3416 2334 et
3459 2279 3606 2333 vende
3627 2279 3779 2332 omnia

2225 2375 2333 2421 tua.
2364 2366 2481 2422 Non
2511 2368 2653 2422 enim
2680 2369 2961 2438 pecuniam
2992 2378 3197 2424 tantum
3212 2379 3265 2425 et
3292 2370 3505 2436 fundos,
3529 2379 3781 2425 extraneas

2224 2454 2537 2521 facultates;
2570 2456 2665 2511 sed
2686 2458 2847 2511 etiam
2879 2459 3042 2513 animi
3066 2462 3234 2513 nostri
3257 2461 3497 2515 internas
3516 2474 3654 2529 opes,
3681 2472 3782 2527 quat

2224 2559 2351 2598 vere
2372 2552 2554 2599 nostra
2570 2545 2865 2600 substantia
2890 2556 2993 2615 est,
3009 2549 3370 2617 possidemus.
3396 2550 3540 2605 lianc
3557 2550 3780 2610 vendere,

2223 2638 2329 2692 hoc
2342 2647 2423 2692 est
2449 2639 2683 2694 alienare
2705 2655 2734 2693 a
2765 2641 2942 2708 nobis,
2969 2649 3119 2696 tanto
3150 2642 3322 2712 major
3337 2644 3581 2708 victoria,
3604 2647 3783 2710 quanto

2224 2728 2385 2782 altior
2408 2727 2690 2783 dilhcultas
2711 2737 2792 2785 est
2821 2731 3057 2797 ingenita
3078 2746 3240 2799 quam
3269 2733 3520 2801 apposita
3539 2743 3783 2799 separare;

2224 2825 2280 2871 et
2308 2817 2450 2872 intus
2479 2817 2641 2872 inﬁxa
2671 2818 2946 2882 divellere,
2984 2835 3145 2889 quam
3175 2819 3335 2874 aflixa
3372 2823 3688 2877 extrinsecus
3707 2834 3785 2873 re-

2220 2906 2406 2975 jicere.
2451 2907 2532 2977 (ιι)
2579 2905 2651 2962 Se
2673 2908 2813 2963 enim
2846 2909 3020 2978 ipsum
3048 2910 3215 2964 vincit
3254 2922 3313 2965 et
3340 2919 3581 2982 superat,
3604 2910 3687 2979 qui
3714 2923 3785 2963 re-

2227 2998 2436 3052 nuntiat
2466 2998 2705 3053 moribus
2727 2999 2857 3064 suis,
2888 3007 2942 3052 et
2968 3014 3027 3054 se
3056 2999 3276 3054 abdicat
3304 3000 3433 3064 sibi,
3462 3008 3518 3055 ut
3544 2998 3663 3053 illud
3689 2998 3785 3052 for-

544 3094 788 3162 gloriam.
816 3094 861 3149 ιι,
915 3095 1068 3151 Unde
1117 3098 1229 3167 jam
1272 3101 1429 3155 nobis
1474 3102 1619 3158 leves
1656 3103 1912 3170 θηειιειίω
1965 3102 2118 3168 num,
2145 3090 2191 3152 C
2224 3089 2487 3144 tissimum
2516 3089 2609 3142 Dei
2649 3089 2871 3143 verbum
2912 3090 3174 3158 impleat:
3217 3087 3319 3154 Qui
3361 3092 3539 3160 perdet
3586 3090 3786 3142 animant

543 3182 756 3249 quando
788 3183 989 3237 laudari
1017 3185 1259 3239 videmur
1296 3206 1308 3239 :
1344 3189 1476 3241 nihil
1519 3190 1661 3243 enim
1707 3191 1863 3244 nobis
1909 3191 2111 3245 conscii

544 3282 726 3323 sumus
754 3269 820 3323 de
865 3273 1084 3340 proprio
1115 3274 1278 3341 bono,
1318 3285 1377 3329 ut
1415 3285 1689 3345 tamquam
1714 3279 2117 3347 agnoscentium

545 3357 801 3427 pudorem
822 3358 1069 3416 laudator
1087 3373 1405 3431 perurgeat:
1432 3366 1557 3435 quia
1587 3381 1692 3420 non
1719 3367 1863 3435 ipsos
1890 3382 2010 3433 nos,
2028 3367 2121 3422 sed

546 3444 736 3498 divinae
781 3445 1042 3502 bonitatis
1083 3465 1303 3504 munera
1331 3460 1492 3522 atque
1519 3468 1682 3523 opera
1711 3454 1989 3524 praedicari
2025 3471 2120 3510 co-

545 3538 850 3604 gnoscimus
883 3557 896 3592 :
925 3541 969 3595 si
996 3541 1121 3611 quid
1169 3542 1310 3595 enim
1339 3543 1393 3597 in
1432 3544 1586 3598 nobis
1634 3545 1759 3599 boni
1790 3545 2002 3601 videtur
2028 3554 2121 3600 aut

546 3627 798 3692 creditur,
847 3629 988 3685 illius
1029 3639 1111 3685 est
1141 3632 1229 3701 qui
1260 3632 1399 3685 solus
1428 3633 1588 3687 bonus
1614 3642 1689 3687 est
1727 3634 1741 3671 ί
1769 3674 1784 3698 ,
1810 3642 1858 3687 et
1886 3635 1948 3688 de
1977 3636 2122 3705 cujus

546 3715 859 3785 plenitudine
886 3735 1062 3772 omnes
1084 3721 1360 3789 accipimus
1388 3720 1430 3786 i,
1460 3729 1516 3775 et
1553 3737 1650 3791 pro
1679 3722 1853 3776 meriti
1882 3723 1969 3777 vel
1999 3722 2122 3777 ﬁdei

548 3806 845 3873 capacitate
890 3809 1269 3878 respergimur.
1321 3808 1431 3863 Bos
1483 3810 1627 3865 enim
1654 3811 1744 3878 qui
1780 3810 1847 3865 ab
1888 3812 1980 3865 illo
2010 3820 2120 3874 est,

546 3897 747 3951 sanitas
787 3905 869 3950 est
908 3898 1080 3962 nobis,
1131 3905 1187 3951 et
1230 3898 1466 3952 (artantur
1508 3900 1563 3952 in
1617 3900 1895 3954 stillicidiis
1930 3901 2040 3970 ejus
2072 3900 2119 3955 ⁸.

546 3980 687 4051 Ergo
731 3992 786 4037 et
812 4000 964 4038 error
1000 3985 1134 4049 'istc,
1166 4000 1273 4053 quo
1300 4003 1399 4041 nos
1429 3987 1689 4052 laudatis,
1723 3990 1983 4044 innocuus
2021 3992 2125 4045 erit

545 4073 719 4127 nobis.
740 4072 964 4140 Insuper
990 4080 1045 4126 ct
1066 4073 1370 4127 mercedem
1412 4075 1562 4128 vobis
1587 4077 1865 4143 copiosam
1894 4085 2003 4130 tam
2034 4080 2123 4147 pia

544 4159 679 4213 ﬁdes
697 4166 952 4227 congeret
982 4176 995 4211 :
1027 4160 1151 4227 quia
1180 4169 1238 4212 ut
1265 4176 1364 4215 nos
1392 4170 1574 4215 nostra
1604 4172 1787 4218 mente
1816 4165 2045 4233 iniquos,
2071 4174 2126 4221 et

547 4245 616 4299 de
637 4261 886 4315 perversa
911 4247 1068 4314 hujus
1086 4249 1250 4301 seculi
1272 4251 1617 4315 generatione
1639 4267 1833 4320 pravos
1857 4256 2126 4310 existime-

546 4339 617 4392 tis
643 4340 800 4409 247
831 4340 1004 4394 bonos
1033 4338 1218 4405 factos,
1245 4340 1356 4394 Deo
1378 4342 1733 4410 omnipotenti
1760 4346 1998 4409 creditis,
2029 4347 2124 4414 qui

2226 3197 2373 3234 suam
2397 3191 2605 3252 propter
2626 3198 2724 3246 me,
2765 3182 2980 3235 inveniet
3008 3198 3123 3245 eam
3156 3193 3199 3234 τ.
3247 3182 3374 3237 "(nc
3419 3182 3617 3238 Domini
3646 3179 3785 3234 verba

2227 3270 2595 3338 recordantes,
2646 3269 2720 3340 (e)
2750 3260 3084 3325 elfundamus
3128 3271 3180 3324 in
3230 3271 3383 3325 illum
3435 3273 3655 3326 animam
3696 3284 3785 3324 n0-

2226 3368 2416 3423 stram,
2446 3367 2501 3415 et
2520 3360 2635 3430 ipse
2665 3376 2763 3415 nos
2787 3361 3042 3427 enntriet,
3076 3370 3133 3415 et
3153 3363 3526 3417 absconditam
3561 3362 3610 3416 in
3637 3375 3691 3414 se
3715 3358 3786 3412 vi-

2229 3460 2336 3505 tam
2367 3458 2604 3505 nostram
2658 3449 2897 3513 fovebit,
2929 3460 2983 3504 et
3011 3467 3069 3505 se
3096 3467 3217 3506 cum
3246 3453 3420 3520 gloria
3450 3451 3724 3508 revelabit:
3752 3447 3789 3501 si

2231 3552 2407 3598 tamen
2436 3557 2536 3612 pro
2556 3542 2658 3596 hac
2685 3541 2872 3596 eadem
2901 3542 3077 3595 anima
3107 3556 3325 3596 oremus
3368 3543 3424 3597 in
3453 3553 3682 3612 tempore
3707 3554 3784 3607 op-

2227 3640 2459 3702 portuno
2488 3644 2629 3684 nunc
2658 3630 2702 3662 ³⁸
2727 3630 2781 3683 in
2806 3630 2909 3684 isto
2937 3628 3138 3685 seculo.
3184 3629 3251 3683 In
3289 3632 3504 3701 inferno
3531 3632 3660 3685 enim
3694 3628 3791 3697 quis

2228 3720 2552 3791 conﬁtebitur
2576 3720 2667 3775 tibi
2696 3718 2739 3754 ”
2765 3729 2786 3757 ⁸
2808 3719 2832 3773 ?
2855 3718 2980 3774 Istic
3000 3720 3291 3774 moriamur
3321 3722 3587 3789 peccatis,
3614 3734 3674 3773 ne
3699 3717 3791 3773 illic

2227 3811 2470 3865 vivamus
2499 3809 2689 3879 pmnis.
2723 3807 2867 3862 Mors
2896 3808 3060 3874 enim,
3085 3824 3203 3878 qua:
3231 3810 3471 3864 secunda
3500 3808 3702 3874 dicitur,
3730 3805 3794 3858 nio

2228 3901 2303 3955 hil
2323 3899 2464 3954 aliud
2490 3907 2751 3968 estquam
2774 3898 2883 3953 vita
2912 3914 3210 3969 poenarum.

2301 3988 2578 4062 24812.
2622 3987 2919 4043 Caveamus
2956 3989 3119 4058 igitur
3163 3989 3229 4044 ab
3271 3988 3531 4047 inferiore
3582 3986 3791 4049 inferno,

2229 4080 2319 4137 ubi
2348 4095 2544 4149 corpus
2573 4088 2629 4133 et
2672 4079 2903 4132 animam
2950 4079 3191 4147 gehenna
3232 4080 3527 4148 torquebit,
3554 4085 3794 4133 :etermun

2227 4172 2492 4225 moriente
2520 4170 2817 4239 peccatoris
2840 4169 3037 4233 anima,
3069 4178 3319 4223 manente
3347 4168 3397 4202 ⁸ο
3422 4185 3582 4224 sensu
3624 4176 3677 4223 et
3694 4164 3785 4219 du-

2228 4268 2381 4315 rante
2425 4258 2647 4313 materia
2699 4259 3079 4328 corruptionis.
3110 4258 3242 4312 Nam
3268 4268 3318 4312 et
3343 4261 3568 4325 mortui,
3600 4267 3653 4312 ut
3677 4255 3796 4311 scri-

2226 4358 2374 4418 ptum
2396 4357 2497 4413 est,
2522 4357 2786 4420 resurgent
2804 4350 3088 4418 incorrupti
3123 4350 3167 4414 ί,
3199 4364 3306 4403 non
3328 4350 3516 4417 gloria:
3539 4351 3796 4402 immorta-

546 4436 739 4495 potens
764 4436 847 4482 est
869 4428 1163 4497 justiﬁcare
1211 4431 1450 4500 impium,
1477 4441 1533 4487 et
1558 4432 1827 4489 viviﬁcare
1854 4445 2116 4501 mortuos,
2151 4452 2199 4512 ι)
2224 4439 2393 4503 litate,
2421 4439 2515 4494 sed
2536 4454 2729 4509 penum.
2763 4438 2961 4509 Infelix
2989 4456 3082 4510 ego
3107 4440 3276 4504 homo,
3317 4443 3432 4511 quis
3475 4457 3557 4495 me
3578 4435 3797 4492 liberabit

547 4526 602 4572 et
630 4519 928 4575 illuminare
956 4521 1222 4586 tenebras,
1254 4530 1310 4575 et
1338 4521 1662 4590 phtenicium
1683 4523 1968 4577 candidare
2003 4523 2043 4576 ι.

620 4609 705 4664 ll.
731 4609 1085 4676 Quamobrem
1115 4619 1266 4666 orate
1285 4611 1497 4666 solliciti
1524 4618 1583 4665 ut
1610 4620 1760 4664 tanto
1774 4627 1869 4666 ore
1889 4612 1973 4667 vel
2001 4628 2118 4666 mu-

547 4712 675 4755 nere
701 4700 797 4754 Dci
821 4700 1037 4769 dignum
1068 4701 1177 4755 Deo
1205 4716 1299 4756 cor
1318 4701 1671 4770 accipiamus;
1698 4710 1753 4755 et
1779 4701 1869 4770 qui
1898 4705 2110 4774 accepi-

547 4881 604 4939 3.
680 4892 707 4930 κ
745 4883 763 4935 l
792 4883 914 4937 Cor.
943 4898 1014 4946 ιν,
1047 4884 1099 4936 7.
1177 4881 1202 4919 δ
1240 4883 1413 4937 lCor.
1446 4901 1482 4945 ι,
1515 4884 1601 4936 51.

552 5030 574 5058 ⁸
612 5020 753 5076 Psal.
786 5037 855 5086 vr,
885 5021 937 5075 6.

619 5158 695 5225 (al
724 5155 814 5213 Sic
839 5159 1003 5214 editio
1025 5158 1198 5212 Chiﬁl.
1224 5173 1343 5215 cum
1373 5174 1496 5212 mss.
1529 5160 1687 5213 codd.
1715 5159 1872 5214 Clun.
1901 5160 2126 5215 etVien.

551 5224 608 5348 π
638 5227 871 5349 θᾱριὶεὶηθ
893 5228 1053 5283 Rosv.
1079 5230 1373 5298 legebatur,
1395 5229 1496 5283 alia
1516 5229 1963 5300 interpunctione,
1990 5232 2123 5300 ﬁeri.

610 5313 669 5349 os
696 5313 751 5349 ιη
814 5314 892 5349 oc.

610 5313 751 5350 οδιη
779 5313 892 5351 noc.

624 5364 698 5434 (ὁ)
734 5366 810 5420 Ita
839 5366 1093 5422 Paulinus
1121 5376 1302 5437 noster
1326 5369 1481 5435 epist.
1516 5367 1580 5421 l9
1603 5368 1670 5421 ad
1701 5368 2037 5437 Delphinum.
2066 5385 2119 5423 η.

550 5432 605 5497 2,
633 5432 847 5490 secutus
876 5438 1173 5490 versionem
1204 5432 1447 5491 Psaltérii
1476 5454 1541 5491 ex
1587 5432 1830 5499 Hebrtco,
1859 5454 1981 5492 cum
2010 5439 2060 5491 in
2090 5438 2124 5491 ιι

551 5503 671 5575 aliis
697 5505 962 5573 psalteriis
987 5513 1043 5575 et
1067 5506 1120 5559 in
1148 5508 1534 5575 commentario
1572 5506 1627 5560 S.
1665 5507 1940 5573 Augustini
1961 5522 2123 5575 super

552 5574 783 5641 psalmos
812 5584 1002 5643 quater
1029 5574 1235 5642 legatur
1259 5573 1615 5643 Conﬁteantur
1657 5575 1881 5630 Domino
1922 5573 2123 5629 miseri-

554 5644 742 5695 cordite
758 5644 891 5713 ejus.
918 5646 969 5698 in
990 5659 1129 5698 vers.
1162 5644 1215 5709 8,
1247 5643 1333 5705 ‘25,
1365 5643 1557 5706 ‘2l,2’>t.

630 5718 700 5783 (ι’)
739 5712 1048 5769 Addidimus
1097 5713 1411 5777 particulam
1458 5718 1511 5767 in
1570 5730 1634 5768 cx
1683 5731 1810 5771 mss.
1846 5714 2119 5772 codicibus

1687 4884 1699 4920 ί
1745 4885 1931 4939 Matth.
1966 4903 2088 4955 xix,
2124 4888 2208 4942 17.
2290 4890 2303 4938 i
2350 4888 2544 4944 Johan.
2604 4905 2639 4953 ι,
2676 4890 2758 4944 16.
2840 4888 2861 4926 ¹ί
2903 4888 3044 4942 Psal.
3092 4906 3237 4955 LXIV,
3270 4894 3354 4945 lt.

548 4960 590 4991 ω
618 4952 789 5021 Εεοιὶ.
817 4967 876 5018 ιι,
903 4952 956 5005 7.
1033 4962 1059 4987 η
1099 4950 1288 5021 Johan.
1324 4970 1432 5016 xw,
1463 4954 1516 5008 6.
1594 4962 1619 4988 ο
1659 4953 1815 5009 Prov.
1864 4971 1935 5018 IV,
1966 4954 2055 5009 23.
2133 4968 2158 5006 P
2198 4958 2383 5012 Matth.
2420 4975 2528 5021 xix,
2559 4950 2648 5013 2|.

1019 5023 1036 5056 ι
1078 5020 1244 5076 lCor.
1277 5038 1376 5085 xv,
1408 5022 1494 5075 52.
1574 5031 1598 5057 υ
1640 5022 1795 5077 Rom.
1825 5041 1895 5079 vn
1920 5066 1934 5088 ,
1970 5024 2059 5078 24.

2226 5029 2338 5082 ’sal.
2368 5044 2517 5090 χχιιι,
2552 5028 2607 5081 8.
2687 5037 2714 5063 ι
2753 5027 2897 5082 Psal.
2928 5044 3034 5095 cvr,
3062 5020 3165 5082 '16.

2226 4530 2288 4582 de
2317 4545 2528 4597 corpore
2572 4530 2750 4582 mortis
2779 4529 2933 4598 hujus
2963 4530 3016 4583 “?
3046 4526 3297 4584 Dominus
3340 4532 3491 4601 fortis
3520 4540 3570 4584 et
3606 4538 3792 4599 potens,

2224 4617 2478 4673 Dominus
2504 4627 2686 4687 potens
2714 4618 2767 4670 in
2796 4618 2975 4687 prtelt'o
3005 4628 3052 4684 ν,
3074 4620 3167 4687 qui
3190 4627 3351 4673 vectes
3379 4620 3446 4690 (τ)
3480 4622 3671 4690 ferreos
3691 4631 3799 4668 con-

2220 4710 2368 4779 fregit
2402 4718 2446 4774 κ,
2477 4716 2534 4762 et
2583 4708 2870 4762 humiliavit
2917 4708 3338 4763 calumniatorem
3364 4718 3414 4773 γ,
3459 4717 3518 4762 ut
3555 4707 3796 4762 excitaret

620 4824 647 4853 ⁸
685 4813 822 4868 Psal.
858 4829 941 4875 xc,
969 4814 1020 4877 5,
1051 4812 1103 4877 6,
1133 4815 1188 4883 'l.
1261 4814 1288 4851 δ
1327 4814 1465 4867 Psal.
1499 4830 1677 4878 cum,
1712 4815 1765 4882 7,
1797 4815 1848 4869 8.
1930 4827 1951 4854 ο
1992 4816 2108 4870 Act.
2142 4835 2212 4882 tv,
2254 4819 2331 4872 l2.
2410 4818 2435 4855 ά
2477 4820 2618 4873 Psal.
2650 4836 2751 4883 cvi,
2778 4820 2832 4872 8.

3426 4819 3444 4858 ῐ
3490 4818 3630 4873 Psal.
3664 4828 3795 4874 seu.

3437 4888 3455 4927 ι
3491 4889 3613 4943 lsai.
3647 4900 3681 4949 ι,

2726 4970 2751 5008 τι
2792 4957 2932 5013 Psal.
2968 4975 3073 5024 th,
3106 4958 3190 5012 12.
3225 4949 3235 4955 ’
3269 4970 3289 4998 τ
3330 4958 3524 5013 Johan.
3569 4973 3663 5021 xu,

3278 5038 3305 5077 γ
3380 5027 3523 5082 Psal.
3557 5019 3699 5089 Lxst,
3747 5019 3794 5071 4.

2913 4829 2936 4857 ε
2966 4819 3109 4875 Psal.
3142 4836 3226 4884 cv,
3255 4820 3343 4873 47.

2234 5162 2385 5218 Clun.
2413 5172 2467 5217 et
2496 5162 2647 5216 Vien.
2680 5172 2736 5216 et
2763 5163 2849 5216 ed.
2872 5163 3072 5230 Chilll.,
3103 5163 3155 5217 in
3185 5164 3451 5233 quibus,si
3471 5160 3596 5233 quid
3620 5160 3799 5233 bonum

2230 5233 2285 5285 in
2334 5233 2497 5296 nobis,
2536 5233 2599 5285 ab
2658 5234 2768 5301 ipso
2823 5242 2943 5285 est:
2988 5229 3140 5287 etsi
3193 5229 3318 5305 quid
3345 5229 3610 5303 optimum,
3649 5229 3800 5298 ipsius

2229 5312 2321 5355 εει.

2304 5371 2379 5437 Id)
2410 5369 2499 5424 Sic
2525 5369 2929 5425 emendavimus
2959 5385 3025 5423 ex
3066 5386 3192 5426 mss.
3242 5372 3510 5427 codicibus
3545 5367 3702 5421 Clun.
3749 5372 3797 5419 et

2227 5436 2469 5511 Vienﬁet
2498 5438 2623 5511 edit.
2652 5438 2827 5511 Chilll.
2858 5440 2909 5493 in
2936 5440 3319 5511 quibusmutat
3346 5457 3442 5511 pro
3470 5440 3647 5492 vincit.
3670 5436 3802 5489 Ante

2227 5508 2433 5584 erat,S_i
2462 5510 2597 5561 enim
2622 5509 2844 5584 seipsum
2865 5510 3043 5584 vincit,
3065 5510 3211 5584 nullo
3237 5508 3430 5584 sensu.
3569 5576 3589 5584 _
3720 5572 3754 5584 υ

2298 5586 2370 5643 (e)
2406 5576 2482 5629 lta
2512 5572 2847 5645 reposuimus
2893 5593 2961 5633 ex
3009 5572 3198 5634 iisdem
3245 5580 3535 5637 codicibus.
3569 5576 3629 5631 In
3674 5572 3799 5630 edit.

2228 5646 2389 5721 Ros‘v.
2401 5685 2426 5721 ,_
2442 5646 2779 5713 c/fundemus.
2824 5716 2854 5721 _
3109 5719 3147 5721 __
3193 5720 3201 5721 ί
3676 5710 3709 5721 __

2295 5717 2362 5778 (fl
2401 5711 2557 5770 Juita
2586 5726 2787 5771 textum
2815 5716 3075 5783 Graecum,
3108 5719 3404 5787 Vulgatam,
3435 5731 3561 5771 mss.
3594 5711 3804 5770 codices
