3988 6176
288 312 388 367 577

1678 313 2011 369 EPISTOLA
2048 313 2176 373 XLI.

3454 320 3560 376 578

290 441 369 478 me
390 424 454 477 de
480 422 645 490 portis
666 424 867 489 mortis,
888 433 944 477 ut
970 440 1237 479 narrarem
1259 427 1517 479 mirabilia
1543 428 1654 497 ejus
1684 427 1737 480 in
1760 444 1877 498 por-
1905 434 1951 491 Α
1979 428 2323 498 corruptione
2368 427 2528 499 hujus
2570 428 2736 483 seculi
2778 431 2966 487 mortis
2991 430 3213 487 odorem
3244 434 3518 489 trahamus
3542 454 3557 488 :

294 517 357 569 tis
384 515 513 585 filim
543 513 675 568 Sion
720 524 767 568 ι.
797 514 1076 568 Benedicat
1123 533 1210 571 vos
1257 517 1505 571 Dominus
1551 536 1615 571 ea:
1647 521 1796 582 Sion,
1829 530 1879 572 et

290 607 508 661 videatis
536 622 651 675 qua:
679 604 812 659 bona
840 615 963 659 sunt
992 605 1339 672 Hierusalem,
1368 617 1423 662 et
1450 610 1614 663 oretis
1652 624 1751 679 pro
1782 624 1879 663 no-

292 697 373 751 bis
393 697 629 751 omnibus
645 695 821 750 diebus
836 700 950 751 vita:
976 708 1155 753 vestra:
1184 698 1233 765 δ,
1257 709 1314 753 ut
1341 702 1509 769 portio
1540 712 1715 755 nostra
1737 718 1880 756 com-

293 788 527 841 muniter
547 788 619 840 sit
642 789 696 840 in
718 796 858 841 terra
878 790 1147 843 viventium
1174 801 1219 843 ο.

797 876 1127 932 EPISTOLA
1171 883 1187 900 ⁶
1226 879 1361 933 XLI.

301 963 551 1042 Paufinus
579 984 611 1020 α
629 966 822 1042 sancto
852 972 1183 1037 prwmonitus
1205 974 1374 1040 fuerat
1396 982 1451 1024 ut
1479 973 1702 1042 faculam
1732 990 1878 1025 suam

362 1037 635 1107 diligenter
654 1038 773 1108 dum
796 1048 993 1107 tempus
1017 1050 1093 1092 est
1121 1037 1400 1108 appararet
1426 1060 1443 1095 :
1473 1037 1742 1096 occasione
1762 1044 1881 1095 inde

364 1115 597 1183 accepta,
627 1110 680 1161 in
699 1107 1075 1183 -Evangelicam
1106 1107 1168 1161 de
1213 1111 1539 1183 lampadibus
1562 1130 1623 1183 ac
1663 1114 1726 1165 de
1750 1130 1877 1183 pru-

365 1176 1173 1254 dentibusquiniptetotidemque
1206 1176 1365 1249 fatuis
1399 1182 1679 1253 virginibus
1714 1176 1878 1254 para-

366 1244 536 1298 bolam
562 1244 646 1314 pie
665 1244 940 1301 admodum
969 1244 1329 1321 ingenioseque
1349 1244 1594 1305 excurrit.

367 1336 419 1389 1.
464 1335 713 1404 Legimus
734 1340 785 1392 in
818 1349 967 1407 tergo
992 1341 1229 1410 epistolae
1245 1324 1647 1397 adnotationem
1676 1345 1879 1413 episto-

300 1428 490 1493 larum,
516 1445 651 1498 quas
672 1446 817 1483 meas
843 1448 961 1486 esse
987 1438 1059 1501 (a)
1092 1434 1386 1489 indicastis.
1412 1433 1541 1487 Nam
1567 1449 1691 1487 vere
1714 1450 1881 1504 prope

297 1519 538 1573 Omnium
581 1535 765 1573 earum
819 1521 889 1574 ita
920 1524 1201 1577 immemor
1255 1541 1435 1587 eram,
1468 1533 1525 1579 ut
1564 1541 1714 1579 meas
1761 1542 1880 1579 esse

296 1626 400 1663 non
431 1627 875 1680 recognoscerem
896 1616 931 1677 ι,
952 1614 1050 1669 nisi
1080 1616 1271 1669 vestris
1295 1617 1485 1670 litteris
1512 1616 1873 1671 credidissem.

296 1696 450 1754 Unde
502 1700 676 1769 majus
731 1705 913 1773 accepi
966 1704 1346 1759 documentum
1392 1707 1631 1759 caritatis
1665 1716 1876 1773 vestite,

1980 534 2155 587 neque
2202 535 2298 588 per
2344 528 2558 588 gustum
2608 520 2801 575 illicem
2841 523 2978 591 gula:
3006 525 3223 578 morbus
3252 525 3477 594 irrepat,
3507 535 3564 580 et

1979 611 2531 679 concupiscentiarum
2572 611 2652 681 (ιι)
2691 613 2825 668 cibis
2852 614 3191 667 continentia:
3217 616 3381 669 robur
3407 632 3565 670 ener-

1980 708 2066 752 vet
2094 717 2105 751 :
2140 715 2315 768 neque
2344 701 2595 755 mollibus
2623 703 2954 757 vestimentis
2974 705 3187 774 corpori
3210 704 3562 769 blandiamur,

1980 806 2080 845 nec
2128 807 2355 845 carneos
2404 800 2585 847 tactus
2638 802 2693 847 et
2745 794 3021 863 amplexus
3067 795 3280 849 illicitos
3326 795 3569 850 delicatis

1983 882 2125 935 male
2181 882 2395 951 palpata
2443 884 2768 951 tegminibus
2815 884 3052 939 membra
3105 884 3175 955 (e)
3216 886 3564 954 disquatiant.

1980 971 2057 1024 Ita
2109 971 2199 1025 fiet
2241 982 2298 1025 ut
2338 972 2389 1025 in
2423 990 2748 1043 unoquoque
2774 983 3016 1028 nostrum
3048 976 3294 1029 omnibus
3322 976 3568 1030 sensibus

1979 1062 2141 1115 castis
2162 1069 2217 1116 et
2238 1063 2359 1116 oleo
2381 1063 2639 1117 doctrina:
2669 1064 2837 1118 tidelis
2860 1066 3094 1129 imbutis,
3120 1065 3350 1133 virgines
3379 1082 3568 1119 omnes

1980 1154 2217 1223 quinque
2256 1156 2529 1224 sapientes
2568 1166 2841 1221 maneant,
2874 1156 2995 1209 oleo
3020 1156 3071 1209 in
3102 1157 3243 1209 vasis
3271 1157 3381 1210 suis
3410 1172 3568 1226 repo-

1979 1244 2105 1309 sito,
2137 1247 2543 1315 exspectatione
2573 1262 2759 1301 secura
2791 1248 3103 1314 quiescant,
3137 1248 3289 1301 facile
3320 1264 3444 1301 mox
3474 1264 3569 1317 pa-

1981 1334 2161 1387 randis
2189 1332 2393 1388 facibus
2430 1350 2732 1389 occursuras
2762 1352 2882 1389 cum
2930 1338 3101 1405 primo
3140 1337 3569 1405 supervenientis

1979 1425 2162 1492 sponsi
2193 1426 2420 1479 tumultu
2450 1425 2648 1480 fuerint
2675 1428 2936 1483 excitata).
2970 1428 3099 1481 Nam
3124 1429 3174 1481 in
3197 1430 3357 1481 tantis
3381 1428 3568 1483 Eccle-

1980 1518 2072 1571 sia:
2100 1517 2310 1586 populis
2334 1560 2349 1585 ,
2402 1518 2454 1571 in
2502 1520 2694 1588 quibus
2720 1536 2828 1573 non
2856 1520 3029 1574 solum
3060 1520 3313 1588 virgines,
3344 1536 3569 1589 quarum

1981 1616 2160 1662 tamen
2190 1610 2467 1663 innumera
2498 1610 2786 1664 multitudo
2816 1619 2930 1675 est;
2975 1610 3070 1664 sed
3100 1618 3155 1664 et
3183 1611 3445 1663 maritatae
3471 1653 3485 1677 ,
3517 1619 3570 1665 et

1980 1698 2151 1751 vidum
2197 1699 2423 1752 diversis
2472 1706 2528 1753 et
2570 1700 2809 1753 moribus
2836 1708 3132 1753 cernuntur
3172 1708 3227 1754 et
3276 1700 3565 1763 fructibus;

295 1790 419 1855 quia
442 1790 564 1858 plus
594 1807 678 1845 me
705 1793 857 1846 vobis
886 1810 1044 1863 quam
1076 1796 1205 1849 mihi
1238 1804 1422 1850 notum
1456 1812 1575 1851 esse
1607 1799 1873 1867 perspexi.

1994 1804 2090 1842 non
2143 1789 2377 1842 arbitror
2422 1789 2523 1842 alia
2573 1790 2782 1843 ratione
2826 1791 3062 1857 quinque
3102 1798 3306 1844 tantum
3340 1792 3571 1857 virgines

295 1875 553 1947 llymnos,
585 1896 721 1950 quos
748 1883 1134 1948 desiderabam,
1168 1886 1439 1953 accepisse
1460 1887 1701 1954 gratulor
1730 1906 1742 1939 :
1772 1903 1880 1955 quo

296 1982 541 2033 munere,
584 1970 780 2025 Sancte
810 1972 990 2038 frater,
1039 1974 1361 2029 admonuisti
1410 1992 1515 2039 me,
1567 1987 1625 2030 ut
1654 1978 1881 2032 faculam

296 2072 471 2112 meam
522 2060 824 2129 diligenter,
858 2058 983 2117 dum
1014 2073 1225 2135 tempus
1272 2077 1376 2135 est,
1430 2085 1778 2138 appararent,
1814 2086 1881 2124 ne

297 2162 417 2201 cum
443 2146 607 2203 fatuis
635 2150 968 2219 excluderer,
996 2156 1037 2209 si
1068 2172 1187 2211 cum
1212 2160 1540 2228 sapientibus
1568 2177 1675 2216 non
1702 2179 1885 2218 occur-

297 2252 497 2291 rerem.
542 2238 705 2296 Orate
752 2252 929 2297 autem
948 2284 963 2309 ,
996 2254 1052 2298 ut
1081 2255 1135 2299 et
1164 2248 1397 2315 virgines
1425 2260 1480 2305 et
1506 2250 1748 2307 fecunda:
1776 2254 1884 2307 sint

297 2328 491 2383 anima:
521 2339 751 2395 nostra};
778 2334 893 2388 sine
919 2336 1199 2391 sterilitate
1243 2340 1494 2408 virgines,
1519 2344 1634 2399 sine
1660 2360 1884 2414 corrup-

298 2419 447 2474 tione
486 2420 748 2477 fccundar.
790 2422 904 2478 Hoc
930 2428 1072 2480 enim
1120 2433 1374 2499 mysterio
1404 2442 1458 2487 et
1489 2434 1539 2487 in
1569 2435 1685 2503 lege
1711 2434 1881 2488 male-

297 2514 475 2568 dictus
504 2524 606 2579 est,
638 2517 729 2583 qui
760 2518 779 2547 ¹
808 2534 989 2572 semen
1020 2520 1072 2573 in
1108 2520 1271 2576 Israel
1313 2542 1418 2579 non
1457 2526 1665 2581 dederit
1691 2546 1702 2580 :
1745 2536 1799 2581 et
1828 2528 1881 2581 in

298 2602 594 2672 Evangelio
634 2607 782 2674 virgo
810 2610 1025 2677 sapiens
1055 2610 1129 2681 (lt)
1159 2612 1355 2667 dicitur
1382 2632 1499 2685 qua:
1540 2618 1661 2673 oleo
1686 2634 1882 2687 procu-

298 2704 416 2749 rato
445 2696 589 2763 vigili
620 2698 996 2766 sollicitudine,
1031 2712 1189 2757 uncta
1218 2708 1287 2770 (ο)
1307 2704 1442 2771 face,
1474 2709 1658 2775 sponsi
1687 2725 1882 2779 exspe-

297 2792 410 2837 ctat
430 2787 740 2853 adventum,
764 2790 981 2860 jamque
1023 2796 1257 2849 venienti
1289 2813 1395 2851 non
1437 2800 1882 2867 exstinguendum

298 2874 481 2943 pingui
516 2876 699 2932 fomite
728 2880 906 2935 lumen
935 2884 1202 2939 accendit.

369 2964 422 3018 2.
453 2966 596 3035 Ergo
618 2984 768 3023 mens
790 2981 971 3025 nostra
1004 2972 1191 3029 fertilis
1214 2976 1325 3031 Deo
1345 2978 1434 3045 sit,
1459 2988 1515 3034 et
1542 2982 1659 3035 vita:
1681 2980 1884 3036 fructus

297 3056 552 3125 operibus
579 3057 732 3115 bonis
764 3063 955 3130 pariat.
1006 3062 1087 3118 Sit
1116 3074 1169 3119 et
1198 3068 1416 3136 spiritus
1445 3072 1614 3140 virgo,
1650 3081 1708 3127 ut
1739 3074 1881 3127 nulla

1983 1879 2157 1935 fatuas
2203 1888 2258 1934 et
2306 1881 2526 1934 totidem
2565 1881 2836 1949 sapientes
2873 1898 2991 1934 esse
3035 1882 3263 1949 positas,
3298 1883 3397 1934 nisi
3425 1882 3569 1949 quod

1984 1981 2211 2038 tttraque
2254 1986 2481 2039 peisona
2526 1971 2576 2023 in
2609 1972 2773 2024 totius
2803 1972 2984 2049 populi
3015 1972 3361 2025 universitate
3388 1972 3569 2025 diver-

1982 2076 2071 2124 sa,
2102 2076 2352 2114 ninnerus
2398 2069 2579 2113 autem
2630 2061 2837 2113 ratione
2884 2060 3187 2129 supradicta
3218 2061 3487 2128 sigillalim
3516 2062 3569 2115 in

1983 2153 2232 2207 omnibus
2275 2152 2613 2217 continetur;
2667 2160 2725 2206 ut
2772 2153 3134 2220 unusquisque
3184 2153 3235 2207 in
3279 2155 3570 2224 semetipso

1984 2252 2076 2296 aut
2121 2243 2313 2297 stultas
2357 2251 2449 2296 aut
2497 2243 2786 2312 prudentes
2836 2243 3028 2296 habeat
3060 2242 3117 2304 ‘,
3169 2259 3267 2312 pro
3313 2245 3572 2312 qualitate

1984 2352 2237 2390 sensuum
2266 2350 2487 2389 suorum
2525 2353 2536 2386 :
2572 2335 2623 2388 in
2655 2335 2849 2404 quibus
2895 2334 3132 2403 providis
3160 2336 3397 2403 sapiens,
3427 2335 3573 2389 iner-

1987 2426 2127 2479 tibus
2156 2433 2337 2479 autem
2364 2426 2525 2478 stulta
2558 2426 2833 2493 virginitas
2858 2438 2959 2479 est.
3003 2425 3132 2479 Nam
3164 2425 3286 2479 ideo
3308 2435 3361 2479 et
3390 2425 3570 2492 fatuaz,

1985 2519 2129 2571 sicut
2176 2518 2448 2587 sapientes
2493 2517 2545 2569 in
2577 2524 2725 2569 tanta
2754 2517 2835 2571 sui
2866 2513 3299 2570 dissimilitudine
3328 2516 3573 2570 similiter

1985 2609 2221 2674 virgines
2260 2607 2615 2676 appellantur,
2660 2608 2783 2675 quia
2814 2606 3105 2675 virginibus
3134 2606 3425 2660 secundum
3456 2621 3573 2659 car-

1984 2714 2107 2751 nem
2132 2698 2388 2752 sterilitas
2417 2696 2718 2759 infecunda,
2750 2698 3044 2752 secundum
3071 2698 3315 2765 spiritum
3338 2696 3573 2749 fructuo-

1984 2803 2043 2841 sa
2076 2788 2143 2858 (f)
2174 2788 2394 2841 castitas
2436 2787 2606 2839 adest.
2655 2785 2831 2850 Quare
2881 2802 2980 2839 nec
3028 2786 3299 2854 sapientes
3336 2784 3575 2839 sterilem

1986 2877 2343 2943 virginitatem
2373 2876 2569 2929 habent
2591 2918 2605 2943 ,
2638 2872 2761 2944 quia
2790 2877 3061 2943 sapientes
3090 2885 3241 2941 sunt;
3272 2891 3372 2936 nec
3399 2876 3575 2929 stulta:

1984 2968 2307 3022 fructuosam
2335 3008 2349 3034 ,
2394 2967 2519 3035 quia
2571 2967 2746 3019 stultae
2782 2972 2926 3019 sunt.
2972 2966 3209 3030 Quarum
3240 2965 3410 3018 forma
3441 2966 3574 3018 mihi

1984 3057 2193 3112 videtur
2226 3072 2346 3111 esse
2374 3056 2634 3127 sapientia
2666 3056 2817 3126 hujus
2850 3056 3061 3119 mundi,
3087 3071 3206 3125 qua:
3246 3055 3464 3108 stultitia
3502 3065 3575 3108 est

296 3147 462 3202 seculi
486 3160 861 3214 corrumpatur
890 3154 1161 3223 illecebra,
1191 3166 1245 3210 et
1273 3159 1340 3213 ab
1390 3164 1535 3216 omni
1567 3163 1685 3217 labe
1714 3164 1876 3217 vitio-

1994 3148 2120 3219 zpud
2165 3147 2369 3212 Deum,
2416 3155 2471 3201 et
2518 3147 2773 3215 sapientia
2823 3148 2993 3200 carnis
3019 3145 3045 3183 ιι
3077 3186 3091 3209 ,
3124 3160 3242 3215 qua:
3272 3162 3397 3201 vere
3425 3146 3576 3214 virgo

297 3252 413 3290 rum
465 3239 674 3308 integer
714 3253 945 3299 maneat.
976 3244 1163 3303 Stulta:
1190 3251 1330 3305 enim
1363 3253 1594 3320 virgines
1624 3255 1724 3309 illa:
1750 3255 1883 3310 mibi

295 3328 550 3384 videntur
600 3333 791 3387 anima:
819 3334 859 3398 ³,
902 3352 1022 3405 qu:c
1065 3338 1351 3396 virtutibus
1398 3345 1609 3399 steriles
1657 3358 1782 3401 sunt
1816 3346 1875 3410 ";

296 3613 500 3658 nuntur
527 3643 542 3667 ,
596 3614 654 3660 ut
672 3606 999 3678 intelligatur
1020 3652 1036 3676 ,
1086 3611 1154 3664 ad
1182 3629 1373 3671 sensus
1402 3618 1634 3675 hominis
1663 3621 1883 3692 integri-

297 3702 467 3747 tatem
499 3703 594 3748 aut
622 3700 1023 3767 corruptionem
1066 3702 1253 3757 referri
1280 3724 1292 3757 :
1326 3724 1450 3761 nam
1495 3710 1730 3779 quinque
1763 3730 1887 3767 sen-

296 3786 444 3839 sibus
472 3800 662 3840 omnes
690 3788 896 3857 pralditi
926 3807 1136 3855 sumus,
1188 3810 1283 3862 lzer
1321 3811 1457 3864 quos
1487 3809 1579 3851 aut
1606 3800 1767 3855 vitam
1799 3818 1886 3857 re-

296 3879 542 3947 cepimus
572 3888 664 3932 aut
693 3891 939 3935 mortem.
984 3882 1060 3938 De
1090 3886 1217 3954 ipsis
1246 3888 1388 3942 enim
1411 3890 1599 3946 dolens
1626 3896 1888 3965 propheta

295 3968 467 4021 dicit:
501 3967 646 4022 Mors
668 3970 894 4026 introivit
920 3989 1012 4041 per
1036 3976 1291 4044 fenestras
1319 3989 1512 4034 vestras
1532 3991 1577 4034 ε.
1614 3981 1758 4049 Quas
1788 3985 1887 4038 oh-

294 4067 569 4112 struamus
598 4060 791 4115 timore
822 4063 915 4116 Dei
935 4102 950 4125 ,
982 4072 1041 4117 ut
1070 4065 1135 4119 ad
1166 4083 1354 4123 omnes
1381 4070 1535 4125 istius
1564 4076 1745 4128 mundi
1776 4076 1885 4129 for-

294 4165 413 4203 mas
456 4157 515 4204 et
564 4166 722 4204 voces
761 4154 907 4206 surdi
952 4155 1119 4209 simus
1157 4164 1211 4210 ct
1241 4161 1405 4214 caeci:
1436 4162 1705 4230 sapiamus
1733 4181 1889 4221 aures

294 4247 518 4293 nostras
552 4240 721 4308 spinis
746 4251 933 4296 contra
966 4244 1198 4314 linguam
1230 4264 1457 4318 nequam
1488 4259 1543 4304 et
1572 4253 1887 4311 illecebrosa

292 4331 662 4385 modulamina
698 4333 713 4368 ί
746 4351 757 4385 :
790 4345 1081 4391 avertamus
1106 4342 1283 4395 oculos
1316 4353 1517 4398 nostros
1538 4387 1552 4413 ,
1592 4363 1657 4400 ne
1683 4349 1888 4404 videant

1988 3244 2263 3297 stulta'est
2282 3285 2297 3309 ,
2329 3243 2413 3313 (g)
2443 3240 2565 3310 quia
2601 3258 2704 3294 non
2740 3249 2817 3293 est
2841 3240 3026 3309 juncta
3054 3247 3215 3308 atque
3241 3238 3469 3317 subjecta
3496 3240 3574 3292 te-

1988 3337 2038 3407 gi
2076 3335 2086 3371 ί
2126 3342 2181 3389 et
2222 3335 2499 3404 sapienti-.e
2542 3334 2674 3389 Dei:
2709 3342 2765 3389 et
2801 3334 3012 3387 lucerna
3053 3334 3165 3403 ejus
3196 3332 3351 3387 facile
3378 3334 3578 3386 exstin-

1988 3429 2161 3497 guitur
2190 3429 2202 3475 i
2232 3469 2247 3493 ,
2272 3427 2397 3497 quia
2428 3442 2534 3480 non
2566 3425 2731 3479 habet
2760 3424 2939 3479 oleum
2969 3424 3235 3489 veritatis,
3266 3438 3435 3477 vacua
3460 3422 3578 3492 Spi-

1986 3518 2121 3571 ritus
2168 3518 2338 3571 saneti
2362 3555 2377 3580 ,
2429 3531 2537 3584 quo
2565 3516 2755 3569 oculus
2780 3515 3003 3569 interior
3028 3515 3318 3567 luminatur
3348 3516 3366 3544 ³
3393 3524 3447 3568 et
3478 3515 3579 3567 im-

1987 3608 2475 3678 pinguaturanimcc
2502 3606 2887 3676 caputhquod
2916 3614 2999 3658 est
3028 3606 3155 3658 ﬁdes
3182 3606 3343 3675 250
3372 3614 3575 3669 nostra,

1989 3700 2076 3755 cui
2106 3699 2283 3752 oleum
2313 3706 2395 3751 est
2424 3697 2679 3752 doctrina:
2707 3696 2941 3751 cmlestis
2972 3695 3164 3749 infusio
3202 3694 3211 3729 ¹
3237 3696 3259 3748 ?

2059 3810 2111 3863 5.
2153 3808 2336 3876 Itaque
2387 3809 2553 3863 oleum
2595 3806 2882 3878 peccatoris
2933 3823 3033 3859 non
3093 3806 3376 3875 impinguet
3423 3814 3577 3874 caput

1988 3908 2242 3963 nostrum,
2276 3914 2449 3968 neque
2476 3912 2675 3953 musae
2704 3900 2979 3951 moritura:
3006 3896 3369 3949 exterminent
3397 3896 3577 3950 oleum

1990 3991 2310 4046 suavitatis:
2350 3998 2409 4044 ut
2446 4006 2661 4059 semper
2699 3989 2853 4043 nabis
2894 3996 3056 4057 caput
3084 3987 3329 4042 Christhs
3356 3987 3446 4050 sit,
3480 4002 3578 4041 nec

1990 4099 2225 4153 unquam
2254 4084 2274 4114 ⁶
2314 4083 2531 4137 deficiat
2555 4083 2735 4137 oleum
2767 4081 2928 4151 Capiti
2956 4089 3160 4145 nostro,
3193 4081 3318 4149 quia
3346 4095 3579 4149 unguenv

1992 4183 2097 4227 tum
2140 4175 2465 4229 exinanitum
2505 4183 2582 4227 est
2628 4190 2814 4227 nomen
2858 4173 2968 4241 ejus
3004 4188 3021 4225 :
3053 4179 3108 4226 et
3158 4180 3284 4224 tunc
3329 4169 3578 4224 omnibus

1992 4266 2073 4333 (Ιι)
2106 4268 2357 4334 perfectis
2385 4266 2631 4320 sensibus
2673 4266 2872 4319 erimus
2921 4265 3152 4333 virgines
3199 4263 3502 4331 sapientes,
3530 4261 3577 4316 si

1993 4356 2047 4410 in
2075 4356 2231 4412 nobis
2272 4358 2528 4411 manserit
2557 4356 2835 4426 Sapientia
2867 4357 2991 4420 Dei,
3022 4372 3120 4425 per
3146 4370 3305 4423 quam
3331 4354 3469 4409 facta
3496 4361 3578 4408 est

290 4424 574 4477 vanitatem
624 4434 689 4477 σε
744 4426 1081 4483 obstruamus
1129 4439 1183 4485 et
1226 4448 1382 4487 nares
1429 4446 1679 4514 nostras,
1723 4456 1791 4493 ne
1818 4442 1886 4496 de
1918 4439 2152 4500 Detiam
2204 4448 2257 4502 in
2299 4462 2528 4518 corpore
2575 4424 2803 4502 fecunda
2853 4424 3148 4515 virginitas.
3207 4444 3439 4499 Nimium
3478 4459 3578 4498 vos

358 4545 388 4572 ι
452 4535 594 4590 Psal.
636 4552 709 4595 ix.
772 4536 836 4589 12
880 4546 935 4591 et
978 4539 1064 4593 15.

292 4604 517 4659 'Eccli.
586 4621 779 4668 xxvm,
830 4607 915 4660 28.

1023 4620 1048 4657 ε
1082 4609 1221 4665 Psal.
1254 4629 1444 4679 cxvm,
1502 4616 1590 4671 57.

287 4691 418 4738 cn,
450 4673 503 4727 5.
586 4674 600 4713 ¹
636 4676 789 4730 Cant.
825 4694 860 4741 ι,
889 4677 943 4732 2.

1166 4540 1192 4579 ιι
1258 4542 1400 4597 Psal.
1454 4562 1652 4614 cxxvn,
1692 4549 1745 4604 5.
1821 4565 1842 4590 ι’
1884 4553 2027 4608 Psal.
2099 4572 2253 4625 cm,
2294 4560 2349 4612 6.

1166 4612 1444 4679 il.c.vvm,
1502 4616 1590 4671 57.
1688 4618 2029 4681 thorJtt.
2080 4627 2167 4681 19.
2250 4627 2265 4666 ί
2323 4629 2349 4681 I

2448 4556 2475 4596 ἀ
2534 4559 2723 4613 Matth.
2770 4575 2894 4621 xxv,
2938 4559 2989 4613 5.

2250 4627 2265 4666 ί
2323 4629 2480 4684 Rom.
2513 4646 2622 4695 vni,
2650 4630 2703 4683 7.
2803 4632 2815 4679 i
2857 4628 3015 4684 Prov.
3052 4644 3140 4694 xx,
3169 4629 3256 4683 20.

3122 4568 3145 4595 ο
3194 4558 3302 4613 Jer.
3358 4576 3431 4624 IX,
3483 4559 3573 4617 2|.

3126 4670 3140 4685 .
3169 4629 3256 4683 20.
3356 4628 3382 4667 ιι
3429 4629 3573 4685 Psal.

359 4791 377 4809 ⁶
423 4790 571 4844 Αιίεε
595 4789 681 4855 26,
715 4807 839 4860 Pars
867 4791 931 4856 2;
953 4808 1069 4861 tunc
1091 4803 1271 4851 autem
1302 4796 1361 4851 41
1398 4809 1531 4863 erat,
1566 4818 1707 4857 nunc
1735 4803 1787 4858 4.
1817 4806 2029 4878 Scripta
2058 4819 2114 4865 et
2149 4811 2312 4867 missa
2341 4827 2465 4866 cum
2493 4812 2773 4882 superiore
2792 4812 2937 4866 circa
2965 4827 3163 4865 annum
3197 4811 3319 4866 405.

286 4924 654 5009 (ΖιιιηηιΝριη
690 4924 844 5009 Vien.
877 4936 933 4980 et
960 4928 1313 5009 edit._.Chniﬂl.
1346 4934 1746 4991 emendavimus
1776 4939 1881 5009 fer-

287 5013 430 5051 reos.
465 4995 606 5049 Ante
634 5004 753 5050 erat
775 5013 933 5050 azreos
967 5000 1017 5051 in
1040 5000 1168 5053 edit.
1202 4999 1366 5055 Rosv.

357 5074 439 5131 ta)
472 5065 550 5118 Ita
577 5082 705 5120 mss.
725 5065 937 5120 codices
965 5067 1120 5122 Clun.
1148 5079 1202 5123 et
1234 5070 1384 5126 Vien.
1408 5089 1526 5128 cum
1550 5074 1676 5129 edit.
1702 5075 1877 5131 Chim.

287 5135 430 5190 Edit.
476 5134 669 5205 Bosv.,
685 5136 980 5205 judicastis.
1014 5154 1113 5194 ms.
1141 5139 1278 5205 Nol.,
1300 5144 1560 5198 indicatis.

360 5205 440 5272 (bi
484 5204 799 5261 Addidimus
820 5207 1039 5261 verbum
1067 5209 1255 5263 dicitur
1279 5227 1347 5266 ex
1371 5230 1469 5267 ius.
1514 5214 1706 5270 codice
1753 5215 1874 5269 Clu-

286 5274 534 5329 niacensi
564 5284 620 5328 et
648 5274 777 5329 edit.
810 5276 986 5331 Chifll.

367 5348 443 5412 (ε)
484 5343 575 5397 Sic
604 5346 940 5411 reposuimus
979 5362 1046 5401 ex
1076 5364 1203 5403 mss.
1236 5352 1510 5407 codicibus
1541 5354 1660 5408 Nol.
1694 5363 1748 5408 et
1779 5356 1885 5410 Va-

287 5413 388 5469 tic.
423 5413 714 5467 Verissima
761 5414 919 5489 lectio
967 5419 1133 5484 petita
1162 5435 1227 5489 ex
1258 5420 1511 5489 Evangel.
1548 5424 1781 5478 Mattlnei
1830 5442 1879 5480 c.

288 5498 432 5559 xxv,
463 5498 636 5553 eaque
679 5485 1029 5559 confirmatur
1066 5505 1120 5559 ιι.
1153 5488 1187 5541 2
1219 5500 1271 5545 et
1298 5506 1384 5559 ep.
1412 5485 1515 5557 93,
1560 5510 1613 5547 n.
1659 5494 1745 5547 42.
1780 5495 1882 5549 Alii

288 5552 480 5614 codd.,
508 5552 845 5675 unctaEfacie,
888 5557 1065 5611 minus
1092 5557 1260 5623 bene;
1304 5552 1409 5615 non
1448 5552 1593 5616 enim
1640 5563 1880 5619 Christus

289 5630 556 5675 Dnecemt
584 5623 636 5675 ὶιι
707 5625 951 5675 vanttelio
989 5635 1043 5675 ut
1072 5638 1333 5675 unam-ent
1362 5630 1549 5675 faciem
1588 5649 1737 5675 etiam
1772 5634 1879 5675 vir-

289 5625 556 5699 praecepit
584 5625 636 5675 in
662 5625 951 5690 Evangelio
989 5635 1057 5699 ut
1072 5638 1333 5695 ungerent
1360 5630 1550 5685 faciem
1588 5649 1738 5687 suam
1772 5634 1879 5687 vir—

290 5696 449 5765 gines
476 5700 851 5765 exspectantes
880 5696 1062 5763 sponsi
1082 5699 1390 5765 adventum,
1420 5701 1515 5757 sed
1542 5710 1598 5756 ut
1620 5703 1880 5759 haberent

291 5759 479 5815 oleum
505 5762 556 5816 in
580 5759 934 5832 lampadibus.

2060 4943 2137 5012 (ά)
2176 4943 2303 4998 Mss.
2334 4944 2738 5012 codicesClun.,
2762 4943 2912 4998 Vien.
2942 4952 2999 5000 et
3020 4944 3149 4999 edit.
3182 4944 3377 5011 cum,
3410 4945 3569 5013 cibus,

1990 5013 2166 5067 minus
2196 5016 2351 5068 bene.

2062 5088 2137 5150 (e)
2176 5084 2566 5153 Manuscriptus
2593 5084 2766 5139 codex
2793 5085 3109 5139 Viennensis
3138 5093 3191 5138 et
3214 5084 3341 5138 edit.
3366 5084 3568 5150 Chifll.,

1992 5153 2311 5215 descateant,
2344 5154 2618 5207 mendose.
2652 5155 2749 5209 Ms.
2780 5155 2959 5217 Clun.,
2991 5155 3269 5207 descatent.

2066 5226 2150 5294 (ft;
2178 5223 2567 5294 Manuscriptus
2596 5224 2749 5277 Clun.
2807 5224 2979 5279 codex
3014 5232 3068 5276 et
3096 5223 3180 5277 ed.
3211 5221 3409 5287 Chiﬂl.,
3436 5225 3572 5294 cari.

1995 5292 2099 5346 tas.
2128 5292 2232 5347 Sed
2257 5295 2393 5347 bene
2418 5294 2708 5360 respondet
2752 5297 3013 5364 fructuosa
3042 5294 3265 5364 castitas
3291 5293 3569 5345 secundum

1990 5364 2226 5444 spiritum
2244 5364 2549 5444 infecunda"
2571 5363 3135 5444 sterilitatilsecundum
3161 5379 3387 5444 earnem.

2062 5432 2138 5501 (g)
2181 5431 2357 5487 Editio
2396 5432 2647 5485 Chililetii
2689 5448 2807 5487 cum
2838 5434 3173 5487 Cluniacensi
3204 5431 3566 5501 Inanuscripto

1989 5499 2210 5573 codice,
2259 5505 2379 5572 quia
2421 5503 2519 5573 legi
2561 5512 2609 5554 et
2655 5504 2923 5571 sapientia:
2950 5502 3046 5556 Dei
3076 5519 3174 5555 non
3214 5510 3288 5553 est
3315 5499 3562 5569 subjecta.

1989 5570 2144 5640 Cujus
2167 5570 2376 5642 lucerna
2400 5570 2554 5640 facile
2580 5570 2941 5642 exstinguitur.

2059 5636 2136 5710 Ut)
2179 5641 2302 5710 Mss.
2333 5636 2573 5695 Cluniae.
2606 5650 2661 5695 et
2692 5636 2843 5696 Vibn.
2872 5658 2934 5697 ac
2962 5640 3092 5697 edit.
3124 5636 3321 5706 Chiﬂl.,
3352 5638 3567 5710 perfecti

1986 5711 2237 5765 sensibus.
2271 5709 2505 5782 Utraque
2530 5711 2688 5767 lectio
2716 5712 2875 5767 bona.
