3988 6176
463 277 573 336 379

1609 263 1664 319 S.
1691 257 1965 316 PAULINI
2003 255 2254 311 NOLANI
2291 254 2586 312 EPISCOPI

3601 263 3698 322 380

463 390 662 458 latigo,
710 395 767 444 et
811 386 940 442 mihi
971 398 1236 456 praesumo
1265 382 1489 438 multum
1518 380 1586 435 de
1614 377 1870 449 patientia
1898 371 2036 428 cari-
2063 373 2112 430 Α
2140 369 2374 438 pulcrius
2402 370 2456 422 in
2483 369 2699 424 Christo
2727 367 2989 422 formatus
3016 380 3095 429 es,
3125 365 3354 434 speciem
3387 373 3492 422 tua:
3519 370 3706 422 mentis

462 479 608 534 tatis.
666 477 773 533 Sed
802 478 879 549 (a)
911 483 1127 545 oportet
1157 481 1215 528 ut
1243 473 1454 527 audiam
1490 470 1831 526 Salomoncm
1862 465 1914 516 in
1943 463 2041 516 Sa-

463 570 663 640 pientia
694 569 788 623 Dei
819 569 1156 637 loquentem,
1188 573 1247 619 ut
1272 564 1511 633 parcius,
1552 561 1619 615 ad
1648 557 2042 613 amantissimos

463 659 627 721 licet,
672 656 894 712 inferam
941 655 1089 710 verbi
1134 653 1347 722 pedem,
1378 666 1444 704 ne
1472 649 1652 704 satiati
1678 647 1888 701 oderint
1913 659 2036 698 me:

462 749 576 804 scio
605 757 806 814 autem,
833 745 976 815 quod
1004 747 1139 799 sicut
1167 743 1345 797 odisse
1373 742 1490 809 quis
1513 755 1617 794 non
1640 745 1817 808 potest
1835 736 2040 790 viscera

460 854 580 902 sua,
614 839 685 892 ita
715 853 815 892 nec
845 853 939 891 vos
966 836 1320 890 humilitatem
1352 841 1607 894 nostram,
1641 845 1800 898 quam
1824 827 2045 882 visceri-

463 929 564 984 bus
590 927 783 983 vestris
827 921 1228 996 permiscuistis.
1279 922 1413 988 Pax,
1441 929 1493 975 et
1523 921 1736 982 caritas,
1769 926 1821 970 et
1848 917 2038 985 gratia,

460 1026 516 1071 et
538 1017 806 1071 humilitas
833 1014 1029 1070 Christi
1059 1012 1267 1068 Domini
1297 1010 1540 1065 altissimi
1589 1008 1822 1062 abundet
1861 1007 1912 1058 in
1944 1019 2040 1058 vo-

459 1104 564 1172 bis,
593 1105 878 1170 benedicti,
909 1103 1099 1158 fratres
1128 1102 1319 1156 merito
1351 1098 1683 1155 venerabiles
1715 1096 1790 1166 (b)
1823 1104 1878 1150 et
1903 1094 2040 1149 dile-

458 1195 702 1251 ctissimi.

972 1281 1299 1337 EPISTOLA
1333 1281 1348 1300 ‘
1378 1278 1534 1332 XLII.

460 1394 694 1451 Laetatur
737 1411 793 1448 se
840 1394 1081 1462 adeptum
1127 1391 1386 1446 Florentii
1431 1389 1772 1462 Cadurcensis
1815 1387 2040 1462 episcopi

535 1466 817 1518 amicitiam
843 1480 859 1516 :
882 1457 1025 1517 illum
1050 1462 1403 1524 commendat,
1434 1461 1546 1527 ejus
1575 1475 1749 1528 preces
1775 1457 2040 1525 exposcit;

526 1534 991 1603 pulcherrimasque
1017 1531 1204 1585 Christi
1233 1530 1409 1584 laudes
1440 1529 1707 1581 immiscet.

534 1624 854 1677 Beatissimo
877 1638 938 1677 ac
967 1623 1158 1676 merito
1185 1619 1482 1674 venerabili
1515 1619 1591 1688 (c)
1621 1615 1763 1670 Patri
1793 1615 2039 1669 FLOBEN-

461 1730 550 1771 τιο
577 1714 670 1785 (V.
701 1724 816 1768 not.
853 1713 996 1778 181),
1029 1711 1312 1766 ΡΑυιΑΝυε.

531 1805 582 1857 1.
627 1803 892 1858 Laetamur
938 1803 991 1855 in
1044 1801 1270 1854 Domino
1306 1799 1551 1852 visitatos
1579 1813 1678 1851 nos
1702 1795 1893 1849 litteris
1914 1809 2042 1847 san-

459 1893 660 1948 ctitatis
689 1901 811 1954 tuzc,
842 1899 898 1946 et
925 1899 1264 1960 provocatos,
1295 1896 1355 1942 ut
1381 1889 1470 1958 qui
1504 1903 1675 1956 neque
1711 1887 1912 1941 notitiae
1941 1893 2045 1938 tua:

463 1984 613 2053 prius
638 1982 864 2050 gratiam
890 1993 1228 2048 gesseramus
1257 1981 1296 2042 ί,
1329 1995 1469 2033 nunc
1490 1977 1772 2046 repentino
1802 1975 1896 2029 Dei
1925 1990 2044 2028 mu-

463 2088 594 2128 nere
624 2073 834 2142 plenam
867 2081 970 2124 tum
999 2079 1271 2139 tamquam
1302 2071 1500 2123 veteris
1521 2067 1769 2121 amicitia:
1800 2065 2044 2119 fiduciam

459 2178 814 2217 sumeremus.
871 2161 1060 2214 Vinum
1083 2202 1096 2224 ,
1131 2160 1319 2228 inquit,
1359 2169 1407 2212 et
1439 2160 1633 2212 amicus
1661 2166 1969 2223 veterascet,
1999 2166 2046 2208 et

459 2271 572 2306 cum
597 2254 845 2306 suavitate
875 2251 1011 2304 bibes
1041 2253 1206 2320 ipsum
1236 2253 1254 2280 ¹¹
1291 2259 1337 2302 ⁸.
1389 2249 1528 2303 Ecce
1569 2250 1723 2302 istam
1762 2249 2039 2316 prephetm

459 2343 780 2398 sententiam
809 2341 1078 2410 superavit
1097 2340 1385 2393 asanctitas
1416 2349 1504 2392 tua
1534 2354 1650 2407 qua:
1675 2348 1776 2392 tam
1807 2337 2044 2407 perfecto

461 2432 683 2499 diligere
716 2448 814 2485 nos
843 2433 1007 2500 cmpit
1036 2430 1258 2491 affectu,
1305 2439 1363 2482 ut
1393 2431 1696 2483 inveterata:
1726 2429 1878 2482 nobis
1907 2428 2042 2482 dile-

461 2523 656 2576 ctionis
704 2522 1024 2575 suavitatem
1074 2522 1125 2574 in
1177 2522 1347 2590 prima
1378 2521 1535 2588 hujus
1565 2521 1777 2575 fmderis
1806 2522 2044 2575 novitate

463 2611 752 2670 reddiderit
786 2630 800 2678 ;
858 2621 915 2666 ut
945 2629 1050 2666 non
1083 2627 1302 2666 necesse
1335 2612 1627 2666 habeamus
1655 2621 1841 2682 optare
1869 2613 2042 2666 incre-

462 2714 643 2760 menta
691 2706 966 2771 caritatis,
1015 2705 1167 2772 cujus
1209 2706 1569 2758 maturitatem
1618 2715 2044 2761 consummatam

461 2795 738 2866 principiis
798 2795 1190 2849 abundantibus
1237 2794 1561 2863 experimur.
1631 2793 1700 2848 Ut
1747 2795 2043 2852 ubertatem

465 2884 658 2939 anima:
701 2893 804 2939 tua:
859 2887 1065 2953 magnis
1116 2886 1350 2942 fontibus
1395 2904 1710 2957 comparare
1758 2889 2040 2958 possimus,

464 2973 556 3042 qui
586 2973 848 3043 originem
877 2989 1027 3028 suam
1054 2974 1162 3028 late
1189 2975 1408 3045 profuso
1438 2992 1534 3031 ore
1562 2985 1900 3047 rumpentes,
1932 2987 2043 3032 sta-

2145 456 2394 512 ostendit.
2424 457 2493 526 (e)
2526 457 2711 511 Sermo
2740 455 2905 519 enim,
2939 455 3131 522 inquit,
3164 456 3258 507 viri
3285 455 3482 508 indicat
3506 454 3570 506 de
3597 455 3703 515 illo,

2144 556 2199 602 et
2223 563 2289 601 ea;
2312 547 2627 601 abundantia
2655 547 2826 601 cordis
2854 563 2911 599 os
2942 546 3163 614 loquitur
3190 544 3233 600 τ.

2216 636 2268 689 2.
2311 636 2500 691 Sermo
2531 637 2710 704 itaque
2737 645 2858 689 tuus
2885 635 3040 688 nobis
3071 635 3363 704 apostolico
3392 637 3505 690 sale
3531 650 3630 690 con
3642 635 3717 689 di-

2147 735 2230 782 tus
2259 727 2523 796 expressit
2550 741 2796 795 saporem
2822 727 3004 794 gratiae
3033 735 3081 788 κ,
3114 740 3235 794 quae
3257 726 3350 780 tibi
3381 725 3508 779 data
3534 734 3640 791 est;
3669 735 3719 779 et

2143 817 2211 871 de
2255 817 2539 872 stillicidiis
2582 817 2842 871 labiorum
2897 825 3108 870 tuorum
3171 817 3501 883 gustavimus
3561 833 3713 887 quam

2143 906 2320 960 suavis
2369 907 2440 961 sit
2485 907 2539 960 in
2587 915 2640 960 te
2668 905 2925 960 Dominus
2955 903 3007 970 ‘1,
3040 906 3130 974 qui
3161 904 3329 961 factus
3354 922 3415 960 es
3441 915 3496 962 et
3518 909 3716 978 positus

2145 996 2197 1050 in
2225 1006 2384 1066 caput
2423 998 2643 1067 populi,
2676 997 2876 1051 electus
2903 1013 2970 1050 ex
2997 997 3186 1051 ovibus
3217 998 3274 1062 in
3304 999 3481 1052 virum
3511 999 3705 1068 gregis,

2144 1095 2203 1140 ut
2229 1102 2445 1156 regeres
2492 1103 2619 1142 oves
2662 1102 2874 1156 pascua:
2913 1087 3059 1156 ejus,
3089 1088 3182 1156 qui
3209 1069 3442 1141 a‘nimam
3476 1105 3572 1157 pro
3600 1089 3712 1142 ovi-

2142 1175 2244 1230 bus
2287 1177 2398 1230 suis
2440 1176 2616 1245 posuit
2656 1173 2700 1228 ί.
2759 1174 2902 1228 Idem
2943 1189 3112 1242 agnus
3147 1183 3202 1228 et
3235 1183 3419 1244 pastor
3447 1185 3597 1243 reget
3625 1190 3716 1230 nos

2145 1265 2196 1320 in
2245 1266 2443 1328 secula,
2499 1266 2591 1334 qui
2639 1281 2739 1320 nos
2777 1265 2843 1319 de
2882 1265 3018 1334 lupis
3063 1280 3191 1318 oves
3231 1266 3386 1330 fecit;
3430 1280 3716 1333 earumque

2145 1370 2285 1408 nunc
2309 1354 2486 1408 ovium
2511 1362 2695 1422 pastor
2723 1361 2805 1408 est
2828 1351 2898 1406 ad
2927 1353 3242 1418 custodiam,
3281 1368 3378 1422 pro
3406 1353 3599 1422 quibus
3624 1352 3716 1408 fuit

2144 1458 2311 1512 agnus
2335 1443 2386 1496 in
2416 1444 2686 1497 victimam
2717 1443 2762 1494 i.
2798 1442 2894 1497 llic
2933 1457 3060 1508 ergo
3091 1443 3348 1496 Dominus
3375 1450 3432 1497 et
3460 1442 3598 1497 Deus
3627 1458 3718 1497 no-

2145 1545 2273 1598 ster,
2297 1536 2389 1604 qui
2417 1537 2468 1589 in
2501 1537 2649 1589 terris
2690 1537 2826 1588 visus
2855 1543 2961 1599 est,
3013 1545 3060 1587 et
3087 1536 3221 1588 inter
3257 1535 3490 1588 homines
3517 1550 3716 1588 conver-

2144 1633 2287 1678 satus
2315 1635 2391 1678 est
2419 1623 2443 1662 ιε
2473 1639 2572 1694 pro
2602 1624 2758 1678 nobis
2780 1664 2795 1688 ,
2843 1624 2958 1678 ovis
3007 1631 3059 1677 et
3105 1631 3288 1691 pastor
3339 1624 3390 1676 in
3433 1623 3589 1676 nobis
3614 1631 3716 1689 est,

2077 1725 2117 1784 Β
2145 1715 2270 1783 quia
2301 1730 2400 1768 nos
2440 1713 2690 1767 invisibili
2731 1712 2921 1766 baculo
2952 1718 3006 1766 et
3046 1712 3267 1765 salutari
3296 1712 3445 1780 virga
3479 1712 3617 1765 intus
3637 1726 3716 1766 re-

2155 1804 2230 1871 git
2260 1804 2300 1869 ",
2336 1811 2396 1858 ut
2423 1799 2633 1857 etiamsi
2688 1801 3020 1855 ambulemus
3049 1801 3100 1853 in
3129 1799 3318 1853 umbra
3350 1801 3539 1852 mortis
3561 1840 3576 1862 ,
3615 1814 3716 1853 non

2147 1894 2429 1948 timeamus
2457 1892 2596 1946 mala
2623 1933 2638 1958 ,
2681 1891 2802 1960 quia
2832 1891 3108 1944 nobiscum
3139 1889 3279 1942 Deus
3307 1896 3391 1942 est
3423 1886 3465 1954 ι,
3511 1887 3716 1941 Emma-

2146 1985 2272 2039 nuel
2315 1984 2401 2038 ille
2431 1993 2505 2047 Πι;
2555 1983 2809 2035 Dominus
2856 1979 3150 2048 majestatis
3198 1987 3252 2033 et
3292 1978 3435 2033 lilius
3475 1978 3710 2042 ancillze,
3791 1995 3795 1998 ’

2146 2088 2372 2141 quorum
2407 2074 2470 2142 (f)
2496 2071 2638 2125 aliud
2665 2077 2877 2135 natura,
2909 2069 3051 2122 aliud
3079 2069 3245 2123 factus
3267 2078 3373 2123 est.
3409 2067 3550 2124 Idem
3577 2084 3720 2123 crea-

2148 2171 2234 2215 tor
2272 2162 2502 2214 hominis
2548 2170 2603 2214 et
2647 2161 2937 2226 redemtor,
2983 2159 3120 2212 Deus
3156 2174 3226 2212 ex
3271 2157 3413 2224 Deo,
3452 2159 3609 2212 homo
3630 2173 3720 2227 pro

2147 2253 2390 2316 homine;
2449 2253 2613 2306 Filius
2659 2251 2755 2305 Dei
2803 2259 2926 2304 ante
2970 2251 3171 2315 secula,
3206 2251 3340 2304 tilius
3379 2251 3605 2306 hominis
3632 2265 3722 2320 pro

2145 2343 2324 2397 seculo
2359 2353 2416 2407 n;
2472 2342 2640 2395 forma
2689 2341 2830 2395 servi
2883 2357 2981 2410 pro
3031 2342 3275 2395 libertate
3321 2356 3631 2405 servorum;
3673 2349 3722 2394 et

2145 2447 2340 2501 pauper
2360 2434 2549 2502 factus,
2575 2440 2626 2484 ut
2651 2446 2913 2500 pauperes
2953 2447 3045 2483 sua
3078 2438 3316 2497 egestate
3343 2431 3639 2500 locupletet
3661 2439 3717 2480 0:

2145 2523 2269 2589 quia
2301 2521 2414 2590 ipse
2455 2528 2538 2575 est
2581 2522 2714 2575 dives
2751 2523 2806 2574 in
2843 2537 3016 2573 omnes
3047 2521 3220 2574 omnis
3248 2520 3384 2574 boni
3417 2531 3474 2584 P;
3506 2522 3588 2592 qui
3615 2537 3719 2573 om-

2146 2614 2233 2666 nia
2260 2615 2312 2666 in
2339 2612 2572 2666 omnibus
2601 2613 2906 2680 adimpletur
2937 2613 3019 2678 δίι,
3051 2613 3314 2678 plenitudo
3355 2613 3654 2668 Divinitatis
3677 2624 3724 2681 τ,

2145 2719 2261 2773 spes
2289 2705 2515 2756 omnium
2553 2702 2735 2772 ﬁnium
2763 2710 2943 2765 terra},
2985 2710 3034 2754 et
3061 2703 3114 2754 in
3155 2703 3288 2754 mari
3318 2702 3480 2773 longe
3512 2713 3531 2740 ⁸
3550 2743 3564 2767 ,
3595 2703 3722 2757 Deus

2147 2793 2393 2847 salutaris
2439 2799 2643 2854 noster,
2696 2791 2950 2844 mediator
2993 2791 3256 2843 hominum
3303 2801 3352 2843 et
3409 2790 3544 2855 Dei,
3586 2791 3722 2844 homo

2147 2883 2378 2938 Christus
2405 2883 2557 2938 Jesus
2589 2884 2607 2919 ί
2628 2923 2644 2948 ,
2673 2883 2766 2953 qui
2795 2891 2870 2935 est
2908 2884 2961 2935 in
2989 2882 3154 2952 gloria
3182 2879 3280 2935 Dei
3303 2881 3488 2936 Patris
3517 2891 3542 2918 ιι
3573 2897 3722 2952 super

2147 2991 2335 3030 omnes
2358 2976 2500 3030 Deus
2528 2975 2838 3029 benedictus
2869 2973 2920 3027 in
2942 2973 3141 3028 secula.

466 3067 562 3121 tim
593 3067 645 3121 in
688 3079 811 3122 ortu
859 3083 958 3122 suo
989 3066 1202 3122 [lumina
1233 3078 1376 3123 sunt.
1410 3069 1729 3124 Benedictus
1759 3073 1914 3142 251
1946 3071 2047 3124 ita—
2073 3083 2117 3144 ρ
2219 3066 2273 3119 5.
2314 3065 2413 3120 llic
2449 3079 2578 3132 ergo
2598 3106 2614 3129 ,
2664 3065 2754 3134 qui
2783 3071 2836 3117 te
2865 3063 2917 3116 in
2950 3072 3147 3116 sortem
3179 3064 3556 3131 apostolorum
3579 3064 3724 3133 252

465 3175 571 3228 que
597 3159 874 3225 Dominus,
908 3161 998 3228 qui
1028 3161 1259 3229 peccatis
1289 3163 1484 3216 nostris
1517 3164 1606 3216 tali
1634 3165 1802 3230 gratia
1830 3179 2048 3232 supera-

468 3249 723 3303 bundavit
743 3291 758 3316 ,
797 3257 855 3302 ut
883 3265 981 3304 nos
1010 3265 1111 3303 nec
1135 3251 1323 3303 notitia
1349 3260 1438 3304 tua
1469 3253 1684 3320 dignos,
1716 3255 1880 3307 etiam
1907 3255 2047 3308 cari-

471 3345 582 3390 tate
629 3336 855 3402 ditaret;
907 3345 962 3393 et
1007 3338 1217 3392 minore
1259 3339 1519 3394 hactenus
1548 3341 1692 3394 bono
1721 3343 2045 3410 carentibus,

469 3442 589 3480 cum
649 3437 838 3482 vestra:
893 3429 1190 3497 corporalis
1247 3430 1451 3484 notitia:
1481 3445 1718 3485 essemus
1773 3440 2046 3502 expertes,

469 3524 621 3571 tanto
650 3518 822 3587 majus
867 3518 933 3573 de
981 3527 1033 3574 te
1061 3536 1255 3576 munus
1281 3520 1517 3587 indulsit,
1562 3529 1762 3590 quanto
1793 3523 1969 3592 potior
1997 3525 2049 3579 in

471 3609 689 3664 homine
709 3610 1004 3665 substantia
1025 3619 1105 3667 est
1130 3612 1348 3681 spiritus
1400 3629 1559 3684 quam
1581 3629 1726 3668 caro.
1759 3613 2050 3684 Propterea

471 3700 709 3754 exsultat
736 3715 832 3755 cor
860 3709 1123 3768 nostrum,
1154 3712 1209 3758 et
1237 3704 1446 3773 repleto
1466 3705 1670 3773 gaudiis
1685 3720 1779 3760 ore
1803 3706 2046 3762 dicimus.

470 3787 830 3861 Hagniﬁcavit
873 3791 1125 3846 Dominus
1169 3795 1343 3864 facere
1387 3795 1652 3848 nobiscum
1700 3794 1726 3832 ¹³
1753 3834 1767 3859 ,
1810 3799 2088 3867 quoniam’

470 3881 759 3952 prazvenisti
789 3898 883 3936 nos
932 3883 988 3935 in
1026 3883 1377 3938 benedictione
1424 3885 1711 3938 dulcedinis
1761 3895 1782 3923 ο
1815 3901 1911 3954 per
1937 3886 2052 3940 elo-

471 3971 596 4040 quia
623 3980 824 4036 sancta,
857 3980 913 4026 et
936 3973 1074 4027 sicut
1087 3983 1354 4042 argentum
1372 3985 1647 4044 purgatum
1673 3977 1970 4029 examinata
1995 3976 2050 4028 δε

471 4060 692 4115 visitans
720 4076 851 4124 nos,
884 4067 940 4114 ut
971 4061 1050 4129 (ά)
1082 4061 1224 4126 dixi,
1252 4070 1306 4114 et
1333 4063 1574 4116 excitans
1600 4062 1668 4116 de
1696 4064 1922 4131 pigritiae
1952 4080 2055 4118 no-

472 4158 598 4203 stra:
625 4150 729 4204 situ
759 4149 825 4204 ad
854 4150 1250 4204 observantiam
1288 4150 1528 4204 caritatis
1556 4159 1676 4204 tum.
1718 4151 1776 4205 In
1806 4167 1908 4222 qua
1935 4155 2056 4223 qui-

473 4237 596 4291 dem
624 4254 732 4292 non
773 4237 1134 4292 somnolentia
1163 4237 1587 4304 dormiebamus,
1637 4241 1731 4296 sed
1759 4242 2056 4310 ignorantia

474 4327 783 4382 silebamus.
834 4327 918 4381 Sit
949 4342 1078 4394 ergo
1106 4344 1293 4381 nomen
1317 4327 1529 4384 Domini
1558 4331 1878 4386 benedictum
1909 4343 1964 4390 °.
1996 4342 2052 4389 et

2150 3174 2368 3213 suorum
2388 3159 2634 3227 dignatus
2656 3157 2997 3224 assumsit",
3016 3165 3073 3210 ut
3101 3172 3286 3211 eorum
3309 3165 3436 3212 arte
3465 3157 3723 3212 hominum

2150 3251 2388 3319 piscator
2415 3249 2674 3303 existeres
2707 3257 2730 3283 ι
2758 3291 2773 3315 ,
2831 3257 2884 3303 et
2911 3247 2978 3302 de
3005 3247 3200 3300 amaris
3228 3262 3292 3301 ac
3320 3247 3603 3316 profundis
3629 3247 3722 3300 hu-

2149 3342 2237 3409 jus
2275 3340 2440 3394 seculi
2491 3338 2737 3393 ﬂuctibus
2777 3338 3148 3393 vivificandam
3186 3339 3366 3407 potius
3407 3355 3560 3409 quam
3590 3339 3723 3408 peri-

2155 3433 2400 3487 mendam
2425 3433 2536 3486 Deo
2565 3432 2799 3500 prmdam
2831 3431 2990 3484 hamo
3019 3431 3170 3485 verbi
3198 3431 3369 3485 saluta
3381 3433 3458 3485 ris
3493 3431 3726 3486 extrahe-

2155 3539 2242 3578 res
2266 3563 2281 3589 ,
2329 3524 2474 3594 quod
2519 3524 2701 3591 utique
2742 3521 2982 3592 quotidie
3026 3520 3202 3577 facis:
3245 3520 3330 3576 hic
3370 3521 3537 3585 Deus,
3568 3523 3652 3591 qui
3677 3529 3726 3575 te

2155 3616 2456 3686 adjutorem
2501 3614 2870 3668 :edilicationis
2912 3620 2966 3667 et
3010 3613 3229 3666 cultura:
3259 3628 3368 3667 sua:
3409 3614 3532 3670 fecit
3559 3624 3615 3680 3',
3643 3612 3727 3681 qui

2155 3709 2426 3764 insinuare
2455 3707 2700 3777 dignatus
2730 3713 2812 3759 est
2839 3705 3179 3759 dilectionem
3201 3704 3524 3760 humilitatis
3545 3713 3726 3760 nostrm

2155 3799 2368 3854 sublimi
2417 3799 2517 3866 per
2561 3795 2915 3849 humilitatem
2965 3793 3146 3848 cordis
3197 3793 3401 3847 animi:
3449 3802 3567 3856 tum,
3614 3793 3727 3861 quia

2157 3888 2512 3961 proculdubio
2562 3901 2658 3955 per
2707 3883 3170 3939 mansuetudinem
3215 3885 3330 3938 ovis
3354 3895 3417 3939 et
3442 3886 3559 3954 agni
3588 3887 3728 3938 inno-

2157 3980 2387 4035 centiam
2416 3983 2602 4045 pastor
2631 3990 2748 4029 csse
2769 3975 3041 4038 meruisti;
3071 3973 3160 4028 hic
3189 3982 3268 4039 te,
3303 3976 3545 4046 inquam,
3579 3976 3726 4038 Deus,

2159 4071 2247 4140 qui
2283 4076 2550 4122 amantem
2593 4065 2760 4120 nostri
2804 4063 2981 4118 facere
3009 4063 3279 4134 dignatur,
3313 4081 3425 4120 non
3451 4068 3600 4136 juxta
3626 4079 3728 4118 me-

2159 4161 2320 4213 ritum
2346 4158 2544 4212 malum
2575 4155 2903 4221 faciens,sed
2921 4154 3212 4208 secundum
3245 4154 3463 4210 divitias
3491 4152 3728 4210 benitatis

2160 4265 2284 4313 sum,
2316 4255 2375 4302 ut
2420 4246 2576 4302 nobis
2617 4244 2937 4314 adjutorium
2975 4243 3042 4297 de
3087 4244 3387 4312 patrocinio
3434 4245 3728 4298 orationum

2162 4349 2375 4393 tuarum
2398 4377 2412 4401 ,
2465 4335 2561 4390 tibi
2605 4349 2813 4389 merces
2887 4331 2954 4386 de
2981 4332 3350 4400 proximorum
3380 4334 3542 4387 etiam
3569 4331 3728 4384 mino«

475 4419 685 4474 laetetur
729 4420 782 4473 in
825 4420 928 4474 hoc
962 4419 1122 4474 etiam
1153 4435 1318 4490 opere
1345 4421 1560 4491 pietatis
1582 4439 1690 4478 sum
1709 4465 1722 4489 ,
1763 4439 1872 4493 quo
1899 4425 2054 4493 igno—
2084 4448 2132 4504 υ
2159 4443 2277 4484 rum
2299 4429 2318 4458 "
2353 4439 2544 4493 magna
2569 4424 2794 4479 caritate
2821 4422 3121 4476 cumuletur
3151 4432 3172 4458 ι
3195 4463 3210 4490 ,
3241 4437 3536 4477 memorem
3567 4429 3617 4475 te
3638 4435 3728 4474 no-

475 4511 722 4567 rantibus
769 4511 824 4565 in
871 4527 1032 4567 carne
1075 4511 1267 4567 faciem
1316 4522 1491 4577 tuam,
1524 4515 1662 4569 hanc
1694 4518 1904 4584 potius,
1951 4533 2056 4586 qua

547 4633 574 4663 ⁸·
604 4623 767 4680 Eceli.
801 4641 876 4691 Ix,
911 4624 996 4679 l5.
1070 4624 1099 4664 ι’
1130 4623 1269 4678 Psal.
1295 4642 1452 4693 cxxv,
1479 4629 1528 4680 5.
1626 4639 1647 4667 ι·
1683 4627 1820 4684 Psal.
1850 4647 1900 4684 x.
1930 4633 1980 4686 ι.

477 4695 596 4769 §I._
674 4695 691 4733 ί
727 4695 938 4769 Matth;
961 4711 1063 4769 xu_,
1095 4694 1213 4769 ‘54;
1243 4694 1490 4769 Luc.__vr,
1521 4697 1608 4769 45.
1685 4709 1710 4745 ις
1739 4698 1856 4754 Col.
1899 4717 1970 4769 ιν,
2002 4703 2052 4756 6.

477 4849 570 4896 vn,
605 4833 690 4888 14.
793 4843 818 4869 ιι
843 4833 1028 4888 Matth.
1063 4834 1218 4898 ι,16;
1252 4833 1381 4890 Luc.
1409 4853 1463 4901 ιι,
1492 4837 1541 4889 7.
1622 4848 1646 4873 ο
1677 4837 1718 4890 11
1740 4838 1778 4892 C

478 4903 698 4976 [Attulit
805 4906 820 4939 ί
855 4903 876 4955 I
907 4904 1043 4976 Tim.
1092 4920 1147 4968 ιι,
1191 4903 1241 4957 5.
1319 4915 1342 4941 ιι
1377 4904 1565 4976 Philip.
1611 4922 1667 4972 ιι,
1699 4907 1783 4960 11.

481 4982 505 5011 ι
537 4973 724 5027 Matth.
758 4988 882 5039 xxv,
914 4974 1003 5028 ιο.

1860 4919 1887 4946 ν
1919 4910 2034 4964 Act.
2082 4925 2119 4973 ι,
2148 4910 2247 4972 20;
2294 4907 2411 4962 Col.
2445 4923 2480 4968 ι,
2543 4905 2627 4958 12.

2165 4518 2264 4574 stri
2313 4523 2574 4587 perpetuo
2615 4513 2804 4576 faciat;
2866 4511 3114 4566 omnibus
3167 4511 3500 4566 orationibus
3537 4511 3636 4564 tuis
3681 4515 3728 4562 et

2072 4633 2097 4670 ά
2123 4633 2263 4687 Psal.
2289 4647 2360 4694 χι,
2388 4629 2439 4682 7.
2519 4639 2541 4666 ε
2565 4627 2688 4693 Job,
2763 4642 2799 4686 ι.
2829 4625 2927 4691 2|;
2963 4625 3103 4680 Psal.
3155 4641 3282 4688 cxu,
3311 4625 3385 4684 ’ἓξ
3437 4626 3578 4680 Psal.
3625 4639 3727 4694 cui,

2130 4701 2157 4740 ιι
2185 4702 2322 4756 Psal.
2360 4714 2541 4758 χχχιιι,
2575 4697 2626 4750 9.

478 4763 616 4818 Psal.
650 4765 983 4836 txxvu,__70;
1026 4763 1219 4836 Johan.
1255 4782 1305 4836 ιι,
1336 4765 1419 4819 15.
1499 4770 1512 4818 J’
1549 4766 1740 4822 Johan.
1772 4785 1806 4832 ι,
1841 4763 2047 4836 29;Ἰεε

2150 4789 2258 4831 LIII,
2291 4770 2342 4822 7.
2420 4768 2445 4805 ιι
2484 4767 2708 4820 Baruch.
2726 4781 2818 4836 _m,
2851 4764 2939 4819 58.

793 4843 818 4869 ιι
843 4833 1028 4905 Matth.
1063 4847 1099 4898 ι,
1123 4834 1220 4905 I6_;_
1252 4833 1463 4905 Lucan,
1492 4837 1541 4889 7.
1622 4848 1646 4873 ο
1677 4837 1718 4890 11
1740 4838 1865 4893 Cor.
1896 4833 2006 4905 vui,
2032 4841 2082 4893 9.

2710 4699 2725 4732 ί
2759 4695 2780 4748 1
2812 4696 2942 4772 Reg.
2978 4695 3200 4772 xv,17;_
3247 4696 3266 4748 1
3295 4695 3444 4772 Ileg._
3481 4711 3586 4761 xvi,
3615 4692 3727 4772 _II}

2544 4767 2708 4820 truch.
2743 4781 2818 4827 ιιι,
2851 4764 2939 4819 58.
3025 4765 3040 4802 ι
3083 4764 3223 4819 Psal.
3255 4763 3394 4830 χχιι,
3418 4766 3470 4818 4.
3545 4773 3584 4801 ω
3613 4763 3728 4816 Isai.

2544 4837 2597 4889 ‘2.
2675 4847 2700 4884 (ι
2726 4834 2860 4889 th.
2893 4850 2932 4889 ι.
2955 4834 3044 4888 25.
3123 4846 3143 4872 τ
3173 4833 3288 4889 Col.
3330 4849 3387 4889 ιι.
3411 4833 3463 4888 9.
3543 4841 3564 4866 ³
3596 4830 3728 4884 Psal.

2179 4852 2203 4890 ρ
2235 4841 2390 4893 Rom.
2427 4855 2475 4902 x,
2513 4837 2597 4890 ω.
2675 4847 2700 4884 (ι
2726 4837 2860 4902 Eph.
2893 4850 2932 4901 ι,
2955 4837 3044 4888 ‘23.
3123 4846 3143 4872 τ
3173 4837 3288 4889 Col.
3330 4849 3387 4898 ιι,
3411 4837 3463 4888 9.
3543 4841 3564 4866 ³
3596 4837 3728 4884 Psal.

2179 4911 2247 4969 :0;
2294 4907 2411 4962 Col.
2445 4923 2480 4968 ι,
2543 4905 2627 4958 12.
2707 4913 2732 4940 ι
2765 4903 2950 4957 Matth.
2987 4919 3057 4969 IV,
3114 4901 3197 4956 I9.
3275 4913 3305 4952 γ
3357 4903 3526 4959 lCor.
3577 4917 3649 4966 ιιι,
3680 4898 3728 4950 9.

553 5067 573 5088 ⁶
611 5067 758 5123 Alias
798 5066 897 5133 5‘2;
945 5083 1065 5137 quae
1093 5076 1269 5123 autem
1299 5067 1370 5121 42
1406 5076 1554 5131 erat,
1588 5083 1730 5123 nunc
1756 5067 1809 5121 6.
1841 5067 2052 5140 Scripta
2093 5069 2231 5124 circa
2263 5083 2460 5122 annum
2489 5064 2610 5120 405.

552 5177 630 5262 (a)
669 5178 1014 5249 Manuscripti
1061 5180 1272 5235 codices
1319 5179 1471 5234 Clun.
1509 5188 1564 5235 et
1595 5180 1748 5235 Vien.
1781 5197 1901 5236 eum
1933 5182 2058 5236 edit.

479 5248 740 5314 Clulllet.,
791 5258 988 5319 oportet
1036 5251 1248 5303 audiam
1287 5249 1619 5305 Salomonem
1665 5252 1920 5320 sapientia
1964 5251 2065 5305 Dei

480 5321 790 5391 loquentem.

491 5460 501 5470 _
559 5390 634 5471 (b)
673 5387 852 5471 Editio
881 5389 1071 5455 Rosv.,
1103 5404 1165 5441 ac
1193 5389 1549 5455 dilectissimi;
1578 5397 1633 5444 et
1661 5387 1842 5442 addit:
1881 5388 2061 5445 Valete

487 5460 538 5512 in
566 5458 811 5512 Domino.

557 5530 624 5595 (ει
670 5527 747 5580 Ita
792 5543 920 5581 mss.
970 5526 1185 5580 codices
1230 5525 1361 5594 Reg.
1383 5567 1397 5590 ,
1425 5526 1545 5580 Vat.
1578 5535 1634 5582 et
1660 5528 1814 5583 Vien.
1847 5538 1902 5583 et
1929 5529 2058 5583 edit.

487 5595 641 5659 Dad.,
665 5596 839 5668 (Irim,
866 5596 1028 5650 Rosv.
1057 5602 1111 5668 et
1138 5595 1353 5668 quidem
1380 5605 1552 5659 recte,
1585 5613 1706 5668 cum
1743 5596 1815 5668 ad
1851 5598 2062 5668 episeo-

488 5679 613 5745 pnm
675 5664 924 5745 Paulinus
969 5663 1206 5745 nondum
1247 5666 1529 5736 episcopus
1573 5663 2056 5738 scripseritCEdit.

489 5733 652 5788 Grav.
675 5742 730 5789 et
751 5733 958 5800 δάιοι,
985 5734 1155 5804 fratri.

2239 5182 2317 5251 (ά)
2357 5180 2447 5235 Sic
2470 5179 2890 5251 repos_ui_mus_ex
2920 5191 3030 5251 ms._
3057 5174 3242 5229 codice
3270 5171 3588 5251 Viennensi,
3617 5183 3728 5224 cum

2167 5243 2464 5306 ante'esset
2501 5243 2556 5302 ut
2590 5249 2742 5302 dixit.
2792 5245 3070 5300 Correctio
3095 5253 3278 5300 nostra
3300 5243 3637 5300 conﬁrmatur
3662 5253 3726 5292 ex

2170 5321 2322 5375 initio
2349 5319 2646 5389 epistolie._
2731 5385 2763 5389 η
2989 5385 2999 5389 _
3122 5383 3179 5389 __
3275 5381 3354 5389 -_
3568 5378 3617 5389 ..

2241 5392 2311 5448 te)
2353 5379 2428 5442 lia
2454 5387 2568 5441 fere
2617 5384 2870 5439 Paulinus
2916 5385 3072 5452 epist.
3115 5383 3184 5452 l5
3225 5383 3292 5438 ad
3319 5379 3726 5452 Pammachium,

2168 5477 2220 5514 n.
2247 5447 2305 5512 2.
2337 5457 2529 5512 Verum
2552 5456 2663 5509 haec
2692 5469 2865 5523 neque
2894 5447 3029 5523 apud
3055 5451 3212 5514 LXX,
3237 5467 3417 5523 neque
3437 5447 3732 5523 inﬁulgata

2167 5529 2451 5589 habentur,
2485 5525 2572 5580 ubi
2602 5518 2864 5594 ingressus
2887 5518 3106 5594 hominis
3128 5518 3360 5575 enuntiat
3381 5519 3446 5594 de
3466 5518 3572 5594 illa.

2239 5598 2308 5666 (Γ)
2349 5583 2754 5666 Bisjeposithm
2785 5601 2866 5666 est
2893 5591 3035 5644 aliud
3064 5607 3133 5647 ex
3161 5606 3288 5647 mss.
3314 5587 3586 5646 codicibus
3608 5583 3730 5648 Reg.

2166 5677 2220 5723 et
2249 5663 2400 5722 Vien.
2434 5663 2529 5722 Ed.
2566 5663 2746 5730 Rosv.,
2780 5663 3016 5716 alterum.
