3988 6176
253 312 346 367 381

1630 305 1963 364 EPISTOLA
2001 306 2177 362 XLIII.

3419 316 3527 371 582

251 428 624 486 oblationibus
655 441 841 482 curam
871 433 1068 481 nostra:
1095 424 1282 479 salutis
1319 421 1646 487 immisceat,
1688 436 1757 475 ne
1786 422 1837 474 in
1868 426 1918 480 Α
1944 433 2217 475 cessurum
2255 436 2607 491 praesumam;
2641 438 2746 478 non
2778 425 3053 495 ambigens
3098 436 3298 484 tantam
3326 431 3528 487 habere

252 520 637 575 offendiculum
678 518 834 573 nobis
870 516 1088 572 accedat
1116 523 1261 569 tanta
1291 515 1423 577 ista,
1458 528 1565 582 qua
1592 514 1613 544 ⁸
1640 512 1839 581 gloria-

252 628 369 666 mur
392 612 447 665 in
476 609 732 675 Domino,
765 618 868 662 tum
894 606 1194 661 dilectionis
1226 605 1514 673 impensio,
1546 603 1590 657 si
1620 617 1840 671 rapaces

253 701 643 755 indomitorum
691 713 943 753 sensuum
987 697 1187 752 bestias
1225 695 1421 750 vestitu
1449 695 1626 748 ovium
1657 701 1842 747 conte-

254 805 443 859 gamus
476 801 521 843 ⁸.
573 789 666 844 Sic
712 789 872 858 igitur
916 804 1013 842 ora
1040 827 1055 853 ,
1102 786 1274 842 donec
1302 801 1515 851 exores,
1548 794 1607 839 ut
1629 785 1721 838 fiat
1748 800 1842 839 cor

218 908 219 911 η
256 889 500 936 nostrum
530 880 932 935 immaculatum
964 879 1015 932 in
1050 885 1341 947 conspectu
1370 876 1618 939 Domini,
1651 884 1708 930 ut
1733 893 1841 931 non

256 970 648 1025 cenfundamur
690 967 718 1007 δ
756 983 931 1037 neque
976 968 1130 1021 simul
1180 966 1456 1020 trahamur
1500 981 1623 1020 cum
1665 966 1728 1019 iis
1757 968 1842 1036 qui

257 1061 535 1131 loquuntur
582 1076 760 1130 pacem
795 1076 909 1112 cum
938 1060 1174 1129 proximo
1213 1074 1333 1121 suo,
1362 1057 1499 1110 mala
1528 1066 1697 1110 autem
1723 1068 1844 1111 sunt

258 1154 312 1208 in
332 1155 577 1207 cordibus
600 1170 777 1207 eorum
804 1165 860 1218 c;
891 1153 985 1207 sed
1017 1152 1196 1221 lingua
1232 1159 1287 1206 et
1314 1159 1495 1204 mente
1524 1150 1839 1215 concordes,

258 1245 422 1301 corde
466 1245 750 1299 credamus
799 1244 865 1298 ad
902 1243 1169 1312 justitiam
1194 1280 1210 1305 ,
1263 1256 1358 1296 ore
1397 1241 1747 1295 contiteamur
1776 1240 1844 1293 ad

260 1337 423 1391 vitam
444 1334 495 1391 δ.
537 1337 614 1391 Ita
652 1336 867 1391 demum
916 1338 1088 1405 pietas
1124 1350 1229 1403 qua
1258 1350 1357 1388 nos
1384 1332 1579 1401 diligis,
1611 1333 1705 1387 tibi
1734 1333 1844 1388 fru-

260 1436 450 1483 ctuosa
479 1426 761 1491 referetur,
801 1426 847 1479 si
889 1434 997 1479 tam
1027 1424 1219 1480 efficax
1240 1439 1339 1493 pro
1366 1424 1522 1477 nobis
1549 1423 1723 1478 oratio
1753 1432 1842 1478 tua

261 1518 450 1585 fuerit,
483 1530 541 1572 ut
566 1534 597 1572 a
629 1528 813 1573 nostra
842 1517 1083 1572 terrestri
1123 1516 1301 1586 specie
1329 1516 1585 1570 demutati
1615 1515 1668 1569 in
1698 1523 1842 1570 tuam

259 1608 663 1663 similitudinem
693 1606 1096 1672 transferamur,
1129 1616 1187 1661 ut
1214 1606 1427 1661 caelestis
1454 1606 1688 1661 hominis
1707 1607 1842 1660 ima-

261 1700 431 1771 ginem
460 1698 576 1769 pari
603 1699 831 1753 veritate
858 1708 1108 1770 gestemus
1137 1708 1184 1750 ο.

1941 520 1996 566 te
2022 513 2356 582 patientiam,
2388 522 2641 581 quantam
2673 515 2839 571 habes
2866 517 3166 573 caritatem.

2434 622 2772 678 EPISTULA
2803 628 2819 645 ¹
2849 625 3027 680 XLIII.

1946 708 2175 783 Excusat
2214 711 2470 765 Victorem
2499 714 2633 783 quod
2678 716 2843 768 serius
2890 718 2958 769 sit
2996 732 3226 771 reversus
3249 759 3262 779 ,
3311 735 3530 773 causans

2014 780 2193 833 hiemis
2227 780 2594 856 tentpestatem,
2626 794 2674 836 et
2691 786 2969 856 adversam
3012 788 3121 856 ejus
3150 788 3487 841 valetudinem
3511 808 3529 843 :

2015 860 2119 930 tum
2149 853 2462 971 progcsitam
2494 853 2588 905 sibi
2618 871 2649 905 a
2678 854 2949 908 Desiderio
2979 853 3273 925 presbytero
3302 858 3531 926 explica-

2019 929 2210 971 ttonem
2271 923 2649 971 enedictionum
2674 927 3091 971 natriarclmrum
3119 927 3386 971 excellenti
3428 929 3527 971 Im-

2019 923 2210 992 tionem
2241 923 2649 976 benedictionum
2674 923 3091 992 patriarcharum
3119 923 3386 980 excellenti
3428 929 3527 979 Im-

2014 991 2232 1064 militate
2260 992 2328 1042 ad
2353 994 2625 1064 ipsummet
2664 991 2863 1063 reficit;
2893 1006 2940 1047 et
2975 996 3085 1064 ipse
3122 996 3531 1050 maledictionem

2014 1060 2251 1127 ﬁculnea:
2279 1078 2311 1112 a
2342 1060 2562 1114 Domino
2592 1060 2878 1133 irrogatam
2905 1060 3165 1133 sapienter
3188 1067 3420 1132 exponit.

2014 1150 2217 1206 Sancto
2246 1161 2301 1206 et
2329 1155 2522 1207 merito
2544 1156 2837 1209 venerabili
2866 1156 3038 1224 fratri,
3068 1165 3123 1211 et
3154 1158 3230 1227 (ά)
3261 1158 3533 1212 desidera-

1944 1241 2152 1296 tissime
2182 1242 2468 1299 DESIDERIO
2512 1244 2609 1313 (V.
2642 1253 2756 1298 not.
2789 1244 2912 1315 185)
2946 1246 3332 1302 desideriorum
3380 1263 3531 1302 meo-

1945 1345 2081 1396 rum,
2132 1330 2395 1386 Pwusus
2436 1340 2491 1386 et
2528 1332 2794 1387 Tusnxsu
2841 1343 3174 1403 peccatores,
3220 1336 3274 1389 in
3318 1334 3532 1391 Christo

1946 1416 2175 1473 Domino
2198 1421 2449 1475 salutem.

2017 1507 2071 1561 1.
2109 1507 2189 1562 Ad
2213 1517 2266 1563 te
2293 1510 2511 1565 brevem
2540 1511 2822 1580 epistolam
2848 1511 2992 1582 (Non
3023 1523 3191 1568 exstat
3224 1516 3331 1569 lucc
3351 1516 3532 1585 episto-

1945 1597 2019 1666 la)
2045 1600 2155 1666 jam
2187 1598 2277 1653 diu
2305 1606 2429 1653 ante
2474 1601 2545 1671 (e)
2578 1601 2728 1656 fratri
2761 1602 2965 1657 Victori
3005 1604 3342 1672 dederamus,
3372 1620 3533 1673 quam

1947 1694 2002 1741 et
2031 1688 2201 1756 ipsam
2232 1688 2455 1757 perferri
2484 1691 2549 1745 ad
2579 1693 2920 1747 sanctitatem
2953 1704 3095 1747 tuam
3126 1696 3305 1759 volui,
3350 1706 3407 1749 ut
3434 1698 3533 1767 ipsi

329 1791 384 1846 ι,
423 1790 575 1847 Tunc
595 1806 723 1845 vere
752 1791 951 1846 erimus
970 1790 1038 1845 de
1066 1798 1156 1844 tua
1185 1789 1410 1845 caritate
1434 1786 1633 1855 felices,
1666 1789 1711 1843 si
1739 1790 1839 1843 ob-
1874 1789 1915 1847 Β
1945 1777 2204 1846 perlaturi
2224 1793 2322 1832 SUO
2352 1780 2716 1834 testimonium
2746 1783 3052 1851 perhiberet
3079 1800 3186 1838 non
3212 1785 3534 1841 voluntariae

263 1882 436 1937 tineas
464 1896 533 1936 ne
558 1882 726 1936 simus
755 1895 785 1935 a
813 1889 905 1934 tua
938 1880 1165 1935 caritate
1186 1880 1492 1934 dissimiles.
1543 1878 1600 1932 ln
1628 1894 1734 1948 quo
1764 1887 1843 1932 ta-

261 1987 384 2026 men
412 1986 520 2026 non
551 1978 803 2036 eatenus,
834 1970 986 2039 quasi
1018 1970 1309 2039 superbum
1340 1968 1606 2023 tendimus
1633 1975 1840 2033 votum,

262 2070 320 2115 ut
348 2062 560 2130 apicem
598 2060 777 2115 meriti
806 2061 882 2114 tui
920 2074 1196 2129 speremus
1224 2060 1516 2127 attingere;
1547 2058 1644 2114 sed
1674 2068 1732 2112 ut
1758 2074 1844 2112 sa-

261 2150 385 2206 lutis
415 2151 519 2205 line
546 2150 818 2213 conclusi,
846 2150 999 2219 juxta
1037 2149 1264 2205 formam
1296 2148 1417 2205 ﬁdei
1444 2158 1547 2205 tute
1573 2151 1625 2205 in
1653 2151 1845 2206 itinere

261 2241 466 2297 directo
513 2241 756 2295 veritatis
793 2241 1016 2308 vestigia
1065 2242 1436 2311 perlegamus,
1481 2249 1537 2296 et
1575 2242 1646 2295 sit
1691 2242 1846 2297 nobis

262 2330 379 2386 linis
402 2331 519 2400 ipse
546 2333 638 2399 qui
666 2331 874 2385 initium
900 2340 1000 2396 est,
1028 2338 1188 2401 caput
1212 2338 1268 2385 et
1296 2330 1695 2386 fundamentum
1725 2347 1847 2385 cor-

262 2425 408 2492 poris
437 2422 521 2477 sui
549 2431 699 2491 petra
729 2421 978 2477 Christus
1000 2422 1019 2459 ί
1041 2440 1056 2487 ;
1098 2423 1189 2476 illa
1217 2430 1399 2491 petra,
1432 2436 1551 2489 qua:
1581 2436 1678 2475 nos
1707 2421 1847 2474 inter

262 2515 418 2584 hujus
449 2515 617 2569 seculi
648 2514 859 2569 deserta
890 2515 1132 2569 sitientes
1152 2514 1415 2583 justitiam
1452 2513 1667 2582 sequaci
1699 2512 1846 2567 fonte

263 2604 630 2674 prosequitur,
660 2612 715 2658 et
738 2604 879 2660 dulci
908 2614 1039 2674 potu
1078 2605 1362 2673 refrigerat
1384 2645 1400 2670 ,
1446 2619 1516 2659 ne
1552 2603 1844 2658 carnalium

262 2695 616 2766 cupiditatum
664 2696 882 2751 aestibus
925 2712 1274 2766 peruramur;
1315 2697 1407 2749 illa
1443 2704 1595 2766 petra
1619 2736 1634 2761 ,
1684 2710 1847 2764 super

263 2803 419 2856 quam
450 2788 643 2844 domus
670 2790 905 2843 stabilita
929 2805 1034 2844 non
1063 2789 1302 2855 corruit,
1331 2797 1387 2844 et
1413 2790 1500 2843 illa
1524 2797 1674 2858 petra
1703 2806 1840 2858 quae,

264 2877 429 2934 latere
478 2879 666 2935 lancea
714 2880 1013 2951 perforato,
1060 2897 1198 2950 aqua
1238 2882 1390 2935 tinxit
1418 2890 1475 2935 et
1509 2882 1767 2949 sanguine
1794 2892 1842 2946 δ,

263 2977 315 3023 ιιι
355 2970 562 3039 pariter
604 2969 911 3026 salutiferos
953 2972 1110 3026 nobis
1139 2971 1385 3026 funderet
1412 2971 1609 3037 fontes,
1642 2987 1841 3041 aquam

262 3060 446 3126 gratia:
467 3101 483 3125 ,
516 3068 572 3114 et
598 3062 911 3129 sanguinem
938 3061 1301 3127 sacramenti,
1351 3062 1442 3130 qui
1467 3061 1607 3116 idem
1631 3068 1713 3116 est
1740 3065 1759 3095 θ
1789 3069 1845 3117 et

263 3150 378 3205 fons
405 3160 606 3205 nostra:
633 3152 823 3206 salutis
876 3160 931 3205 et
956 3153 1205 3220 pretium.

326 3242 491 3313 253
528 3240 583 3296 5.
623 3241 730 3297 Sed
761 3258 838 3296 vae
865 3243 993 3296 mihi
1036 3243 1304 3312 peccatori
1325 3283 1339 3307 ,
1371 3257 1604 3311 quonam
1638 3242 1679 3274 ιο
1713 3258 1843 3313 pro-

261 3345 508 3400 gressus,
558 3332 722 3385 immo
759 3333 1042 3402 prolapsus
1081 3334 1235 3387 sum?
1265 3333 1398 3387 Dum
1431 3332 1669 3402 pluribus
1707 3332 1849 3402 apud

264 3432 315 3481 te
337 3426 526 3481 verbis
554 3439 679 3493 ago,
708 3432 767 3479 ut
791 3440 890 3494 pro
918 3426 1155 3494 peccatis
1182 3425 1317 3479 meis
1346 3424 1430 3477 vel
1456 3424 1633 3493 potius
1661 3422 1851 3477 adver-

262 3531 349 3571 sus
375 3523 606 3587 peccata
649 3529 767 3569 mea
812 3514 1165 3584 patrocinium
1196 3529 1538 3583 promerear,
1571 3528 1693 3567 cum
1723 3528 1849 3567 ora-

264 3607 501 3661 tionibus
530 3606 807 3671 intendas;
841 3606 915 3675 (a)
945 3604 1220 3660 accumulo
1242 3603 1485 3658 eamdem
1513 3602 1580 3657 de
1610 3602 1849 3671 loquaci-

263 3703 369 3751 tate
398 3710 525 3749 mea
546 3695 840 3757 sarcinam,
872 3709 1031 3762 quam
1075 3693 1142 3747 de
1188 3692 1523 3747 orationibus
1552 3691 1657 3745 tuis
1684 3691 1851 3745 minui

264 3796 415 3856 peto;
454 3793 724 3855 tamquam
747 3785 1027 3839 immemor
1045 3784 1322 3853 scriptum,
1351 3782 1414 3835 de
1433 3782 1750 3853 multiloquio
1775 3780 1849 3851 (b)

261 3893 358 3931 non
387 3876 610 3946 effugies
638 3883 901 3944 peccatum
923 3870 970 3927 ³³.
998 3872 1065 3926 Ει
1091 3872 1217 3942 quid
1247 3873 1436 3940 agam?
1462 3887 1568 3939 quo
1597 3886 1691 3925 ore
1722 3886 1851 3940 pur-

261 3968 369 4037 gari
400 3965 713 4036 postulem?
742 3964 824 4019 vel
870 3978 975 4032 qua
1017 3979 1046 4017 a
1090 3971 1143 4017 te
1170 3963 1382 4017 ratione
1410 3960 1697 4026 defendar,
1729 3975 1853 4014 cum

260 4060 442 4113 sciens
465 4055 805 4126 prudensque
825 4054 1151 4109 contrarium
1170 4053 1490 4123 prophetico
1514 4050 1677 4106 verbo
1700 4066 1851 4106 com-

260 4150 525 4214 miserim,
557 4156 620 4202 ut
660 4156 885 4216 peccato
913 4146 1238 4214 multiloquii
1286 4152 1342 4199 et
1388 4159 1474 4199 me
1503 4143 1771 4209 lcederem,
1799 4150 1856 4198 et

259 4240 608 4294 sanctitatem
654 4245 800 4292 tuam
846 4237 1166 4305 fatigarem?
1212 4236 1439 4291 Haarebo
1488 4252 1708 4305 prorsus
1750 4236 1856 4289 hoc

260 4329 511 4392 crimine,
539 4341 717 4395 neque
742 4326 828 4381 vel
851 4334 942 4380 tua
972 4341 1059 4381 me
1089 4333 1271 4394 tegere
1299 4326 1498 4381 valebit
1527 4325 1723 4392 oratio,
1754 4323 1855 4379 nisi

260 4423 317 4472 tu
345 4418 464 4488 ipse
484 4415 616 4470 mihi
647 4415 793 4485 prius
813 4414 953 4469 hanc
980 4414 1184 4482 injuria:
1213 4422 1317 4468 tua:
1344 4415 1555 4484 culpam
1577 4414 1851 4485 remittas;

1945 1865 2086 1932 apud
2116 1880 2213 1919 nos
2260 1868 2658 1923 remoratioois.
2704 1869 2827 1924 Ilzec
2866 1872 3007 1924 enim
3047 1888 3210 1926 causa
3255 1875 3534 1930 brevitatis

1944 1952 2060 2020 ejus
2105 1951 2222 2019 fuit,
2265 1954 2406 2022 quod
2456 1966 2579 2025 post
2622 1959 2889 2012 modicum
2919 1959 3178 2015 adventus
3205 1962 3286 2015 sui
3327 1970 3533 2031 tempus

1942 2042 2129 2099 Victor
2155 2060 2185 2098 a
2210 2046 2364 2099 nobis
2384 2046 2452 2099 ad
2477 2063 2571 2101 vos
2600 2048 2937 2112 refestinans,
2971 2057 3118 2104 tanta
3149 2066 3207 2105 se
3236 2051 3304 2103 ad
3330 2052 3431 2104 iter
3452 2066 3534 2106 re-

1943 2130 2224 2199 legendum
2254 2133 2615 2189 obstinatione
2642 2136 2947 2200 duraverat,
2979 2145 3035 2190 ut
3063 2138 3152 2191 vix
3178 2139 3265 2192 vel
3293 2138 3533 2194 brevium

1946 2223 2013 2276 ad
2043 2230 2095 2277 te
2136 2224 2435 2278 litterarum
2477 2226 2633 2280 nobis
2664 2227 2923 2281 tribueret
2967 2226 3294 2281 facultatem.
3327 2228 3535 2284 Interea

1945 2311 2375 2382 proficiscentem
2407 2315 2565 2369 subiti
2596 2332 2774 2370 rerum
2803 2318 2985 2371 obices
3024 2326 3381 2384 retraxerunt,
3415 2335 3535 2374 cum

1945 2403 2117 2456 hiems
2141 2404 2556 2471 navigationem,
2587 2416 2642 2459 et
2671 2406 2862 2460 itinera
2891 2415 3064 2460 metus
3087 2408 3162 2477 (Γ)
3187 2408 3495 2463 clauderent
3521 2426 3533 2461 :

1945 2491 2138 2559 quibus
2168 2492 2454 2561 impeditus
2483 2502 2643 2561 atque
2672 2503 2955 2549 revocatus
2996 2496 3302 2549 necessitati
3332 2498 3538 2564 praesti-

1948 2585 2012 2636 tit
2038 2584 2251 2651 longam
2280 2585 2620 2651 dilationem,
2668 2587 2758 2655 qui
2798 2588 3337 2655 procrastinationem
3378 2588 3539 2659 254

1947 2685 2165 2744 rogatus
2195 2687 2487 2746 negaverat
2530 2681 2762 2734 caritati.
2818 2681 2961 2735 Inter
3006 2683 3102 2737 has
3150 2700 3330 2739 moras
3376 2686 3539 2738 etiam

1944 2784 2086 2837 :cger
2115 2768 2230 2833 fuit,
2263 2780 2318 2824 et
2346 2772 2558 2840 quidem
2589 2772 2662 2825 ita
2692 2775 2926 2840 graviter
2955 2774 3235 2839 laboravit,
3263 2784 3319 2828 nt
3349 2792 3377 2829 a
3406 2792 3537 2845 por-

1946 2861 2015 2915 tis
2040 2863 2228 2916 mortis
2257 2863 2507 2917 reductus
2549 2864 2667 2932 plus
2694 2866 2951 2935 temporis
2991 2867 3043 2919 in
3076 2867 3358 2921 reﬁcienda
3387 2869 3537 2923 vale-

1951 2953 2133 3007 tudine
2175 2956 2552 3022 consumserit,
2582 2971 2742 3025 quam
2786 2957 3100 3024 (egritudine
3144 2959 3365 3012 tolerata
3408 2977 3537 3029 pro-

1951 3044 2199 3099 duxerat.
2229 3045 2421 3100 Postea
2449 3048 2558 3114 jam
2605 3048 2783 3102 vicino
2832 3050 3198 3118 apostolorum
3246 3052 3411 3104 natali
3454 3052 3537 3105 di-

1874 3149 1918 3210 C
1950 3137 2162 3192 mittere
2190 3152 2311 3191 eum
2342 3138 2685 3211 inhumanum
2717 3139 3243 3208 putavimus.ltaque
3282 3140 3538 3210 longiori-

1949 3233 2048 3287 bus
2073 3233 2190 3301 ejus
2216 3233 2400 3298 moris,
2433 3248 2566 3302 quas
2592 3233 2910 3301 supradictis
2939 3233 3350 3288 necessitatibus
3376 3233 3541 3288 dede-

1950 3330 2051 3386 rat,
2084 3323 2300 3378 brevem
2328 3323 2470 3378 hanc
2516 3324 2591 3377 illi
2637 3326 2652 3354 ι
2684 3340 2890 3379 moram
2937 3324 3003 3379 de
3033 3334 3218 3379 nostra
3267 3326 3541 3380 voluntate

1948 3412 2268 3480 adjecimus,
2317 3422 2394 3479 ut,
2445 3430 2567 3469 cum
2611 3415 2961 3484 apostolicam
3004 3415 3399 3470 solemnitatem
3431 3417 3541 3471 voti

1950 3503 2117 3556 nostri
2147 3512 2202 3558 et
2231 3504 2434 3559 itineris
2457 3506 2620 3559 annui
2642 3506 2821 3560 socius
2848 3507 3193 3571 celebrasset,
3226 3507 3382 3576 hujus
3402 3524 3541 3576 quo-

1949 3609 2053 3663 que
2079 3596 2146 3648 ad
2178 3612 2273 3650 vos
2304 3598 2503 3665 negotii
2533 3598 2701 3652 nostri
2732 3599 2948 3652 nuntius
2978 3607 3357 3652 reverteretur.

2021 3684 2073 3740 2.
2103 3686 2245 3741 Sane
2274 3687 2550 3757 epistolas,
2581 3703 2714 3755 quas
2742 3687 2806 3740 ad
2841 3688 3177 3741 benedictum
3224 3686 3318 3740 Dei
3362 3687 3541 3740 homi-

1955 3791 2077 3831 nem
2110 3776 2331 3829 fratrem
2363 3783 2610 3828 nostrum
2641 3774 2899 3827 Severum
2935 3773 3118 3837 habet,
3146 3770 3369 3825 diverso
3406 3779 3545 3823 tem-

1953 3881 2104 3936 pore,
2128 3875 2280 3935 prout
2305 3865 2540 3935 impetus
2566 3864 2974 3919 festinationnm
3005 3863 3262 3926 habebat,
3288 3861 3540 3926 fecimus,

1952 3956 2093 4010 sicut
2118 3956 2355 4024 ipsarum
2382 3956 2533 4010 varia
2559 3958 2792 4011 lectione
2818 3954 3388 4009 monstrabiturmam
3416 3951 3543 4005 bre-

1952 4043 2135 4098 viores
2163 4044 2295 4115 (illa:
2335 4045 2570 4113 epistola:
2599 4045 2891 4116 perierunt)
2932 4059 3124 4100 earum
3158 4042 3313 4111 quasi
3343 4054 3541 4110 prope-

1950 4149 2083 4191 rans
2103 4144 2157 4189 et
2181 4137 2232 4189 in
2257 4137 2613 4206 profertionis
2631 4138 2819 4209 januis
2845 4137 3086 4208 pendens
3108 4132 3297 4187 Victor
3319 4130 3535 4201 exegit:

1950 4230 2274 4298 prolixiores
2303 4241 2482 4286 autem
2506 4247 2630 4285 cum
2660 4232 2725 4286 de
2748 4232 2903 4300 longa
2932 4229 3053 4298 ejus
3083 4225 3431 4281 rcmansione
3454 4237 3540 4278 se-

1956 4317 2071 4373 curi
2098 4333 2217 4372 esse
2239 4319 2604 4388 cmpissemus,
2625 4326 2897 4389 tamquam
2927 4320 3148 4374 remissa
3177 4328 3339 4389 atque
3368 4328 3546 4374 taxata

1957 4410 2010 4464 in
2041 4411 2210 4465 otium
2239 4420 2421 4467 mente
2452 4413 2527 4484 (g)
2557 4413 2885 4482 scripsimus.
2914 4412 3215 4484 Scripserat
3243 4424 3420 4469 autem
3448 4432 3548 4469 no-

260 4514 315 4560 et
340 4522 443 4576 pro
472 4520 584 4570 me,
615 4504 753 4559 sicut
784 4504 853 4575 (ε)
883 4504 1070 4559 beatus
1098 4503 1200 4559 Job
1244 4520 1344 4574 pro
1374 4505 1685 4575 loquacibus
1712 4506 1849 4560 ami-
1879 4510 1930 4569 D
1954 4503 2035 4558 bis
2065 4503 2229 4558 frater
2258 4512 2442 4559 noster
2468 4504 2717 4569 Severus,
2750 4513 2808 4558 ut
2848 4520 2974 4559 eum
2999 4506 3152 4560 vobis
3182 4506 3327 4561 illico
3357 4507 3547 4561 remit-

261 4594 337 4651 cis
379 4598 565 4653 facere
592 4604 892 4665 praeceptus
916 4604 1019 4661 est,
1046 4596 1275 4650 hostiam
1313 4596 1630 4666 placationis
1657 4598 1851 4653 offeras

262 4682 373 4739 Deo
408 4684 455 4740 ί.
487 4684 722 4739 Tantum
750 4685 892 4740 enim
937 4684 1003 4739 de
1045 4686 1225 4739 animo
1254 4692 1347 4739 tuo
1376 4686 1506 4739 mihi
1540 4684 1755 4739 vindico
1786 4686 1850 4750 ¹¹,

262 4783 322 4831 ut
346 4776 458 4832 hoc
484 4776 619 4831 mihi
642 4776 1033 4845 multiloquium
1056 4776 1124 4831 de
1165 4786 1251 4830 tua
1282 4776 1611 4845 indulgentia
1638 4777 1857 4846 impune

332 4896 362 4924 ³
392 4886 589 4941 Matth.
615 4902 709 4949 vlt,
742 4885 829 4940 I5.
904 4884 932 4925 δ
963 4882 1103 4940 Psal.
1128 4903 1308 4950 cxvm,
1330 4886 1417 4940 80.
1496 4895 1519 4925 ε
1548 4885 1687 4941 Psal.
1718 4904 1876 4953 xxv",
1902 4887 1953 4942 5.
2031 4888 2056 4926 δ
2081 4890 2237 4943 Rom.
2280 4907 2334 4953 x,
2368 4890 2451 4943 10.

1958 4605 2210 4663 teremus,
2243 4606 2405 4669 atque
2435 4599 2507 4652 ita
2549 4598 2953 4668 praescripserat
2982 4606 3211 4667 tempus,
3245 4606 3303 4651 ut
3332 4598 3399 4652 ad
3428 4599 3547 4652 vin-

1957 4688 2147 4743 demia:
2174 4689 2289 4745 dies
2316 4690 2570 4745 remissus
2613 4697 2941 4744 occurreret.
2972 4688 3030 4743 In
3074 4704 3181 4756 quo
3208 4731 3223 4757 ,
3267 4690 3393 4757 quia
3441 4706 3548 4744 non

1962 4780 2236 4849 potuimus
2271 4780 2346 4834 illi
2375 4795 2585 4850 parere,
2616 4780 2717 4834 hac
2760 4780 2950 4835 saltem
2980 4780 3157 4848 specie
3187 4780 3551 4834 obedientiam

2533 4901 2556 4929 ο
2587 4891 2769 4962 ICor._
2798 4908 2892 4962 xv.
2926 4892 3013 4946 49.
3098 4892 3114 4930 ῐ
3145 4892 3315 4962 Apoc.
3373 4909 3409 4956 ι,
3469 4893 3503 4946 8
3533 4909 3546 4958 ;

269 4934 607 5029 εριιῌζξέξ
628 4934 712 5029 ’ᾆζ
747 4934 833 5018 is}
862 4964 917 5012 et
928 4934 1441 5029 ifiﬁfééijﬁfis
1463 4974 1497 5029 ;_
1541 4934 1568 5029 fi
1592 4934 1847 5029 ῐόὶῗῖιξ

1992 4959 2013 5013 ι
2042 4934 2256 5027 CBK},
2281 4934 2342 5018 It";
2374 4934 3095 5029 ἰὶἐιιιιι.ἠῑῖἷξὲιῖἱιιὶᾟνι
3128 4934 3320 5017 isi”?
3354 4934 3549 5018 ,ι’ὀιιεῦιῖ

268 5024 377 5091 ιιι,
412 5027 507 5081 34.
584 5026 610 5063 ιι
643 5025 799 5080 Prov.
834 5043 886 5091 x,
922 5026 1009 5094 l9,
1039 5042 1148 5081 sec.
1177 5026 1336 5081 LXX.
1421 5024 1435 5064 ί
1470 5025 1589 5081 Job.
1624 5043 1752 5090 XLII,
1795 5028 1847 5081 8.

271 5115 541 5239 Pa'ulnlias
582 5114 691 5181 55,
735 5130 854 5184 qua:
882 5123 1062 5170 autem
1091 5114 1159 5168 45
1187 5124 1331 5180 erat,
1374 5132 1516 5172 nunc
1569 5115 1658 5171 50.
1715 5118 1924 5187 Scripta
1962 5134 2105 5172 anno
2150 5118 2255 5173 406
2300 5121 2442 5176 circa
2494 5120 2688 5176 festum
2741 5121 2839 5178 SS.
2897 5124 3266 5193 apostolorum
3313 5122 3458 5180 Petri
3499 5131 3555 5177 et

404 5202 448 5239 ι.

341 5296 423 5365 (a)
452 5294 559 5365 με.
578 5295 757 5365 codex
783 5294 1122 5365 Viennensis,
1150 5294 1493 5348 adcumulem.

341 5298 423 5365 (a)
455 5298 559 5349 Ms.
588 5298 757 5350 codex
783 5298 1122 5361 Viennensis,
1150 5298 1493 5348 adcumulem.
1974 5304 2151 5351 tamen
2183 5313 2212 5351 a
2239 5314 2340 5352 ms.
2371 5298 2558 5353 codice
2581 5299 2748 5368 Regio
2790 5303 2961 5370 prima
2990 5303 3053 5357 ad
3086 5303 3413 5358 Desiderium
3441 5305 3554 5374 epi-

341 5364 423 5434 (b)
451 5363 534 5417 Ita
573 5363 713 5418 LXX
742 5373 797 5419 et
824 5365 882 5419 S.
913 5364 953 5419 C
1030 5366 1211 5419 rianus
1240 5365 1330 5417 lib.
1381 5380 1436 5418 ιιι
1474 5364 1542 5419 ad
1587 5364 1865 5430 Quirinum
1969 5367 2140 5433 stola,
2185 5369 2337 5434 cujus
2380 5369 2623 5422 meminit
2668 5370 2918 5427 Paulinus
2961 5375 3013 5427 in
3054 5373 3274 5439 hujusce
3321 5374 3554 5442 epistolae

341 5448 537 5487 versus
559 5432 791 5487 Judmos.
817 5442 918 5487 arl.
1970 5434 2039 5487 45
2066 5437 2314 5487 exordio-
2364 5446 2420 5487 et
2455 5438 2567 5487 haec
2603 5439 2957 5487 desideratur-
2990 5442 3123 5487 Vide
3148 5444 3247 5487 Vit-
3296 5458 3344 5487 α-
3375 5442 3461 5487 ι7-
3497 5458 3552 5487 ιι-

1969 5367 2140 5442 st_ola,
2185 5369 2337 5442 cujus
2380 5369 2633 5442 meminit
2668 5367 2918 5442 Paulinus
2961 5375 3013 5427 in
3054 5373 3274 5439 hujusce
3321 5367 3555 5442 epistolae

269 5432 537 5507 adversus
559 5432 791 5507 Judzeos,
817 5442 918 5487 art.
956 5432 1083 5507 {95.
1256 5502 1289 5507 __
1614 5503 1646 5507 ,Α
1681 5505 1688 5507 ξ
1970 5434 2039 5507 45
2066 5432 2314 5507 exordio,
2364 5446 2420 5492 et
2455 5438 2567 5494 haec
2603 5439 2958 5497 desideratur.
2990 5432 3247 5497 Vide'Vit.
3296 5432 3463 5507 cf“,
3497 5458 3552 5497 ιι.

344 5505 420 5575 (c)
450 5501 547 5575 Sic
570 5503 863 5575 mss._Beg.
892 5513 947 5558 et
964 5504 1139 5575 Vatic.
1162 5502 1533 5575 codicescum
1564 5503 1871 5575 editis_qua-
1976 5504 2002 5557 1
2036 5515 2091 5559 et
2112 5506 2168 5560 5.

269 5570 418 5630 tuor.
468 5570 864 5655 ᾼιιιιεηνὶθῐι.
914 5581 971 5629 et
996 5574 1121 5629 edit.
1153 5570 1331 5639 Grin.,
1360 5574 1490 5626 sicut
1513 5575 1661 5628 beato
1698 5570 1866 5628 Job...
1984 5576 2118 5655 ".(e)
2152 5575 2544 5648 Manuscriptus
2585 5579 2756 5635 codex
2806 5580 3155 5647 Viennensis,
3203 5596 3294 5650 per
3344 5581 3559 5651 fratrem

273 5650 712 5713 praceptunrest.
1468 5711 1493 5713 _
1636 5712 1643 5713 ί
1984 5640 2265 5700 Victorem.

346 5709 571 5783 (diale.
587 5710 769 5783 Vien.,
798 5712 1300 5783 desiderantissimo;
1332 5726 1433 5767 ms.
1467 5711 1773 5783 Reg.rhunc
1799 5713 1868 5766 ti-

2074 5717 2126 5784 f)
2156 5715 2282 5785 Mss.
2316 5716 2447 5785 Reg.
2481 5728 2537 5772 et
2563 5718 2741 5783 Vien.,
2772 5717 3049 5772 clauderet.

275 5779 451 5839 tulum
482 5779 646 5840 habet
675 5799 691 5839 :
723 5781 912 5852 Incipit
950 5782 1018 5837 ad
1058 5781 1385 5839 Desiderium
1430 5782 1673 5838 secunda.
1707 5780 1872 5838 Abest

2072 5787 2126 5858 g)
2158 5783 2256 5844 Ms.
2289 5783 2459 5843 codex
2488 5787 2665 5861 Vien.,
2689 5788 2994 5842 curavimus.
