4006 6180
413 259 520 316 585

1539 254 1594 309 S.
1638 252 1907 308 PAULINI
1944 249 2196 308 NOLANI
2232 246 2537 304 EPISCOI‘I

3565 243 3676 294 5S}

352 422 372 471 Ἰ
414 371 653 441 prmbere
679 369 1018 434 tentavimus,
1042 376 1101 423 ut
1126 366 1275 421 illum
1303 366 1349 421 si
1376 382 1482 421 non
1507 370 1697 420 eodem
1724 380 1866 418 anno
1886 377 1994 432 quo
2021 369 2070 425 Α
2099 360 2267 415 ricors
2293 367 2348 414 et
2376 360 2659 414 miserator
2700 359 2970 423 Dominus,
2999 358 3263 414 neminem
3291 356 3405 409 vult
3435 356 3500 425 (ε)
3533 355 3679 409 mori

708 466 719 471 Α
780 467 791 471 -
1063 455 1076 471 I
1198 464 1210 471 .
1422 470 1425 471 ,
1488 469 1509 471 ξ
1566 470 1573 471 ,
1616 453 1629 471 9
1654 468 1747 471 κγ--
1778 461 1840 471 γ-.
1902 467 1953 471 ,-
2093 449 2409 471 ...ι-...ζημιιιι-ν.
2433 466 2445 471 -
2495 462 2664 471 ..ΑΛ-..Α
2716 456 3010 471 Α..-.ι...-,...-
3043 464 3189 471 ---Λ-ι-
3234 449 3284 471 2..
3327 448 3411 471 ΖΙΙ-
3457 449 3653 471 κωκυ..--

414 466 746 527 speraverat,
776 467 956 511 tamen
980 455 1165 512 eodem
1197 464 1438 525 tempore
1479 469 1585 522 quo
1609 453 1861 521 jusserat,
1894 467 1988 505 oc-

415 562 695 601 cursurum
724 546 984 615 recipiat:
1017 554 1072 600 et
1115 544 1160 598 si
1190 545 1491 599 tarditatem
1521 543 1660 596 illius
1703 540 1991 595 necessita-

416 637 578 705 tibus,
608 651 742 705 quas
772 634 1012 704 exposui,
1047 650 1153 687 non
1184 634 1294 687 vult
1332 633 1615 709 imputare,
1648 645 1770 684 meo
1798 629 1992 683 delicto

415 735 629 797 reputet
656 725 797 794 quod
820 723 1094 790 remansit,
1115 722 1225 776 suis
1256 729 1432 775 tamen
1456 718 1784 780 orationibus
1802 716 1995 771 debeat

415 818 500 870 vel
528 815 738 870 tardum
761 814 913 869 istius
938 812 1197 877 reditum;
1226 810 1349 878 quia
1379 824 1498 863 cum
1518 808 1627 876 jam
1651 806 1873 860 omnino
1900 805 1993 859 de-

414 904 621 975 positus
648 911 951 972 tegrotaret,
995 902 1062 957 de
1091 902 1275 956 Severi
1322 900 1425 954 ﬁde
1471 898 1681 968 speravi
1710 897 1993 951 sanitatem

416 995 553 1063 ejus,
583 1010 741 1065 quam
788 994 854 1049 de
900 995 1035 1048 meis
1082 993 1286 1047 meritis
1335 991 1685 1061 desperabam
1718 994 1758 1043 ².
1791 989 1994 1055 Quibus

416 1083 659 1139 videbam
690 1084 918 1138 Victoris
966 1084 1324 1137 innocentiam
1372 1083 1673 1148 verberari,
1721 1091 1780 1135 ut
1819 1085 1872 1135 in
1903 1083 1995 1136 illo

417 1191 538 1229 mea
571 1175 821 1243 iniquitas
849 1176 1193 1243 plecteretur,
1226 1175 1278 1228 in
1308 1188 1414 1242 quo
1444 1174 1622 1227 divina
1643 1172 1849 1242 iustitia
1874 1174 1995 1227 vin-

418 1264 652 1332 dicabat,
681 1265 825 1332 quod
855 1264 907 1317 in
952 1264 1241 1318 dilectione
1272 1265 1573 1333 peccatoris
1600 1264 1834 1318 errabat.
1863 1263 1997 1318 Nam

418 1360 475 1405 et
500 1354 630 1405 mihi
670 1368 882 1422 pmnam
922 1353 1117 1407 caritas
1162 1354 1449 1415 excitabat,
1480 1362 1536 1406 ut
1574 1353 1992 1418 tribulationem,

417 1457 577 1510 quam
625 1443 922 1496 unanimus
949 1442 1077 1495 mihi
1105 1443 1268 1497 homo
1306 1444 1605 1512 patiebatur
1655 1442 1708 1495 in
1749 1457 1995 1511 corpore,

418 1535 658 1588 cruciatu
694 1534 960 1587 viscerum
999 1534 1269 1602 animique
1297 1535 1629 1603 compatiens
1656 1533 1993 1587 sustinerem.

491 1623 543 1676 5.
588 1623 662 1677 De
715 1639 822 1692 quo
870 1632 1047 1678 autem
1102 1625 1231 1679 mihi
1292 1640 1388 1694 per
1442 1627 1613 1693 ipsum
1667 1626 1997 1693 scripseras,

421 1727 617 1783 aquam
645 1715 855 1769 dulcem
877 1724 931 1769 et
957 1716 1227 1785 copiosam
1259 1718 1309 1770 in
1348 1733 1531 1771 amaro
1561 1726 1616 1771 et
1644 1728 1829 1773 arente
1858 1719 2001 1772 rivu-

419 1802 471 1856 lo
501 1818 745 1871 qutercns
777 1814 822 1869 η,
854 1813 958 1859 tum
986 1807 1163 1875 potius
1199 1808 1384 1875 gratiae
1412 1809 1785 1879 explicandum
1812 1809 1999 1865 refun-

419 1892 491 1947 do
516 1910 530 1947 :
564 1910 686 1948 nant
716 1911 801 1950 me
829 1896 1002 1951 fateor
1030 1905 1299 1952 tantorum
1324 1901 1598 1953 nominum
1626 1908 1681 1955 et
1717 1902 2002 1971 mysterio-

419 1997 536 2035 rum
567 1984 802 2052 pondera
834 2000 932 2040 nec
955 1986 1120 2055 digito
1151 1988 1170 2018 ³
1198 2004 1383 2042 ausum
1416 1998 1650 2058 tangere.
1681 1990 1809 2059 Legi
1835 1993 1998 2059 enim,

420 2074 537 2143 quia
566 2074 620 2127 in
650 2075 953 2129 malevolam
982 2076 1001 2107 δ
1021 2080 1248 2131 animam
1276 2096 1379 2133 non
1404 2082 1633 2135 introibit
1663 2084 1917 2151 sapientia
1940 2084 1998 2147 υς

422 2170 477 2215 et
507 2161 626 2217 ideo
658 2164 871 2218 malitia:
918 2181 1049 2219 mete
1077 2169 1323 2222 conscius
1364 2185 1469 2223 non
1514 2172 1660 2239 potui
1692 2172 1885 2225 divina:
1914 2188 2001 2226 re-

423 2252 707 2308 velationis
734 2255 935 2310 habere
967 2254 1233 2327 ﬁduciam,
1261 2275 1380 2314 cum
1410 2262 1706 2330 prudentiae
1736 2266 1893 2334 255
1924 2265 2005 2319 lu-

423 2360 542 2397 cem
570 2346 854 2400 tenebroso
883 2347 1047 2402 corde
1086 2364 1191 2403 non
1230 2365 1499 2419 caperem.
1544 2351 1623 2406 Tu
1666 2369 1795 2407 vero
1836 2354 2005 2409 bene-

425 2434 587 2501 dicte,
610 2451 701 2490 vas
726 2436 982 2489 mundum
1021 2445 1076 2491 et
1103 2446 1283 2506 aptum
1313 2439 1442 2501 Deo,
1486 2440 1530 2494 si
1561 2442 1813 2510 accepisti
1845 2443 2003 2497 intel-

425 2525 626 2579 lectum
653 2524 1043 2580 benedictionis
1066 2527 1222 2592 illius,
1246 2543 1349 2596 qua
1378 2528 1510 2584 ﬁlios
1539 2546 1664 2585 suos
1690 2534 2006 2602 prophetico

426 2616 617 2684 spiritu
642 2618 943 2685 patriarcha
968 2618 1017 2671 in
1040 2619 1279 2674 caecitate
1301 2623 1541 2689 corporis
1562 2622 1848 2678 luminatus
1875 2625 2008 2679 allo-

428 2705 631 2775 quitur,
660 2722 869 2776 expone
897 2708 1025 2761 mihi
1055 2710 1316 2778 rescripto
1362 2714 1611 2782 mysteria
1641 2716 1808 2783 regni,
1842 2724 1896 2769 et
1922 2731 2009 2770 sa-

429 2806 701 2852 cramenta
730 2814 761 2852 a
789 2801 983 2854 seculis
1011 2803 1242 2870 reposita
1270 2813 1320 2870 ε,
1352 2813 1408 2858 et
1435 2820 1531 2874 pro
1551 2807 1746 2861 seculis
1774 2808 2010 2862 revelata

431 2888 487 2941 in
516 2887 727 2943 Christo
756 2887 910 2953 Jesu;
960 2890 1014 2942 in
1062 2905 1169 2958 quo
1214 2895 1484 2947 concurrit
1511 2894 1721 2949 diversa
1770 2896 2010 2951 omnium

430 2976 599 3029 forma
624 2968 967 3043 sanctorum;
986 2979 1076 3048 qui
1098 2980 1149 3034 in
1174 2982 1493 3050 patriarchis
1514 2982 1786 3052 ﬁguratur,
1812 2987 1865 3041 in
1894 3003 2013 3057 pro-

2093 449 2447 511 morientcm;
2495 462 2668 517 neque
2712 456 3013 503 creaturam
3042 464 3192 502 suam
3234 449 3287 501 in
3326 448 3415 501 illa
3457 449 3675 513 arbore,

2094 542 2187 596 sed
2254 542 2526 595 inimicum
2583 542 2660 611 (ά)
2719 541 3033 609 plantationi
3077 556 3184 594 sure
3237 541 3418 593 vitium
3468 540 3682 593 arboris

2094 630 2464 685 maledicendo
2519 631 2795 684 damnavit
2849 650 2862 683 :
2919 646 3017 684 oro
3071 640 3122 684 te
3175 632 3390 698 potius.
3444 639 3502 683 ut
3556 646 3683 683 rna-

2096 718 2293 774 ledicas
2339 720 2606 774 sterilitati
2646 735 2809 786 mete,
2858 736 2925 774 ne
2955 734 3187 787 unquam
3228 735 3295 774 ex
3342 720 3428 773 illa
3473 720 3687 773 fructus

2097 816 2367 874 nascatur,
2401 816 2459 863 ut
2486 810 2655 878 possit
2698 824 2765 862 ex
2812 824 2895 863 me
2948 808 3308 878 ipsmfructus
3353 810 3498 863 nasci
3540 810 3681 864 Deo.

2096 897 2326 967 Expedit
2352 899 2496 952 enim
2544 899 2676 952 mihi
2716 899 2962 953 interitus
3007 900 3300 953 sterilitatis
3329 915 3477 963 mete,
3522 908 3581 953 ut
3630 901 3685 953 in

2096 1002 2183 1042 me
2213 988 2556 1056 plantationis
2601 988 2882 1043 dominicte
2932 988 3228 1066 fecunditas
3275 990 3595 1051 reviviscat;
3632 1000 3691 1042 et

2098 1081 2360 1135 moriente
2396 1081 2559 1145 vitio,
2607 1095 2714 1148 quo
2764 1078 3122 1135 infructuosus
3169 1079 3391 1147 eﬁieior,
3432 1081 3691 1148 agricola:

2098 1187 2220 1226 meo
2251 1172 2571 1227 revirescam
2597 1172 2771 1227 reditu
2813 1172 2967 1226 bonae
3012 1173 3326 1237 voluntatis;
3356 1181 3412 1225 ut
3438 1172 3695 1228 esuriens

2097 1263 2262 1316 vitam
2290 1277 2464 1316 meam
2493 1262 2770 1327 Dominus,
2797 1264 2911 1332 ipse
2938 1264 3173 1318 inveniat
3197 1278 3284 1318 me
3305 1262 3573 1318 feracibus
3598 1276 3696 1319 ra-

2098 1352 2200 1406 mis
2228 1350 2558 1417 fructuspsibi
2581 1352 2791 1406 debitos
2811 1351 3143 1406 oﬁerenteni.

2170 1443 2223 1497 5.
2264 1441 2368 1497 Sed
2398 1443 2452 1495 in
2480 1442 2581 1496 hac
2611 1442 2797 1496 eadem
2828 1443 3022 1497 arbore
3051 1458 3157 1496 non
3187 1443 3409 1497 modica;
3429 1445 3698 1512 quaestio-

2100 1532 2183 1586 nis
2210 1538 2579 1599 argumentum
2608 1529 2816 1584 Marcus
2837 1530 3049 1599 adjecit.
3076 1530 3207 1583 Nam
3234 1532 3322 1584 alii
3342 1532 3699 1599 evangelista

2101 1624 2168 1678 de
2197 1621 2477 1676 maledicta
2525 1629 2581 1675 et
2625 1619 2857 1675 arefacta
2901 1618 3000 1675 ﬁcu
3046 1636 3363 1683 consonans,
3395 1621 3497 1675 hoc
3526 1621 3699 1675 altius

2035 1730 2079 1789 Β
2104 1721 2186 1768 est
2214 1713 2452 1777 locutus,
2484 1711 2629 1780 quod
2659 1726 2781 1765 cum
2813 1711 3032 1765 dixisset
3061 1727 3166 1765 non
3208 1711 3473 1765 invenisse
3499 1710 3698 1765 Domi-

2102 1817 2231 1857 num
2260 1802 2313 1855 in
2341 1802 2535 1856 arbore
2576 1801 2663 1854 illa
2693 1800 2942 1868 fructum,
2974 1800 3044 1868 id,
3075 1800 3219 1868 quod
3246 1801 3493 1855 arborem
3522 1816 3702 1856 excu-

2102 1909 2225 1949 sare
2252 1892 2513 1959 videatur,
2536 1892 2801 1961 apposuit,
2825 1892 3010 1947 dicens
3034 1909 3046 1945 :
3074 1890 3197 1944 Non
3228 1891 3388 1961 256
3415 1892 3557 1943 enim
3582 1902 3704 1943 erat

2105 1995 2300 2054 ternpus
2343 1995 2400 2037 ut
2448 1986 2672 2050 fructum
2713 1984 2920 2038 haberet
2953 1984 3001 2037 ἱ.
3032 1983 3184 2049 Quod
3229 1985 3273 2037 si
3324 1985 3396 2037 ita
3437 1993 3541 2049 est,
3577 1986 3705 2038 sine

2104 2092 2263 2131 causa
2292 2076 2500 2129 videtur
2544 2075 2705 2130 arbor
2732 2076 3007 2145 excepisse
3037 2075 3395 2141 maledictum,
3426 2092 3547 2145 quae
3580 2080 3702 2131 cul-

2103 2180 2170 2234 pa
2202 2164 2497 2219 sterilitatis
2521 2166 2760 2232 carebat,
2784 2166 2828 2218 si
2855 2166 3027 2221 adhuc
3054 2181 3149 2235 per
3177 2168 3301 2221 anni
3324 2176 3533 2236 tempus
3558 2170 3704 2223 alie-

2104 2271 2232 2310 num
2260 2254 2462 2309 fructus
2490 2270 2599 2309 non
2640 2255 2873 2310 habebat
2902 2265 3138 2326 paratos,
3164 2274 3272 2312 non
3302 2258 3592 2313 infecunda
3635 2261 3707 2314 de

2106 2345 2257 2411 vitio,
2288 2345 2381 2400 sed
2410 2346 2692 2399 immatura
2718 2347 2784 2401 de
2808 2356 3069 2418 tempore.
3102 2348 3207 2403 Sed
3236 2349 3379 2419 quod
3405 2351 3471 2405 de
3497 2366 3707 2419 pecore

2107 2436 2396 2505 Apostolus
2425 2437 2520 2503 ait,
2546 2445 2599 2490 et
2624 2437 2692 2491 de
2724 2438 2866 2506 ligno
2909 2454 3189 2508 possumus
3218 2455 3494 2509 usurpare,
3524 2451 3589 2495 ut
3617 2443 3707 2496 di-

2108 2542 2291 2581 camus
2316 2545 2327 2579 :
2356 2524 2622 2598 Numquid
2648 2528 2714 2583 de
2736 2529 3016 2585 arboribus
3039 2546 3165 2583 cura
3190 2538 3263 2584 est
3286 2529 3450 2584 Deok?
3468 2530 3710 2602 Propter

2108 2632 2209 2671 nos
2237 2617 2421 2685 utique
2446 2618 2703 2685 scriptum
2733 2626 2836 2684 est,
2869 2620 2920 2672 iu
2945 2619 3138 2687 quibus
3167 2635 3346 2674 escam
3374 2637 3528 2676 suam
3552 2621 3709 2677 Deus

2108 2722 2322 2777 semper
2349 2708 2463 2761 vult
2490 2708 2745 2762 invenire.
2781 2708 2913 2761 Nam
2957 2716 3012 2763 et
3059 2724 3243 2777 agrum
3282 2718 3337 2765 et
3380 2712 3600 2766 vineam
3655 2714 3710 2769 in

2111 2800 2267 2853 nobis
2291 2796 2472 2853 habet.
2504 2798 2613 2854 Nos
2642 2800 2694 2853 in
2724 2814 2851 2853 area
2889 2815 2983 2854 sua
3014 2802 3256 2867 ventilat,
3291 2802 3345 2855 in
3387 2801 3541 2857 nobis
3574 2819 3711 2872 pur-

2112 2898 2203 2959 gat
2228 2890 2481 2954 triticum,
2514 2889 2581 2959 (e)
2612 2889 2816 2943 dissicit
2840 2890 2916 2958 (id
2943 2898 3018 2943 est
3058 2901 3291 2959 separat.
3330 2890 3390 2943 V.
3424 2899 3537 2946 not.
3574 2884 3708 2961 186)

2113 2979 2315 3048 paleas,
2359 2978 2466 3031 urit
2512 2978 2714 3031 zizania
2745 2976 2786 3031 ι.
2818 2978 3003 3047 Itaque
3031 2980 3085 3033 in
3124 2980 3210 3034 illa
3239 2980 3431 3035 arbore
3468 2982 3711 3037 salutem

431 3063 607 3130 phetis
623 3064 885 3132 loquitur;
910 3067 961 3119 in
986 3069 1243 3135 apostolis
1264 3080 1536 3140 operatur,
1564 3081 1617 3128 et
1640 3076 1814 3128 omnia
1836 3078 1886 3129 in
1910 3093 2014 3130 om-
2039 3091 2081 3150 ρ
2116 3071 2348 3125 hominis
2374 3070 2662 3133 esurieb-n.
2687 3072 2830 3125 etab
2852 3071 3068 3126 homine
3089 3072 3326 3127 debitum
3348 3073 3449 3127 sibi
3469 3072 3713 3128 fructum

432 3152 577 3207 nibus
609 3154 685 3224 (ιι)
716 3156 1061 3225 αάὶιηριετιινά
1093 3176 1110 3212 :
1141 3163 1260 3230 quia
1288 3163 1341 3215 in
1370 3165 1479 3233 ipso
1504 3166 1697 3236 placuit
1726 3168 2014 3222 inhabitare

433 3244 599 3297 omnis
627 3244 890 3313 plenitudo
924 3256 967 3311 θ,
999 3248 1089 3315 qui
1114 3250 1350 3303 omnium
1376 3252 1588 3307 initium
1618 3266 1673 3309 et
1702 3256 1819 3309 ﬁnis
1848 3264 1931 3310 est
1964 3255 2009 3308 ί.

437 3332 588 3398 Quod
602 3335 647 3387 si
669 3335 893 3390 necdum
910 3339 1184 3409 accepisti,
1200 3340 1324 3408 quia
1354 3340 1492 3410 forte
1506 3342 1629 3396 dum
1655 3345 1901 3412 proximo
1924 3352 2015 3399 tuo

434 3423 563 3477 mihi
587 3424 782 3479 donata
804 3428 995 3494 credis,
1013 3432 1164 3499 quasi
1180 3432 1290 3499 jam
1316 3434 1370 3486 iu
1394 3442 1485 3488 tuo
1508 3446 1691 3504 parata
1707 3447 2017 3508 promptua-

438 3511 542 3576 rio,
565 3520 750 3580 petere
768 3515 864 3568 tibi
894 3517 1199 3585 specialiter
1226 3534 1254 3572 a
1273 3520 1497 3576 Domino
1526 3523 1798 3594 distulisti,
1816 3536 1936 3596 pete
1963 3537 2019 3584 et

437 3602 668 3669 accipies
688 3604 979 3660 secundum
997 3605 1156 3663 ﬁdem
1178 3619 1232 3665 et
1251 3613 1481 3667 animam
1497 3622 1640 3669 tuam
1660 3634 1671 3669 :
1688 3632 1806 3686 quae
1817 3628 2017 3687 quanto

438 3692 639 3746 castior
664 3696 935 3763 membris,
970 3706 1120 3755 tanto
1148 3702 1387 3758 vivacior
1414 3706 1656 3762 sensibus
1689 3726 1700 3760 :
1734 3716 1790 3763 et
1816 3718 2019 3778 quanto

438 3781 686 3837 mundior
728 3787 917 3853 corde,
969 3796 1117 3846 tanto
1159 3796 1407 3864 capacior
1454 3795 1649 3852 Christi
1689 3809 1801 3863 est;
1832 3802 1924 3871 qui
1953 3805 2020 3858 ab

441 3872 625 3928 humili
672 3877 1004 3945 possidetur,
1035 3889 1089 3934 et
1119 3896 1148 3934 a
1196 3884 1394 3939 mundo
1431 3887 1595 3941 corde
1622 3890 1948 3958 conspicitur
1972 3902 2019 3947 8.

514 3964 566 4018 4.
609 3964 683 4020 Te
712 3978 909 4033 autem,
945 3978 1002 4022 ut
1030 3980 1117 4024 tua
1150 3974 1403 4040 opinione
1431 3975 1713 4046 deceptum
1744 3981 1811 4034 ab
1842 3983 2023 4051 in0pia

442 4070 561 4111 mea
609 4057 784 4111 minus
812 4059 1035 4112 moleste
1075 4060 1233 4127 feras,
1263 4063 1340 4116 sic
1387 4064 1541 4129 habe,
1576 4074 1843 4134 tamquam
1885 4069 2024 4125 idem

444 4144 512 4198 de
542 4159 627 4197 me
652 4158 838 4212 passus
862 4147 952 4209 sis,
980 4147 1123 4213 quod
1148 4148 1263 4217 ipse
1299 4148 1557 4206 Dominus
1587 4154 1654 4208 ab
1683 4154 1772 4208 illa
1804 4155 1926 4221 ﬁcu,
1956 4161 2023 4215 ad

445 4248 605 4299 quam
636 4234 874 4287 esuriens
902 4236 1144 4301 accessit,
1176 4248 1229 4291 et
1254 4238 1370 4293 sine
1398 4237 1572 4295 fructu
1602 4242 1869 4300 inventam
1899 4264 2022 4318 per-

447 4322 616 4376 cussit
639 4325 801 4377 verbo
828 4324 937 4379 oris
963 4327 1077 4393 sui;
1109 4336 1167 4381 ut
1193 4343 1311 4396 quae
1333 4330 1531 4385 sterilis
1554 4331 1729 4389 fuerat
1758 4335 1830 4406 (b)
1861 4338 2026 4393 benc-

2114 3158 2351 3225 petebat.
2384 3156 2489 3211 Sed
2519 3165 2574 3211 et
2595 3159 2749 3212 cum‘
2778 3160 2829 3211 in
2860 3176 2956 3212 sua
2978 3162 3190 3231 propria
3212 3164 3451 3225 venisset,
3483 3163 3561 3215 sui
3589 3178 3712 3216 eum

2116 3262 2217 3299 non
2247 3254 2544 3316 receperunt
2569 3256 2636 3311 u1';
2665 3255 2719 3300 et
2746 3247 2979 3302 debitam
3011 3248 3131 3304 ﬁdei
3160 3250 3384 3320 frugem,
3414 3267 3577 3322 qnam
3610 3270 3714 3324 per

2119 3335 2288 3404 legem
2319 3342 2374 3389 et
2401 3336 2693 3405 prophetas
2737 3337 2790 3391 in
2827 3353 2920 3393 eos
2950 3342 3325 3406 seminaverat,
3357 3343 3553 3397 sterilis
3584 3342 3715 3398 inﬁ-

2117 3430 2316 3481 delium
2359 3427 2664 3483 Judaeorum
2706 3428 2984 3499 Synagoga
3029 3447 3137 3484 non
3166 3433 3415 3487 reddidit.
3450 3433 3613 3488 Venit
3645 3435 3716 3489 ad

2119 3520 2365 3573 arborem
2395 3533 2601 3583 eorum,
2634 3534 2878 3588 quaerens
2904 3535 2934 3573 a
2962 3519 3080 3573 ﬁliis
3109 3521 3454 3589 plantationis
3480 3537 3591 3575 sum
3616 3538 3717 3577 ex-

2117 3610 2345 3680 spectati
2374 3609 2629 3677 germinis
2656 3607 2865 3663 dulcem
2894 3610 3071 3664 cibum
3120 3628 3133 3662 :
3182 3618 3236 3663 at
3278 3610 3387 3676 illa,
3432 3612 3718 3666 subductis

2121 3701 2333 3770 pietatis
2360 3699 2639 3767 fructibus,
2680 3700 2827 3754 dedit
2855 3701 2907 3753 in
2936 3716 3118 3755 escam
3150 3700 3289 3755 illius
3316 3700 3386 3756 fel
3415 3711 3463 3765 η,
3494 3711 3550 3756 et
3579 3717 3719 3759 uvas

2123 3792 2326 3859 petenti
2370 3790 2563 3844 obtulit
2588 3790 2787 3860 spinas,
2821 3800 2875 3844 et
2904 3791 3075 3860 ipsum
3122 3791 3274 3846 bona:
3304 3792 3472 3845 vinea:
3499 3792 3719 3861 planta-

2125 3892 2315 3946 torem,
2342 3882 2512 3951 ipsum
2535 3898 2719 3937 veram
2744 3883 2908 3936 vitem
2930 3890 2984 3937 et
3003 3883 3217 3937 botrum
3237 3884 3516 3939 suavitatis
3555 3895 3720 3940 aceto

2126 3981 2313 4027 urente
2342 3973 2546 4041 potavit
2578 3983 2623 4027 ο.
2659 3972 2810 4029 Unde
2839 3991 3081 4029 conversa
3115 3985 3201 4029 est
3230 3977 3356 4045 ipsis
3396 3992 3575 4029 mensa
3621 3994 3719 4031 eo-

2126 4080 2237 4116 rum
2258 4063 2311 4115 in
2335 4064 2570 4133 laqueum
2592 4074 2638 4130 P,
2669 4074 2717 4118 et
2737 4081 2831 4117 uva
2854 4081 3030 4117 eorum
3053 4066 3413 4120 amaritudinis
3437 4065 3577 4120 facta
3607 4077 3718 4132 est,

2126 4161 2180 4207 et
2205 4155 2285 4207 ira
2310 4154 2595 4209 draconum
2621 4156 2932 4210 insanabilis
2955 4159 3127 4211 vinum
3153 4174 3328 4211 eorum
3352 4169 3401 4211 (ι.

2197 4244 2250 4298 6.
2284 4243 2365 4298 Tu
2391 4260 2543 4312 vero,
2576 4247 2648 4299 Ini
2678 4244 2872 4312 frater,
2906 4263 3000 4302 ora
3027 4248 3312 4303 Dominum
3349 4264 3418 4303 ne
3446 4264 3513 4303 ex
3559 4251 3720 4310 vinea

2130 4335 2314 4390 talium
2367 4336 2487 4391 vitis
2531 4345 2712 4391 nostra
2742 4339 3036 4406 procedat,
3076 4341 3199 4409 quia
3246 4356 3485 4410 propago
3529 4356 3721 4397 eorum

449 4416 597 4515 dicto
626 4415 856 4480 Domini,
885 4418 1037 4473 ﬁeret
1064 4420 1213 4474 arida
1240 4422 1522 4478 maledicto
1549 4425 1569 4456 ⁸
1600 4424 1647 4481 ιι.
1673 4426 1778 4481 Sed
1802 4429 2027 4485 obsecro
2058 4454 2107 4515 ο
2131 4440 2197 4481 cx
2226 4428 2379 4481 vinea
2408 4427 2620 4482 Domini
2650 4426 2885 4482 Sabaoth
2916 4429 3268 4497 degeneravit
3295 4431 3349 4483 in
3376 4432 3586 4484 vineam
3618 4431 3721 4485 So-

454 4506 839 4562 fraternitatem
872 4518 1034 4575 tuam,
1067 4526 1136 4566 ne
1178 4529 1293 4579 me,
1326 4513 1451 4569 licet
1478 4516 1703 4572 similem
1736 4520 1807 4574 illi
1849 4522 2030 4578 arbori

455 4595 650 4653 infelici
694 4599 983 4669 inveneris,
1017 4603 1177 4657 simili
1208 4620 1337 4659 voce
1377 4609 1675 4674 percutias;
1726 4625 1793 4664 ne
1819 4613 2033 4679 penitus

457 4702 694 4747 areseam
725 4698 779 4743 et
800 4706 996 4746 vacuus
1017 4693 1198 4747 debito
1226 4695 1417 4755 fructu,
1443 4696 1602 4750 etiam
1634 4697 1880 4753 foliorum
1903 4704 2036 4756 ami-

455 4786 567 4841 ctu,
598 4778 649 4831 id
676 4787 757 4833 est
784 4783 964 4847 gratia:
991 4782 1179 4837 fronde
1198 4782 1464 4852 despolier
1491 4784 1505 4821 ί
1542 4785 1634 4856 (γ.
1667 4803 1831 4842 carm.
1863 4789 1952 4856 52,
1986 4809 2033 4845 v.

459 4866 547 4932 46,
576 4876 631 4921 et
659 4885 742 4938 ep.
774 4870 863 4937 '50,
892 4888 944 4924 ιι.
970 4872 1045 4940 4).
1077 4872 1183 4926 Sed
1215 4874 1410 4927 iterum
1439 4876 1700 4942 cogitans,
1725 4877 1846 4946 quia
1877 4881 2037 4935 mise-

533 4989 559 5019 ι
585 4981 697 5037 Jac.
732 4998 807 5045 ιιι,
840 4984 924 5038 ll.
1000 4983 1027 5021 δ
1049 4983 1173 5053 Sap.
1207 4999 1243 5051 ι,
1275 4984 1326 5037 4.

463 5068 607 5115 um,
661 5053 721 5116 2;
762 5052 949 5106 Matth.
991 5060 1044 5115 ν,
1086 5053 1137 5106 8.

465 5121 520 5191 9.
600 5123 616 5161 1
650 5121 835 5175 Matth.
877 5138 951 5187 ιιι,
987 5121 1081 5185 12;
1117 5121 1243 5177 Luc.
1266 5140 1341 5188 nl,
1375 5126 1460 5178 l7.
1534 5137 1570 5163 ω
1600 5121 1790 5182 Johan.
1822 5147 1857 5191 ι,
1885 5130 1966 5184 ll.

1406 4997 1427 5063 ς
1454 4984 1588 5041 Gen.
1624 5005 1764 5063 χιιχ,
1789 4990 1863 5063 2.-
1918 4993 1943 5027 ά
1973 4992 2168 5063 Ephes.
2200 5013 2235 5060 ι,
2267 4994 2354 5048 25.

1216 5053 1241 5091 ιι
1277 5054 1463 5109 Matth.
1517 5074 1626 5119 χχι,
1680 5059 1784 5124 19;
1816 5059 1976 5117 Marc.
2010 5053 2084 5126 χι,
2115 5065 2201 5117 14.

2046 5143 2070 5169 ι’
2103 5134 2287 5187 Matth.
2324 5151 2486 5195 xxvii,
2536 5132 2635 5194 5i;
2686 5133 2848 5186 Marc.
2916 5149 3002 5191 xv,
3051 5132 3134 5185 '56.

2133 4516 2416 4571 domorum
2448 4529 2491 4569 τ.
2522 4516 2586 4570 Ει
2612 4518 2713 4571 nisi
2743 4517 2999 4572 Dominus
3022 4518 3075 4571 in
3097 4520 3461 4587 apostolorum
3484 4520 3723 4587 palmiti-

2138 4607 2259 4672 bus,
2282 4607 2349 4661 de
2378 4608 2801 4676 patriarcharum
2828 4608 3098 4662 radicibus
3126 4610 3429 4676 reliquisset
3456 4610 3607 4663 nobis
3633 4625 3723 4665 se-

2139 4700 2421 4753 minarium
2451 4700 2591 4767 vitae,
2633 4699 2702 4754 de
2738 4716 2844 4769 quo
2887 4701 3029 4755 salus
3058 4701 3295 4768 gentium
3333 4701 3637 4769 pullularet,
3667 4710 3725 4756 et

2142 4791 2194 4843 in
2225 4806 2331 4858 quo
2360 4791 2577 4844 seminis
2608 4790 2875 4845 benedicti
2905 4806 3040 4845 vena
3084 4790 3333 4853 duraret;
3363 4797 3474 4844 tota
3504 4790 3726 4845 malitia:

2142 4882 2470 4952 plenitudine
2496 4882 2734 4937 Sodomis
2762 4892 2811 4936 et
2833 4881 3132 4936 Gomorrhae
3151 4882 3343 4934 similes
3372 4883 3643 4951 fuissemus
3671 4892 3722 4961 ξ.

2436 5005 2458 5032 ε
2480 4993 2598 5047 Col.
2630 5010 2666 5056 ι,
2701 4994 2786 5055 l9,
2828 5003 2882 5048 et
2907 5010 2962 5053 ιι,
2995 4994 3044 5046 9.

3130 4992 3147 5030 ί
3180 4993 3345 5061 Apoc.
3379 5010 3415 5056 ι,
3440 4993 3491 5045 8.
3548 5005 3573 5041 8
3598 4994 3723 5051 lsai.

2286 5065 2297 5103 ί
2336 5064 2528 5119 Ezecb.
2553 5079 2698 5126 xvnt,
2724 5065 2811 5117 51.

2890 5069 2902 5113 t
2943 5062 3105 5115 Marc.
3137 5080 3208 5127 χι,
3245 5063 3328 5115 15.
3405 5062 3428 5099 κ
3456 5063 3620 5117 lCor.
3646 5082 3724 5129 ιχ,

3216 5142 3240 5168 ο
3268 5131 3461 5185 ιυιωυ.
3510 5149 3599 5198 xv,
3658 5136 3722 5198 l;

468 5190 596 5247 Luc.
625 5207 775 5258 xxm,
810 5191 898 5247 56.
940 5177 1000 5239 Ῥ
1028 5177 1164 5246 Ρὲειι.
1200 5177 1377 5259 vatn,
1411 5177 1497 5249 23.
1574 5177 1790 5252 (Dent.
1819 5177 1981 5266 ἕςὶὶί,

2143 5220 2249 5258 sec.
2293 5177 2486 5255 ιχχ.⁷
2533 5213 2553 5239 τ
2586 5177 2706 5256 is’oi.
2737 5219 2786 5265 v,
2818 5202 2866 5256 7.
2945 5177 3154 5256 εἰιοιη.
3188 5218 3257 5266 ιχ,
3293 5201 3391 5266 eo;
3423 5202 3542 5256 lsai.
3576 5177 3723 5268 {,7.’

540 5306 614 5376 (α)
636 5304 711 5359 In
736 5323 834 5361 ms.
861 5306 1030 5362 codex
1053 5307 1248 5376 Regius
1271 5324 1393 5362 cum
1416 5310 1570 5364 editis
1590 5309 1750 5365 Grav.
1778 5322 1833 5365 et
1856 5313 2040 5369 Schot.

471 5376 597 5443 Alii,
627 5378 891 5451 adimplet.
932 5376 1121 5451 Sed_ct
1158 5378 1468 5451 adimpletnr
1506 5397 1601 5449 pro
1647 5382 1890 5451 adimplet
1919 5385 2044 5437 alibi

472 5457 691 5514 usurpat
716 5445 967 5499 Paulinus
1020 5446 1151 5500 Vide
1172 5445 1327 5514 epist.
1363 5449 1448 5511 40,
1474 5445 1525 5502 η’.
1557 5450 1610 5513 9,
1642 5459 1695 5503 et
1722 5445 1808 5513 49.,
1843 5468 1891 5503 ιι.
1920 5452 1971 5504 2.

545 5516 619 5583 (ο)
649 5516 936 5579 Benedicto,
969 5514 1023 5569 id
1069 5525 1151 5570 est

478 5652 687 5715 Schot.,
712 5652 972 5709 betiedicto
1005 5652 1241 5715 Domino,
1267 5652 1542 5711 mendose.

553 5729 623 5788 (ι’)
654 5722 729 5775 lta
759 5740 886 5780 mss.
918 5724 1089 5781 Vatic.
1121 5734 1175 5781 ct
1206 5724 1354 5782 Vien.
1388 5742 1505 5782 cum
1540 5726 1619 5782 ed.
1652 5725 1824 5795 Grin.,
1857 5727 1908 5782 id
1937 5736 2049 5794 est,

1228 5518 1543 5589 enedigtione
1569 5561 1582 5584 ,
1596 5588 1609 5589 γ
1624 5529 1682 5589 ut
1727 5522 2049 5589 respondeat

475 5585 746 5655 maledicta
769 5586 908 5653 quod
931 5587 1188 5655 sequitur.
1214 5586 1337 5640 Mss.
1365 5587 1495 5654 Reg.
1522 5597 1577 5640 et
1595 5588 1748 5641 Vicn.
1775 5585 1893 5643 cum
1917 5590 2044 5644 cdit.

2153 5316 2421 5369 neminem
2448 5315 2560 5368 vult
2589 5322 2761 5367 morte
2804 5324 3003 5367 :eterna
3051 5316 3205 5378 mori,
3247 5315 3373 5369 licet
3412 5315 3729 5371 naturaliter

2148 5385 2424 5437 moriatur.
2458 5384 2559 5436 Alii
2587 5384 2821 5450 codices,
2853 5385 2953 5436 vult
2978 5393 3138 5437 morte
3166 5387 3481 5437 morientem.

2217 5453 2294 5521 (ά)
2318 5453 2405 5507 Sic
2426 5452 2824 5507 emendavimus
2846 5468 2907 5505 ex
2934 5454 3116 5506 codice
3144 5470 3241 5505 ms.
3278 5453 3425 5507 Vien.
3452 5452 3581 5519 Quae
3607 5469 3729 5508 cor-

2148 5523 2317 5575 rectio
2346 5522 2690 5577 conﬁrmatur
2726 5537 2791 5574 ex
2832 5537 2915 5589 ep.
2960 5521 3026 5573 40
3066 5523 3131 5576 ad
3161 5521 3414 5577 Sanctum
3444 5533 3497 5576 et
3526 5525 3729 5577 Aman-

2150 5591 2296 5713 dpm,
2331 5609 2381 5712 ni.
2420 5592 2471 5656 7,
2492 5594 2751 5645 inimicam
2792 5590 3104 5659 serpentibus
3134 5593 3405 5647 volucrem.
3448 5592 3584 5647 Ante
3611 5602 3731 5649 crat

2153 5678 2184 5713 η
2210 5669 2353 5712 untat
2380 5664 2509 5713 onis.

2153 5664 2509 5727 pluntationis.

2226 5729 2298 5797 (e)
2323 5729 2399 5785 lta
2428 5748 2551 5786 mss.
2588 5730 2815 5785 codices.
2852 5728 3021 5799 Etllll,
3054 5729 3261 5799 disjirit.
