3988 6176
256 333 361 390 335

1638 319 1962 375 EPISTULA
1993 319 2168 375 XLIV.

3421 326 3528 381 3.86

263 446 455 498 Verum
486 439 612 512 quia
644 439 919 492 novissima
968 435 1096 489 hora
1126 441 1199 486 est
1228 442 1248 467 η
1271 475 1284 498 ,
1323 441 1372 484 et
1402 431 1594 484 securis
1633 431 1744 500 jam
1781 429 1848 482 ad
1878 437 1923 491 Α
1956 429 2204 483 fratribus
2257 433 2398 485 Arno
2441 439 2495 484 ct
2543 435 2812 495 Annuus,
2857 430 3120 488 Par-usus
3165 441 3220 488 et
3259 433 3530 491 TIIEBASIA

261 537 460 590 radices
503 536 745 587 arborum
774 531 944 600 posita
970 529 1016 592 δ,
1049 527 1210 581 aridis
1253 534 1306 580 et
1354 523 1653 578 infelicibus
1695 521 1851 588 lignis

261 627 457 696 iustum
489 625 724 676 minatur
751 619 1038 681 excidium,
1071 631 1251 686 qua:so
1281 623 1354 676 te,
1383 622 1441 668 ut
1470 612 1848 680 indulgentiam

261 715 387 770 mihi
418 722 474 768 et
513 714 875 766 laxamentum
907 708 1164 777 temporis
1207 705 1541 775 depreceris;
1573 711 1632 756 ut
1678 709 1853 756 morte

263 807 423 861 dilata
477 802 701 857 fmsitan
748 815 962 854 succum
996 797 1287 852 feracitatis
1317 795 1574 864 accipiam
1616 793 1683 846 de
1712 793 1852 846 cari-

265 895 386 949 tatis
431 902 538 946 tua:
581 890 857 960 diligentia
909 899 966 943 et
994 887 1366 942 sollicitudinis
1406 899 1537 939 mea:
1587 883 1760 947 cultu;
1796 890 1852 935 ut

263 1003 357 1043 cor
383 1000 564 1039 meum
595 983 808 1036 divinus
830 983 992 1035 timor
1015 979 1202 1043 fodiat,
1233 987 1289 1032 et
1309 978 1531 1046 stirpem
1562 987 1735 1029 meam
1759 989 1852 1027 ne-

261 1077 494 1132 cessaria
516 1073 793 1144 pmnitudo
833 1079 1073 1125 stercore
1095 1068 1409 1122 humilitatis
1451 1065 1742 1135 impinguct
1785 1073 1806 1101 ε
1837 1081 1849 1114 :

267 1165 456 1221 deinde
505 1177 608 1231 ego
656 1161 724 1216 ad
771 1160 1098 1229 vigilantiam
1147 1155 1521 1212 sollicitudinis
1564 1154 1852 1214 excitatus,

267 1256 409 1310 omni
439 1255 572 1308 hora
595 1259 812 1322 paratus
837 1252 1084 1305 assistam
1107 1247 1155 1310 ά,
1181 1257 1236 1302 et
1256 1247 1484 1301 Domino
1507 1246 1728 1299 absente
1751 1245 1853 1298 sim

269 1347 528 1416 trepidus,
561 1354 619 1398 ut
646 1343 963 1397 adveniente
988 1356 1207 1394 securus
1228 1339 1358 1402 sim;
1383 1337 1526 1393 omni
1552 1339 1790 1405 tempore
1812 1336 1853 1398 ",

269 1438 414 1494 omni
443 1438 531 1491 die
558 1450 645 1488 me
675 1434 900 1488 fertilem
938 1433 1038 1486 sibi
1084 1430 1328 1484 Christus
1365 1429 1623 1494 inveniat,
1669 1426 1720 1480 id
1752 1434 1854 1490 est,

269 1538 326 1584 ut
372 1541 665 1596 numquam
695 1525 944 1592 cuiquam
993 1522 1143 1591 operi
1173 1521 1462 1575 voluntatis
1492 1519 1634 1572 illius
1664 1519 1854 1571 innua-

271 1629 420 1674 turus
447 1630 737 1687 appaream
770 1632 782 1666 :
814 1613 910 1668 sed
953 1613 1000 1666 si
1031 1612 1167 1666 forte
1199 1612 1354 1682 237
1387 1611 1441 1663 in
1472 1618 1714 1677 tempore
1747 1607 1855 1660 ira-

272 1708 476 1766 cundia:
499 1705 883 1761 desideraverit
912 1719 941 1756 a
968 1718 1053 1756 me
1078 1717 1264 1772 pacem
1287 1716 1455 1765 suam,
1482 1715 1586 1754 non
1609 1699 1678 1752 sit
1704 1713 1857 1751 mens

1953 529 2283 590 peccatores.

2025 612 2078 664 1.
2119 613 2248 678 Quis
2276 612 2431 667 daret
2457 612 2586 666 mihi
2615 611 2818 668 fontem
2845 613 3147 668 litterarum
3179 623 3423 679 tuarum,
3469 626 3531 671 ut

1952 702 2278 770 respondere
2302 717 2512 772 possem
2542 702 2736 758 litteris
2775 705 2880 758 tuis
2923 705 3070 759 vario
3099 707 3392 774 gratiarum
3421 709 3532 777 spi-

1953 793 2184 846 ritalium
2210 791 2340 848 flore
2370 794 2650 853 consertis.
2684 809 2784 848 nec
2803 794 2914 863 jam
2941 797 2952 825 ¹
2978 796 3300 850 scholastico
3324 796 3416 865 (V.
3443 811 3530 865 ep.

1953 883 2059 948 28,
2111 900 2254 938 num.
2291 882 2343 953 5)
2390 885 2560 952 magis
2587 901 2744 955 quam
2773 887 2954 940 divino
2989 887 3241 942 sermone
3289 889 3534 945 facundis

1953 982 2009 1028 et
2038 972 2376 1028 afﬂuentibus
2408 977 2561 1043 quasi
2591 975 2658 1030 de
2695 984 2838 1030 terra
2874 979 3304 1046 repromissionis
3341 979 3534 1034 divina:

1955 1068 2116 1138 258
2143 1067 2282 1120 lacte
2312 1067 2528 1136 pietatis
2553 1076 2607 1122 et
2636 1068 2797 1122 melle
2823 1071 3097 1138 sapientiae
3115 1109 3129 1133 ,
3161 1071 3314 1136 cujus
3341 1081 3397 1124 et
3427 1072 3533 1126 mel

1954 1165 2008 1210 et
2028 1157 2203 1210 oleum
2228 1158 2415 1212 suxisti
2437 1159 2502 1212 de
2525 1157 2673 1211 ﬁrma
2690 1168 2862 1228 petra,
2888 1159 2938 1212 id
2956 1167 3036 1213 est
3054 1159 3266 1215 Christo
3280 1158 3532 1230 Domino,

1954 1249 2044 1317 qui
2073 1257 2155 1304 est
2182 1250 2584 1304 fundamentum
2613 1259 2827 1305 interna:
2850 1251 3061 1319 domus,
3092 1268 3254 1321 super
3280 1253 3424 1322 quod
3450 1255 3531 1307 vi—

1955 1342 2036 1395 vis
2063 1340 2315 1409 operibus
2345 1349 2554 1394 struere
2581 1341 2864 1396 mdilicium
2898 1343 3085 1396 salutis
3114 1355 3334 1398 exorsus
3359 1383 3374 1407 ,
3424 1360 3532 1398 non

1954 1432 2120 1499 ligna,
2153 1445 2252 1484 nec
2281 1429 2459 1484 fenum
2490 1439 2544 1484 et
2571 1431 2819 1500 stipulam
2836 1471 2850 1496 ,
2873 1433 2967 1486 sed
2989 1449 3206 1496 aurum,
3231 1443 3531 1501 argentum,

1955 1529 2012 1576 et
2060 1521 2263 1589 lapides
2292 1521 2556 1589 pretiosos
2585 1521 3012 1591 supenediﬁcare
3052 1524 3258 1579 moliris
3289 1535 3352 1590 8;
3412 1527 3533 1594 quia

1957 1611 2216 1681 praeteriti
2263 1612 2442 1665 cordis
2483 1612 2773 1675 duritiam,
2817 1613 3121 1668 ariditatem
3162 1623 3324 1683 atque
3357 1615 3533 1669 levita-

1961 1710 2085 1765 tem,
2118 1718 2238 1756 cum
2267 1702 2436 1756 veteri
2456 1703 2673 1756 homine
2694 1703 2986 1771 deponens,
3019 1702 3238 1758 effectus
3258 1720 3316 1759 es
3337 1705 3534 1771 lignum

274 1815 391 1854 mea
441 1814 537 1868 per
587 1796 872 1851 iracundia:
919 1795 1269 1850 acerbitatem
1312 1793 1477 1848 cruda
1525 1790 1853 1853 concordiae;
1892 1797 1931 1854 Β
1963 1793 2236 1848 humidum
2259 1833 2274 1856 ,
2319 1793 2462 1861 quod
2493 1793 2680 1847 vicinis
2709 1809 2968 1861 aquarum
2996 1794 3308 1849 decursibus
3337 1797 3534 1862 virens;

276 1909 287 1942 I
310 1905 372 1944 ec
399 1896 708 1958 exspectem
737 1895 795 1940 ut
822 1887 902 1941 sol
935 1886 1144 1940 occidat
1171 1900 1333 1954 super
1355 1887 1430 1954 (a)
1455 1884 1588 1938 iram
1610 1898 1782 1936 meam
1809 1892 1854 1944 ε,

277 1994 340 2032 ne
369 1977 580 2030 occidat
626 1976 733 2028 vita
778 1990 919 2040 mea,
957 1973 1002 2028 si
1032 1982 1157 2028 ante
1196 1973 1448 2028 clauserit
1477 1987 1665 2042 vesper
1691 1972 1856 2038 diem,

278 2083 433 2136 quam
461 2065 781 2121 exstinxerit
809 2080 910 2134 pax
940 2063 1192 2116 furorem.

347 2160 399 2210 7.
441 2157 596 2223 Quod
621 2165 798 2209 autem
829 2155 894 2209 de
925 2154 1197 2208 iracundia
1225 2153 1397 2222 posui,
1429 2153 1496 2207 de
1524 2152 1671 2207 omni
1701 2152 1860 2206 vitio-

280 2263 394 2301 rum
420 2261 621 2314 gcnerc
650 2246 852 2299 dictum
900 2253 1046 2313 puta.
1111 2243 1224 2296 lloc
1271 2245 1412 2296 cnim
1462 2244 1695 2298 arbitror
1742 2258 1862 2296 esse

282 2339 425 2402 illud,
454 2337 600 2407 quod
630 2336 888 2389 Dominus
918 2335 969 2387 in
993 2334 1187 2388 arbore
1215 2333 1303 2386 illa
1320 2341 1446 2387 ante
1473 2341 1685 2401 tempus
1707 2349 1861 2386 suum

281 2443 437 2498 poma
469 2427 734 2496 qumsivit.
795 2425 978 2494 Neque
1030 2425 1172 2478 enim
1223 2423 1312 2477 ille
1348 2423 1440 2491 qui
1475 2424 1613 2476 novit
1663 2423 1864 2476 occulta

283 2518 452 2572 cordis
483 2516 498 2554 ί
527 2557 542 2580 ,
576 2524 634 2570 et
661 2515 753 2583 qui
783 2514 1135 2582 cogitationes
1164 2513 1439 2567 hominum
1483 2513 1860 2582 perspiciebat,

283 2611 329 2663 id
357 2608 508 2678 quod
535 2609 591 2662 in
619 2607 896 2662 hominum
922 2606 1093 2660 oculis
1122 2613 1239 2659 erat
1267 2605 1536 2674 positum,
1571 2621 1675 2658 non
1710 2604 1860 2658 vide-

282 2701 389 2766 bat,
422 2708 516 2754 aut
543 2700 707 2753 etiam
732 2699 968 2752 humano
994 2713 1152 2752 sensu
1183 2698 1357 2752 minor
1378 2707 1515 2762 erat,
1546 2707 1605 2751 ut
1626 2698 1786 2751 etiam
1813 2699 1864 2750 in

281 2792 629 2862 parvulorum
651 2791 873 2844 scientia
905 2791 1138 2859 positum
1169 2790 1294 2843 anni
1325 2799 1535 2858 tempus
1571 2791 1862 2858 ignoraret,

281 2894 329 2936 et
367 2882 620 2936 autumni
662 2879 892 2935 fructum
943 2895 1068 2934 vcre
1117 2879 1474 2949 deposceret?
1521 2880 1625 2934 Sed
1673 2880 1866 2933 artifex

279 2974 465 3027 salutis
497 2981 695 3026 nostra:
716 3012 731 3038 ,
755 2971 1000 3038 Creator,
1030 2985 1180 3038 cuius
1211 2969 1318 3023 vita
1342 2976 1398 3024 et
1422 2979 1573 3024 actus
1602 2971 1775 3024 omnis
1813 2971 1864 3023 in

283 3067 438 3122 terris
491 3065 667 3118 forma
713 3062 869 3117 nobis
915 3062 1340 3116 conversationis
1386 3069 1442 3115 et
1485 3077 1694 3116 morum
1743 3062 1862 3127 fuit,

1959 1884 2189 1939 fructum
2218 1901 2370 1939 suum
2393 1884 2541 1938 dabit
2560 1885 2611 1938 in
2638 1893 2882 1954 tempore
2904 1901 3002 1941 suo
3018 1883 3078 1951 ι²;
3109 1901 3282 1954 neque
3305 1903 3535 1956 unquam

1960 1975 2256 2043 privabitur
2293 1975 2500 2028 honore
2529 1974 2798 2028 foliorum.
2840 1975 3041 2030 Sensus
3079 1984 3200 2030 tuus
3237 1991 3424 2030 aurum
3455 1986 3536 2032 est

1959 2063 2079 2131 igne
2102 2063 2474 2129 examinatum,
2501 2071 2556 2117 et
2583 2078 2760 2117 sermo
2785 2072 2907 2118 tuus
2936 2073 3208 2135 argentum
3245 2074 3320 2118 est
3353 2083 3536 2136 purga-

1964 2163 2068 2207 tum
2096 2156 2411 2223 septuplum,
2452 2156 2542 2222 qui
2571 2156 2739 2222 gratia
2769 2156 2997 2223 spiritali
3026 2155 3308 2222 renidens,
3334 2157 3538 2226 eloquia

1967 2246 2172 2300 Domini
2205 2247 2389 2299 casta‘
2423 2246 2491 2300 de
2517 2246 2678 2300 corde
2707 2254 2844 2314 puro
2886 2253 2943 2301 et
2993 2247 3170 2315 lingua
3209 2248 3383 2303 indice
3424 2263 3538 2302 θοι·-

1962 2337 2044 2392 dis
2088 2337 2375 2406 eXpromit.
2438 2336 2645 2391 Bonum
2693 2346 2750 2391 tu
2794 2340 3114 2407 firmumque
3145 2340 3453 2395 thesaurum
3485 2341 3540 2396 in

1962 2431 2090 2482 vaSe
2117 2426 2261 2481 ﬁctili
2289 2466 2306 2491 ,
2348 2443 2456 2481 non
2483 2427 2656 2494 fragili
2687 2424 2791 2482 ﬁde
2819 2443 3004 2482 servas
3029 2445 3044 2493 ;
3083 2429 3217 2498 quia
3243 2431 3540 2484 commissa:

1965 2517 2060 2571 tibi
2098 2516 2284 2586 gratia:
2315 2517 2408 2570 vas
2436 2531 2588 2570 meus
2617 2524 2707 2570 tua
2734 2525 2818 2572 est
2840 2556 2856 2582 ,
2903 2531 3022 2585 qua:
3050 2517 3190 2571 intra
3220 2533 3540 2588 corpoream

1963 2601 2303 2675 fragilitatem
2325 2604 2640 2660 conﬁrmata
2669 2607 2860 2676 spiritu
2890 2608 3208 2677 principalii
3245 2648 3260 2673 ,
3309 2609 3539 2665 solidam

1963 2699 2144 2754 divino
2174 2697 2380 2752 muneri
2409 2698 2708 2752 custodiam
2738 2696 2959 2767 prazbet.
3001 2698 3208 2770 Pauper
3236 2716 3348 2770 ego,
3380 2710 3429 2754 et
3447 2701 3542 2755 do-

1967 2792 2078 2845 lens
2103 2789 2150 2855 ικ,
2176 2789 2448 2858 quomodo
2471 2789 2673 2858 parebo
2702 2789 2979 2857 sapientia:
3004 2827 3019 2852 ,
3047 2804 3164 2857 qua:
3188 2805 3275 2844 me
3303 2791 3371 2845 ad
3396 2805 3542 2845 men-

1964 2896 2078 2935 sam
2108 2879 2341 2948 potentis
2382 2877 2476 2949 (V.
2507 2885 2619 2932 not.
2653 2877 2776 2946 187)
2809 2879 2911 2932 hac
2944 2880 3252 2934 conditione
3290 2881 3541 2950 praecepit

1965 2974 2180 3026 mittere
2211 2985 2428 3025 manum
2453 3012 2468 3036 ,
2498 2978 2559 3023 ut
2587 2985 2674 3023 me
2699 2970 2864 3023 sciam
2895 2970 3084 3024 similis
3111 2980 3398 3040 apparatus
3427 2972 3542 3028 ﬁeri

1967 3065 2266 3122 debitorem
2291 3064 2314 3116 ἲ
2342 3063 2482 3117 Ecce
2505 3061 2648 3116 enim
2681 3070 2736 3115 tu
2759 3061 2886 3114 mihi
2908 3075 3094 3116 mensa
3115 3062 3350 3132 potentis
3371 3062 3542 3118 factus

283 3157 400 3211 ideo
429 3155 717 3210 visibiliter
741 3154 1026 3208 invisibilia
1047 3168 1142 3207 sua
1170 3153 1390 3207 consilia
1417 3153 1698 3222 disposuit,
1729 3164 1784 3207 et
1811 3155 1862 3206 in
1893 3151 1936 3211 C
1968 3176 2062 3226 es;
2095 3159 2389 3229 apposuisti
2416 3158 2546 3212 mihi
2567 3157 2760 3212 divites
2781 3172 2933 3212 escas
2960 3172 3079 3226 qua:
3104 3172 3190 3211 me
3217 3157 3543 3212 esurientem

282 3248 546 3310 creaturis
574 3246 1024 3302 irrationabilibus
1052 3246 1244 3300 anima:
1267 3243 1340 3316 (ὁ)
1366 3246 1610 3299 rationali
1633 3247 1866 3315 speciem

279 3354 384 3393 sua:
412 3338 863 3395 conformationis
891 3337 1177 3406 expressit,
1207 3345 1264 3390 ut
1295 3351 1393 3390 nos
1419 3338 1483 3389 ad
1513 3338 1691 3390 omnia
1713 3338 1866 3391 nobis

279 3433 537 3487 salutaria
577 3432 792 3502 scriptis
839 3445 1063 3500 operum
1113 3444 1333 3486 suorum
1379 3436 1540 3497 atque
1579 3429 1864 3483 verborum

278 3525 582 3592 insignibus
619 3523 878 3578 erudiret.
917 3521 985 3574 Et
1013 3522 1117 3576 hoc
1151 3529 1234 3574 est
1260 3521 1404 3590 quod
1445 3520 1613 3574 voluit
1642 3521 1865 3587 intelligi

279 3631 371 3684 per
397 3615 798 3684 evangelistam
834 3615 986 3670 nobis
1031 3614 1312 3668 indicando
1342 3629 1448 3668 non
1489 3628 1588 3666 suo
1624 3621 1867 3681 tempore

277 3707 513 3762 fructum
535 3707 600 3760 ab
629 3707 825 3761 arbore
853 3722 910 3761 se
938 3707 1155 3775 petisse,
1189 3714 1247 3759 ut
1276 3706 1422 3760 omni
1443 3715 1684 3774 tempore
1705 3707 1868 3760 homo

275 3813 330 3852 se
350 3799 597 3854 fructum
621 3799 734 3852 Deo
759 3799 957 3854 debere
983 3807 1268 3866 cognoscat
1291 3816 1305 3864 ;
1334 3800 1458 3866 quia
1487 3799 1660 3852 bonus
1684 3797 1867 3851 Domi-

274 3908 388 3955 nus,
416 3891 523 3960 qui
547 3891 824 3945 hominem
853 3890 1131 3944 mortalem
1165 3890 1549 3943 immortalitati
1578 3896 1865 3958 pneparat,

275 3982 378 4051 iam
409 3993 467 4038 et
501 3983 555 4037 in
581 3983 686 4037 hoc
711 3982 894 4037 seculo
916 3983 1034 4036 vult
1061 3997 1182 4036 eum
1213 3981 1446 4051 speciem
1493 3981 1869 4051 perpetuitatis

273 4075 500 4130 induere
525 4118 542 4142 ,
594 4084 653 4128 ut
681 4074 910 4128 fructum
940 4090 1046 4129 non
1087 4075 1316 4142 accipiat
1357 4074 1424 4128 de
1451 4083 1693 4144 tempore
1717 4114 1731 4138 ,
1775 4072 1869 4127 sed

273 4169 417 4221 omni
467 4177 722 4236 tempore
767 4168 837 4221 sit
865 4180 1102 4221 maturus
1131 4167 1224 4231 illi,
1275 4182 1394 4221 cum
1433 4182 1540 4236 quo
1568 4167 1649 4220 vel
1681 4169 1732 4220 in
1761 4181 1868 4234 quo

272 4269 568 4313 mansurus
599 4265 686 4312 est
712 4257 828 4312 sine
854 4265 1116 4325 tempore.
1502 4264 1505 4266 ’

787 4370 1116 4426 EPISTOLA
1137 4375 1155 4392 ‘
1196 4371 1374 4427 XLIV.

278 4458 644 4517 Pulcherrime
672 4463 848 4516 laudat
875 4465 1156 4532 spirantem
1196 4466 1248 4516 in
1289 4464 1472 4517 litteris
1515 4465 1637 4533 Apri
1683 4465 1868 4520 divina:

1968 3253 2123 3307 facile
2171 3253 2223 3306 in
2272 3252 2452 3306 omnia
2484 3251 2771 3305 verborum
2816 3259 3030 3304 tuorum
3056 3291 3071 3316 ,
3121 3250 3272 3320 quasi
3313 3250 3367 3305 in
3397 3252 3543 3305 varia

1966 3347 2258 3400 elcctarum
2288 3353 2444 3412 gustu
2469 3352 2524 3398 et
2552 3352 2772 3412 aspectu
2800 3343 2995 3412 dapum
3015 3344 3332 3398 scitamenta
3356 3358 3546 3412 rapue-

1968 3419 2114 3501 runt,
2146 3444 2203 3489 ut
2229 3436 2366 3503 gula:
2395 3435 2573 3504 potius
2596 3449 2730 3488 mea:
2757 3448 2917 3502 quam
2947 3434 3142 3503 inopia:
3165 3449 3372 3488 memor
3390 3433 3548 3487 aude-

1970 3541 2080 3580 rem
2109 3542 2322 3581 sumere
2345 3568 2358 3590 ,
2411 3527 2604 3596 quibus
2639 3526 2787 3595 paria
2826 3540 3131 3594 praeparare
3173 3541 3278 3580 non
3306 3541 3543 3593 possum.

1970 3617 2108 3684 Quid
2138 3619 2294 3686 igitur
2324 3633 2475 3686 agam
2501 3657 2516 3681 ,
2567 3633 2596 3670 a
2617 3632 2724 3686 quo
2753 3617 2882 3669 mihi
2910 3615 3070 3668 tribui
3099 3615 3185 3669 vel
3214 3614 3544 3669 commodari

1968 3718 2146 3779 petam
2179 3709 2260 3763 vel
2289 3707 2674 3778 supellectilem
2700 3747 2714 3768 .
2746 3702 2851 3774 qua
2875 3705 3072 3774 possim
3103 3706 3123 3735 ³
3152 3704 3314 3772 digno
3341 3704 3546 3758 ambitu

1970 3799 2252 3854 triclinium
2275 3798 2453 3852 divitis
2479 3797 2716 3851 mmulari
2740 3813 2753 3861 ;
2785 3796 2867 3850 vel
2891 3794 3178 3864 impendia,
3208 3795 3401 3862 quibus
3421 3811 3549 3864 pus-

1969 3890 2066 3942 sim
2095 3889 2312 3943 divitem
2343 3903 2545 3956 pauper
2573 3901 2854 3954 repascere
2879 3884 2971 3954 (V.
2999 3899 3167 3938 carm.
3197 3884 3284 3949 21,
3311 3901 3362 3938 v.
3382 3885 3548 3954 855)?

1969 3980 2098 4047 Quis
2126 3981 2254 4034 mihi
2285 3980 2340 4032 in
2369 3978 2526 4047 hujus
2551 3978 2716 4032 debiti
2746 3977 3073 4046 obligatione
3099 3977 3413 4042 subveniet,
3445 3979 3548 4032 nisi

1971 4081 2026 4126 tu
2051 4113 2064 4136 ,
2097 4071 2322 4126 Domine
2361 4069 2488 4125 Jesu
2511 4110 2526 4137 ,
2568 4070 2658 4138 qui
2687 4078 2740 4125 te
2779 4070 2924 4124 omni
2954 4071 3176 4140 pauperi
3217 4078 3306 4125 tuo
3334 4085 3553 4140 semper

1971 4163 2176 4230 obligas
2204 4162 2567 4219 commodanti
2596 4159 2610 4198 ι
2643 4203 2656 4226 ,
2699 4171 2754 4215 et
2781 4178 2881 4232 pro
2911 4162 2991 4215 his
3019 4163 3396 4216 retributorem
3435 4162 3552 4218 fore

1971 4255 2204 4323 spondes
2223 4295 2236 4317 ,
2282 4254 2374 4321 qui
2402 4269 2545 4307 nunc
2575 4268 2681 4306 non
2712 4253 2946 4306 habeant
2973 4252 3302 4306 retribuendi
3333 4252 3553 4308 faculta-

1971 4354 2080 4398 tem
2106 4354 2164 4398 ω.
2206 4343 2404 4397 Adesto
2432 4356 2572 4396 nunc
2609 4342 2736 4394 mihi
2765 4383 2780 4407 ,
2829 4350 2884 4394 et
2912 4356 3009 4410 pro
3045 4340 3223 4410 inopia
3258 4355 3377 4394 mea
3404 4341 3558 4411 Apro

1975 4447 2066 4492 tuo
2093 4437 2160 4491 de
2200 4437 2306 4491 tuis
2335 4450 2512 4489 meum
2543 4434 2780 4487 debitum
2810 4433 2960 4486 solve
2985 4432 3184 4486 divitiis
3209 4448 3222 4493 ;
3274 4434 3409 4486 rivos
3439 4435 3557 4504 ejus

337 4537 541 4603 gratiae
565 4536 666 4587 vim
687 4551 748 4585 ac
775 4515 1080 4587 suavitatem
1103 4550 1194 4586 nec
1207 4537 1372 4587 minus
1397 4515 1602 4588 t'enustre
1622 4536 1862 4590 Amanda

1975 4528 2174 4583 inebria
2198 4569 2212 4592 ,
2264 4536 2319 4580 et
2347 4527 2630 4596 multiplica
2658 4526 2710 4578 in
2748 4525 2838 4578 illo
2864 4525 3223 4594 generationes
3255 4535 3366 4579 tuas
3400 4535 3444 4590 ",
3496 4535 3557 4581 ut

337 4603 467 4657 olim
497 4605 746 4674 conjugis
766 4605 910 4670 Apri,
922 4606 1036 4674 jam
1066 4605 1601 4665 sororis,iudustriam
1630 4605 1870 4670 celebrat,

335 4690 429 4740 per
476 4691 645 4744 quam
686 4690 765 4726 res
810 4675 1115 4744 domesticas
1153 4690 1437 4744 procurans
1479 4677 1637 4728 otium
1671 4675 1774 4728 riro
1805 4677 1872 4727 ad

335 4742 523 4796 divina
557 4743 863 4815 prwstabat.
899 4742 1074 4815 Simul
1117 4742 1356 4796 admonet
1387 4745 1564 4815 quibus
1596 4746 1760 4798 modis
1784 4747 1867 4796 in-

333 4812 607 4866 stituendi
656 4813 760 4885 sint
808 4814 926 4881 ﬁlii.
970 4812 1055 4865 Ea:
1085 4831 1145 4866 ea
1189 4812 1407 4882 epistola
1434 4815 1588 4885 liquet
1617 4816 1868 4883 quomodo

333 4885 579 4936 viverent
609 4883 1019 4952 presbyterorum
1045 4900 1250 4936 uxores.

336 4994 569 5050 Sanctis
621 5004 675 5049 et
707 4996 897 5048 merito
946 4996 1261 5050 venerandis
1289 4995 1362 5067 (c)
1394 5011 1458 5050 ac
1515 4995 1873 5052 dilectissimis

339 5118 360 5144 ³
393 5109 411 5161 l
441 5108 657 5161 Johau.
683 5123 738 5166 II,
770 5107 855 5160 18.
933 5107 958 5144 δ
985 5107 1112 5162 an.
1145 5124 1221 5171 III,
1250 5109 1300 5162 9.

268 5177 416 5246 juxta
449 5175 548 5230 LX
561 5175 630 5228 Χ.
662 5195 672 5207 ο

268 5253 292 5284 κ
323 5247 471 5304 Psal.
511 5262 706 5308 vam,
735 5247 823 5300 50.

267 5331 358 5384 LI,
416 5319 506 5371 10.

910 5249 920 5284 ¹
956 5248 1113 5301 Prov.
1174 5264 1283 5312 xIx,
1316 5249 1402 5301 17.

599 5329 630 5366 ρ
661 5317 994 5372 Psal.-cxvuI
1016 5362 1030 5384 ,
1085 5317 1204 5370 162.

1384 5119 1405 5144 ο
1440 5107 1566 5164 Luc.
1599 5125 1708 5173 xnI,
1739 5109 1791 5162 8.
1868 5110 1892 5147 ά
1924 5110 2050 5164 Luc.
2087 5122 2198 5173 xu,
2234 5102 2320 5173 40.

709 5187 733 5223 ις
767 5177 920 5231 Deut.
956 5194 1120 5242 xxxii,
1155 5178 1260 5241 l3;
1301 5177 1321 5231 Ι
1351 5177 1473 5232 Cor.
1505 5197 1559 5240 x,
1600 5178 1672 5243 4;
1713 5179 1885 5234 lCor.
1920 5196 1997 5244 III,
2029 5177 2111 5230 12.

1481 5250 1516 5270 ⁸³
1550 5239 1677 5304 Luc.
1707 5266 1816 5312 xiv,
1850 5250 1936 5304 Μ.
1985 5239 2039 5284 ἰι
2069 5246 2208 5301 Psal.
2242 5257 2382 5306 LxIv,
2414 5242 2501 5306 ll,
2529 5256 2636 5296 sec.
2664 5239 2825 5294 Psalt.

1974 4619 2169 4674 cxistat
2194 4619 2248 4672 in
2279 4618 2428 4671 domo
2461 4627 2546 4670 tua
2575 4617 2702 4669 sicut
2730 4615 2863 4668 oliva
2908 4614 3178 4684 fructifera
3202 4623 3226 4649 ο
3257 4656 3272 4680 ,
3312 4615 3554 4683 florescat

1974 4719 2029 4762 ut
2053 4710 2250 4780 palma,
2273 4717 2327 4762 et
2355 4706 2718 4776 multiplicetur
2737 4715 2792 4757 ut
2813 4705 2997 4758 cedrus
3018 4702 3226 4759 Libani.

2046 4805 2098 4857 2.
2143 4803 2248 4858 Sed
2277 4812 2515 4857 revertar
2544 4799 2610 4854 ad
2648 4799 2854 4853 litteras
2881 4806 3002 4852 tuas
3025 4839 3040 4863 ,
3089 4798 3144 4852 in
3173 4797 3367 4866 quibus
3407 4797 3559 4852 ltetor

1978 4901 2109 4954 sicut
2142 4899 2227 4967 qui
2255 4896 2445 4949 invenit
2471 4894 2636 4964 spolia
2662 4893 2826 4947 multa
2848 4903 2872 4941 P
2897 4908 2913 4946 :
2945 4898 3001 4946 et
3026 4891 3156 4947 licet
3176 4891 3243 4946 de
3269 4893 3402 4946 meis
3438 4905 3560 4945 ver-

1979 4995 2061 5048 bis
2092 4991 2222 5046 nihil
2263 4988 2438 5042 simile
2478 4986 2678 5055 possim
2707 4987 2946 5054 referre,
3002 4991 3181 5037 tamen
3229 4991 3288 5036 ut
3327 4981 3558 5036 famelici

2417 5099 2660 5168 °E[:bes.
2713 5114 2785 5162 Iv,
2838 5097 2925 5151 26.
3007 5098 3026 5135 ί
3059 5095 3214 5168 PsalL
3259 5110 3408 5168 x_I.III,

2191 5172 2216 5210 δ
2251 5172 2336 5224 Ps.
2398 5189 2432 5234 I,
2488 5161 2538 5224 ὅ.
2625 5161 2810 5224 ίΡεειίΙ.
2858 5185 2928 5226 ιιι,
2989 5168 3040 5220 7.
3122 5167 3134 5216 i
3184 5165 3321 5219 Psal.
3357 5161 3555 5234 LL14,

2904 5239 3060 5292 Rom.
3091 5243 3146 5291 et
3173 5247 3280 5290 vet.
3358 5243 3383 5269 ο
3413 5231 3556 5285 Psal.

344 5413 360 5429 ⁸
390 5410 550 5463 Alias
583 5405 654 5459 5|
685 5423 698 5470 ;
728 5421 846 5475 quin
874 5415 1054 5460 autem
1083 5416 1198 5461 crat
1226 5405 1294 5459 44
1313 5447 1327 5471 ,
1358 5423 1498 5461 nunc
1528 5406 1618 5462 45.
1659 5407 1866 5477 Scripta
1905 5407 2114 5461 videtur
2143 5421 2285 5459 anno
2312 5401 2438 5457 406.

366 5521 423 5592 a)
455 5519 866 5592 Manuscriptus
887 5518 1054 5572 codex
1083 5516 1795 5592 Vienne_psis,_iracundiam.

366 5522 423 5592 α)
455 5522 866 5587 Manuscriptus
887 5522 1054 5572 codex
1084 5522 1418 5577 Viennensis,
1450 5522 1795 5571 iracundiam.

341 5522 422 5664 ib)
450 5591 548 5644 Sic
579 5589 929 5664 emendatum
960 5602 1026 5640 ex
1042 5603 1153 5664 _ms.
1171 5586 1442 5664 _codi_(:e_‘V
1451 5589 1556 5641 ien.
1597 5587 1723 5664 lla:_c
1755 5603 1878 5642 cor-

268 5656 444 5718 rectio
475 5658 844 5715 conﬁrmatur
872 5673 940 5711 ex
967 5659 1123 5725 epist.
1157 5656 1226 5708 44
1255 5657 1322 5709 ad
1359 5657 1558 5726 Aprum
1589 5666 1642 5710 et
1671 5656 1874 5709 Aman-

273 5731 435 5798 dam,
485 5745 650 5784 num.
685 5728 764 5798 Δἓξ
815 5727 1195 5798 Εφρνεεεεηιηῑ
1233 5727 1356 5798 milii
1384 5728 1572 5797 faciem
1600 5726 1774 5779 cordis
1806 5727 1880 5779 tui

279 5795 470 5860 littera:
495 5811 629 5855 tute.
667 5795 770 5852 Alii
795 5795 1046 5858 codices.
1096 5795 1410 5856 rationalis.
1459 5798 1528 5851 ob
1557 5811 1878 5852 concursum

1978 5516 2250 5584 sequentis
2278 5515 2470 5584 littera:
2500 5529 2544 5566 s.

2053 5576 2124 5655 (ε)
2157 5585 2212 5638 1η
2244 5584 2372 5655 edi_t_.
2390 5581 2796 5655 ,Bosvtdesuut
2825 5594 2982 5633 voces
3009 5593 3070 5631 ac
3095 5576 3558 5655 dilectissiniis.....

1981 5645 2294 5726 peccatores.
2329 5653 2466 5706 Editi
2495 5652 2967 5726 codices__qua_tuor
2993 5647 3313 5726 pqeferuut,
3362 5645 3562 5726 Sancto

1984 5713 2032 5778 et
2063 5726 2244 5778 merito
2274 5721 2565 5778 venerando
2594 5738 2654 5774 ac
2686 5713 3014 5773 dilectissimo
3040 5717 3191 5785 fratri
3221 5716 3394 5788 Apro,
3428 5713 3564 5775 Pau-

1985 5795 2120 5848 linus
2147 5803 2196 5850 et
2228 5793 2499 5847 Therasia.
