  <div class='ocr_page' id='page_1' title='image "/cluster/home/n/w/nwhite01/storage/ocr_20150623/61/hvd.32044054758685/199.png"; bbox 0 0 4006 6180; ppageno 0'>
   <div class='ocr_carea' id='block_1_1' title="bbox 502 366 607 423">
    <p class='ocr_par' dir='ltr' id='par_1_1' title="bbox 502 366 607 423">
     <span class='ocr_line' id='line_1_1' title="bbox 502 366 607 423; baseline 0 0"><span class='ocrx_word' id='word_1_1' title='bbox 502 366 607 423; x_wconf 72' lang='lat'><strong>587</strong></span> 
     </span>
    </p>
   </div>
   <div class='ocr_carea' id='block_1_2' title="bbox 1627 336 2619 406">
    <p class='ocr_par' dir='ltr' id='par_1_2' title="bbox 1627 336 2619 406">
     <span class='ocr_line' id='line_1_2' title="bbox 1627 336 2619 406; baseline -0.012 -1"><span class='ocrx_word' id='word_1_2' title='bbox 1627 350 1683 406; x_wconf 79' lang='lat' dir='ltr'><strong>S.</strong></span> <span class='ocrx_word' id='word_1_3' title='bbox 1724 341 1993 401; x_wconf 80' lang='lat' dir='ltr'><strong>PAULlNl</strong></span> <span class='ocrx_word' id='word_1_4' title='bbox 2030 338 2278 399; x_wconf 75' lang='lat' dir='ltr'><strong>NOLANI</strong></span> <span class='ocrx_word' id='word_1_5' title='bbox 2317 336 2619 395; x_wconf 77' lang='lat' dir='ltr'><strong>EPISCOPI</strong></span> 
     </span>
    </p>
   </div>
   <div class='ocr_carea' id='block_1_3' title="bbox 3631 339 3724 398">
    <p class='ocr_par' dir='ltr' id='par_1_3' title="bbox 3631 339 3724 398">
     <span class='ocr_line' id='line_1_3' title="bbox 3631 339 3724 398; baseline 0 0"><span class='ocrx_word' id='word_1_6' title='bbox 3631 339 3724 398; x_wconf 73' lang='lat'><strong>388</strong></span> 
     </span>
    </p>
   </div>
   <div class='ocr_carea' id='block_1_4' title="bbox 501 447 3727 545">
    <p class='ocr_par' dir='ltr' id='par_1_4' title="bbox 501 447 3727 545">
     <span class='ocr_line' id='line_1_4' title="bbox 501 447 3727 545; baseline -0.01 -9"><span class='ocrx_word' id='word_1_7' title='bbox 501 481 721 545; x_wconf 84' lang='lat' dir='ltr'><strong>faciunt,</strong></span> <span class='ocrx_word' id='word_1_8' title='bbox 751 491 872 534; x_wconf 89' lang='lat' dir='ltr'><strong>cum</strong></span> <span class='ocrx_word' id='word_1_9' title='bbox 899 476 1070 545; x_wconf 82' lang='lat' dir='ltr'><strong>epulis</strong></span> <span class='ocrx_word' id='word_1_10' title='bbox 1096 470 1262 542; x_wconf 85' lang='lat' dir='ltr'><strong>opimi</strong></span> <span class='ocrx_word' id='word_1_11' title='bbox 1289 462 1523 524; x_wconf 81' lang='lat' dir='ltr'><strong>convivii</strong></span> <span class='ocrx_word' id='word_1_12' title='bbox 1546 462 1765 531; x_wconf 75' lang='lat' dir='ltr'><strong>digestis</strong></span> <span class='ocrx_word' id='word_1_13' title='bbox 1787 462 1982 516; x_wconf 77' lang='lat' dir='ltr'><strong>iterum</strong></span> <span class='ocrx_word' id='word_1_14' title='bbox 2003 456 2072 512; x_wconf 91' lang='lat' dir='ltr'><strong>de</strong></span> <span class='ocrx_word' id='word_1_15' title='bbox 2100 458 2152 519; x_wconf 75' lang='grc' dir='ltr'>Α</span> <span class='ocrx_word' id='word_1_16' title='bbox 2178 456 2404 510; x_wconf 76' lang='lat' dir='ltr'><strong>dextera:</strong></span> <span class='ocrx_word' id='word_1_17' title='bbox 2436 454 2457 485; x_wconf 72' lang='grc'><strong>⁸</strong></span> <span class='ocrx_word' id='word_1_18' title='bbox 2486 453 2697 506; x_wconf 78' lang='lat' dir='ltr'><strong>Excelsi</strong></span> <span class='ocrx_word' id='word_1_19' title='bbox 2726 449 2768 517; x_wconf 78' lang='grc' dir='ltr'><strong>ι,</strong></span> <span class='ocrx_word' id='word_1_20' title='bbox 2810 465 2928 521; x_wconf 81' lang='lat' dir='ltr'><strong>quae</strong></span> <span class='ocrx_word' id='word_1_21' title='bbox 2971 450 3023 505; x_wconf 91' lang='lat' dir='ltr'><strong>in</strong></span> <span class='ocrx_word' id='word_1_22' title='bbox 3063 464 3122 505; x_wconf 82' lang='lat' dir='ltr'><strong>se</strong></span> <span class='ocrx_word' id='word_1_23' title='bbox 3150 463 3370 504; x_wconf 90' lang='lat' dir='ltr'><strong>manens</strong></span> <span class='ocrx_word' id='word_1_24' title='bbox 3395 447 3565 502; x_wconf 84' lang='lat' dir='ltr'><strong>omnia</strong></span> <span class='ocrx_word' id='word_1_25' title='bbox 3591 450 3727 508; x_wconf 86' lang='lat' dir='ltr'><strong>iano-</strong></span> 
     </span>
    </p>
   </div>
   <div class='ocr_carea' id='block_1_5' title="bbox 502 547 2079 637">
    <p class='ocr_par' dir='ltr' id='par_1_5' title="bbox 502 547 2079 637">
     <span class='ocr_line' id='line_1_5' title="bbox 502 547 2079 637; baseline -0.018 -10"><span class='ocrx_word' id='word_1_26' title='bbox 502 587 599 626; x_wconf 91' lang='lat' dir='ltr'><strong>sua</strong></span> <span class='ocrx_word' id='word_1_27' title='bbox 629 568 807 637; x_wconf 85' lang='lat' dir='ltr'><strong>inopia</strong></span> <span class='ocrx_word' id='word_1_28' title='bbox 836 565 1036 621; x_wconf 86' lang='lat' dir='ltr'><strong>esurire</strong></span> <span class='ocrx_word' id='word_1_29' title='bbox 1063 558 1353 630; x_wconf 75' lang='lat' dir='ltr'><strong>emperint,</strong></span> <span class='ocrx_word' id='word_1_30' title='bbox 1384 554 1581 609; x_wconf 92' lang='lat' dir='ltr'><strong>famem</strong></span> <span class='ocrx_word' id='word_1_31' title='bbox 1610 566 1759 607; x_wconf 90' lang='lat' dir='ltr'><strong>suam</strong></span> <span class='ocrx_word' id='word_1_32' title='bbox 1790 547 2079 619; x_wconf 82' lang='lat' dir='ltr'><strong>praeteritae</strong></span> 
     </span>
    </p>
   </div>
   <div class='ocr_carea' id='block_1_6' title="bbox 503 638 2078 718">
    <p class='ocr_par' dir='ltr' id='par_1_6' title="bbox 503 638 2078 718">
     <span class='ocr_line' id='line_1_6' title="bbox 503 638 2078 718; baseline -0.019 0"><span class='ocrx_word' id='word_1_33' title='bbox 503 657 800 718; x_wconf 83' lang='lat' dir='ltr'><strong>saturitatis</strong></span> <span class='ocrx_word' id='word_1_34' title='bbox 826 652 1201 709; x_wconf 77' lang='lat' dir='ltr'><strong>recordatione</strong></span> <span class='ocrx_word' id='word_1_35' title='bbox 1230 648 1491 711; x_wconf 90' lang='lat' dir='ltr'><strong>solantur,</strong></span> <span class='ocrx_word' id='word_1_36' title='bbox 1520 650 1574 698; x_wconf 89' lang='lat' dir='ltr'><strong>et</strong></span> <span class='ocrx_word' id='word_1_37' title='bbox 1602 641 1834 695; x_wconf 88' lang='lat' dir='ltr'><strong>animam</strong></span> <span class='ocrx_word' id='word_1_38' title='bbox 1863 638 2078 692; x_wconf 88' lang='lat' dir='ltr'><strong>inanem</strong></span> 
     </span>
    </p>
   </div>
   <div class='ocr_carea' id='block_1_7' title="bbox 506 732 2077 820">
    <p class='ocr_par' dir='ltr' id='par_1_7' title="bbox 506 732 2077 820">
     <span class='ocr_line' id='line_1_7' title="bbox 506 732 2077 820; baseline -0.017 -15"><span class='ocrx_word' id='word_1_39' title='bbox 506 748 758 820; x_wconf 83' lang='lat' dir='ltr'><strong>praesenti</strong></span> <span class='ocrx_word' id='word_1_40' title='bbox 787 744 1111 814; x_wconf 76' lang='lat' dir='ltr'><strong>cogitatione</strong></span> <span class='ocrx_word' id='word_1_41' title='bbox 1131 739 1364 794; x_wconf 90' lang='lat' dir='ltr'><strong>absentis</strong></span> <span class='ocrx_word' id='word_1_42' title='bbox 1384 733 1614 792; x_wconf 87' lang='lat' dir='ltr'><strong>convivii</strong></span> <span class='ocrx_word' id='word_1_43' title='bbox 1635 732 1795 802; x_wconf 75' lang='lat'><strong>259</strong></span> <span class='ocrx_word' id='word_1_44' title='bbox 1812 734 2038 799; x_wconf 90' lang='lat' dir='ltr'><strong>pascunt</strong></span> <span class='ocrx_word' id='word_1_45' title='bbox 2061 740 2077 791; x_wconf 90' lang='lat'><strong>;</strong></span> 
     </span>
    </p>
   </div>
   <div class='ocr_carea' id='block_1_8' title="bbox 510 818 2078 906">
    <p class='ocr_par' dir='ltr' id='par_1_8' title="bbox 510 818 2078 906">
     <span class='ocr_line' id='line_1_8' title="bbox 510 818 2078 906; baseline -0.015 -13"><span class='ocrx_word' id='word_1_46' title='bbox 510 818 584 894; x_wconf 85' lang='lat' dir='ltr'><strong>ita</strong></span> <span class='ocrx_word' id='word_1_47' title='bbox 615 853 714 906; x_wconf 90' lang='lat' dir='ltr'><strong>ego</strong></span> <span class='ocrx_word' id='word_1_48' title='bbox 742 838 884 890; x_wconf 91' lang='lat' dir='ltr'><strong>hanc</strong></span> <span class='ocrx_word' id='word_1_49' title='bbox 906 833 1187 903; x_wconf 86' lang='lat' dir='ltr'><strong>epistolam</strong></span> <span class='ocrx_word' id='word_1_50' title='bbox 1211 831 1263 883; x_wconf 92' lang='lat' dir='ltr'><strong>in</strong></span> <span class='ocrx_word' id='word_1_51' title='bbox 1293 828 1367 883; x_wconf 90' lang='lat' dir='ltr'><strong>tui</strong></span> <span class='ocrx_word' id='word_1_52' title='bbox 1397 823 1659 881; x_wconf 89' lang='lat' dir='ltr'><strong>sermonis</strong></span> <span class='ocrx_word' id='word_1_53' title='bbox 1696 818 2078 875; x_wconf 85' lang='lat' dir='ltr'><strong>retractatione</strong></span> 
     </span>
    </p>
   </div>
   <div class='ocr_carea' id='block_1_9' title="bbox 507 904 2081 989">
    <p class='ocr_par' dir='ltr' id='par_1_9' title="bbox 507 904 2081 989">
     <span class='ocr_line' id='line_1_9' title="bbox 507 904 2081 989; baseline -0.016 -6"><span class='ocrx_word' id='word_1_54' title='bbox 507 904 790 984; x_wconf 67' lang='lat' dir='ltr'><strong>conteram</strong></span> <span class='ocrx_word' id='word_1_55' title='bbox 810 964 824 988; x_wconf 98' lang='lat'><strong>,</strong></span> <span class='ocrx_word' id='word_1_56' title='bbox 868 932 923 977; x_wconf 89' lang='lat' dir='ltr'><strong>et</strong></span> <span class='ocrx_word' id='word_1_57' title='bbox 950 922 1279 989; x_wconf 89' lang='lat' dir='ltr'><strong>voluptatem</strong></span> <span class='ocrx_word' id='word_1_58' title='bbox 1308 930 1482 970; x_wconf 87' lang='lat' dir='ltr'><strong>meam</strong></span> <span class='ocrx_word' id='word_1_59' title='bbox 1511 912 1738 967; x_wconf 83' lang='lat' dir='ltr'><strong>referam</strong></span> <span class='ocrx_word' id='word_1_60' title='bbox 1766 951 1781 976; x_wconf 86' lang='lat'><strong>,</strong></span> <span class='ocrx_word' id='word_1_61' title='bbox 1812 907 1944 961; x_wconf 87' lang='lat' dir='ltr'><strong>nihil</strong></span> <span class='ocrx_word' id='word_1_62' title='bbox 1985 904 2081 959; x_wconf 84' lang='lat' dir='ltr'><strong>tibi</strong></span> 
     </span>
    </p>
   </div>
   <div class='ocr_carea' id='block_1_10' title="bbox 510 997 2081 1086">
    <p class='ocr_par' dir='ltr' id='par_1_10' title="bbox 510 997 2081 1086">
     <span class='ocr_line' id='line_1_10' title="bbox 510 997 2081 1086; baseline -0.013 -13"><span class='ocrx_word' id='word_1_63' title='bbox 510 1019 741 1086; x_wconf 81' lang='lat' dir='ltr'><strong>largiens</strong></span> <span class='ocrx_word' id='word_1_64' title='bbox 766 1034 780 1081; x_wconf 86' lang='lat'><strong>;</strong></span> <span class='ocrx_word' id='word_1_65' title='bbox 815 1030 912 1068; x_wconf 90' lang='lat' dir='ltr'><strong>nec</strong></span> <span class='ocrx_word' id='word_1_66' title='bbox 940 1021 1121 1066; x_wconf 91' lang='lat' dir='ltr'><strong>votum</strong></span> <span class='ocrx_word' id='word_1_67' title='bbox 1151 1023 1277 1075; x_wconf 83' lang='lat' dir='ltr'><strong>erga</strong></span> <span class='ocrx_word' id='word_1_68' title='bbox 1309 1016 1359 1061; x_wconf 85' lang='lat' dir='ltr'><strong>te</strong></span> <span class='ocrx_word' id='word_1_69' title='bbox 1380 1020 1555 1060; x_wconf 91' lang='lat' dir='ltr'><strong>meum</strong></span> <span class='ocrx_word' id='word_1_70' title='bbox 1585 1004 1762 1072; x_wconf 89' lang='lat' dir='ltr'><strong>potius</strong></span> <span class='ocrx_word' id='word_1_71' title='bbox 1808 1014 1967 1068; x_wconf 91' lang='lat' dir='ltr'><strong>quam</strong></span> <span class='ocrx_word' id='word_1_72' title='bbox 2012 997 2081 1053; x_wconf 89' lang='lat' dir='ltr'><strong>de</strong></span> 
     </span>
    </p>
   </div>
   <div class='ocr_carea' id='block_1_11' title="bbox 513 1088 2082 1175">
    <p class='ocr_par' dir='ltr' id='par_1_11' title="bbox 513 1088 2082 1175">
     <span class='ocr_line' id='line_1_11' title="bbox 513 1088 2082 1175; baseline -0.014 -13"><span class='ocrx_word' id='word_1_73' title='bbox 513 1121 566 1161; x_wconf 90' lang='lat' dir='ltr'><strong>te</strong></span> <span class='ocrx_word' id='word_1_74' title='bbox 607 1106 1033 1175; x_wconf 83' lang='lat' dir='ltr'><strong>experimentum</strong></span> <span class='ocrx_word' id='word_1_75' title='bbox 1068 1101 1279 1167; x_wconf 87' lang='lat' dir='ltr'><strong>loquar.</strong></span> <span class='ocrx_word' id='word_1_76' title='bbox 1341 1095 1735 1164; x_wconf 82' lang='lat' dir='ltr'><strong>Expresserunt</strong></span> <span class='ocrx_word' id='word_1_77' title='bbox 1781 1090 1923 1145; x_wconf 89' lang='lat' dir='ltr'><strong>enim</strong></span> <span class='ocrx_word' id='word_1_78' title='bbox 1952 1088 2082 1141; x_wconf 87' lang='lat' dir='ltr'><strong>mihi</strong></span> 
     </span>
    </p>
   </div>
   <div class='ocr_carea' id='block_1_12' title="bbox 513 1181 2081 1253">
    <p class='ocr_par' dir='ltr' id='par_1_12' title="bbox 513 1181 2081 1253">
     <span class='ocr_line' id='line_1_12' title="bbox 513 1181 2081 1253; baseline -0.013 -1"><span class='ocrx_word' id='word_1_79' title='bbox 513 1199 703 1253; x_wconf 79' lang='lat' dir='ltr'><strong>faciem</strong></span> <span class='ocrx_word' id='word_1_80' title='bbox 735 1196 914 1250; x_wconf 87' lang='lat' dir='ltr'><strong>cordis</strong></span> <span class='ocrx_word' id='word_1_81' title='bbox 945 1193 1019 1247; x_wconf 92' lang='lat' dir='ltr'><strong>tui</strong></span> <span class='ocrx_word' id='word_1_82' title='bbox 1048 1192 1241 1245; x_wconf 89' lang='lat' dir='ltr'><strong>litterae</strong></span> <span class='ocrx_word' id='word_1_83' title='bbox 1271 1197 1392 1251; x_wconf 84' lang='lat' dir='ltr'><strong>tuae,</strong></span> <span class='ocrx_word' id='word_1_84' title='bbox 1426 1186 1528 1240; x_wconf 77' lang='lat' dir='ltr'><strong>illae</strong></span> <span class='ocrx_word' id='word_1_85' title='bbox 1552 1185 1744 1237; x_wconf 81' lang='lat' dir='ltr'><strong>litterae</strong></span> <span class='ocrx_word' id='word_1_86' title='bbox 1768 1182 1882 1250; x_wconf 87' lang='lat' dir='ltr'><strong>spei</strong></span> <span class='ocrx_word' id='word_1_87' title='bbox 1904 1181 2081 1246; x_wconf 83' lang='lat' dir='ltr'><strong>bonae,</strong></span> 
     </span>
    </p>
   </div>
   <div class='ocr_carea' id='block_1_13' title="bbox 514 1269 2081 1347">
    <p class='ocr_par' dir='ltr' id='par_1_13' title="bbox 514 1269 2081 1347">
     <span class='ocr_line' id='line_1_13' title="bbox 514 1269 2081 1347; baseline -0.014 -3"><span class='ocrx_word' id='word_1_88' title='bbox 514 1291 703 1343; x_wconf 85' lang='lat' dir='ltr'><strong>litterae</strong></span> <span class='ocrx_word' id='word_1_89' title='bbox 735 1285 855 1339; x_wconf 91' lang='lat' dir='ltr'><strong>ﬁdei</strong></span> <span class='ocrx_word' id='word_1_90' title='bbox 887 1300 993 1337; x_wconf 90' lang='lat' dir='ltr'><strong>non</strong></span> <span class='ocrx_word' id='word_1_91' title='bbox 1023 1282 1157 1336; x_wconf 77' lang='lat' dir='ltr'><strong>ﬁctae</strong></span> <span class='ocrx_word' id='word_1_92' title='bbox 1180 1322 1195 1347; x_wconf 90' lang='lat'><strong>,</strong></span> <span class='ocrx_word' id='word_1_93' title='bbox 1237 1280 1428 1333; x_wconf 83' lang='lat' dir='ltr'><strong>litterae</strong></span> <span class='ocrx_word' id='word_1_94' title='bbox 1460 1290 1605 1345; x_wconf 83' lang='lat' dir='ltr'><strong>purae</strong></span> <span class='ocrx_word' id='word_1_95' title='bbox 1633 1272 1869 1328; x_wconf 88' lang='lat' dir='ltr'><strong>caritatis</strong></span> <span class='ocrx_word' id='word_1_96' title='bbox 1891 1310 1905 1336; x_wconf 90' lang='lat'><strong>,</strong></span> <span class='ocrx_word' id='word_1_97' title='bbox 1954 1269 2081 1339; x_wconf 90' lang='lat' dir='ltr'><strong>quid</strong></span> 
     </span>
    </p>
   </div>
   <div class='ocr_carea' id='block_1_14' title="bbox 513 1361 2085 1440">
    <p class='ocr_par' dir='ltr' id='par_1_14' title="bbox 513 1361 2085 1440">
     <span class='ocr_line' id='line_1_14' title="bbox 513 1361 2085 1440; baseline -0.013 -7"><span class='ocrx_word' id='word_1_98' title='bbox 513 1379 711 1433; x_wconf 90' lang='lat' dir='ltr'><strong>amoris</strong></span> <span class='ocrx_word' id='word_1_99' title='bbox 735 1373 1056 1430; x_wconf 90' lang='lat' dir='ltr'><strong>sanctissimi</strong></span> <span class='ocrx_word' id='word_1_100' title='bbox 1086 1372 1327 1440; x_wconf 88' lang='lat' dir='ltr'><strong>spirant;</strong></span> <span class='ocrx_word' id='word_1_101' title='bbox 1380 1382 1540 1437; x_wconf 88' lang='lat' dir='ltr'><strong>quam</strong></span> <span class='ocrx_word' id='word_1_102' title='bbox 1580 1363 1759 1419; x_wconf 89' lang='lat' dir='ltr'><strong>suavis</strong></span> <span class='ocrx_word' id='word_1_103' title='bbox 1800 1362 1853 1415; x_wconf 90' lang='lat' dir='ltr'><strong>in</strong></span> <span class='ocrx_word' id='word_1_104' title='bbox 1899 1361 1982 1415; x_wconf 91' lang='lat' dir='ltr'><strong>his</strong></span> <span class='ocrx_word' id='word_1_105' title='bbox 2028 1366 2085 1413; x_wconf 89' lang='lat' dir='ltr'><strong>et</strong></span> 
     </span>
    </p>
   </div>
   <div class='ocr_carea' id='block_1_15' title="bbox 511 1450 2083 1537">
    <p class='ocr_par' dir='ltr' id='par_1_15' title="bbox 511 1450 2083 1537">
     <span class='ocr_line' id='line_1_15' title="bbox 511 1450 2083 1537; baseline -0.013 -14"><span class='ocrx_word' id='word_1_106' title='bbox 511 1476 744 1537; x_wconf 89' lang='lat' dir='ltr'><strong>quantus</strong></span> <span class='ocrx_word' id='word_1_107' title='bbox 783 1463 980 1519; x_wconf 87' lang='lat' dir='ltr'><strong>Christi</strong></span> <span class='ocrx_word' id='word_1_108' title='bbox 1028 1462 1164 1517; x_wconf 91' lang='lat' dir='ltr'><strong>odor</strong></span> <span class='ocrx_word' id='word_1_109' title='bbox 1204 1459 1442 1528; x_wconf 86' lang='lat' dir='ltr'><strong>fragrat,</strong></span> <span class='ocrx_word' id='word_1_110' title='bbox 1477 1455 1552 1525; x_wconf 90' lang='lat' dir='ltr'><strong>(a)</strong></span> <span class='ocrx_word' id='word_1_111' title='bbox 1582 1462 1779 1524; x_wconf 88' lang='lat' dir='ltr'><strong>quanta</strong></span> <span class='ocrx_word' id='word_1_112' title='bbox 1809 1450 2083 1520; x_wconf 87' lang='lat' dir='ltr'><strong>opulentia</strong></span> 
     </span>
    </p>
   </div>
   <div class='ocr_carea' id='block_1_16' title="bbox 511 1543 2085 1617">
    <p class='ocr_par' dir='ltr' id='par_1_16' title="bbox 511 1543 2085 1617">
     <span class='ocr_line' id='line_1_16' title="bbox 511 1543 2085 1617; baseline -0.011 -6"><span class='ocrx_word' id='word_1_113' title='bbox 511 1557 707 1612; x_wconf 88' lang='lat' dir='ltr'><strong>sinceri</strong></span> <span class='ocrx_word' id='word_1_114' title='bbox 753 1555 930 1611; x_wconf 93' lang='lat' dir='ltr'><strong>cordis</strong></span> <span class='ocrx_word' id='word_1_115' title='bbox 976 1551 1280 1607; x_wconf 73' lang='lat' dir='ltr'><strong>exaestuat?</strong></span> <span class='ocrx_word' id='word_1_116' title='bbox 1322 1547 1593 1617; x_wconf 90' lang='lat' dir='ltr'><strong>quomodo</strong></span> <span class='ocrx_word' id='word_1_117' title='bbox 1635 1544 1789 1599; x_wconf 90' lang='lat' dir='ltr'><strong>nobis</strong></span> <span class='ocrx_word' id='word_1_118' title='bbox 1830 1543 2085 1596; x_wconf 87' lang='lat' dir='ltr'><strong>anhelant</strong></span> 
     </span>
    </p>
   </div>
   <div class='ocr_carea' id='block_1_17' title="bbox 511 1636 2085 1711">
    <p class='ocr_par' dir='ltr' id='par_1_17' title="bbox 511 1636 2085 1711">
     <span class='ocr_line' id='line_1_17' title="bbox 511 1636 2085 1711; baseline -0.009 -9"><span class='ocrx_word' id='word_1_119' title='bbox 511 1649 653 1702; x_wconf 86' lang='lat' dir='ltr'><strong>sitim</strong></span> <span class='ocrx_word' id='word_1_120' title='bbox 687 1656 831 1701; x_wconf 89' lang='lat' dir='ltr'><strong>tuam</strong></span> <span class='ocrx_word' id='word_1_121' title='bbox 853 1687 867 1711; x_wconf 95' lang='lat'><strong>,</strong></span> <span class='ocrx_word' id='word_1_122' title='bbox 918 1652 972 1699; x_wconf 92' lang='lat' dir='ltr'><strong>et</strong></span> <span class='ocrx_word' id='word_1_123' title='bbox 1007 1641 1330 1698; x_wconf 87' lang='lat' dir='ltr'><strong>desiderium</strong></span> <span class='ocrx_word' id='word_1_124' title='bbox 1359 1638 1733 1705; x_wconf 71' lang='lat' dir='ltr'><strong>deiectamque</strong></span> <span class='ocrx_word' id='word_1_125' title='bbox 1761 1636 1952 1689; x_wconf 84' lang='lat' dir='ltr'><strong>animae</strong></span> <span class='ocrx_word' id='word_1_126' title='bbox 1979 1642 2085 1689; x_wconf 85' lang='lat' dir='ltr'><strong>tuae</strong></span> 
     </span>
    </p>
   </div>
   <div class='ocr_carea' id='block_1_18' title="bbox 513 1723 2086 1802">
    <p class='ocr_par' dir='ltr' id='par_1_18' title="bbox 513 1723 2086 1802">
     <span class='ocr_line' id='line_1_18' title="bbox 513 1723 2086 1802; baseline -0.011 -9"><span class='ocrx_word' id='word_1_127' title='bbox 513 1739 567 1793; x_wconf 92' lang='lat' dir='ltr'><strong>iu</strong></span> <span class='ocrx_word' id='word_1_128' title='bbox 597 1739 733 1791; x_wconf 91' lang='lat' dir='ltr'><strong>atria</strong></span> <span class='ocrx_word' id='word_1_129' title='bbox 764 1735 975 1790; x_wconf 90' lang='lat' dir='ltr'><strong>Domini</strong></span> <span class='ocrx_word' id='word_1_130' title='bbox 999 1736 1021 1787; x_wconf 90' lang='lat'><strong>?</strong></span> <span class='ocrx_word' id='word_1_131' title='bbox 1062 1748 1197 1802; x_wconf 84' lang='lat' dir='ltr'><strong>quas</strong></span> <span class='ocrx_word' id='word_1_132' title='bbox 1226 1736 1391 1798; x_wconf 89' lang='lat' dir='ltr'><strong>agunt</strong></span> <span class='ocrx_word' id='word_1_133' title='bbox 1419 1727 1617 1795; x_wconf 79' lang='lat' dir='ltr'><strong>gratias</strong></span> <span class='ocrx_word' id='word_1_134' title='bbox 1642 1726 1796 1780; x_wconf 86' lang='lat' dir='ltr'><strong>Deo?</strong></span> <span class='ocrx_word' id='word_1_135' title='bbox 1823 1738 1957 1792; x_wconf 90' lang='lat' dir='ltr'><strong>quas</strong></span> <span class='ocrx_word' id='word_1_136' title='bbox 1986 1723 2086 1776; x_wconf 93' lang='lat' dir='ltr'><strong>im-</strong></span> 
     </span>
    </p>
   </div>
   <div class='ocr_carea' id='block_1_19' title="bbox 2180 540 3724 612">
    <p class='ocr_par' dir='ltr' id='par_1_19' title="bbox 2180 540 3724 612">
     <span class='ocr_line' id='line_1_19' title="bbox 2180 540 3724 612; baseline -0.001 -12"><span class='ocrx_word' id='word_1_137' title='bbox 2180 555 2290 612; x_wconf 84' lang='lat' dir='ltr'><strong>vat,</strong></span> <span class='ocrx_word' id='word_1_138' title='bbox 2317 554 2373 600; x_wconf 90' lang='lat' dir='ltr'><strong>et</strong></span> <span class='ocrx_word' id='word_1_139' title='bbox 2393 545 2636 599; x_wconf 71' lang='lat' dir='ltr'><strong>convertit</strong></span> <span class='ocrx_word' id='word_1_140' title='bbox 2655 560 2795 597; x_wconf 86' lang='lat' dir='ltr'><strong>mare</strong></span> <span class='ocrx_word' id='word_1_141' title='bbox 2818 545 2871 597; x_wconf 90' lang='lat' dir='ltr'><strong>in</strong></span> <span class='ocrx_word' id='word_1_142' title='bbox 2894 542 3098 596; x_wconf 82' lang='lat' dir='ltr'><strong>aridam</strong></span> <span class='ocrx_word' id='word_1_143' title='bbox 3118 550 3178 607; x_wconf 73' lang='lat' dir='ltr'><strong>m,</strong></span> <span class='ocrx_word' id='word_1_144' title='bbox 3203 541 3267 595; x_wconf 89' lang='lat' dir='ltr'><strong>ad</strong></span> <span class='ocrx_word' id='word_1_145' title='bbox 3288 540 3619 596; x_wconf 73' lang='lat' dir='ltr'><strong>continentia:</strong></span> <span class='ocrx_word' id='word_1_146' title='bbox 3637 544 3724 599; x_wconf 58' lang='lat' dir='ltr'><strong>sic,</strong></span> 
     </span>
    </p>
   </div>
   <div class='ocr_carea' id='block_1_20' title="bbox 2180 629 3731 701">
    <p class='ocr_par' dir='ltr' id='par_1_20' title="bbox 2180 629 3731 701">
     <span class='ocr_line' id='line_1_20' title="bbox 2180 629 3731 701; baseline -0.003 -11"><span class='ocrx_word' id='word_1_147' title='bbox 2180 636 2395 690; x_wconf 88' lang='lat' dir='ltr'><strong>citatem</strong></span> <span class='ocrx_word' id='word_1_148' title='bbox 2417 634 2682 701; x_wconf 77' lang='lat' dir='ltr'><strong>stringens</strong></span> <span class='ocrx_word' id='word_1_149' title='bbox 2709 630 2907 686; x_wconf 80' lang='lat' dir='ltr'><strong>ﬂuenta</strong></span> <span class='ocrx_word' id='word_1_150' title='bbox 2932 631 3204 684; x_wconf 89' lang='lat' dir='ltr'><strong>vitiorum.</strong></span> <span class='ocrx_word' id='word_1_151' title='bbox 3231 629 3512 684; x_wconf 90' lang='lat' dir='ltr'><strong>Benedicta</strong></span> <span class='ocrx_word' id='word_1_152' title='bbox 3533 630 3640 687; x_wconf 78' lang='lat' dir='ltr'><strong>haec</strong></span> <span class='ocrx_word' id='word_1_153' title='bbox 3659 632 3731 686; x_wconf 89' lang='lat' dir='ltr'><strong>in-</strong></span> 
     </span>
    </p>
   </div>
   <div class='ocr_carea' id='block_1_21' title="bbox 2180 721 3730 794">
    <p class='ocr_par' dir='ltr' id='par_1_21' title="bbox 2180 721 3730 794">
     <span class='ocr_line' id='line_1_21' title="bbox 2180 721 3730 794; baseline -0.001 -13"><span class='ocrx_word' id='word_1_154' title='bbox 2180 733 2265 781; x_wconf 90' lang='lat' dir='ltr'><strong>ter</strong></span> <span class='ocrx_word' id='word_1_155' title='bbox 2286 726 2556 787; x_wconf 85' lang='lat' dir='ltr'><strong>mulieres,</strong></span> <span class='ocrx_word' id='word_1_156' title='bbox 2582 732 2635 778; x_wconf 89' lang='lat' dir='ltr'><strong>et</strong></span> <span class='ocrx_word' id='word_1_157' title='bbox 2658 724 2760 778; x_wconf 89' lang='lat' dir='ltr'><strong>hac</strong></span> <span class='ocrx_word' id='word_1_158' title='bbox 2781 736 2994 794; x_wconf 89' lang='lat' dir='ltr'><strong>quoque</strong></span> <span class='ocrx_word' id='word_1_159' title='bbox 3020 721 3303 776; x_wconf 88' lang='lat' dir='ltr'><strong>devotione</strong></span> <span class='ocrx_word' id='word_1_160' title='bbox 3330 723 3489 792; x_wconf 71' lang='lat'><strong>260</strong></span> <span class='ocrx_word' id='word_1_161' title='bbox 3514 721 3670 779; x_wconf 74' lang='lat' dir='ltr'><strong>fidelis</strong></span> <span class='ocrx_word' id='word_1_162' title='bbox 3682 732 3730 780; x_wconf 91' lang='lat' dir='ltr'><strong>et</strong></span> 
     </span>
    </p>
   </div>
   <div class='ocr_carea' id='block_1_22' title="bbox 2182 814 3731 886">
    <p class='ocr_par' dir='ltr' id='par_1_22' title="bbox 2182 814 3731 886">
     <span class='ocr_line' id='line_1_22' title="bbox 2182 814 3731 886; baseline 0 -15"><span class='ocrx_word' id='word_1_163' title='bbox 2182 817 2553 886; x_wconf 90' lang='lat' dir='ltr'><strong>acceptissima</strong></span> <span class='ocrx_word' id='word_1_164' title='bbox 2583 815 2811 870; x_wconf 92' lang='lat' dir='ltr'><strong>Domino</strong></span> <span class='ocrx_word' id='word_1_165' title='bbox 2836 857 2852 883; x_wconf 91' lang='lat'><strong>,</strong></span> <span class='ocrx_word' id='word_1_166' title='bbox 2899 829 3005 883; x_wconf 89' lang='lat' dir='ltr'><strong>qua</strong></span> <span class='ocrx_word' id='word_1_167' title='bbox 3042 828 3101 869; x_wconf 90' lang='lat' dir='ltr'><strong>se</strong></span> <span class='ocrx_word' id='word_1_168' title='bbox 3136 814 3537 869; x_wconf 85' lang='lat' dir='ltr'><strong>necessitatibus</strong></span> <span class='ocrx_word' id='word_1_169' title='bbox 3581 816 3731 872; x_wconf 88' lang='lat' dir='ltr'><strong>seculi</strong></span> 
     </span>
    </p>
   </div>
   <div class='ocr_carea' id='block_1_23' title="bbox 2181 904 3730 978">
    <p class='ocr_par' dir='ltr' id='par_1_23' title="bbox 2181 904 3730 978">
     <span class='ocr_line' id='line_1_23' title="bbox 2181 904 3730 978; baseline -0.003 -16"><span class='ocrx_word' id='word_1_170' title='bbox 2181 923 2280 978; x_wconf 89' lang='lat' dir='ltr'><strong>pro</strong></span> <span class='ocrx_word' id='word_1_171' title='bbox 2312 916 2362 962; x_wconf 91' lang='lat' dir='ltr'><strong>te</strong></span> <span class='ocrx_word' id='word_1_172' title='bbox 2384 947 2399 973; x_wconf 93' lang='lat'><strong>,</strong></span> <span class='ocrx_word' id='word_1_173' title='bbox 2438 907 2587 961; x_wconf 90' lang='lat' dir='ltr'><strong>velut</strong></span> <span class='ocrx_word' id='word_1_174' title='bbox 2613 905 2855 975; x_wconf 87' lang='lat' dir='ltr'><strong>quaedam</strong></span> <span class='ocrx_word' id='word_1_175' title='bbox 2882 904 3129 974; x_wconf 89' lang='lat' dir='ltr'><strong>procellis</strong></span> <span class='ocrx_word' id='word_1_176' title='bbox 3164 904 3216 957; x_wconf 91' lang='lat' dir='ltr'><strong>in</strong></span> <span class='ocrx_word' id='word_1_177' title='bbox 3246 904 3499 959; x_wconf 90' lang='lat' dir='ltr'><strong>immobili</strong></span> <span class='ocrx_word' id='word_1_178' title='bbox 3529 906 3730 974; x_wconf 89' lang='lat' dir='ltr'><strong>scopulo</strong></span> 
     </span>
    </p>
   </div>
   <div class='ocr_carea' id='block_1_24' title="bbox 2181 993 3731 1065">
    <p class='ocr_par' dir='ltr' id='par_1_24' title="bbox 2181 993 3731 1065">
     <span class='ocr_line' id='line_1_24' title="bbox 2181 993 3731 1065; baseline -0.005 -11"><span class='ocrx_word' id='word_1_179' title='bbox 2181 999 2412 1055; x_wconf 88' lang='lat' dir='ltr'><strong>stabilita</strong></span> <span class='ocrx_word' id='word_1_180' title='bbox 2443 997 2621 1061; x_wconf 89' lang='lat' dir='ltr'><strong>turris,</strong></span> <span class='ocrx_word' id='word_1_181' title='bbox 2647 996 2916 1065; x_wconf 91' lang='lat' dir='ltr'><strong>opposuit.</strong></span> <span class='ocrx_word' id='word_1_182' title='bbox 2958 994 3096 1049; x_wconf 87' lang='lat' dir='ltr'><strong>Vere</strong></span> <span class='ocrx_word' id='word_1_183' title='bbox 3122 994 3174 1047; x_wconf 93' lang='lat' dir='ltr'><strong>in</strong></span> <span class='ocrx_word' id='word_1_184' title='bbox 3206 994 3316 1063; x_wconf 85' lang='lat' dir='ltr'><strong>ipsa</strong></span> <span class='ocrx_word' id='word_1_185' title='bbox 3341 1002 3491 1063; x_wconf 82' lang='lat' dir='ltr'><strong>petra</strong></span> <span class='ocrx_word' id='word_1_186' title='bbox 3519 993 3619 1055; x_wconf 91' lang='lat' dir='ltr'><strong>illa,</strong></span> <span class='ocrx_word' id='word_1_187' title='bbox 3648 1008 3731 1047; x_wconf 84' lang='lat' dir='ltr'><strong>su-</strong></span> 
     </span>
    </p>
   </div>
   <div class='ocr_carea' id='block_1_25' title="bbox 2182 1083 3733 1158">
    <p class='ocr_par' dir='ltr' id='par_1_25' title="bbox 2182 1083 3733 1158">
     <span class='ocr_line' id='line_1_25' title="bbox 2182 1083 3733 1158; baseline -0.003 -15"><span class='ocrx_word' id='word_1_188' title='bbox 2182 1104 2279 1158; x_wconf 92' lang='lat' dir='ltr'><strong>per</strong></span> <span class='ocrx_word' id='word_1_189' title='bbox 2306 1103 2466 1157; x_wconf 90' lang='lat' dir='ltr'><strong>quam</strong></span> <span class='ocrx_word' id='word_1_190' title='bbox 2489 1086 2747 1141; x_wconf 82' lang='lat' dir='ltr'><strong>aediﬁcata</strong></span> <span class='ocrx_word' id='word_1_191' title='bbox 2776 1086 2967 1141; x_wconf 89' lang='lat' dir='ltr'><strong>domus</strong></span> <span class='ocrx_word' id='word_1_192' title='bbox 2994 1100 3100 1138; x_wconf 93' lang='lat' dir='ltr'><strong>non</strong></span> <span class='ocrx_word' id='word_1_193' title='bbox 3131 1084 3289 1138; x_wconf 90' lang='lat' dir='ltr'><strong>cadet</strong></span> <span class='ocrx_word' id='word_1_194' title='bbox 3317 1092 3343 1120; x_wconf 74' lang='grc' dir='ltr'><strong>ιι</strong></span> <span class='ocrx_word' id='word_1_195' title='bbox 3369 1121 3384 1146; x_wconf 87' lang='grc'><strong>,</strong></span> <span class='ocrx_word' id='word_1_196' title='bbox 3416 1083 3582 1138; x_wconf 91' lang='lat' dir='ltr'><strong>solido</strong></span> <span class='ocrx_word' id='word_1_197' title='bbox 3607 1090 3733 1138; x_wconf 85' lang='lat' dir='ltr'><strong>stre-</strong></span> 
     </span>
    </p>
   </div>
   <div class='ocr_carea' id='block_1_26' title="bbox 2184 1172 3734 1243">
    <p class='ocr_par' dir='ltr' id='par_1_26' title="bbox 2184 1172 3734 1243">
     <span class='ocr_line' id='line_1_26' title="bbox 2184 1172 3734 1243; baseline -0.003 -12"><span class='ocrx_word' id='word_1_198' title='bbox 2184 1192 2303 1231; x_wconf 83' lang='lat' dir='ltr'><strong>nuae</strong></span> <span class='ocrx_word' id='word_1_199' title='bbox 2326 1177 2518 1231; x_wconf 89' lang='lat' dir='ltr'><strong>mentis</strong></span> <span class='ocrx_word' id='word_1_200' title='bbox 2540 1175 2756 1230; x_wconf 90' lang='lat' dir='ltr'><strong>fundata</strong></span> <span class='ocrx_word' id='word_1_201' title='bbox 2781 1174 3025 1243; x_wconf 83' lang='lat' dir='ltr'><strong>vestigio,</strong></span> <span class='ocrx_word' id='word_1_202' title='bbox 3057 1173 3194 1228; x_wconf 88' lang='lat' dir='ltr'><strong>facta</strong></span> <span class='ocrx_word' id='word_1_203' title='bbox 3225 1180 3306 1227; x_wconf 86' lang='lat' dir='ltr'><strong>est</strong></span> <span class='ocrx_word' id='word_1_204' title='bbox 3335 1172 3428 1227; x_wconf 89' lang='lat' dir='ltr'><strong>tibi</strong></span> <span class='ocrx_word' id='word_1_205' title='bbox 3461 1174 3606 1226; x_wconf 83' lang='lat' dir='ltr'><strong>turris</strong></span> <span class='ocrx_word' id='word_1_206' title='bbox 3626 1189 3734 1241; x_wconf 84' lang='lat' dir='ltr'><strong>pro-</strong></span> 
     </span>
    </p>
   </div>
   <div class='ocr_carea' id='block_1_27' title="bbox 2185 1261 3735 1339">
    <p class='ocr_par' dir='ltr' id='par_1_27' title="bbox 2185 1261 3735 1339">
     <span class='ocr_line' id='line_1_27' title="bbox 2185 1261 3735 1339; baseline -0.003 -18"><span class='ocrx_word' id='word_1_207' title='bbox 2185 1269 2416 1322; x_wconf 84' lang='lat' dir='ltr'><strong>tectionis</strong></span> <span class='ocrx_word' id='word_1_208' title='bbox 2444 1267 2538 1339; x_wconf 86' lang='lat' dir='ltr'><strong>(al.</strong></span> <span class='ocrx_word' id='word_1_209' title='bbox 2570 1264 2917 1334; x_wconf 79' lang='lat' dir='ltr'><strong>fortitudinis)</strong></span> <span class='ocrx_word' id='word_1_210' title='bbox 2951 1280 2984 1317; x_wconf 83' lang='grc' dir='ltr'><em>α</em></span> <span class='ocrx_word' id='word_1_211' title='bbox 3023 1266 3156 1335; x_wconf 77' lang='lat' dir='ltr'><strong>facie</strong></span> <span class='ocrx_word' id='word_1_212' title='bbox 3185 1264 3381 1317; x_wconf 88' lang='lat' dir='ltr'><strong>inimici</strong></span> <span class='ocrx_word' id='word_1_213' title='bbox 3411 1270 3436 1298; x_wconf 84' lang='grc' dir='ltr'><strong>ο</strong></span> <span class='ocrx_word' id='word_1_214' title='bbox 3464 1304 3478 1329; x_wconf 90' lang='grc'><strong>,</strong></span> <span class='ocrx_word' id='word_1_215' title='bbox 3505 1261 3662 1316; x_wconf 86' lang='lat' dir='ltr'><strong>undas</strong></span> <span class='ocrx_word' id='word_1_216' title='bbox 3685 1269 3735 1316; x_wconf 88' lang='lat' dir='ltr'><strong>et</strong></span> 
     </span>
    </p>
   </div>
   <div class='ocr_carea' id='block_1_28' title="bbox 2182 1351 3734 1425">
    <p class='ocr_par' dir='ltr' id='par_1_28' title="bbox 2182 1351 3734 1425">
     <span class='ocr_line' id='line_1_28' title="bbox 2182 1351 3734 1425; baseline -0.005 -13"><span class='ocrx_word' id='word_1_217' title='bbox 2182 1358 2420 1413; x_wconf 89' lang='lat' dir='ltr'><strong>turbines</strong></span> <span class='ocrx_word' id='word_1_218' title='bbox 2445 1356 2611 1412; x_wconf 86' lang='lat' dir='ltr'><strong>seculi</strong></span> <span class='ocrx_word' id='word_1_219' title='bbox 2638 1356 2884 1424; x_wconf 77' lang='lat' dir='ltr'><strong>frangens</strong></span> <span class='ocrx_word' id='word_1_220' title='bbox 2911 1354 3011 1425; x_wconf 89' lang='lat' dir='ltr'><strong>piae</strong></span> <span class='ocrx_word' id='word_1_221' title='bbox 3040 1354 3311 1408; x_wconf 88' lang='lat' dir='ltr'><strong>servitutis</strong></span> <span class='ocrx_word' id='word_1_222' title='bbox 3338 1351 3584 1421; x_wconf 77' lang='lat' dir='ltr'><strong>objecta;</strong></span> <span class='ocrx_word' id='word_1_223' title='bbox 3613 1358 3667 1404; x_wconf 89' lang='lat' dir='ltr'><strong>ut</strong></span> <span class='ocrx_word' id='word_1_224' title='bbox 3684 1359 3734 1405; x_wconf 89' lang='lat' dir='ltr'><strong>tu</strong></span> 
     </span>
    </p>
   </div>
   <div class='ocr_carea' id='block_1_29' title="bbox 2182 1442 3734 1517">
    <p class='ocr_par' dir='ltr' id='par_1_29' title="bbox 2182 1442 3734 1517">
     <span class='ocr_line' id='line_1_29' title="bbox 2182 1442 3734 1517; baseline -0.005 -14"><span class='ocrx_word' id='word_1_225' title='bbox 2182 1450 2420 1503; x_wconf 88' lang='lat' dir='ltr'><strong>seclusus</strong></span> <span class='ocrx_word' id='word_1_226' title='bbox 2465 1463 2495 1500; x_wconf 91' lang='lat' dir='ltr'><strong>a</strong></span> <span class='ocrx_word' id='word_1_227' title='bbox 2533 1447 2723 1517; x_wconf 78' lang='lat' dir='ltr'><strong>pelago</strong></span> <span class='ocrx_word' id='word_1_228' title='bbox 2748 1484 2762 1507; x_wconf 90' lang='lat'><strong>,</strong></span> <span class='ocrx_word' id='word_1_229' title='bbox 2810 1454 2976 1499; x_wconf 91' lang='lat' dir='ltr'><strong>tutam</strong></span> <span class='ocrx_word' id='word_1_230' title='bbox 3008 1445 3060 1499; x_wconf 91' lang='lat' dir='ltr'><strong>in</strong></span> <span class='ocrx_word' id='word_1_231' title='bbox 3091 1442 3345 1498; x_wconf 85' lang='lat' dir='ltr'><strong>Ecclesiae</strong></span> <span class='ocrx_word' id='word_1_232' title='bbox 3374 1450 3529 1511; x_wconf 90' lang='lat' dir='ltr'><strong>portu</strong></span> <span class='ocrx_word' id='word_1_233' title='bbox 3556 1442 3734 1496; x_wconf 77' lang='lat' dir='ltr'><strong>mentis</strong></span> 
     </span>
    </p>
   </div>
   <div class='ocr_carea' id='block_1_30' title="bbox 2184 1532 3737 1607">
    <p class='ocr_par' dir='ltr' id='par_1_30' title="bbox 2184 1532 3737 1607">
     <span class='ocr_line' id='line_1_30' title="bbox 2184 1532 3737 1607; baseline -0.006 -12"><span class='ocrx_word' id='word_1_234' title='bbox 2184 1540 2512 1595; x_wconf 84' lang='lat' dir='ltr'><strong>inconcussae</strong></span> <span class='ocrx_word' id='word_1_235' title='bbox 2532 1546 2700 1592; x_wconf 87' lang='lat' dir='ltr'><strong>ratem</strong></span> <span class='ocrx_word' id='word_1_236' title='bbox 2729 1536 2798 1607; x_wconf 69' lang='grc' dir='ltr'>(ι’)</span> <span class='ocrx_word' id='word_1_237' title='bbox 2821 1535 3167 1590; x_wconf 89' lang='lat' dir='ltr'><strong>meditatione</strong></span> <span class='ocrx_word' id='word_1_238' title='bbox 3188 1534 3440 1588; x_wconf 90' lang='lat' dir='ltr'><strong>continua</strong></span> <span class='ocrx_word' id='word_1_239' title='bbox 3460 1532 3737 1586; x_wconf 87' lang='lat' dir='ltr'><strong>studiorum</strong></span> 
     </span>
    </p>
   </div>
   <div class='ocr_carea' id='block_1_31' title="bbox 2183 1620 3739 1699">
    <p class='ocr_par' dir='ltr' id='par_1_31' title="bbox 2183 1620 3739 1699">
     <span class='ocr_line' id='line_1_31' title="bbox 2183 1620 3739 1699; baseline -0.007 -15"><span class='ocrx_word' id='word_1_240' title='bbox 2183 1643 2515 1699; x_wconf 84' lang='lat' dir='ltr'><strong>aperumque</strong></span> <span class='ocrx_word' id='word_1_241' title='bbox 2543 1627 2838 1682; x_wconf 85' lang='lat' dir='ltr'><strong>caelestium</strong></span> <span class='ocrx_word' id='word_1_242' title='bbox 2866 1625 3017 1694; x_wconf 90' lang='lat' dir='ltr'><strong>quasi</strong></span> <span class='ocrx_word' id='word_1_243' title='bbox 3046 1624 3279 1692; x_wconf 87' lang='lat' dir='ltr'><strong>quodam</strong></span> <span class='ocrx_word' id='word_1_244' title='bbox 3322 1623 3543 1690; x_wconf 85' lang='lat' dir='ltr'><strong>remigio</strong></span> <span class='ocrx_word' id='word_1_245' title='bbox 3569 1620 3739 1675; x_wconf 84' lang='lat' dir='ltr'><strong>salutis</strong></span> 
     </span>
    </p>
   </div>
   <div class='ocr_carea' id='block_1_32' title="bbox 2185 1710 3736 1784">
    <p class='ocr_par' dir='ltr' id='par_1_32' title="bbox 2185 1710 3736 1784">
     <span class='ocr_line' id='line_1_32' title="bbox 2185 1710 3736 1784; baseline -0.006 -12"><span class='ocrx_word' id='word_1_246' title='bbox 2185 1733 2455 1773; x_wconf 83' lang='lat' dir='ltr'><strong>exerceas.</strong></span> <span class='ocrx_word' id='word_1_247' title='bbox 2496 1715 2789 1784; x_wconf 86' lang='lat' dir='ltr'><strong>Corporalis</strong></span> <span class='ocrx_word' id='word_1_248' title='bbox 2816 1715 2969 1778; x_wconf 87' lang='lat' dir='ltr'><strong>enim,</strong></span> <span class='ocrx_word' id='word_1_249' title='bbox 3002 1713 3191 1781; x_wconf 90' lang='lat' dir='ltr'><strong>inquit,</strong></span> <span class='ocrx_word' id='word_1_250' title='bbox 3220 1711 3521 1765; x_wconf 66' lang='lat' dir='ltr'><strong>exercitatio</strong></span> <span class='ocrx_word' id='word_1_251' title='bbox 3547 1710 3612 1763; x_wconf 85' lang='lat' dir='ltr'><strong>ad</strong></span> <span class='ocrx_word' id='word_1_252' title='bbox 3635 1727 3736 1763; x_wconf 82' lang='lat' dir='ltr'><strong>mo-</strong></span> 
     </span>
    </p>
   </div>
   <div class='ocr_carea' id='block_1_33' title="bbox 512 1802 3739 1897">
    <p class='ocr_par' dir='ltr' id='par_1_33' title="bbox 512 1802 3739 1897">
     <span class='ocr_line' id='line_1_33' title="bbox 512 1802 3739 1897; baseline -0.008 -17"><span class='ocrx_word' id='word_1_253' title='bbox 512 1835 727 1897; x_wconf 86' lang='lat' dir='ltr'><strong>petrant</strong></span> <span class='ocrx_word' id='word_1_254' title='bbox 754 1842 784 1879; x_wconf 90' lang='lat' dir='ltr'><strong>a</strong></span> <span class='ocrx_word' id='word_1_255' title='bbox 812 1826 922 1879; x_wconf 93' lang='lat' dir='ltr'><strong>Deo</strong></span> <span class='ocrx_word' id='word_1_256' title='bbox 946 1825 969 1877; x_wconf 85' lang='lat'><strong>?</strong></span> <span class='ocrx_word' id='word_1_257' title='bbox 995 1838 1114 1890; x_wconf 77' lang='lat' dir='ltr'><strong>quae</strong></span> <span class='ocrx_word' id='word_1_258' title='bbox 1142 1819 1339 1888; x_wconf 83' lang='lat' dir='ltr'><strong>legenti</strong></span> <span class='ocrx_word' id='word_1_259' title='bbox 1366 1817 1497 1871; x_wconf 93' lang='lat' dir='ltr'><strong>mihi</strong></span> <span class='ocrx_word' id='word_1_260' title='bbox 1527 1814 1921 1870; x_wconf 88' lang='lat' dir='ltr'><strong>ﬁorescentium</strong></span> <span class='ocrx_word' id='word_1_261' title='bbox 1952 1813 2003 1865; x_wconf 91' lang='lat' dir='ltr'><strong>in</strong></span> <span class='ocrx_word' id='word_1_262' title='bbox 2035 1819 2087 1866; x_wconf 92' lang='lat' dir='ltr'><strong>te</strong></span> <span class='ocrx_word' id='word_1_263' title='bbox 2117 1810 2163 1870; x_wconf 89' lang='lat' dir='ltr'><strong>B</strong></span> <span class='ocrx_word' id='word_1_264' title='bbox 2189 1810 2377 1871; x_wconf 72' lang='lat' dir='ltr'><strong>dirum,</strong></span> <span class='ocrx_word' id='word_1_265' title='bbox 2407 1823 2529 1862; x_wconf 90' lang='lat' dir='ltr'><strong>nam</strong></span> <span class='ocrx_word' id='word_1_266' title='bbox 2558 1808 2723 1876; x_wconf 85' lang='lat' dir='ltr'><strong>pietas</strong></span> <span class='ocrx_word' id='word_1_267' title='bbox 2752 1805 2819 1858; x_wconf 91' lang='lat' dir='ltr'><strong>ad</strong></span> <span class='ocrx_word' id='word_1_268' title='bbox 2848 1806 3021 1858; x_wconf 83' lang='lat' dir='ltr'><strong>omnia</strong></span> <span class='ocrx_word' id='word_1_269' title='bbox 3046 1804 3185 1857; x_wconf 83' lang='lat' dir='ltr'><strong>utilis</strong></span> <span class='ocrx_word' id='word_1_270' title='bbox 3229 1811 3304 1856; x_wconf 86' lang='lat' dir='ltr'><strong>est</strong></span> <span class='ocrx_word' id='word_1_271' title='bbox 3329 1813 3355 1852; x_wconf 77' lang='grc' dir='ltr'><strong>ι³</strong></span> <span class='ocrx_word' id='word_1_272' title='bbox 3375 1844 3390 1870; x_wconf 88' lang='grc'><strong>,</strong></span> <span class='ocrx_word' id='word_1_273' title='bbox 3413 1817 3529 1872; x_wconf 86' lang='lat' dir='ltr'><strong>quae</strong></span> <span class='ocrx_word' id='word_1_274' title='bbox 3556 1810 3606 1856; x_wconf 90' lang='lat' dir='ltr'><strong>te</strong></span> <span class='ocrx_word' id='word_1_275' title='bbox 3627 1802 3739 1855; x_wconf 86' lang='lat' dir='ltr'><strong>sab-</strong></span> 
     </span>
    </p>
   </div>
   <div class='ocr_carea' id='block_1_34' title="bbox 512 1902 2088 1987">
    <p class='ocr_par' dir='ltr' id='par_1_34' title="bbox 512 1902 2088 1987">
     <span class='ocr_line' id='line_1_34' title="bbox 512 1902 2088 1987; baseline -0.011 -16"><span class='ocrx_word' id='word_1_276' title='bbox 512 1919 799 1987; x_wconf 89' lang='lat' dir='ltr'><strong>gratiarum</strong></span> <span class='ocrx_word' id='word_1_277' title='bbox 828 1915 942 1979; x_wconf 90' lang='lat' dir='ltr'><strong>Dei,</strong></span> <span class='ocrx_word' id='word_1_278' title='bbox 971 1914 1189 1983; x_wconf 88' lang='lat' dir='ltr'><strong>jamque</strong></span> <span class='ocrx_word' id='word_1_279' title='bbox 1209 1907 1545 1980; x_wconf 88' lang='lat' dir='ltr'><strong>operantium</strong></span> <span class='ocrx_word' id='word_1_280' title='bbox 1570 1905 1825 1958; x_wconf 90' lang='lat' dir='ltr'><strong>virtutum</strong></span> <span class='ocrx_word' id='word_1_281' title='bbox 1849 1902 2088 1971; x_wconf 71' lang='lat' dir='ltr'><strong>praebent</strong></span> 
     </span>
    </p>
   </div>
   <div class='ocr_carea' id='block_1_35' title="bbox 511 2006 862 2077">
    <p class='ocr_par' dir='ltr' id='par_1_35' title="bbox 511 2006 862 2077">
     <span class='ocr_line' id='line_1_35' title="bbox 511 2006 862 2077; baseline -0.011 -15"><span class='ocrx_word' id='word_1_282' title='bbox 511 2007 817 2077; x_wconf 84' lang='lat' dir='ltr'><strong>spectacula</strong></span> <span class='ocrx_word' id='word_1_283' title='bbox 839 2006 862 2058; x_wconf 89' lang='lat'><strong>?</strong></span> 
     </span>
    </p>
   </div>
   <div class='ocr_carea' id='block_1_36' title="bbox 582 2079 2088 2165">
    <p class='ocr_par' dir='ltr' id='par_1_36' title="bbox 582 2079 2088 2165">
     <span class='ocr_line' id='line_1_36' title="bbox 582 2079 2088 2165; baseline -0.011 -13"><span class='ocrx_word' id='word_1_284' title='bbox 582 2098 636 2152; x_wconf 86' lang='lat'><strong>&#39;5.</strong></span> <span class='ocrx_word' id='word_1_285' title='bbox 676 2097 753 2151; x_wconf 89' lang='lat' dir='ltr'><strong>lbi</strong></span> <span class='ocrx_word' id='word_1_286' title='bbox 792 2094 1039 2165; x_wconf 88' lang='lat' dir='ltr'><strong>parvuli,</strong></span> <span class='ocrx_word' id='word_1_287' title='bbox 1090 2092 1204 2146; x_wconf 89' lang='lat' dir='ltr'><strong>sive</strong></span> <span class='ocrx_word' id='word_1_288' title='bbox 1233 2090 1395 2144; x_wconf 88' lang='lat' dir='ltr'><strong>etiam</strong></span> <span class='ocrx_word' id='word_1_289' title='bbox 1428 2086 1503 2157; x_wconf 90' lang='lat' dir='ltr'><strong>(b)</strong></span> <span class='ocrx_word' id='word_1_290' title='bbox 1542 2083 1763 2138; x_wconf 89' lang='lat' dir='ltr'><strong>adultuli</strong></span> <span class='ocrx_word' id='word_1_291' title='bbox 1800 2079 2088 2152; x_wconf 81' lang='lat' dir='ltr'><strong>Babylonis</strong></span> 
     </span>
    </p>
   </div>
   <div class='ocr_carea' id='block_1_37' title="bbox 514 2172 2089 2253">
    <p class='ocr_par' dir='ltr' id='par_1_37' title="bbox 514 2172 2089 2253">
     <span class='ocr_line' id='line_1_37' title="bbox 514 2172 2089 2253; baseline -0.011 -10"><span class='ocrx_word' id='word_1_292' title='bbox 514 2189 607 2242; x_wconf 89' lang='lat' dir='ltr'><strong>ﬁlii</strong></span> <span class='ocrx_word' id='word_1_293' title='bbox 634 2188 905 2243; x_wconf 88' lang='lat' dir='ltr'><strong>eliduntur</strong></span> <span class='ocrx_word' id='word_1_294' title='bbox 933 2185 998 2238; x_wconf 90' lang='lat' dir='ltr'><strong>ad</strong></span> <span class='ocrx_word' id='word_1_295' title='bbox 1028 2194 1235 2253; x_wconf 87' lang='lat' dir='ltr'><strong>petram</strong></span> <span class='ocrx_word' id='word_1_296' title='bbox 1268 2190 1289 2219; x_wconf 80' lang='grc' dir='ltr'><strong>ι</strong></span> <span class='ocrx_word' id='word_1_297' title='bbox 1315 2222 1330 2247; x_wconf 88' lang='grc'><strong>,</strong></span> <span class='ocrx_word' id='word_1_298' title='bbox 1360 2180 1489 2233; x_wconf 89' lang='lat' dir='ltr'><strong>vitia</strong></span> <span class='ocrx_word' id='word_1_299' title='bbox 1525 2177 1731 2231; x_wconf 90' lang='lat' dir='ltr'><strong>scilicet</strong></span> <span class='ocrx_word' id='word_1_300' title='bbox 1757 2172 2089 2229; x_wconf 81' lang='lat' dir='ltr'><strong>confusionis</strong></span> 
     </span>
    </p>
   </div>
   <div class='ocr_carea' id='block_1_38' title="bbox 512 2264 2087 2347">
    <p class='ocr_par' dir='ltr' id='par_1_38' title="bbox 512 2264 2087 2347">
     <span class='ocr_line' id='line_1_38' title="bbox 512 2264 2087 2347; baseline -0.012 -13"><span class='ocrx_word' id='word_1_301' title='bbox 512 2278 881 2347; x_wconf 80' lang='lat' dir='ltr'><strong>superbiaeque</strong></span> <span class='ocrx_word' id='word_1_302' title='bbox 903 2274 1180 2338; x_wconf 89' lang='lat' dir='ltr'><strong>secularis,</strong></span> <span class='ocrx_word' id='word_1_303' title='bbox 1201 2285 1318 2339; x_wconf 83' lang='lat' dir='ltr'><strong>quae</strong></span> <span class='ocrx_word' id='word_1_304' title='bbox 1344 2268 1631 2338; x_wconf 90' lang='lat' dir='ltr'><strong>proclivius</strong></span> <span class='ocrx_word' id='word_1_305' title='bbox 1653 2264 1780 2318; x_wconf 91' lang='lat' dir='ltr'><strong>ﬁdes</strong></span> <span class='ocrx_word' id='word_1_306' title='bbox 1802 2276 2087 2329; x_wconf 82' lang='lat' dir='ltr'><strong>congressa</strong></span> 
     </span>
    </p>
   </div>
   <div class='ocr_carea' id='block_1_39' title="bbox 513 2352 2089 2438">
    <p class='ocr_par' dir='ltr' id='par_1_39' title="bbox 513 2352 2089 2438">
     <span class='ocr_line' id='line_1_39' title="bbox 513 2352 2089 2438; baseline -0.012 -16"><span class='ocrx_word' id='word_1_307' title='bbox 513 2367 806 2438; x_wconf 90' lang='lat' dir='ltr'><strong>superabit,</strong></span> <span class='ocrx_word' id='word_1_308' title='bbox 838 2365 882 2419; x_wconf 93' lang='lat' dir='ltr'><strong>si</strong></span> <span class='ocrx_word' id='word_1_309' title='bbox 913 2364 964 2417; x_wconf 93' lang='lat' dir='ltr'><strong>in</strong></span> <span class='ocrx_word' id='word_1_310' title='bbox 990 2360 1296 2432; x_wconf 89' lang='lat' dir='ltr'><strong>primordiis</strong></span> <span class='ocrx_word' id='word_1_311' title='bbox 1326 2358 1394 2411; x_wconf 88' lang='lat' dir='ltr'><strong>ad</strong></span> <span class='ocrx_word' id='word_1_312' title='bbox 1417 2356 1686 2410; x_wconf 87' lang='lat' dir='ltr'><strong>Christum</strong></span> <span class='ocrx_word' id='word_1_313' title='bbox 1716 2353 1921 2407; x_wconf 87' lang='lat' dir='ltr'><strong>illidere</strong></span> <span class='ocrx_word' id='word_1_314' title='bbox 1948 2352 2089 2405; x_wconf 83' lang='lat' dir='ltr'><strong>anti-</strong></span> 
     </span>
    </p>
   </div>
   <div class='ocr_carea' id='block_1_40' title="bbox 513 2442 2091 2527">
    <p class='ocr_par' dir='ltr' id='par_1_40' title="bbox 513 2442 2091 2527">
     <span class='ocr_line' id='line_1_40' title="bbox 513 2442 2091 2527; baseline -0.011 -14"><span class='ocrx_word' id='word_1_315' title='bbox 513 2459 688 2527; x_wconf 88' lang='lat' dir='ltr'><strong>cipata</strong></span> <span class='ocrx_word' id='word_1_316' title='bbox 721 2453 1075 2510; x_wconf 83' lang='lat' dir='ltr'><strong>crescentium</strong></span> <span class='ocrx_word' id='word_1_317' title='bbox 1112 2449 1420 2504; x_wconf 87' lang='lat' dir='ltr'><strong>inﬁrmitate</strong></span> <span class='ocrx_word' id='word_1_318' title='bbox 1448 2444 1779 2515; x_wconf 83' lang='lat' dir='ltr'><strong>praecaverit.</strong></span> <span class='ocrx_word' id='word_1_319' title='bbox 1820 2442 1900 2497; x_wconf 89' lang='lat' dir='ltr'><strong>lbi</strong></span> <span class='ocrx_word' id='word_1_320' title='bbox 1927 2451 1982 2497; x_wconf 91' lang='lat' dir='ltr'><strong>et</strong></span> <span class='ocrx_word' id='word_1_321' title='bbox 2007 2457 2091 2497; x_wconf 87' lang='lat' dir='ltr'><strong>ce-</strong></span> 
     </span>
    </p>
   </div>
   <div class='ocr_carea' id='block_1_41' title="bbox 513 2531 2085 2607">
    <p class='ocr_par' dir='ltr' id='par_1_41' title="bbox 513 2531 2085 2607">
     <span class='ocr_line' id='line_1_41' title="bbox 513 2531 2085 2607; baseline -0.011 -5"><span class='ocrx_word' id='word_1_322' title='bbox 513 2548 597 2602; x_wconf 88' lang='lat' dir='ltr'><strong>dri</strong></span> <span class='ocrx_word' id='word_1_323' title='bbox 627 2545 810 2599; x_wconf 86' lang='lat' dir='ltr'><strong>Libani</strong></span> <span class='ocrx_word' id='word_1_324' title='bbox 840 2544 905 2597; x_wconf 91' lang='lat' dir='ltr'><strong>ad</strong></span> <span class='ocrx_word' id='word_1_325' title='bbox 934 2550 1132 2595; x_wconf 90' lang='lat' dir='ltr'><strong>terram</strong></span> <span class='ocrx_word' id='word_1_326' title='bbox 1161 2537 1417 2607; x_wconf 77' lang='lat' dir='ltr'><strong>depositae</strong></span> <span class='ocrx_word' id='word_1_327' title='bbox 1439 2534 1488 2602; x_wconf 74' lang='lat' dir='ltr'><strong>b,</strong></span> <span class='ocrx_word' id='word_1_328' title='bbox 1517 2543 1571 2589; x_wconf 92' lang='lat' dir='ltr'><strong>et</strong></span> <span class='ocrx_word' id='word_1_329' title='bbox 1599 2534 1652 2587; x_wconf 94' lang='lat' dir='ltr'><strong>in</strong></span> <span class='ocrx_word' id='word_1_330' title='bbox 1675 2548 1811 2588; x_wconf 81' lang='lat' dir='ltr'><strong>arcae</strong></span> <span class='ocrx_word' id='word_1_331' title='bbox 1831 2531 2085 2586; x_wconf 86' lang='lat' dir='ltr'><strong>fabricam</strong></span> 
     </span>
    </p>
   </div>
   <div class='ocr_carea' id='block_1_42' title="bbox 514 2621 2086 2705">
    <p class='ocr_par' dir='ltr' id='par_1_42' title="bbox 514 2621 2086 2705">
     <span class='ocr_line' id='line_1_42' title="bbox 514 2621 2086 2705; baseline -0.012 -14"><span class='ocrx_word' id='word_1_332' title='bbox 514 2636 828 2705; x_wconf 80' lang='lat' dir='ltr'><strong>compagine</strong></span> <span class='ocrx_word' id='word_1_333' title='bbox 856 2631 1096 2688; x_wconf 88' lang='lat' dir='ltr'><strong>caritatis</strong></span> <span class='ocrx_word' id='word_1_334' title='bbox 1117 2638 1333 2694; x_wconf 76' lang='lat' dir='ltr'><strong>erectae,</strong></span> <span class='ocrx_word' id='word_1_335' title='bbox 1357 2624 1541 2680; x_wconf 90' lang='lat' dir='ltr'><strong>mundi</strong></span> <span class='ocrx_word' id='word_1_336' title='bbox 1571 2624 1729 2692; x_wconf 91' lang='lat' dir='ltr'><strong>hujus</strong></span> <span class='ocrx_word' id='word_1_337' title='bbox 1763 2622 1954 2675; x_wconf 82' lang='lat' dir='ltr'><strong>ﬂuctus</strong></span> <span class='ocrx_word' id='word_1_338' title='bbox 1984 2621 2086 2673; x_wconf 89' lang='lat' dir='ltr'><strong>im-</strong></span> 
     </span>
    </p>
   </div>
   <div class='ocr_carea' id='block_1_43' title="bbox 513 2712 2086 2797">
    <p class='ocr_par' dir='ltr' id='par_1_43' title="bbox 513 2712 2086 2797">
     <span class='ocr_line' id='line_1_43' title="bbox 513 2712 2086 2797; baseline -0.01 -16"><span class='ocrx_word' id='word_1_339' title='bbox 513 2726 752 2797; x_wconf 89' lang='lat' dir='ltr'><strong>putribili</strong></span> <span class='ocrx_word' id='word_1_340' title='bbox 793 2724 988 2778; x_wconf 91' lang='lat' dir='ltr'><strong>robore</strong></span> <span class='ocrx_word' id='word_1_341' title='bbox 1027 2727 1230 2775; x_wconf 90' lang='lat' dir='ltr'><strong>secant.</strong></span> <span class='ocrx_word' id='word_1_342' title='bbox 1272 2718 1470 2771; x_wconf 84' lang='lat' dir='ltr'><strong>ibidem</strong></span> <span class='ocrx_word' id='word_1_343' title='bbox 1514 2716 1777 2770; x_wconf 79' lang='lat' dir='ltr'><strong>excitatus</strong></span> <span class='ocrx_word' id='word_1_344' title='bbox 1820 2712 2086 2775; x_wconf 90' lang='lat' dir='ltr'><strong>Christus,</strong></span> 
     </span>
    </p>
   </div>
   <div class='ocr_carea' id='block_1_44' title="bbox 514 2802 2087 2870">
    <p class='ocr_par' dir='ltr' id='par_1_44' title="bbox 514 2802 2087 2870">
     <span class='ocr_line' id='line_1_44' title="bbox 514 2802 2087 2870; baseline -0.011 1"><span class='ocrx_word' id='word_1_345' title='bbox 514 2824 575 2870; x_wconf 90' lang='lat' dir='ltr'><strong>ut</strong></span> <span class='ocrx_word' id='word_1_346' title='bbox 597 2814 906 2869; x_wconf 89' lang='lat' dir='ltr'><strong>directionis</strong></span> <span class='ocrx_word' id='word_1_347' title='bbox 928 2821 1029 2866; x_wconf 80' lang='lat' dir='ltr'><strong>tuae</strong></span> <span class='ocrx_word' id='word_1_348' title='bbox 1050 2824 1262 2864; x_wconf 85' lang='lat' dir='ltr'><strong>cursum</strong></span> <span class='ocrx_word' id='word_1_349' title='bbox 1282 2807 1347 2861; x_wconf 90' lang='lat' dir='ltr'><strong>ad</strong></span> <span class='ocrx_word' id='word_1_350' title='bbox 1366 2807 1713 2861; x_wconf 88' lang='lat' dir='ltr'><strong>stabilitatem</strong></span> <span class='ocrx_word' id='word_1_351' title='bbox 1734 2818 1884 2858; x_wconf 88' lang='lat' dir='ltr'><strong>suam</strong></span> <span class='ocrx_word' id='word_1_352' title='bbox 1906 2802 2087 2870; x_wconf 86' lang='lat' dir='ltr'><strong>ducat,</strong></span> 
     </span>
    </p>
   </div>
   <div class='ocr_carea' id='block_1_45' title="bbox 513 2893 2086 2971">
    <p class='ocr_par' dir='ltr' id='par_1_45' title="bbox 513 2893 2086 2971">
     <span class='ocr_line' id='line_1_45' title="bbox 513 2893 2086 2971; baseline -0.011 -7"><span class='ocrx_word' id='word_1_353' title='bbox 513 2917 706 2964; x_wconf 88' lang='lat' dir='ltr'><strong>ventos</strong></span> <span class='ocrx_word' id='word_1_354' title='bbox 733 2915 787 2961; x_wconf 91' lang='lat' dir='ltr'><strong>et</strong></span> <span class='ocrx_word' id='word_1_355' title='bbox 815 2906 980 2960; x_wconf 89' lang='lat' dir='ltr'><strong>maria</strong></span> <span class='ocrx_word' id='word_1_356' title='bbox 1021 2903 1115 2957; x_wconf 91' lang='lat' dir='ltr'><strong>tibi</strong></span> <span class='ocrx_word' id='word_1_357' title='bbox 1157 2902 1377 2971; x_wconf 88' lang='lat' dir='ltr'><strong>placans</strong></span> <span class='ocrx_word' id='word_1_358' title='bbox 1424 2898 1634 2953; x_wconf 89' lang='lat' dir='ltr'><strong>videtur</strong></span> <span class='ocrx_word' id='word_1_359' title='bbox 1669 2906 1713 2948; x_wconf 74' lang='grc' dir='ltr'><strong>ο.</strong></span> <span class='ocrx_word' id='word_1_360' title='bbox 1755 2893 1854 2949; x_wconf 92' lang='lat' dir='ltr'><strong>Cui</strong></span> <span class='ocrx_word' id='word_1_361' title='bbox 1893 2894 2003 2963; x_wconf 89' lang='lat' dir='ltr'><strong>jam</strong></span> <span class='ocrx_word' id='word_1_362' title='bbox 2034 2894 2086 2947; x_wconf 87' lang='lat' dir='ltr'><strong>in</strong></span> 
     </span>
    </p>
   </div>
   <div class='ocr_carea' id='block_1_46' title="bbox 513 2984 2089 3069">
    <p class='ocr_par' dir='ltr' id='par_1_46' title="bbox 513 2984 2089 3069">
     <span class='ocr_line' id='line_1_46' title="bbox 513 2984 2089 3069; baseline -0.011 -14"><span class='ocrx_word' id='word_1_363' title='bbox 513 3000 757 3069; x_wconf 89' lang='lat' dir='ltr'><strong>corporis</strong></span> <span class='ocrx_word' id='word_1_364' title='bbox 787 2998 861 3051; x_wconf 91' lang='lat' dir='ltr'><strong>tui</strong></span> <span class='ocrx_word' id='word_1_365' title='bbox 892 3010 1029 3049; x_wconf 90' lang='lat' dir='ltr'><strong>nave</strong></span> <span class='ocrx_word' id='word_1_366' title='bbox 1071 2992 1301 3047; x_wconf 90' lang='lat' dir='ltr'><strong>vectatio</strong></span> <span class='ocrx_word' id='word_1_367' title='bbox 1325 3029 1339 3053; x_wconf 94' lang='lat'><strong>,</strong></span> <span class='ocrx_word' id='word_1_368' title='bbox 1381 2997 1438 3043; x_wconf 89' lang='lat' dir='ltr'><strong>et</strong></span> <span class='ocrx_word' id='word_1_369' title='bbox 1465 2989 1517 3042; x_wconf 91' lang='lat' dir='ltr'><strong>in</strong></span> <span class='ocrx_word' id='word_1_370' title='bbox 1546 2995 1640 3042; x_wconf 90' lang='lat' dir='ltr'><strong>tuo</strong></span> <span class='ocrx_word' id='word_1_371' title='bbox 1668 2986 1830 3042; x_wconf 89' lang='lat' dir='ltr'><strong>corde</strong></span> <span class='ocrx_word' id='word_1_372' title='bbox 1859 2984 2089 3040; x_wconf 86' lang='lat' dir='ltr'><strong>cervical</strong></span> 
     </span>
    </p>
   </div>
   <div class='ocr_carea' id='block_1_47' title="bbox 513 3073 2088 3156">
    <p class='ocr_par' dir='ltr' id='par_1_47' title="bbox 513 3073 2088 3156">
     <span class='ocr_line' id='line_1_47' title="bbox 513 3073 2088 3156; baseline -0.01 -14"><span class='ocrx_word' id='word_1_373' title='bbox 513 3095 617 3155; x_wconf 88' lang='lat' dir='ltr'><strong>est,</strong></span> <span class='ocrx_word' id='word_1_374' title='bbox 639 3087 764 3156; x_wconf 87' lang='lat' dir='ltr'><strong>quia</strong></span> <span class='ocrx_word' id='word_1_375' title='bbox 790 3085 982 3138; x_wconf 83' lang='lat' dir='ltr'><strong>invenit</strong></span> <span class='ocrx_word' id='word_1_376' title='bbox 1008 3082 1114 3136; x_wconf 90' lang='lat' dir='ltr'><strong>illic</strong></span> <span class='ocrx_word' id='word_1_377' title='bbox 1142 3096 1319 3150; x_wconf 88' lang='lat' dir='ltr'><strong>passer</strong></span> <span class='ocrx_word' id='word_1_378' title='bbox 1345 3078 1551 3131; x_wconf 87' lang='lat' dir='ltr'><strong>domum</strong></span> <span class='ocrx_word' id='word_1_379' title='bbox 1577 3075 1674 3130; x_wconf 89' lang='lat' dir='ltr'><strong>sibi</strong></span> <span class='ocrx_word' id='word_1_380' title='bbox 1693 3074 1742 3138; x_wconf 76' lang='grc'><strong>(³,</strong></span> <span class='ocrx_word' id='word_1_381' title='bbox 1776 3083 1830 3129; x_wconf 90' lang='lat' dir='ltr'><strong>et</strong></span> <span class='ocrx_word' id='word_1_382' title='bbox 1850 3075 2011 3128; x_wconf 88' lang='lat' dir='ltr'><strong>habet</strong></span> <span class='ocrx_word' id='word_1_383' title='bbox 2033 3073 2088 3126; x_wconf 89' lang='lat' dir='ltr'><strong>in</strong></span> 
     </span>
    </p>
   </div>
   <div class='ocr_carea' id='block_1_48' title="bbox 513 3253 2084 3333">
    <p class='ocr_par' dir='ltr' id='par_1_48' title="bbox 513 3253 2084 3333">
     <span class='ocr_line' id='line_1_48' title="bbox 513 3253 2084 3333; baseline -0.01 -14"><span class='ocrx_word' id='word_1_384' title='bbox 513 3274 627 3320; x_wconf 88' lang='lat' dir='ltr'><strong>not.</strong></span> <span class='ocrx_word' id='word_1_385' title='bbox 657 3263 803 3333; x_wconf 75' lang='grc'>188),</span> <span class='ocrx_word' id='word_1_386' title='bbox 837 3278 942 3316; x_wconf 90' lang='lat' dir='ltr'><strong>non</strong></span> <span class='ocrx_word' id='word_1_387' title='bbox 969 3262 1039 3331; x_wconf 80' lang='grc' dir='ltr'><strong>(ε)</strong></span> <span class='ocrx_word' id='word_1_388' title='bbox 1068 3260 1175 3313; x_wconf 78' lang='lat' dir='ltr'><strong>dux</strong></span> <span class='ocrx_word' id='word_1_389' title='bbox 1204 3258 1269 3311; x_wconf 91' lang='lat' dir='ltr'><strong>ad</strong></span> <span class='ocrx_word' id='word_1_390' title='bbox 1290 3255 1677 3310; x_wconf 90' lang='lat' dir='ltr'><strong>mollitudinem</strong></span> <span class='ocrx_word' id='word_1_391' title='bbox 1700 3254 1783 3307; x_wconf 93' lang='lat' dir='ltr'><strong>vel</strong></span> <span class='ocrx_word' id='word_1_392' title='bbox 1806 3253 2084 3306; x_wconf 89' lang='lat' dir='ltr'><strong>avaritiam</strong></span> 
     </span>
    </p>
   </div>
   <div class='ocr_carea' id='block_1_49' title="bbox 514 3344 2085 3421">
    <p class='ocr_par' dir='ltr' id='par_1_49' title="bbox 514 3344 2085 3421">
     <span class='ocr_line' id='line_1_49' title="bbox 514 3344 2085 3421; baseline -0.008 -11"><span class='ocrx_word' id='word_1_393' title='bbox 514 3357 629 3409; x_wconf 91' lang='lat' dir='ltr'><strong>viro</strong></span> <span class='ocrx_word' id='word_1_394' title='bbox 650 3370 769 3421; x_wconf 89' lang='lat' dir='ltr'><strong>suo,</strong></span> <span class='ocrx_word' id='word_1_395' title='bbox 799 3354 891 3407; x_wconf 91' lang='lat' dir='ltr'><strong>sed</strong></span> <span class='ocrx_word' id='word_1_396' title='bbox 921 3352 989 3405; x_wconf 89' lang='lat' dir='ltr'><strong>ad</strong></span> <span class='ocrx_word' id='word_1_397' title='bbox 1010 3348 1394 3405; x_wconf 91' lang='lat' dir='ltr'><strong>continentiam</strong></span> <span class='ocrx_word' id='word_1_398' title='bbox 1425 3354 1479 3401; x_wconf 88' lang='lat' dir='ltr'><strong>et</strong></span> <span class='ocrx_word' id='word_1_399' title='bbox 1520 3344 1889 3399; x_wconf 88' lang='lat' dir='ltr'><strong>fortitudinem</strong></span> <span class='ocrx_word' id='word_1_400' title='bbox 1920 3344 2085 3399; x_wconf 80' lang='lat' dir='ltr'><strong>redux</strong></span> 
     </span>
    </p>
   </div>
   <div class='ocr_carea' id='block_1_50' title="bbox 513 3434 2086 3508">
    <p class='ocr_par' dir='ltr' id='par_1_50' title="bbox 513 3434 2086 3508">
     <span class='ocr_line' id='line_1_50' title="bbox 513 3434 2086 3508; baseline -0.008 -6"><span class='ocrx_word' id='word_1_401' title='bbox 513 3449 565 3502; x_wconf 91' lang='lat' dir='ltr'><strong>in</strong></span> <span class='ocrx_word' id='word_1_402' title='bbox 596 3462 717 3502; x_wconf 90' lang='lat' dir='ltr'><strong>ossa</strong></span> <span class='ocrx_word' id='word_1_403' title='bbox 746 3445 846 3499; x_wconf 91' lang='lat' dir='ltr'><strong>viri</strong></span> <span class='ocrx_word' id='word_1_404' title='bbox 887 3445 969 3498; x_wconf 89' lang='lat' dir='ltr'><strong>sui</strong></span> <span class='ocrx_word' id='word_1_405' title='bbox 996 3442 1012 3480; x_wconf 67' lang='grc' dir='ltr'><strong><em>τ</em></strong></span> <span class='ocrx_word' id='word_1_406' title='bbox 1042 3482 1057 3506; x_wconf 94' lang='grc'><strong>,</strong></span> <span class='ocrx_word' id='word_1_407' title='bbox 1108 3454 1298 3508; x_wconf 82' lang='lat' dir='ltr'><strong>magna</strong></span> <span class='ocrx_word' id='word_1_408' title='bbox 1342 3439 1432 3492; x_wconf 89' lang='lat' dir='ltr'><strong>illa</strong></span> <span class='ocrx_word' id='word_1_409' title='bbox 1473 3437 1637 3491; x_wconf 87' lang='lat' dir='ltr'><strong>divini</strong></span> <span class='ocrx_word' id='word_1_410' title='bbox 1683 3451 1803 3490; x_wconf 91' lang='lat' dir='ltr'><strong>cum</strong></span> <span class='ocrx_word' id='word_1_411' title='bbox 1850 3434 2086 3491; x_wconf 88' lang='lat' dir='ltr'><strong>Ecclesia</strong></span> 
     </span>
    </p>
   </div>
   <div class='ocr_carea' id='block_1_51' title="bbox 512 3527 2086 3605">
    <p class='ocr_par' dir='ltr' id='par_1_51' title="bbox 512 3527 2086 3605">
     <span class='ocr_line' id='line_1_51' title="bbox 512 3527 2086 3605; baseline -0.01 -12"><span class='ocrx_word' id='word_1_412' title='bbox 512 3537 745 3605; x_wconf 87' lang='lat' dir='ltr'><strong>conjugii</strong></span> <span class='ocrx_word' id='word_1_413' title='bbox 773 3534 1133 3598; x_wconf 80' lang='lat' dir='ltr'><strong>aemulatione,</strong></span> <span class='ocrx_word' id='word_1_414' title='bbox 1173 3529 1431 3585; x_wconf 89' lang='lat' dir='ltr'><strong>mirabilis</strong></span> <span class='ocrx_word' id='word_1_415' title='bbox 1461 3535 1545 3582; x_wconf 92' lang='lat' dir='ltr'><strong>est</strong></span> <span class='ocrx_word' id='word_1_416' title='bbox 1571 3536 1594 3573; x_wconf 78' lang='grc' dir='ltr'><strong>Β</strong></span> <span class='ocrx_word' id='word_1_417' title='bbox 1625 3544 1637 3579; x_wconf 87' lang='grc'>;</span> <span class='ocrx_word' id='word_1_418' title='bbox 1670 3540 1829 3594; x_wconf 89' lang='lat' dir='ltr'><strong>quam</strong></span> <span class='ocrx_word' id='word_1_419' title='bbox 1860 3527 1911 3579; x_wconf 91' lang='lat' dir='ltr'><strong>in</strong></span> <span class='ocrx_word' id='word_1_420' title='bbox 1940 3533 2086 3579; x_wconf 91' lang='lat' dir='ltr'><strong>tuam</strong></span> 
     </span>
    </p>
   </div>
   <div class='ocr_carea' id='block_1_52' title="bbox 513 3615 2086 3695">
    <p class='ocr_par' dir='ltr' id='par_1_52' title="bbox 513 3615 2086 3695">
     <span class='ocr_line' id='line_1_52' title="bbox 513 3615 2086 3695; baseline -0.009 -13"><span class='ocrx_word' id='word_1_421' title='bbox 513 3628 773 3683; x_wconf 86' lang='lat' dir='ltr'><strong>unitatem</strong></span> <span class='ocrx_word' id='word_1_422' title='bbox 798 3623 875 3695; x_wconf 81' lang='grc' dir='ltr'><strong>(ά)</strong></span> <span class='ocrx_word' id='word_1_423' title='bbox 908 3622 1181 3677; x_wconf 87' lang='lat' dir='ltr'><strong>redactam</strong></span> <span class='ocrx_word' id='word_1_424' title='bbox 1222 3634 1284 3675; x_wconf 89' lang='lat' dir='ltr'><strong>ac</strong></span> <span class='ocrx_word' id='word_1_425' title='bbox 1314 3617 1575 3672; x_wconf 86' lang='lat' dir='ltr'><strong>redditam</strong></span> <span class='ocrx_word' id='word_1_426' title='bbox 1600 3655 1614 3680; x_wconf 93' lang='lat'><strong>,</strong></span> <span class='ocrx_word' id='word_1_427' title='bbox 1660 3624 1716 3669; x_wconf 90' lang='lat' dir='ltr'><strong>et</strong></span> <span class='ocrx_word' id='word_1_428' title='bbox 1759 3615 2086 3684; x_wconf 87' lang='lat' dir='ltr'><strong>spiritalibus</strong></span> 
     </span>
    </p>
   </div>
   <div class='ocr_carea' id='block_1_53' title="bbox 513 3704 2087 3779">
    <p class='ocr_par' dir='ltr' id='par_1_53' title="bbox 513 3704 2087 3779">
     <span class='ocr_line' id='line_1_53' title="bbox 513 3704 2087 3779; baseline -0.009 -8"><span class='ocrx_word' id='word_1_429' title='bbox 513 3717 609 3771; x_wconf 90' lang='lat' dir='ltr'><strong>tibi</strong></span> <span class='ocrx_word' id='word_1_430' title='bbox 640 3722 789 3769; x_wconf 90' lang='lat' dir='ltr'><strong>tanto</strong></span> <span class='ocrx_word' id='word_1_431' title='bbox 820 3712 1162 3777; x_wconf 87' lang='lat' dir='ltr'><strong>ﬁrmioribus,</strong></span> <span class='ocrx_word' id='word_1_432' title='bbox 1185 3712 1388 3779; x_wconf 77' lang='lat' dir='ltr'><strong>qua‘nto</strong></span> <span class='ocrx_word' id='word_1_433' title='bbox 1414 3705 1732 3761; x_wconf 89' lang='lat' dir='ltr'><strong>castioribus</strong></span> <span class='ocrx_word' id='word_1_434' title='bbox 1762 3704 1985 3759; x_wconf 82' lang='lat' dir='ltr'><strong>nexibus</strong></span> <span class='ocrx_word' id='word_1_435' title='bbox 2004 3718 2087 3757; x_wconf 90' lang='lat' dir='ltr'><strong>ca-</strong></span> 
     </span>
    </p>
   </div>
   <div class='ocr_carea' id='block_1_54' title="bbox 510 3794 2086 3872">
    <p class='ocr_par' dir='ltr' id='par_1_54' title="bbox 510 3794 2086 3872">
     <span class='ocr_line' id='line_1_54' title="bbox 510 3794 2086 3872; baseline -0.01 -10"><span class='ocrx_word' id='word_1_436' title='bbox 510 3807 643 3862; x_wconf 90' lang='lat' dir='ltr'><strong>ritas</strong></span> <span class='ocrx_word' id='word_1_437' title='bbox 687 3803 885 3860; x_wconf 89' lang='lat' dir='ltr'><strong>Christi</strong></span> <span class='ocrx_word' id='word_1_438' title='bbox 926 3801 1182 3872; x_wconf 89' lang='lat' dir='ltr'><strong>copulat,</strong></span> <span class='ocrx_word' id='word_1_439' title='bbox 1232 3799 1283 3853; x_wconf 91' lang='lat' dir='ltr'><strong>in</strong></span> <span class='ocrx_word' id='word_1_440' title='bbox 1325 3797 1478 3867; x_wconf 87' lang='lat' dir='ltr'><strong>cujus</strong></span> <span class='ocrx_word' id='word_1_441' title='bbox 1513 3810 1708 3866; x_wconf 89' lang='lat' dir='ltr'><strong>corpus</strong></span> <span class='ocrx_word' id='word_1_442' title='bbox 1753 3794 2017 3849; x_wconf 90' lang='lat' dir='ltr'><strong>trausistis</strong></span> <span class='ocrx_word' id='word_1_443' title='bbox 2054 3808 2086 3847; x_wconf 84' lang='lat' dir='ltr'><strong>a</strong></span> 
     </span>
    </p>
   </div>
   <div class='ocr_carea' id='block_1_55' title="bbox 514 3905 713 3952">
    <p class='ocr_par' dir='ltr' id='par_1_55' title="bbox 514 3905 713 3952">
     <span class='ocr_line' id='line_1_55' title="bbox 514 3905 713 3952; baseline -0.015 0"><span class='ocrx_word' id='word_1_444' title='bbox 514 3905 713 3952; x_wconf 73' lang='grc' dir='ltr'><strong>νθδιιο.</strong></span> 
     </span>
    </p>
   </div>
   <div class='ocr_carea' id='block_1_56' title="bbox 579 3975 2084 4051">
    <p class='ocr_par' dir='ltr' id='par_1_56' title="bbox 579 3975 2084 4051">
     <span class='ocr_line' id='line_1_56' title="bbox 579 3975 2084 4051; baseline -0.004 -12"><span class='ocrx_word' id='word_1_445' title='bbox 579 3988 633 4040; x_wconf 73' lang='grc'><strong>4.</strong></span> <span class='ocrx_word' id='word_1_446' title='bbox 673 3983 943 4040; x_wconf 86' lang='lat' dir='ltr'><strong>Benedicti</strong></span> <span class='ocrx_word' id='word_1_447' title='bbox 960 3998 1057 4036; x_wconf 91' lang='lat' dir='ltr'><strong>vos</strong></span> <span class='ocrx_word' id='word_1_448' title='bbox 1072 3980 1317 4043; x_wconf 89' lang='lat' dir='ltr'><strong>Domino,</strong></span> <span class='ocrx_word' id='word_1_449' title='bbox 1334 3980 1417 4051; x_wconf 87' lang='lat' dir='ltr'><strong>qui</strong></span> <span class='ocrx_word' id='word_1_450' title='bbox 1437 3981 1555 4050; x_wconf 80' lang='lat' dir='ltr'><strong>fecit</strong></span> <span class='ocrx_word' id='word_1_451' title='bbox 1584 3988 1850 4049; x_wconf 85' lang='lat' dir='ltr'><strong>utrumque</strong></span> <span class='ocrx_word' id='word_1_452' title='bbox 1868 3996 2021 4033; x_wconf 85' lang='lat' dir='ltr'><strong>unum</strong></span> <span class='ocrx_word' id='word_1_453' title='bbox 2035 3975 2084 4043; x_wconf 72' lang='grc' dir='ltr'>δ,</span> 
     </span>
    </p>
   </div>
   <div class='ocr_carea' id='block_1_57' title="bbox 512 4068 2082 4141">
    <p class='ocr_par' dir='ltr' id='par_1_57' title="bbox 512 4068 2082 4141">
     <span class='ocr_line' id='line_1_57' title="bbox 512 4068 2082 4141; baseline -0.006 -9"><span class='ocrx_word' id='word_1_454' title='bbox 512 4078 733 4133; x_wconf 87' lang='lat' dir='ltr'><strong>condens</strong></span> <span class='ocrx_word' id='word_1_455' title='bbox 760 4077 813 4128; x_wconf 90' lang='lat' dir='ltr'><strong>in</strong></span> <span class='ocrx_word' id='word_1_456' title='bbox 844 4074 1162 4141; x_wconf 77' lang='lat' dir='ltr'><strong>semetipsum</strong></span> <span class='ocrx_word' id='word_1_457' title='bbox 1192 4071 1293 4124; x_wconf 85' lang='lat' dir='ltr'><strong>duo</strong></span> <span class='ocrx_word' id='word_1_458' title='bbox 1312 4109 1326 4132; x_wconf 97' lang='lat'><strong>,</strong></span> <span class='ocrx_word' id='word_1_459' title='bbox 1368 4071 1561 4139; x_wconf 79' lang='lat' dir='ltr'><strong>faciens</strong></span> <span class='ocrx_word' id='word_1_460' title='bbox 1594 4068 1853 4122; x_wconf 83' lang='lat' dir='ltr'><strong>mirabilia</strong></span> <span class='ocrx_word' id='word_1_461' title='bbox 1881 4072 2018 4124; x_wconf 86' lang='lat' dir='ltr'><strong>solus</strong></span> <span class='ocrx_word' id='word_1_462' title='bbox 2041 4069 2082 4132; x_wconf 79' lang='grc' dir='ltr'>ί,</span> 
     </span>
    </p>
   </div>
   <div class='ocr_carea' id='block_1_58' title="bbox 512 4156 2084 4236">
    <p class='ocr_par' dir='ltr' id='par_1_58' title="bbox 512 4156 2084 4236">
     <span class='ocr_line' id='line_1_58' title="bbox 512 4156 2084 4236; baseline -0.006 -16"><span class='ocrx_word' id='word_1_463' title='bbox 512 4167 602 4236; x_wconf 90' lang='lat' dir='ltr'><strong>qui</strong></span> <span class='ocrx_word' id='word_1_464' title='bbox 636 4163 899 4219; x_wconf 83' lang='lat' dir='ltr'><strong>convertit</strong></span> <span class='ocrx_word' id='word_1_465' title='bbox 935 4176 1041 4214; x_wconf 92' lang='lat' dir='ltr'><strong>non</strong></span> <span class='ocrx_word' id='word_1_466' title='bbox 1083 4159 1255 4212; x_wconf 91' lang='lat' dir='ltr'><strong>solum</strong></span> <span class='ocrx_word' id='word_1_467' title='bbox 1295 4158 1499 4210; x_wconf 90' lang='lat' dir='ltr'><strong>animas</strong></span> <span class='ocrx_word' id='word_1_468' title='bbox 1531 4156 1545 4207; x_wconf 86' lang='lat' dir='ltr'><strong>i</strong></span> <span class='ocrx_word' id='word_1_469' title='bbox 1582 4198 1597 4223; x_wconf 90' lang='lat'><strong>,</strong></span> <span class='ocrx_word' id='word_1_470' title='bbox 1644 4157 1740 4211; x_wconf 90' lang='lat' dir='ltr'><strong>sed</strong></span> <span class='ocrx_word' id='word_1_471' title='bbox 1766 4166 1820 4211; x_wconf 93' lang='lat' dir='ltr'><strong>et</strong></span> <span class='ocrx_word' id='word_1_472' title='bbox 1845 4157 2084 4226; x_wconf 78' lang='lat' dir='ltr'><strong>allectus,</strong></span> 
     </span>
    </p>
   </div>
   <div class='ocr_carea' id='block_1_59' title="bbox 511 4246 2087 4325">
    <p class='ocr_par' dir='ltr' id='par_1_59' title="bbox 511 4246 2087 4325">
     <span class='ocr_line' id='line_1_59' title="bbox 511 4246 2087 4325; baseline -0.008 -12"><span class='ocrx_word' id='word_1_473' title='bbox 511 4256 830 4325; x_wconf 87' lang='lat' dir='ltr'><strong>temporalia</strong></span> <span class='ocrx_word' id='word_1_474' title='bbox 858 4254 909 4306; x_wconf 92' lang='lat' dir='ltr'><strong>in</strong></span> <span class='ocrx_word' id='word_1_475' title='bbox 940 4258 1163 4305; x_wconf 82' lang='lat' dir='ltr'><strong>aeterna.</strong></span> <span class='ocrx_word' id='word_1_476' title='bbox 1197 4248 1267 4319; x_wconf 91' lang='lat' dir='ltr'><strong>(e)</strong></span> <span class='ocrx_word' id='word_1_477' title='bbox 1300 4246 1524 4301; x_wconf 83' lang='lat' dir='ltr'><strong>Manetis</strong></span> <span class='ocrx_word' id='word_1_478' title='bbox 1560 4262 1687 4303; x_wconf 89' lang='lat' dir='ltr'><strong>ecce</strong></span> <span class='ocrx_word' id='word_1_479' title='bbox 1716 4248 1875 4302; x_wconf 90' lang='lat' dir='ltr'><strong>iidem</strong></span> <span class='ocrx_word' id='word_1_480' title='bbox 1901 4248 2087 4317; x_wconf 91' lang='lat' dir='ltr'><strong>conju-</strong></span> 
     </span>
    </p>
   </div>
   <div class='ocr_carea' id='block_1_60' title="bbox 512 4337 2088 4419">
    <p class='ocr_par' dir='ltr' id='par_1_60' title="bbox 512 4337 2088 4419">
     <span class='ocr_line' id='line_1_60' title="bbox 512 4337 2088 4419; baseline -0.007 -15"><span class='ocrx_word' id='word_1_481' title='bbox 512 4365 625 4419; x_wconf 90' lang='lat' dir='ltr'><strong>ges,</strong></span> <span class='ocrx_word' id='word_1_482' title='bbox 654 4347 747 4417; x_wconf 92' lang='lat' dir='ltr'><strong>qui</strong></span> <span class='ocrx_word' id='word_1_483' title='bbox 768 4344 961 4410; x_wconf 81' lang='lat' dir='ltr'><strong>fuistis,</strong></span> <span class='ocrx_word' id='word_1_484' title='bbox 988 4341 1082 4396; x_wconf 85' lang='lat' dir='ltr'><strong>sed</strong></span> <span class='ocrx_word' id='word_1_485' title='bbox 1112 4356 1220 4394; x_wconf 91' lang='lat' dir='ltr'><strong>non</strong></span> <span class='ocrx_word' id='word_1_486' title='bbox 1251 4340 1321 4392; x_wconf 88' lang='lat' dir='ltr'><strong>ita</strong></span> <span class='ocrx_word' id='word_1_487' title='bbox 1350 4337 1605 4405; x_wconf 90' lang='lat' dir='ltr'><strong>conjuges</strong></span> <span class='ocrx_word' id='word_1_488' title='bbox 1632 4347 1691 4392; x_wconf 91' lang='lat' dir='ltr'><strong>ut</strong></span> <span class='ocrx_word' id='word_1_489' title='bbox 1712 4338 1887 4393; x_wconf 88' lang='lat' dir='ltr'><strong>fuistis</strong></span> <span class='ocrx_word' id='word_1_490' title='bbox 1913 4357 1928 4406; x_wconf 91' lang='lat'><strong>;</strong></span> <span class='ocrx_word' id='word_1_491' title='bbox 1960 4340 2088 4393; x_wconf 87' lang='lat' dir='ltr'><strong>estis</strong></span> 
     </span>
    </p>
   </div>
   <div class='ocr_carea' id='block_1_61' title="bbox 514 4428 2086 4510">
    <p class='ocr_par' dir='ltr' id='par_1_61' title="bbox 514 4428 2086 4510">
     <span class='ocr_line' id='line_1_61' title="bbox 514 4428 2086 4510; baseline -0.007 -15"><span class='ocrx_word' id='word_1_492' title='bbox 514 4440 636 4510; x_wconf 91' lang='lat' dir='ltr'><strong>ipsi,</strong></span> <span class='ocrx_word' id='word_1_493' title='bbox 661 4451 759 4492; x_wconf 90' lang='lat' dir='ltr'><strong>nec</strong></span> <span class='ocrx_word' id='word_1_494' title='bbox 788 4435 889 4503; x_wconf 89' lang='lat' dir='ltr'><strong>ipsi</strong></span> <span class='ocrx_word' id='word_1_495' title='bbox 915 4452 928 4487; x_wconf 91' lang='lat'>:</span> <span class='ocrx_word' id='word_1_496' title='bbox 961 4440 1016 4486; x_wconf 91' lang='lat' dir='ltr'><strong>et</strong></span> <span class='ocrx_word' id='word_1_497' title='bbox 1044 4431 1182 4486; x_wconf 89' lang='lat' dir='ltr'><strong>sicut</strong></span> <span class='ocrx_word' id='word_1_498' title='bbox 1208 4428 1478 4483; x_wconf 86' lang='lat' dir='ltr'><strong>Christum</strong></span> <span class='ocrx_word' id='word_1_499' title='bbox 1497 4466 1512 4490; x_wconf 92' lang='lat'><strong>,</strong></span> <span class='ocrx_word' id='word_1_500' title='bbox 1545 4428 1617 4481; x_wconf 92' lang='lat' dir='ltr'><strong>ita</strong></span> <span class='ocrx_word' id='word_1_501' title='bbox 1648 4436 1703 4481; x_wconf 90' lang='lat' dir='ltr'><strong>et</strong></span> <span class='ocrx_word' id='word_1_502' title='bbox 1729 4429 2086 4499; x_wconf 87' lang='lat' dir='ltr'><strong>vosmetipsos</strong></span> 
     </span>
    </p>
   </div>
   <div class='ocr_carea' id='block_1_62' title="bbox 2190 1893 3736 1967">
    <p class='ocr_par' dir='ltr' id='par_1_62' title="bbox 2190 1893 3736 1967">
     <span class='ocr_line' id='line_1_62' title="bbox 2190 1893 3736 1967; baseline -0.006 -13"><span class='ocrx_word' id='word_1_503' title='bbox 2190 1900 2324 1955; x_wconf 84' lang='lat' dir='ltr'><strong>didit</strong></span> <span class='ocrx_word' id='word_1_504' title='bbox 2344 1898 2576 1963; x_wconf 91' lang='lat' dir='ltr'><strong>Christo,</strong></span> <span class='ocrx_word' id='word_1_505' title='bbox 2598 1897 2967 1967; x_wconf 73' lang='lat' dir='ltr'><strong>praeferentem</strong></span> <span class='ocrx_word' id='word_1_506' title='bbox 2984 1896 3069 1949; x_wconf 87' lang='lat' dir='ltr'><strong>vel</strong></span> <span class='ocrx_word' id='word_1_507' title='bbox 3089 1896 3265 1965; x_wconf 83' lang='lat' dir='ltr'><strong>jacere</strong></span> <span class='ocrx_word' id='word_1_508' title='bbox 3283 1903 3341 1947; x_wconf 77' lang='lat' dir='ltr'><strong>in</strong></span> <span class='ocrx_word' id='word_1_509' title='bbox 3365 1894 3512 1947; x_wconf 88' lang='lat' dir='ltr'><strong>domo</strong></span> <span class='ocrx_word' id='word_1_510' title='bbox 3528 1893 3736 1958; x_wconf 87' lang='lat' dir='ltr'><strong>Domini,</strong></span> 
     </span>
    </p>
   </div>
   <div class='ocr_carea' id='block_1_63' title="bbox 2190 1986 3738 2060">
    <p class='ocr_par' dir='ltr' id='par_1_63' title="bbox 2190 1986 3738 2060">
     <span class='ocr_line' id='line_1_63' title="bbox 2190 1986 3738 2060; baseline -0.003 -19"><span class='ocrx_word' id='word_1_511' title='bbox 2190 2008 2340 2060; x_wconf 87' lang='lat' dir='ltr'><strong>qnam</strong></span> <span class='ocrx_word' id='word_1_512' title='bbox 2370 1991 2423 2043; x_wconf 91' lang='lat' dir='ltr'><strong>in</strong></span> <span class='ocrx_word' id='word_1_513' title='bbox 2451 1998 2774 2059; x_wconf 83' lang='lat' dir='ltr'><strong>peccatorum</strong></span> <span class='ocrx_word' id='word_1_514' title='bbox 2797 1987 3139 2040; x_wconf 81' lang='lat' dir='ltr'><strong>tabernaculis</strong></span> <span class='ocrx_word' id='word_1_515' title='bbox 3169 1996 3195 2035; x_wconf 73' lang='grc' dir='ltr'>τι</span> <span class='ocrx_word' id='word_1_516' title='bbox 3227 1986 3467 2039; x_wconf 89' lang='lat' dir='ltr'><strong>eminere</strong></span> <span class='ocrx_word' id='word_1_517' title='bbox 3490 2024 3503 2047; x_wconf 94' lang='lat'><strong>,</strong></span> <span class='ocrx_word' id='word_1_518' title='bbox 3544 1992 3595 2038; x_wconf 92' lang='lat' dir='ltr'><strong>et</strong></span> <span class='ocrx_word' id='word_1_519' title='bbox 3620 1999 3738 2037; x_wconf 91' lang='lat' dir='ltr'><strong>con-</strong></span> 
     </span>
    </p>
   </div>
   <div class='ocr_carea' id='block_1_64' title="bbox 2189 2072 3740 2149">
    <p class='ocr_par' dir='ltr' id='par_1_64' title="bbox 2189 2072 3740 2149">
     <span class='ocr_line' id='line_1_64' title="bbox 2189 2072 3740 2149; baseline -0.006 -14"><span class='ocrx_word' id='word_1_520' title='bbox 2189 2095 2397 2135; x_wconf 90' lang='lat' dir='ltr'><strong>servam</strong></span> <span class='ocrx_word' id='word_1_521' title='bbox 2421 2086 2567 2133; x_wconf 90' lang='lat' dir='ltr'><strong>tuam</strong></span> <span class='ocrx_word' id='word_1_522' title='bbox 2600 2079 2676 2149; x_wconf 90' lang='lat' dir='ltr'><strong>(g)</strong></span> <span class='ocrx_word' id='word_1_523' title='bbox 2708 2079 2762 2131; x_wconf 91' lang='lat' dir='ltr'><strong>in</strong></span> <span class='ocrx_word' id='word_1_524' title='bbox 2788 2077 3001 2131; x_wconf 88' lang='lat' dir='ltr'><strong>labores</strong></span> <span class='ocrx_word' id='word_1_525' title='bbox 3029 2089 3319 2144; x_wconf 89' lang='lat' dir='ltr'><strong>corporeos</strong></span> <span class='ocrx_word' id='word_1_526' title='bbox 3351 2089 3416 2128; x_wconf 77' lang='lat' dir='ltr'><strong>ex</strong></span> <span class='ocrx_word' id='word_1_527' title='bbox 3443 2072 3625 2128; x_wconf 78' lang='lat' dir='ltr'><strong>affectu</strong></span> <span class='ocrx_word' id='word_1_528' title='bbox 3650 2072 3740 2141; x_wconf 84' lang='lat' dir='ltr'><strong>spi-</strong></span> 
     </span>
    </p>
   </div>
   <div class='ocr_carea' id='block_1_65' title="bbox 2188 2162 3740 2238">
    <p class='ocr_par' dir='ltr' id='par_1_65' title="bbox 2188 2162 3740 2238">
     <span class='ocr_line' id='line_1_65' title="bbox 2188 2162 3740 2238; baseline -0.006 -14"><span class='ocrx_word' id='word_1_529' title='bbox 2188 2170 2329 2225; x_wconf 90' lang='lat' dir='ltr'><strong>ritali</strong></span> <span class='ocrx_word' id='word_1_530' title='bbox 2358 2184 2454 2238; x_wconf 91' lang='lat' dir='ltr'><strong>pro</strong></span> <span class='ocrx_word' id='word_1_531' title='bbox 2476 2178 2566 2222; x_wconf 90' lang='lat' dir='ltr'><strong>tua</strong></span> <span class='ocrx_word' id='word_1_532' title='bbox 2592 2168 2766 2221; x_wconf 88' lang='lat' dir='ltr'><strong>anima</strong></span> <span class='ocrx_word' id='word_1_533' title='bbox 2794 2165 3114 2235; x_wconf 84' lang='lat' dir='ltr'><strong>pignoravit,</strong></span> <span class='ocrx_word' id='word_1_534' title='bbox 3147 2172 3205 2217; x_wconf 92' lang='lat' dir='ltr'><strong>ut</strong></span> <span class='ocrx_word' id='word_1_535' title='bbox 3232 2165 3468 2233; x_wconf 87' lang='lat' dir='ltr'><strong>pretium</strong></span> <span class='ocrx_word' id='word_1_536' title='bbox 3500 2162 3740 2216; x_wconf 89' lang='lat' dir='ltr'><strong>libertatis</strong></span> 
     </span>
    </p>
   </div>
   <div class='ocr_carea' id='block_1_66' title="bbox 2189 2251 3739 2319">
    <p class='ocr_par' dir='ltr' id='par_1_66' title="bbox 2189 2251 3739 2319">
     <span class='ocr_line' id='line_1_66' title="bbox 2189 2251 3739 2319; baseline -0.006 -6"><span class='ocrx_word' id='word_1_537' title='bbox 2189 2270 2293 2313; x_wconf 84' lang='lat' dir='ltr'><strong>tuae</strong></span> <span class='ocrx_word' id='word_1_538' title='bbox 2322 2259 2521 2313; x_wconf 86' lang='lat' dir='ltr'><strong>faceret</strong></span> <span class='ocrx_word' id='word_1_539' title='bbox 2541 2257 2851 2311; x_wconf 88' lang='lat' dir='ltr'><strong>servitutem</strong></span> <span class='ocrx_word' id='word_1_540' title='bbox 2879 2271 3029 2309; x_wconf 89' lang='lat' dir='ltr'><strong>suam</strong></span> <span class='ocrx_word' id='word_1_541' title='bbox 3054 2271 3068 2319; x_wconf 91' lang='lat'><strong>;</strong></span> <span class='ocrx_word' id='word_1_542' title='bbox 3103 2270 3207 2308; x_wconf 91' lang='lat' dir='ltr'><strong>non</strong></span> <span class='ocrx_word' id='word_1_543' title='bbox 3236 2254 3324 2307; x_wconf 90' lang='lat' dir='ltr'><strong>illa</strong></span> <span class='ocrx_word' id='word_1_544' title='bbox 3360 2254 3413 2307; x_wconf 92' lang='lat' dir='ltr'><strong>in</strong></span> <span class='ocrx_word' id='word_1_545' title='bbox 3436 2251 3739 2308; x_wconf 89' lang='lat' dir='ltr'><strong>secularibus</strong></span> 
     </span>
    </p>
   </div>
   <div class='ocr_carea' id='block_1_67' title="bbox 2190 2344 3744 2417">
    <p class='ocr_par' dir='ltr' id='par_1_67' title="bbox 2190 2344 3744 2417">
     <span class='ocr_line' id='line_1_67' title="bbox 2190 2344 3744 2417; baseline -0.008 -13"><span class='ocrx_word' id='word_1_546' title='bbox 2190 2349 2417 2417; x_wconf 86' lang='lat' dir='ltr'><strong>negotiis</strong></span> <span class='ocrx_word' id='word_1_547' title='bbox 2454 2346 2652 2401; x_wconf 90' lang='lat' dir='ltr'><strong>mundo</strong></span> <span class='ocrx_word' id='word_1_548' title='bbox 2695 2356 2716 2384; x_wconf 80' lang='grc' dir='ltr'>ι’</span> <span class='ocrx_word' id='word_1_549' title='bbox 2747 2384 2761 2409; x_wconf 91' lang='grc'><strong>,</strong></span> <span class='ocrx_word' id='word_1_550' title='bbox 2812 2345 2907 2399; x_wconf 89' lang='lat' dir='ltr'><strong>sed</strong></span> <span class='ocrx_word' id='word_1_551' title='bbox 2948 2344 3165 2400; x_wconf 89' lang='lat' dir='ltr'><strong>Christo</strong></span> <span class='ocrx_word' id='word_1_552' title='bbox 3209 2344 3487 2408; x_wconf 86' lang='lat' dir='ltr'><strong>serviens,</strong></span> <span class='ocrx_word' id='word_1_553' title='bbox 3543 2348 3744 2413; x_wconf 89' lang='lat' dir='ltr'><strong>propter</strong></span> 
     </span>
    </p>
   </div>
   <div class='ocr_carea' id='block_1_68' title="bbox 2188 2429 3742 2506">
    <p class='ocr_par' dir='ltr' id='par_1_68' title="bbox 2188 2429 3742 2506">
     <span class='ocr_line' id='line_1_68' title="bbox 2188 2429 3742 2506; baseline -0.006 -15"><span class='ocrx_word' id='word_1_554' title='bbox 2188 2452 2349 2506; x_wconf 90' lang='lat' dir='ltr'><strong>quem</strong></span> <span class='ocrx_word' id='word_1_555' title='bbox 2378 2435 2633 2491; x_wconf 90' lang='lat' dir='ltr'><strong>mundum</strong></span> <span class='ocrx_word' id='word_1_556' title='bbox 2674 2436 2904 2504; x_wconf 89' lang='lat' dir='ltr'><strong>patitur,</strong></span> <span class='ocrx_word' id='word_1_557' title='bbox 2937 2448 3006 2488; x_wconf 91' lang='lat' dir='ltr'><strong>ne</strong></span> <span class='ocrx_word' id='word_1_558' title='bbox 3033 2444 3087 2488; x_wconf 93' lang='lat' dir='ltr'><strong>tu</strong></span> <span class='ocrx_word' id='word_1_559' title='bbox 3121 2433 3364 2503; x_wconf 89' lang='lat' dir='ltr'><strong>patiaris.</strong></span> <span class='ocrx_word' id='word_1_560' title='bbox 3407 2432 3542 2486; x_wconf 81' lang='lat' dir='ltr'><strong>Vere</strong></span> <span class='ocrx_word' id='word_1_561' title='bbox 3568 2474 3582 2494; x_wconf 92' lang='lat'><strong>,</strong></span> <span class='ocrx_word' id='word_1_562' title='bbox 3606 2429 3742 2499; x_wconf 81' lang='lat' dir='ltr'><strong>juxta</strong></span> 
     </span>
    </p>
   </div>
   <div class='ocr_carea' id='block_1_69' title="bbox 2189 2521 3741 2596">
    <p class='ocr_par' dir='ltr' id='par_1_69' title="bbox 2189 2521 3741 2596">
     <span class='ocr_line' id='line_1_69' title="bbox 2189 2521 3741 2596; baseline -0.006 -13"><span class='ocrx_word' id='word_1_563' title='bbox 2189 2528 2426 2583; x_wconf 91' lang='lat' dir='ltr'><strong>divinum</strong></span> <span class='ocrx_word' id='word_1_564' title='bbox 2455 2542 2590 2596; x_wconf 83' lang='lat' dir='ltr'><strong>Opus</strong></span> <span class='ocrx_word' id='word_1_565' title='bbox 2620 2534 2676 2581; x_wconf 91' lang='lat' dir='ltr'><strong>et</strong></span> <span class='ocrx_word' id='word_1_566' title='bbox 2704 2526 2924 2579; x_wconf 91' lang='lat' dir='ltr'><strong>verbum</strong></span> <span class='ocrx_word' id='word_1_567' title='bbox 2948 2565 2962 2587; x_wconf 91' lang='lat'><strong>,</strong></span> <span class='ocrx_word' id='word_1_568' title='bbox 2997 2524 3133 2577; x_wconf 90' lang='lat' dir='ltr'><strong>facta</strong></span> <span class='ocrx_word' id='word_1_569' title='bbox 3163 2525 3215 2576; x_wconf 92' lang='lat' dir='ltr'><strong>in</strong></span> <span class='ocrx_word' id='word_1_570' title='bbox 3244 2522 3567 2591; x_wconf 72' lang='lat' dir='ltr'><strong>at‘jutorium</strong></span> <span class='ocrx_word' id='word_1_571' title='bbox 3594 2521 3679 2575; x_wconf 91' lang='lat' dir='ltr'><strong>tibi</strong></span> <span class='ocrx_word' id='word_1_572' title='bbox 3700 2527 3741 2583; x_wconf 83' lang='lat'><strong>&#39;,</strong></span> 
     </span>
    </p>
   </div>
   <div class='ocr_carea' id='block_1_70' title="bbox 2190 2613 3744 2681">
    <p class='ocr_par' dir='ltr' id='par_1_70' title="bbox 2190 2613 3744 2681">
     <span class='ocr_line' id='line_1_70' title="bbox 2190 2613 3744 2681; baseline -0.006 -6"><span class='ocrx_word' id='word_1_573' title='bbox 2190 2630 2245 2675; x_wconf 92' lang='lat' dir='ltr'><strong>et</strong></span> <span class='ocrx_word' id='word_1_574' title='bbox 2292 2620 2358 2674; x_wconf 88' lang='lat' dir='ltr'><strong>ad</strong></span> <span class='ocrx_word' id='word_1_575' title='bbox 2409 2628 2460 2673; x_wconf 91' lang='lat' dir='ltr'><strong>te</strong></span> <span class='ocrx_word' id='word_1_576' title='bbox 2489 2619 2691 2672; x_wconf 85' lang='lat' dir='ltr'><strong>habens</strong></span> <span class='ocrx_word' id='word_1_577' title='bbox 2732 2616 3135 2671; x_wconf 85' lang='lat' dir='ltr'><strong>conversionem</strong></span> <span class='ocrx_word' id='word_1_578' title='bbox 3177 2628 3359 2681; x_wconf 71' lang='lat' dir='ltr'><strong>suam,</strong></span> <span class='ocrx_word' id='word_1_579' title='bbox 3385 2613 3449 2667; x_wconf 91' lang='lat' dir='ltr'><strong>de</strong></span> <span class='ocrx_word' id='word_1_580' title='bbox 3496 2621 3619 2666; x_wconf 88' lang='lat' dir='ltr'><strong>nutu</strong></span> <span class='ocrx_word' id='word_1_581' title='bbox 3663 2618 3744 2665; x_wconf 90' lang='lat' dir='ltr'><strong>tuo</strong></span> 
     </span>
    </p>
   </div>
   <div class='ocr_carea' id='block_1_71' title="bbox 2188 2703 3739 2783">
    <p class='ocr_par' dir='ltr' id='par_1_71' title="bbox 2188 2703 3739 2783">
     <span class='ocr_line' id='line_1_71' title="bbox 2188 2703 3739 2783; baseline -0.008 -16"><span class='ocrx_word' id='word_1_582' title='bbox 2188 2712 2406 2783; x_wconf 87' lang='lat' dir='ltr'><strong>pendet,</strong></span> <span class='ocrx_word' id='word_1_583' title='bbox 2428 2720 2483 2765; x_wconf 91' lang='lat' dir='ltr'><strong>et</strong></span> <span class='ocrx_word' id='word_1_584' title='bbox 2503 2711 2555 2764; x_wconf 89' lang='lat' dir='ltr'><strong>in</strong></span> <span class='ocrx_word' id='word_1_585' title='bbox 2577 2719 2669 2764; x_wconf 90' lang='lat' dir='ltr'><strong>tuo</strong></span> <span class='ocrx_word' id='word_1_586' title='bbox 2689 2716 2832 2764; x_wconf 85' lang='lat' dir='ltr'><strong>statu</strong></span> <span class='ocrx_word' id='word_1_587' title='bbox 2851 2707 3010 2771; x_wconf 91' lang='lat' dir='ltr'><strong>sistit,</strong></span> <span class='ocrx_word' id='word_1_588' title='bbox 3043 2706 3094 2759; x_wconf 90' lang='lat' dir='ltr'><strong>in</strong></span> <span class='ocrx_word' id='word_1_589' title='bbox 3116 2705 3361 2773; x_wconf 88' lang='lat' dir='ltr'><strong>vestigiis</strong></span> <span class='ocrx_word' id='word_1_590' title='bbox 3383 2705 3485 2759; x_wconf 89' lang='lat' dir='ltr'><strong>tuis</strong></span> <span class='ocrx_word' id='word_1_591' title='bbox 3505 2703 3739 2765; x_wconf 89' lang='lat' dir='ltr'><strong>ambulat,</strong></span> 
     </span>
    </p>
   </div>
   <div class='ocr_carea' id='block_1_72' title="bbox 2190 2795 3744 2867">
    <p class='ocr_par' dir='ltr' id='par_1_72' title="bbox 2190 2795 3744 2867">
     <span class='ocr_line' id='line_1_72' title="bbox 2190 2795 3744 2867; baseline -0.007 -10"><span class='ocrx_word' id='word_1_592' title='bbox 2190 2804 2244 2857; x_wconf 92' lang='lat' dir='ltr'><strong>in</strong></span> <span class='ocrx_word' id='word_1_593' title='bbox 2270 2804 2446 2857; x_wconf 89' lang='lat' dir='ltr'><strong>anima</strong></span> <span class='ocrx_word' id='word_1_594' title='bbox 2473 2809 2563 2855; x_wconf 89' lang='lat' dir='ltr'><strong>tua</strong></span> <span class='ocrx_word' id='word_1_595' title='bbox 2592 2803 2876 2861; x_wconf 90' lang='lat' dir='ltr'><strong>animatur,</strong></span> <span class='ocrx_word' id='word_1_596' title='bbox 2908 2813 3007 2867; x_wconf 93' lang='lat' dir='ltr'><strong>pro</strong></span> <span class='ocrx_word' id='word_1_597' title='bbox 3029 2797 3135 2850; x_wconf 92' lang='lat' dir='ltr'><strong>vita</strong></span> <span class='ocrx_word' id='word_1_598' title='bbox 3168 2798 3257 2849; x_wconf 79' lang='lat' dir='ltr'><strong>tua</strong></span> <span class='ocrx_word' id='word_1_599' title='bbox 3282 2795 3484 2862; x_wconf 86' lang='lat' dir='ltr'><strong>deﬁcit,</strong></span> <span class='ocrx_word' id='word_1_600' title='bbox 3515 2807 3572 2850; x_wconf 87' lang='lat' dir='ltr'><strong>ut</strong></span> <span class='ocrx_word' id='word_1_601' title='bbox 3596 2797 3643 2849; x_wconf 92' lang='lat' dir='ltr'><strong>in</strong></span> <span class='ocrx_word' id='word_1_602' title='bbox 3665 2803 3744 2847; x_wconf 88' lang='lat' dir='ltr'><strong>tua</strong></span> 
     </span>
    </p>
   </div>
   <div class='ocr_carea' id='block_1_73' title="bbox 2189 2886 3742 2951">
    <p class='ocr_par' dir='ltr' id='par_1_73' title="bbox 2189 2886 3742 2951">
     <span class='ocr_line' id='line_1_73' title="bbox 2189 2886 3742 2951; baseline -0.007 -5"><span class='ocrx_word' id='word_1_603' title='bbox 2189 2893 2297 2946; x_wconf 86' lang='lat' dir='ltr'><strong>vita</strong></span> <span class='ocrx_word' id='word_1_604' title='bbox 2327 2892 2596 2946; x_wconf 86' lang='lat' dir='ltr'><strong>reliciatur</strong></span> <span class='ocrx_word' id='word_1_605' title='bbox 2624 2892 2666 2943; x_wconf 71' lang='grc' dir='ltr'><strong>ί.</strong></span> <span class='ocrx_word' id='word_1_606' title='bbox 2697 2887 2862 2943; x_wconf 89' lang='lat' dir='ltr'><strong>Curat</strong></span> <span class='ocrx_word' id='word_1_607' title='bbox 2891 2887 2979 2940; x_wconf 91' lang='lat' dir='ltr'><strong>illa</strong></span> <span class='ocrx_word' id='word_1_608' title='bbox 3005 2886 3172 2940; x_wconf 89' lang='lat' dir='ltr'><strong>seculi</strong></span> <span class='ocrx_word' id='word_1_609' title='bbox 3201 2901 3385 2951; x_wconf 86' lang='lat' dir='ltr'><strong>curas,</strong></span> <span class='ocrx_word' id='word_1_610' title='bbox 3417 2901 3482 2941; x_wconf 90' lang='lat' dir='ltr'><strong>ne</strong></span> <span class='ocrx_word' id='word_1_611' title='bbox 3502 2894 3555 2939; x_wconf 92' lang='lat' dir='ltr'><strong>tu</strong></span> <span class='ocrx_word' id='word_1_612' title='bbox 3574 2897 3742 2946; x_wconf 89' lang='lat' dir='ltr'><strong>cures;</strong></span> 
     </span>
    </p>
   </div>
   <div class='ocr_carea' id='block_1_74' title="bbox 2190 2973 3744 3054">
    <p class='ocr_par' dir='ltr' id='par_1_74' title="bbox 2190 2973 3744 3054">
     <span class='ocr_line' id='line_1_74' title="bbox 2190 2973 3744 3054; baseline -0.008 -18"><span class='ocrx_word' id='word_1_613' title='bbox 2190 2984 2270 3054; x_wconf 85' lang='grc' dir='ltr'><strong>(Ιι)</strong></span> <span class='ocrx_word' id='word_1_614' title='bbox 2301 2983 2576 3053; x_wconf 90' lang='lat' dir='ltr'><strong>possidere</strong></span> <span class='ocrx_word' id='word_1_615' title='bbox 2603 2980 2833 3047; x_wconf 87' lang='lat' dir='ltr'><strong>videtur,</strong></span> <span class='ocrx_word' id='word_1_616' title='bbox 2860 2993 2928 3032; x_wconf 93' lang='lat' dir='ltr'><strong>ne</strong></span> <span class='ocrx_word' id='word_1_617' title='bbox 2967 2985 3021 3031; x_wconf 93' lang='lat' dir='ltr'><strong>tu</strong></span> <span class='ocrx_word' id='word_1_618' title='bbox 3048 2975 3377 3047; x_wconf 89' lang='lat' dir='ltr'><strong>possidearis</strong></span> <span class='ocrx_word' id='word_1_619' title='bbox 3402 2992 3433 3030; x_wconf 88' lang='lat' dir='ltr'><strong>a</strong></span> <span class='ocrx_word' id='word_1_620' title='bbox 3466 2973 3669 3038; x_wconf 90' lang='lat' dir='ltr'><strong>mundo,</strong></span> <span class='ocrx_word' id='word_1_621' title='bbox 3696 2978 3744 3026; x_wconf 85' lang='lat' dir='ltr'><strong>et</strong></span> 
     </span>
    </p>
   </div>
   <div class='ocr_carea' id='block_1_75' title="bbox 2192 3065 3743 3144">
    <p class='ocr_par' dir='ltr' id='par_1_75' title="bbox 2192 3065 3743 3144">
     <span class='ocr_line' id='line_1_75' title="bbox 2192 3065 3743 3144; baseline -0.008 -15"><span class='ocrx_word' id='word_1_622' title='bbox 2192 3083 2250 3129; x_wconf 90' lang='lat' dir='ltr'><strong>ut</strong></span> <span class='ocrx_word' id='word_1_623' title='bbox 2277 3076 2298 3106; x_wconf 82' lang='lat'><strong>&#39;</strong></span> <span class='ocrx_word' id='word_1_624' title='bbox 2327 3071 2648 3144; x_wconf 89' lang='lat' dir='ltr'><strong>possidearis</strong></span> <span class='ocrx_word' id='word_1_625' title='bbox 2676 3086 2706 3123; x_wconf 91' lang='lat' dir='ltr'><strong>a</strong></span> <span class='ocrx_word' id='word_1_626' title='bbox 2733 3070 2967 3123; x_wconf 88' lang='lat' dir='ltr'><strong>Christo.</strong></span> <span class='ocrx_word' id='word_1_627' title='bbox 3004 3067 3119 3121; x_wconf 90' lang='lat' dir='ltr'><strong>Non</strong></span> <span class='ocrx_word' id='word_1_628' title='bbox 3146 3066 3288 3120; x_wconf 91' lang='lat' dir='ltr'><strong>illam</strong></span> <span class='ocrx_word' id='word_1_629' title='bbox 3315 3081 3349 3119; x_wconf 90' lang='lat' dir='ltr'><strong>a</strong></span> <span class='ocrx_word' id='word_1_630' title='bbox 3375 3065 3640 3136; x_wconf 91' lang='lat' dir='ltr'><strong>proposito</strong></span> <span class='ocrx_word' id='word_1_631' title='bbox 3662 3071 3743 3117; x_wconf 85' lang='lat' dir='ltr'><strong>tuo</strong></span> 
     </span>
    </p>
   </div>
   <div class='ocr_carea' id='block_1_76' title="bbox 414 3157 3741 3243">
    <p class='ocr_par' dir='ltr' id='par_1_76' title="bbox 414 3157 3741 3243">
     <span class='ocr_line' id='line_1_76' title="bbox 414 3157 3741 3243; baseline -0.009 -8"><span class='ocrx_word' id='word_1_632' title='bbox 414 3170 417 3171; x_wconf 15' lang='grc' dir='ltr'><em>ν</em></span> <span class='ocrx_word' id='word_1_633' title='bbox 512 3188 595 3243; x_wconf 88' lang='lat' dir='ltr'><strong>te,</strong></span> <span class='ocrx_word' id='word_1_634' title='bbox 644 3178 730 3230; x_wconf 87' lang='lat' dir='ltr'><strong>ubi</strong></span> <span class='ocrx_word' id='word_1_635' title='bbox 752 3176 977 3229; x_wconf 88' lang='lat' dir='ltr'><strong>reclinet</strong></span> <span class='ocrx_word' id='word_1_636' title='bbox 1005 3180 1166 3241; x_wconf 87' lang='lat' dir='ltr'><strong>caput</strong></span> <span class='ocrx_word' id='word_1_637' title='bbox 1206 3184 1362 3225; x_wconf 90' lang='lat' dir='ltr'><strong>suum</strong></span> <span class='ocrx_word' id='word_1_638' title='bbox 1395 3178 1441 3220; x_wconf 80' lang='grc' dir='ltr'><strong>ο.</strong></span> <span class='ocrx_word' id='word_1_639' title='bbox 1482 3166 1593 3221; x_wconf 92' lang='lat' dir='ltr'><strong>lllic</strong></span> <span class='ocrx_word' id='word_1_640' title='bbox 1628 3177 1683 3220; x_wconf 88' lang='lat' dir='ltr'><strong>et</strong></span> <span class='ocrx_word' id='word_1_641' title='bbox 1707 3164 1903 3232; x_wconf 79' lang='lat' dir='ltr'><strong>conjux</strong></span> <span class='ocrx_word' id='word_1_642' title='bbox 1936 3165 1955 3194; x_wconf 89' lang='grc'>³</span> <span class='ocrx_word' id='word_1_643' title='bbox 1988 3163 2083 3233; x_wconf 80' lang='grc' dir='ltr'><strong>(γ.</strong></span> <span class='ocrx_word' id='word_1_644' title='bbox 2114 3165 2159 3227; x_wconf 89' lang='lat' dir='ltr'><strong>C</strong></span> <span class='ocrx_word' id='word_1_645' title='bbox 2189 3167 2394 3221; x_wconf 89' lang='lat' dir='ltr'><strong>discors</strong></span> <span class='ocrx_word' id='word_1_646' title='bbox 2420 3162 2657 3233; x_wconf 90' lang='lat' dir='ltr'><strong>abjungit</strong></span> <span class='ocrx_word' id='word_1_647' title='bbox 2676 3162 2941 3225; x_wconf 88' lang='lat' dir='ltr'><strong>voluntas,</strong></span> <span class='ocrx_word' id='word_1_648' title='bbox 2973 3158 3066 3213; x_wconf 90' lang='lat' dir='ltr'><strong>sed</strong></span> <span class='ocrx_word' id='word_1_649' title='bbox 3088 3157 3230 3226; x_wconf 93' lang='lat' dir='ltr'><strong>quod</strong></span> <span class='ocrx_word' id='word_1_650' title='bbox 3252 3159 3427 3226; x_wconf 78' lang='lat' dir='ltr'><strong>magis</strong></span> <span class='ocrx_word' id='word_1_651' title='bbox 3453 3158 3631 3211; x_wconf 90' lang='lat' dir='ltr'><strong>mirum</strong></span> <span class='ocrx_word' id='word_1_652' title='bbox 3651 3161 3741 3218; x_wconf 89' lang='lat' dir='ltr'><strong>est,</strong></span> 
     </span>
    </p>
   </div>
   <div class='ocr_carea' id='block_1_77' title="bbox 2184 3247 3741 3322">
    <p class='ocr_par' dir='ltr' id='par_1_77' title="bbox 2184 3247 3741 3322">
     <span class='ocr_line' id='line_1_77' title="bbox 2184 3247 3741 3322; baseline -0.01 -11"><span class='ocrx_word' id='word_1_653' title='bbox 2184 3271 2410 3311; x_wconf 88' lang='lat' dir='ltr'><strong>concors</strong></span> <span class='ocrx_word' id='word_1_654' title='bbox 2458 3253 2588 3308; x_wconf 88' lang='lat' dir='ltr'><strong>ﬁdes</strong></span> <span class='ocrx_word' id='word_1_655' title='bbox 2634 3267 2797 3322; x_wconf 91' lang='lat' dir='ltr'><strong>opere</strong></span> <span class='ocrx_word' id='word_1_656' title='bbox 2843 3251 3028 3306; x_wconf 91' lang='lat' dir='ltr'><strong>dividit</strong></span> <span class='ocrx_word' id='word_1_657' title='bbox 3071 3252 3353 3305; x_wconf 89' lang='lat' dir='ltr'><strong>voluntate</strong></span> <span class='ocrx_word' id='word_1_658' title='bbox 3404 3247 3741 3316; x_wconf 73' lang='lat' dir='ltr'><strong>coniunctam.</strong></span> 
     </span>
    </p>
   </div>
   <div class='ocr_carea' id='block_1_78' title="bbox 2184 3335 3745 3411">
    <p class='ocr_par' dir='ltr' id='par_1_78' title="bbox 2184 3335 3745 3411">
     <span class='ocr_line' id='line_1_78' title="bbox 2184 3335 3745 3411; baseline -0.008 -12"><span class='ocrx_word' id='word_1_659' title='bbox 2184 3346 2315 3399; x_wconf 87' lang='lat' dir='ltr'><strong>Nam</strong></span> <span class='ocrx_word' id='word_1_660' title='bbox 2344 3345 2460 3399; x_wconf 92' lang='lat' dir='ltr'><strong>sine</strong></span> <span class='ocrx_word' id='word_1_661' title='bbox 2489 3343 2652 3396; x_wconf 89' lang='lat' dir='ltr'><strong>animi</strong></span> <span class='ocrx_word' id='word_1_662' title='bbox 2681 3340 2991 3411; x_wconf 74' lang='lat' dir='ltr'><strong>captivitate</strong></span> <span class='ocrx_word' id='word_1_663' title='bbox 3019 3355 3132 3394; x_wconf 87' lang='lat' dir='ltr'><strong>rem</strong></span> <span class='ocrx_word' id='word_1_664' title='bbox 3159 3338 3491 3408; x_wconf 87' lang='lat' dir='ltr'><strong>captivitatis</strong></span> <span class='ocrx_word' id='word_1_665' title='bbox 3519 3337 3569 3390; x_wconf 92' lang='lat' dir='ltr'><strong>in</strong></span> <span class='ocrx_word' id='word_1_666' title='bbox 3598 3335 3745 3388; x_wconf 83' lang='lat' dir='ltr'><strong>liber-</strong></span> 
     </span>
    </p>
   </div>
   <div class='ocr_carea' id='block_1_79' title="bbox 2186 3427 3741 3503">
    <p class='ocr_par' dir='ltr' id='par_1_79' title="bbox 2186 3427 3741 3503">
     <span class='ocr_line' id='line_1_79' title="bbox 2186 3427 3741 3503; baseline -0.009 -13"><span class='ocrx_word' id='word_1_667' title='bbox 2186 3445 2294 3490; x_wconf 89' lang='lat' dir='ltr'><strong>tate</strong></span> <span class='ocrx_word' id='word_1_668' title='bbox 2322 3435 2540 3503; x_wconf 86' lang='lat' dir='ltr'><strong>spiritus</strong></span> <span class='ocrx_word' id='word_1_669' title='bbox 2560 3432 2949 3495; x_wconf 89' lang='lat' dir='ltr'><strong>administrans,</strong></span> <span class='ocrx_word' id='word_1_670' title='bbox 2973 3431 3195 3499; x_wconf 81' lang='lat' dir='ltr'><strong>ﬁrmavit</strong></span> <span class='ocrx_word' id='word_1_671' title='bbox 3214 3444 3403 3482; x_wconf 79' lang='lat' dir='ltr'><strong>manus</strong></span> <span class='ocrx_word' id='word_1_672' title='bbox 3428 3442 3545 3481; x_wconf 85' lang='lat' dir='ltr'><strong>suas</strong></span> <span class='ocrx_word' id='word_1_673' title='bbox 3563 3427 3612 3479; x_wconf 89' lang='lat' dir='ltr'><strong>in</strong></span> <span class='ocrx_word' id='word_1_674' title='bbox 3634 3438 3741 3491; x_wconf 84' lang='lat' dir='ltr'><strong>ope-</strong></span> 
     </span>
    </p>
   </div>
   <div class='ocr_carea' id='block_1_80' title="bbox 2183 3512 3744 3597">
    <p class='ocr_par' dir='ltr' id='par_1_80' title="bbox 2183 3512 3744 3597">
     <span class='ocr_line' id='line_1_80' title="bbox 2183 3512 3744 3597; baseline -0.012 -15"><span class='ocrx_word' id='word_1_675' title='bbox 2183 3546 2245 3583; x_wconf 88' lang='lat' dir='ltr'><strong>ra</strong></span> <span class='ocrx_word' id='word_1_676' title='bbox 2273 3530 2292 3560; x_wconf 83' lang='grc'><strong><em>⁶</em></strong></span> <span class='ocrx_word' id='word_1_677' title='bbox 2322 3527 2422 3597; x_wconf 71' lang='grc' dir='ltr'><strong>ιγ.</strong></span> <span class='ocrx_word' id='word_1_678' title='bbox 2455 3533 2567 3580; x_wconf 83' lang='grc' dir='ltr'>ιιοι.</span> <span class='ocrx_word' id='word_1_679' title='bbox 2601 3523 2725 3589; x_wconf 77' lang='grc'><strong>189)</strong></span> <span class='ocrx_word' id='word_1_680' title='bbox 2755 3524 3002 3586; x_wconf 89' lang='lat' dir='ltr'><strong>virtutis;</strong></span> <span class='ocrx_word' id='word_1_681' title='bbox 3044 3520 3254 3574; x_wconf 85' lang='lat' dir='ltr'><strong>brachia</strong></span> <span class='ocrx_word' id='word_1_682' title='bbox 3292 3536 3393 3572; x_wconf 83' lang='lat' dir='ltr'><strong>sua</strong></span> <span class='ocrx_word' id='word_1_683' title='bbox 3431 3516 3649 3573; x_wconf 73' lang='lat' dir='ltr'><strong>extendit</strong></span> <span class='ocrx_word' id='word_1_684' title='bbox 3683 3512 3744 3564; x_wconf 84' lang='lat' dir='ltr'><strong>ad</strong></span> 
     </span>
    </p>
   </div>
   <div class='ocr_carea' id='block_1_81' title="bbox 2184 3605 3746 3687">
    <p class='ocr_par' dir='ltr' id='par_1_81' title="bbox 2184 3605 3746 3687">
     <span class='ocr_line' id='line_1_81' title="bbox 2184 3605 3746 3687; baseline -0.011 -13"><span class='ocrx_word' id='word_1_685' title='bbox 2184 3620 2355 3687; x_wconf 83' lang='lat' dir='ltr'><strong>utilia,</strong></span> <span class='ocrx_word' id='word_1_686' title='bbox 2376 3620 2605 3671; x_wconf 78' lang='lat' dir='ltr'><strong>accincta</strong></span> <span class='ocrx_word' id='word_1_687' title='bbox 2635 3617 2835 3687; x_wconf 78' lang='lat' dir='ltr'><strong>fortiter</strong></span> <span class='ocrx_word' id='word_1_688' title='bbox 2867 3614 3063 3668; x_wconf 85' lang='lat' dir='ltr'><strong>lumbos</strong></span> <span class='ocrx_word' id='word_1_689' title='bbox 3089 3629 3209 3666; x_wconf 83' lang='lat' dir='ltr'><strong>suos</strong></span> <span class='ocrx_word' id='word_1_690' title='bbox 3231 3651 3246 3676; x_wconf 90' lang='lat'><strong>,</strong></span> <span class='ocrx_word' id='word_1_691' title='bbox 3286 3619 3335 3664; x_wconf 80' lang='lat' dir='ltr'><strong>et</strong></span> <span class='ocrx_word' id='word_1_692' title='bbox 3366 3627 3512 3665; x_wconf 78' lang='lat' dir='ltr'><strong>escas</strong></span> <span class='ocrx_word' id='word_1_693' title='bbox 3541 3605 3746 3679; x_wconf 65' lang='lat' dir='ltr'><strong>pigritia</strong></span> 
     </span>
    </p>
   </div>
   <div class='ocr_carea' id='block_1_82' title="bbox 2185 3702 3741 3777">
    <p class='ocr_par' dir='ltr' id='par_1_82' title="bbox 2185 3702 3741 3777">
     <span class='ocr_line' id='line_1_82' title="bbox 2185 3702 3741 3777; baseline -0.011 -13"><span class='ocrx_word' id='word_1_694' title='bbox 2185 3728 2289 3764; x_wconf 86' lang='lat' dir='ltr'><strong>non</strong></span> <span class='ocrx_word' id='word_1_695' title='bbox 2310 3710 2484 3773; x_wconf 83' lang='lat' dir='ltr'><strong>edens,</strong></span> <span class='ocrx_word' id='word_1_696' title='bbox 2518 3709 2658 3777; x_wconf 82' lang='lat' dir='ltr'><strong>facta</strong></span> <span class='ocrx_word' id='word_1_697' title='bbox 2687 3716 2762 3758; x_wconf 87' lang='lat' dir='ltr'><strong>est</strong></span> <span class='ocrx_word' id='word_1_698' title='bbox 2792 3705 2883 3758; x_wconf 85' lang='lat' dir='ltr'><strong>tibi</strong></span> <span class='ocrx_word' id='word_1_699' title='bbox 2909 3713 3166 3774; x_wconf 81' lang='lat' dir='ltr'><strong>tamquam</strong></span> <span class='ocrx_word' id='word_1_700' title='bbox 3195 3702 3361 3766; x_wconf 81' lang='lat' dir='ltr'><strong>navis,</strong></span> <span class='ocrx_word' id='word_1_701' title='bbox 3407 3716 3521 3770; x_wconf 71' lang='grc' dir='ltr'>ιιιιω</span> <span class='ocrx_word' id='word_1_702' title='bbox 3558 3710 3741 3752; x_wconf 82' lang='lat' dir='ltr'><strong>merca-</strong></span> 
     </span>
    </p>
   </div>
   <div class='ocr_carea' id='block_1_83' title="bbox 2185 3792 3745 3869">
    <p class='ocr_par' dir='ltr' id='par_1_83' title="bbox 2185 3792 3745 3869">
     <span class='ocr_line' id='line_1_83' title="bbox 2185 3792 3745 3869; baseline -0.008 -15"><span class='ocrx_word' id='word_1_703' title='bbox 2185 3811 2268 3854; x_wconf 79' lang='lat' dir='ltr'><strong>tur</strong></span> <span class='ocrx_word' id='word_1_704' title='bbox 2287 3818 2318 3853; x_wconf 80' lang='grc' dir='ltr'><strong>ιι</strong></span> <span class='ocrx_word' id='word_1_705' title='bbox 2346 3801 2663 3869; x_wconf 81' lang='lat' dir='ltr'><strong>longinquo;</strong></span> <span class='ocrx_word' id='word_1_706' title='bbox 2696 3796 2993 3850; x_wconf 87' lang='lat' dir='ltr'><strong>necessaria</strong></span> <span class='ocrx_word' id='word_1_707' title='bbox 3024 3793 3287 3848; x_wconf 89' lang='lat' dir='ltr'><strong>divisione</strong></span> <span class='ocrx_word' id='word_1_708' title='bbox 3313 3792 3550 3846; x_wconf 88' lang='lat' dir='ltr'><strong>reddens</strong></span> <span class='ocrx_word' id='word_1_709' title='bbox 3575 3803 3667 3859; x_wconf 87' lang='lat' dir='ltr'><strong>per</strong></span> <span class='ocrx_word' id='word_1_710' title='bbox 3691 3799 3745 3839; x_wconf 83' lang='lat' dir='ltr'><strong>se</strong></span> 
     </span>
    </p>
   </div>
   <div class='ocr_carea' id='block_1_84' title="bbox 2186 3882 3744 3956">
    <p class='ocr_par' dir='ltr' id='par_1_84' title="bbox 2186 3882 3744 3956">
     <span class='ocr_line' id='line_1_84' title="bbox 2186 3882 3744 3956; baseline -0.009 -12"><span class='ocrx_word' id='word_1_711' title='bbox 2186 3891 2379 3945; x_wconf 77' lang='lat' dir='ltr'><strong>Caesari</strong></span> <span class='ocrx_word' id='word_1_712' title='bbox 2409 3903 2527 3956; x_wconf 86' lang='lat' dir='ltr'><strong>quae</strong></span> <span class='ocrx_word' id='word_1_713' title='bbox 2551 3895 2675 3941; x_wconf 91' lang='lat' dir='ltr'><strong>sunt</strong></span> <span class='ocrx_word' id='word_1_714' title='bbox 2702 3885 2962 3950; x_wconf 70' lang='lat' dir='ltr'><strong>Cmsaris;</strong></span> <span class='ocrx_word' id='word_1_715' title='bbox 2995 3892 3085 3948; x_wconf 92' lang='lat' dir='ltr'><strong>ut,</strong></span> <span class='ocrx_word' id='word_1_716' title='bbox 3116 3897 3234 3952; x_wconf 86' lang='lat' dir='ltr'><strong>quae</strong></span> <span class='ocrx_word' id='word_1_717' title='bbox 3264 3882 3359 3936; x_wconf 87' lang='lat' dir='ltr'><strong>Dei</strong></span> <span class='ocrx_word' id='word_1_718' title='bbox 3390 3889 3554 3948; x_wconf 89' lang='lat' dir='ltr'><strong>sunt,</strong></span> <span class='ocrx_word' id='word_1_719' title='bbox 3584 3892 3673 3948; x_wconf 90' lang='lat' dir='ltr'><strong>per</strong></span> <span class='ocrx_word' id='word_1_720' title='bbox 3697 3883 3744 3927; x_wconf 85' lang='lat' dir='ltr'><strong>te</strong></span> 
     </span>
    </p>
   </div>
   <div class='ocr_carea' id='block_1_85' title="bbox 2192 3973 3744 4037">
    <p class='ocr_par' dir='ltr' id='par_1_85' title="bbox 2192 3973 3744 4037">
     <span class='ocr_line' id='line_1_85' title="bbox 2192 3973 3744 4037; baseline -0.01 -4"><span class='ocrx_word' id='word_1_721' title='bbox 2192 3980 2461 4034; x_wconf 88' lang='lat' dir='ltr'><strong>ministret</strong></span> <span class='ocrx_word' id='word_1_722' title='bbox 2488 3977 2599 4031; x_wconf 91' lang='lat' dir='ltr'><strong>Deo</strong></span> <span class='ocrx_word' id='word_1_723' title='bbox 2627 3984 2677 4030; x_wconf 82' lang='grc' dir='ltr'>ιι.</span> <span class='ocrx_word' id='word_1_724' title='bbox 2717 3974 2849 4029; x_wconf 88' lang='lat' dir='ltr'><strong>Nam</strong></span> <span class='ocrx_word' id='word_1_725' title='bbox 2878 3989 3000 4029; x_wconf 91' lang='lat' dir='ltr'><strong>cum</strong></span> <span class='ocrx_word' id='word_1_726' title='bbox 3034 3974 3306 4036; x_wconf 89' lang='lat' dir='ltr'><strong>tributum,</strong></span> <span class='ocrx_word' id='word_1_727' title='bbox 3336 3973 3483 4027; x_wconf 88' lang='lat' dir='ltr'><strong>sicut</strong></span> <span class='ocrx_word' id='word_1_728' title='bbox 3506 3973 3744 4037; x_wconf 88' lang='lat' dir='ltr'><strong>scriptum</strong></span> 
     </span>
    </p>
   </div>
   <div class='ocr_carea' id='block_1_86' title="bbox 2186 4064 3748 4133">
    <p class='ocr_par' dir='ltr' id='par_1_86' title="bbox 2186 4064 3748 4133">
     <span class='ocr_line' id='line_1_86' title="bbox 2186 4064 3748 4133; baseline -0.011 -8"><span class='ocrx_word' id='word_1_729' title='bbox 2186 4078 2269 4126; x_wconf 90' lang='lat' dir='ltr'><strong>est</strong></span> <span class='ocrx_word' id='word_1_730' title='bbox 2290 4079 2339 4133; x_wconf 82' lang='lat'><strong>&#39;,</strong></span> <span class='ocrx_word' id='word_1_731' title='bbox 2366 4067 2574 4122; x_wconf 89' lang='lat' dir='ltr'><strong>dederit</strong></span> <span class='ocrx_word' id='word_1_732' title='bbox 2594 4066 2679 4120; x_wconf 93' lang='lat' dir='ltr'><strong>cui</strong></span> <span class='ocrx_word' id='word_1_733' title='bbox 2706 4065 2867 4119; x_wconf 89' lang='lat' dir='ltr'><strong>debet</strong></span> <span class='ocrx_word' id='word_1_734' title='bbox 2893 4064 3145 4118; x_wconf 89' lang='lat' dir='ltr'><strong>tributum</strong></span> <span class='ocrx_word' id='word_1_735' title='bbox 3162 4105 3177 4131; x_wconf 94' lang='lat'><strong>,</strong></span> <span class='ocrx_word' id='word_1_736' title='bbox 3204 4071 3332 4117; x_wconf 90' lang='lat' dir='ltr'><strong>tunc</strong></span> <span class='ocrx_word' id='word_1_737' title='bbox 3353 4072 3414 4117; x_wconf 93' lang='lat' dir='ltr'><strong>et</strong></span> <span class='ocrx_word' id='word_1_738' title='bbox 3440 4076 3619 4116; x_wconf 83' lang='lat' dir='ltr'><strong>manus</strong></span> <span class='ocrx_word' id='word_1_739' title='bbox 3637 4070 3748 4111; x_wconf 80' lang='lat' dir='ltr'><strong>suas</strong></span> 
     </span>
    </p>
   </div>
   <div class='ocr_carea' id='block_1_87' title="bbox 2185 4154 3747 4230">
    <p class='ocr_par' dir='ltr' id='par_1_87' title="bbox 2185 4154 3747 4230">
     <span class='ocr_line' id='line_1_87' title="bbox 2185 4154 3747 4230; baseline -0.009 -16"><span class='ocrx_word' id='word_1_740' title='bbox 2185 4160 2491 4230; x_wconf 88' lang='lat' dir='ltr'><strong>adaperiens</strong></span> <span class='ocrx_word' id='word_1_741' title='bbox 2522 4159 2540 4188; x_wconf 90' lang='lat'>&quot;</span> <span class='ocrx_word' id='word_1_742' title='bbox 2572 4157 2787 4227; x_wconf 82' lang='lat' dir='ltr'><strong>pauperi</strong></span> <span class='ocrx_word' id='word_1_743' title='bbox 2822 4164 2871 4221; x_wconf 74' lang='grc' dir='ltr'><strong>ι,</strong></span> <span class='ocrx_word' id='word_1_744' title='bbox 2902 4163 2957 4209; x_wconf 88' lang='lat' dir='ltr'><strong>et</strong></span> <span class='ocrx_word' id='word_1_745' title='bbox 2985 4154 3213 4208; x_wconf 89' lang='lat' dir='ltr'><strong>fructum</strong></span> <span class='ocrx_word' id='word_1_746' title='bbox 3242 4154 3263 4185; x_wconf 82' lang='grc'>⁸</span> <span class='ocrx_word' id='word_1_747' title='bbox 3291 4167 3474 4221; x_wconf 78' lang='lat' dir='ltr'><strong>operae</strong></span> <span class='ocrx_word' id='word_1_748' title='bbox 3499 4165 3605 4206; x_wconf 80' lang='lat' dir='ltr'><strong>suae</strong></span> <span class='ocrx_word' id='word_1_749' title='bbox 3631 4161 3747 4218; x_wconf 81' lang='lat' dir='ltr'><strong>por-</strong></span> 
     </span>
    </p>
   </div>
   <div class='ocr_carea' id='block_1_88' title="bbox 2186 4240 3749 4318">
    <p class='ocr_par' dir='ltr' id='par_1_88' title="bbox 2186 4240 3749 4318">
     <span class='ocr_line' id='line_1_88' title="bbox 2186 4240 3749 4318; baseline -0.008 -14"><span class='ocrx_word' id='word_1_750' title='bbox 2186 4251 2365 4318; x_wconf 88' lang='lat' dir='ltr'><strong>rigens</strong></span> <span class='ocrx_word' id='word_1_751' title='bbox 2394 4247 2539 4317; x_wconf 92' lang='lat' dir='ltr'><strong>inopi</strong></span> <span class='ocrx_word' id='word_1_752' title='bbox 2563 4288 2578 4312; x_wconf 96' lang='lat'><strong>,</strong></span> <span class='ocrx_word' id='word_1_753' title='bbox 2606 4245 2848 4315; x_wconf 86' lang='lat' dir='ltr'><strong>spiritale</strong></span> <span class='ocrx_word' id='word_1_754' title='bbox 2876 4244 3103 4311; x_wconf 89' lang='lat' dir='ltr'><strong>vectigal</strong></span> <span class='ocrx_word' id='word_1_755' title='bbox 3133 4243 3367 4311; x_wconf 90' lang='lat' dir='ltr'><strong>pensitat</strong></span> <span class='ocrx_word' id='word_1_756' title='bbox 3393 4260 3409 4309; x_wconf 90' lang='lat'><strong>;</strong></span> <span class='ocrx_word' id='word_1_757' title='bbox 3456 4250 3512 4297; x_wconf 92' lang='lat' dir='ltr'><strong>et</strong></span> <span class='ocrx_word' id='word_1_758' title='bbox 3538 4240 3749 4296; x_wconf 84' lang='lat' dir='ltr'><strong>reditum</strong></span> 
     </span>
    </p>
   </div>
   <div class='ocr_carea' id='block_1_89' title="bbox 2188 4328 3753 4410">
    <p class='ocr_par' dir='ltr' id='par_1_89' title="bbox 2188 4328 3753 4410">
     <span class='ocr_line' id='line_1_89' title="bbox 2188 4328 3753 4410; baseline -0.01 -15"><span class='ocrx_word' id='word_1_759' title='bbox 2188 4337 2541 4410; x_wconf 89' lang='lat' dir='ltr'><strong>possessionis</strong></span> <span class='ocrx_word' id='word_1_760' title='bbox 2569 4336 2620 4389; x_wconf 92' lang='lat' dir='ltr'><strong>in</strong></span> <span class='ocrx_word' id='word_1_761' title='bbox 2643 4342 2745 4389; x_wconf 84' lang='lat' dir='ltr'><strong>tuae</strong></span> <span class='ocrx_word' id='word_1_762' title='bbox 2775 4334 2976 4388; x_wconf 83' lang='lat' dir='ltr'><strong>militiae</strong></span> <span class='ocrx_word' id='word_1_763' title='bbox 2997 4332 3317 4402; x_wconf 92' lang='lat' dir='ltr'><strong>stipendium</strong></span> <span class='ocrx_word' id='word_1_764' title='bbox 3342 4333 3599 4401; x_wconf 82' lang='lat' dir='ltr'><strong>suggerit,</strong></span> <span class='ocrx_word' id='word_1_765' title='bbox 3625 4328 3753 4383; x_wconf 86' lang='lat' dir='ltr'><strong>salu-</strong></span> 
     </span>
    </p>
   </div>
   <div class='ocr_carea' id='block_1_90' title="bbox 2189 4416 3755 4493">
    <p class='ocr_par' dir='ltr' id='par_1_90' title="bbox 2189 4416 3755 4493">
     <span class='ocr_line' id='line_1_90' title="bbox 2189 4416 3755 4493; baseline -0.009 -10"><span class='ocrx_word' id='word_1_766' title='bbox 2189 4430 2321 4483; x_wconf 88' lang='lat' dir='ltr'><strong>taris</strong></span> <span class='ocrx_word' id='word_1_767' title='bbox 2348 4432 2367 4463; x_wconf 80' lang='lat'><strong>’</strong></span> <span class='ocrx_word' id='word_1_768' title='bbox 2398 4426 2578 4481; x_wconf 89' lang='lat' dir='ltr'><strong>damni</strong></span> <span class='ocrx_word' id='word_1_769' title='bbox 2606 4425 2818 4479; x_wconf 88' lang='lat' dir='ltr'><strong>avarior</strong></span> <span class='ocrx_word' id='word_1_770' title='bbox 2847 4439 3004 4493; x_wconf 89' lang='lat' dir='ltr'><strong>quam</strong></span> <span class='ocrx_word' id='word_1_771' title='bbox 3048 4422 3220 4476; x_wconf 88' lang='lat' dir='ltr'><strong>letalis</strong></span> <span class='ocrx_word' id='word_1_772' title='bbox 3262 4422 3419 4477; x_wconf 88' lang='lat' dir='ltr'><strong>lucri.</strong></span> <span class='ocrx_word' id='word_1_773' title='bbox 3479 4421 3606 4487; x_wconf 84' lang='lat' dir='ltr'><strong>Quae</strong></span> <span class='ocrx_word' id='word_1_774' title='bbox 3642 4416 3755 4471; x_wconf 86' lang='lat' dir='ltr'><strong>talis</strong></span> 
     </span>
    </p>
   </div>
   <div class='ocr_carea' id='block_1_91' title="bbox 511 4506 3753 4600">
    <p class='ocr_par' dir='ltr' id='par_1_91' title="bbox 511 4506 3753 4600">
     <span class='ocr_line' id='line_1_91' title="bbox 511 4506 3753 4600; baseline -0.008 -16"><span class='ocrx_word' id='word_1_775' title='bbox 511 4532 620 4600; x_wconf 86' lang='lat' dir='ltr'><strong>jam</strong></span> <span class='ocrx_word' id='word_1_776' title='bbox 664 4524 963 4582; x_wconf 89' lang='lat' dir='ltr'><strong>secundum</strong></span> <span class='ocrx_word' id='word_1_777' title='bbox 1002 4535 1217 4577; x_wconf 84' lang='lat' dir='ltr'><strong>carnem</strong></span> <span class='ocrx_word' id='word_1_778' title='bbox 1263 4534 1371 4574; x_wconf 90' lang='lat' dir='ltr'><strong>non</strong></span> <span class='ocrx_word' id='word_1_779' title='bbox 1414 4518 1584 4573; x_wconf 90' lang='lat' dir='ltr'><strong>nostis</strong></span> <span class='ocrx_word' id='word_1_780' title='bbox 1614 4515 1662 4571; x_wconf 61' lang='grc' dir='ltr'><strong>κ.</strong></span> <span class='ocrx_word' id='word_1_781' title='bbox 1704 4516 1834 4571; x_wconf 68' lang='lat' dir='ltr'><strong>Haec</strong></span> <span class='ocrx_word' id='word_1_782' title='bbox 1876 4521 2089 4573; x_wconf 79' lang='lat' dir='ltr'><strong>mutatio</strong></span> <span class='ocrx_word' id='word_1_783' title='bbox 2120 4514 2166 4573; x_wconf 87' lang='grc'><strong>1)</strong></span> <span class='ocrx_word' id='word_1_784' title='bbox 2192 4528 2297 4587; x_wconf 89' lang='lat' dir='ltr'><strong>est,</strong></span> <span class='ocrx_word' id='word_1_785' title='bbox 2327 4518 2442 4589; x_wconf 80' lang='lat' dir='ltr'><strong>ﬁdit</strong></span> <span class='ocrx_word' id='word_1_786' title='bbox 2470 4519 2523 4571; x_wconf 89' lang='lat' dir='ltr'><strong>in</strong></span> <span class='ocrx_word' id='word_1_787' title='bbox 2545 4533 2605 4569; x_wconf 90' lang='lat' dir='ltr'><strong>ea</strong></span> <span class='ocrx_word' id='word_1_788' title='bbox 2625 4532 2714 4568; x_wconf 89' lang='lat' dir='ltr'><strong>cor</strong></span> <span class='ocrx_word' id='word_1_789' title='bbox 2735 4515 2908 4568; x_wconf 85' lang='lat' dir='ltr'><strong>mariti</strong></span> <span class='ocrx_word' id='word_1_790' title='bbox 2937 4514 3068 4583; x_wconf 82' lang='lat' dir='ltr'><strong>ejus.</strong></span> <span class='ocrx_word' id='word_1_791' title='bbox 3102 4509 3356 4582; x_wconf 84' lang='lat' dir='ltr'><strong>Operatnr</strong></span> <span class='ocrx_word' id='word_1_792' title='bbox 3374 4512 3532 4571; x_wconf 87' lang='lat' dir='ltr'><strong>enim,</strong></span> <span class='ocrx_word' id='word_1_793' title='bbox 3556 4518 3613 4563; x_wconf 87' lang='lat' dir='ltr'><strong>ut</strong></span> <span class='ocrx_word' id='word_1_794' title='bbox 3630 4506 3753 4562; x_wconf 83' lang='lat' dir='ltr'><strong>scri-</strong></span> 
     </span>
    </p>
   </div>
   <div class='ocr_carea' id='block_1_92' title="bbox 585 4624 3755 4695">
    <p class='ocr_par' dir='ltr' id='par_1_92' title="bbox 585 4624 3755 4695">
     <span class='ocr_line' id='line_1_92' title="bbox 585 4624 3755 4695; baseline -0.005 -6"><span class='ocrx_word' id='word_1_795' title='bbox 585 4647 611 4676; x_wconf 72' lang='grc' dir='ltr'><strong><em>λ</em></strong></span> <span class='ocrx_word' id='word_1_796' title='bbox 640 4635 780 4690; x_wconf 89' lang='lat' dir='ltr'><strong>Psal.</strong></span> <span class='ocrx_word' id='word_1_797' title='bbox 812 4649 1027 4693; x_wconf 73' lang='lat' dir='ltr'><strong>cum,</strong></span> <span class='ocrx_word' id='word_1_798' title='bbox 1058 4633 1110 4686; x_wconf 89' lang='lat'><strong>9.</strong></span> <span class='ocrx_word' id='word_1_799' title='bbox 1186 4628 1213 4668; x_wconf 67' lang='grc' dir='ltr'>δ</span> <span class='ocrx_word' id='word_1_800' title='bbox 1243 4628 1385 4683; x_wconf 92' lang='lat' dir='ltr'><strong>Psal.</strong></span> <span class='ocrx_word' id='word_1_801' title='bbox 1419 4643 1579 4683; x_wconf 75' lang='lat' dir='ltr'><strong>xxvm</strong></span> <span class='ocrx_word' id='word_1_802' title='bbox 1600 4669 1614 4691; x_wconf 96' lang='lat'><strong>,</strong></span> <span class='ocrx_word' id='word_1_803' title='bbox 1646 4626 1697 4680; x_wconf 84' lang='lat'><strong>5.</strong></span> <span class='ocrx_word' id='word_1_804' title='bbox 1778 4638 1801 4666; x_wconf 75' lang='grc' dir='ltr'>ε</span> <span class='ocrx_word' id='word_1_805' title='bbox 1824 4628 2012 4682; x_wconf 85' lang='lat' dir='ltr'><strong>Matth.</strong></span> <span class='ocrx_word' id='word_1_806' title='bbox 2044 4645 2154 4694; x_wconf 86' lang='lat' dir='ltr'><strong>vtn,</strong></span> <span class='ocrx_word' id='word_1_807' title='bbox 2180 4628 2286 4695; x_wconf 69' lang='lat'><strong>26;</strong></span> <span class='ocrx_word' id='word_1_808' title='bbox 2332 4629 2459 4683; x_wconf 91' lang='lat' dir='ltr'><strong>Luc.</strong></span> <span class='ocrx_word' id='word_1_809' title='bbox 2492 4645 2599 4692; x_wconf 87' lang='lat' dir='ltr'><strong>vut,</strong></span> <span class='ocrx_word' id='word_1_810' title='bbox 2625 4627 2713 4679; x_wconf 70' lang='grc'><strong>24.</strong></span> <span class='ocrx_word' id='word_1_811' title='bbox 2790 4624 2814 4663; x_wconf 78' lang='grc' dir='ltr'>ἀ</span> <span class='ocrx_word' id='word_1_812' title='bbox 2850 4624 2985 4678; x_wconf 86' lang='lat' dir='ltr'><strong>Psal.</strong></span> <span class='ocrx_word' id='word_1_813' title='bbox 3015 4640 3235 4695; x_wconf 52' lang='lat' dir='ltr'><strong>DXXXIII,</strong></span> <span class='ocrx_word' id='word_1_814' title='bbox 3262 4624 3314 4677; x_wconf 68' lang='grc'><strong>4.</strong></span> <span class='ocrx_word' id='word_1_815' title='bbox 3383 4635 3417 4695; x_wconf 65' lang='grc' dir='ltr'><strong>ξ</strong></span> <span class='ocrx_word' id='word_1_816' title='bbox 3447 4624 3755 4695; x_wconf 50' lang='lat' dir='ltr'><strong>Matium&quot;,</strong></span> 
     </span>
    </p>
   </div>
   <div class='ocr_carea' id='block_1_93' title="bbox 512 4696 2102 4769">
    <p class='ocr_par' dir='ltr' id='par_1_93' title="bbox 512 4696 2102 4769">
     <span class='ocr_line' id='line_1_93' title="bbox 512 4696 2102 4769; baseline -0.006 -8"><span class='ocrx_word' id='word_1_817' title='bbox 512 4708 601 4761; x_wconf 76' lang='lat'><strong>20.</strong></span> <span class='ocrx_word' id='word_1_818' title='bbox 681 4706 697 4744; x_wconf 80' lang='grc' dir='ltr'>ί</span> <span class='ocrx_word' id='word_1_819' title='bbox 728 4704 862 4758; x_wconf 90' lang='lat' dir='ltr'><strong>Gen.</strong></span> <span class='ocrx_word' id='word_1_820' title='bbox 895 4719 970 4769; x_wconf 87' lang='grc' dir='ltr'><strong>ιι,</strong></span> <span class='ocrx_word' id='word_1_821' title='bbox 1017 4700 1105 4755; x_wconf 77' lang='grc'><strong>25.</strong></span> <span class='ocrx_word' id='word_1_822' title='bbox 1184 4710 1213 4769; x_wconf 17' lang='lat'><strong>8,</strong></span> <span class='ocrx_word' id='word_1_823' title='bbox 1239 4698 1500 4769; x_wconf 83' lang='lat' dir='ltr'><strong>Ephes._v</strong></span> <span class='ocrx_word' id='word_1_824' title='bbox 1520 4739 1539 4769; x_wconf 14' lang='grc' dir='ltr'>,γ</span> <span class='ocrx_word' id='word_1_825' title='bbox 1568 4698 1652 4751; x_wconf 75' lang='grc'><strong>52.</strong></span> <span class='ocrx_word' id='word_1_826' title='bbox 1732 4696 1757 4735; x_wconf 73' lang='grc' dir='ltr'><strong>ιι</strong></span> <span class='ocrx_word' id='word_1_827' title='bbox 1786 4696 2010 4769; x_wconf 76' lang='lat' dir='ltr'><strong>Eph._n,</strong></span> <span class='ocrx_word' id='word_1_828' title='bbox 2039 4698 2102 4751; x_wconf 76' lang='grc' dir='ltr'>Η</span> 
     </span>
    </p>
   </div>
   <div class='ocr_carea' id='block_1_94' title="bbox 2186 4696 2326 4769">
    <p class='ocr_par' dir='ltr' id='par_1_94' title="bbox 2192 4699 2326 4769">
     <span class='ocr_line' id='line_1_94' title="bbox 2192 4699 2326 4769; baseline 0 -17"><span class='ocrx_word' id='word_1_829' title='bbox 2192 4708 2211 4752; x_wconf 86' lang='grc' dir='ltr'><strong>ι</strong></span> <span class='ocrx_word' id='word_1_830' title='bbox 2239 4699 2326 4769; x_wconf 71' lang='lat'><strong>15.</strong></span> 
     </span>
    </p>
   </div>
   <div class='ocr_carea' id='block_1_95' title="bbox 1357 4766 2898 4833">
    <p class='ocr_par' dir='ltr' id='par_1_95' title="bbox 1357 4766 2898 4833">
     <span class='ocr_line' id='line_1_95' title="bbox 1357 4766 2898 4833; baseline -0.001 -14"><span class='ocrx_word' id='word_1_831' title='bbox 1357 4778 1396 4805; x_wconf 77' lang='grc' dir='ltr'>ω</span> <span class='ocrx_word' id='word_1_832' title='bbox 1427 4766 1563 4821; x_wconf 87' lang='lat' dir='ltr'><strong>Psal.</strong></span> <span class='ocrx_word' id='word_1_833' title='bbox 1592 4784 1713 4833; x_wconf 82' lang='lat' dir='ltr'><strong>va,</strong></span> <span class='ocrx_word' id='word_1_834' title='bbox 1746 4769 1798 4820; x_wconf 84' lang='lat'><strong>6.</strong></span> <span class='ocrx_word' id='word_1_835' title='bbox 1832 4766 1839 4767; x_wconf 17' lang='lat'><em>7</em></span> <span class='ocrx_word' id='word_1_836' title='bbox 1875 4776 1899 4802; x_wconf 79' lang='grc' dir='ltr'><strong>ιι</strong></span> <span class='ocrx_word' id='word_1_837' title='bbox 1930 4766 2120 4821; x_wconf 85' lang='lat' dir='ltr'><strong>Matth.</strong></span> <span class='ocrx_word' id='word_1_838' title='bbox 2176 4784 2267 4833; x_wconf 83' lang='lat' dir='ltr'><strong>vn,</strong></span> <span class='ocrx_word' id='word_1_839' title='bbox 2298 4768 2384 4821; x_wconf 67' lang='grc' dir='ltr'><strong>ει.</strong></span> <span class='ocrx_word' id='word_1_840' title='bbox 2466 4778 2490 4804; x_wconf 92' lang='grc' dir='ltr'><strong>ο</strong></span> <span class='ocrx_word' id='word_1_841' title='bbox 2517 4766 2657 4820; x_wconf 83' lang='lat' dir='ltr'><strong>Psal.</strong></span> <span class='ocrx_word' id='word_1_842' title='bbox 2703 4783 2788 4829; x_wconf 79' lang='lat' dir='ltr'><strong>LX,</strong></span> <span class='ocrx_word' id='word_1_843' title='bbox 2846 4767 2898 4817; x_wconf 73' lang='grc'><strong>4.</strong></span> 
     </span>
    </p>
   </div>
   <div class='ocr_carea' id='block_1_96' title="bbox 1945 4829 2102 4904">
    <p class='ocr_par' dir='ltr' id='par_1_96' title="bbox 1945 4836 2102 4890">
     <span class='ocr_line' id='line_1_96' title="bbox 1945 4836 2102 4890; baseline -0.006 0"><span class='ocrx_word' id='word_1_844' title='bbox 1945 4840 1962 4873; x_wconf 74' lang='grc' dir='ltr'>ί</span> <span class='ocrx_word' id='word_1_845' title='bbox 2007 4836 2102 4890; x_wconf 83' lang='lat' dir='ltr'><strong>Gel</strong></span> 
     </span>
    </p>
   </div>
   <div class='ocr_carea' id='block_1_97' title="bbox 2186 4829 3754 4904">
    <p class='ocr_par' dir='ltr' id='par_1_97' title="bbox 2186 4829 3754 4904">
     <span class='ocr_line' id='line_1_97' title="bbox 2186 4829 3754 4904; baseline -0.006 -14"><span class='ocrx_word' id='word_1_846' title='bbox 2186 4829 2371 4904; x_wconf 64' lang='grc' dir='ltr'>ιιι,’16.</span> <span class='ocrx_word' id='word_1_847' title='bbox 2446 4847 2471 4873; x_wconf 76' lang='grc' dir='ltr'><strong>υ</strong></span> <span class='ocrx_word' id='word_1_848' title='bbox 2504 4836 2691 4890; x_wconf 83' lang='lat' dir='ltr'><strong>Matth.</strong></span> <span class='ocrx_word' id='word_1_849' title='bbox 2721 4851 2850 4899; x_wconf 71' lang='grc' dir='ltr'>χχιι,</span> <span class='ocrx_word' id='word_1_850' title='bbox 2882 4834 2943 4886; x_wconf 76' lang='grc'><strong>21</strong></span> <span class='ocrx_word' id='word_1_851' title='bbox 2975 4850 2989 4895; x_wconf 88' lang='lat'><strong>;</strong></span> <span class='ocrx_word' id='word_1_852' title='bbox 3031 4832 3197 4886; x_wconf 84' lang='lat' dir='ltr'><strong>Marc.</strong></span> <span class='ocrx_word' id='word_1_853' title='bbox 3227 4844 3327 4897; x_wconf 78' lang='lat' dir='ltr'><strong>xu,</strong></span> <span class='ocrx_word' id='word_1_854' title='bbox 3362 4831 3425 4883; x_wconf 85' lang='grc'>17</span> <span class='ocrx_word' id='word_1_855' title='bbox 3454 4870 3470 4897; x_wconf 86' lang='grc'><strong>,</strong></span> <span class='ocrx_word' id='word_1_856' title='bbox 3512 4829 3637 4883; x_wconf 89' lang='lat' dir='ltr'><strong>Luc.</strong></span> <span class='ocrx_word' id='word_1_857' title='bbox 3670 4843 3754 4889; x_wconf 76' lang='lat' dir='ltr'><strong>xx,</strong></span> 
     </span>
    </p>
   </div>
   <div class='ocr_carea' id='block_1_98' title="bbox 762 4768 1282 4833">
    <p class='ocr_par' dir='ltr' id='par_1_98' title="bbox 762 4768 1282 4833">
     <span class='ocr_line' id='line_1_98' title="bbox 762 4768 1282 4833; baseline -0.01 -8"><span class='ocrx_word' id='word_1_858' title='bbox 762 4773 777 4810; x_wconf 82' lang='lat'>1</span> <span class='ocrx_word' id='word_1_859' title='bbox 810 4768 963 4827; x_wconf 76' lang='lat' dir='ltr'><strong>Psal.</strong></span> <span class='ocrx_word' id='word_1_860' title='bbox 983 4786 1163 4833; x_wconf 79' lang='lat' dir='ltr'><strong>Lxxvt,</strong></span> <span class='ocrx_word' id='word_1_861' title='bbox 1196 4768 1282 4821; x_wconf 77' lang='lat' dir='ltr'><strong>il.</strong></span> 
     </span>
    </p>
   </div>
   <div class='ocr_carea' id='block_1_99' title="bbox 936 4835 1863 4902">
    <p class='ocr_par' dir='ltr' id='par_1_99' title="bbox 936 4835 1863 4902">
     <span class='ocr_line' id='line_1_99' title="bbox 936 4835 1863 4902; baseline -0.001 -11"><span class='ocrx_word' id='word_1_862' title='bbox 936 4851 957 4877; x_wconf 76' lang='grc' dir='ltr'>τ</span> <span class='ocrx_word' id='word_1_863' title='bbox 990 4837 1033 4892; x_wconf 92' lang='grc' dir='ltr'><strong>ιι</strong></span> <span class='ocrx_word' id='word_1_864' title='bbox 1063 4838 1197 4891; x_wconf 90' lang='lat' dir='ltr'><strong>Tim.</strong></span> <span class='ocrx_word' id='word_1_865' title='bbox 1232 4853 1301 4899; x_wconf 90' lang='grc' dir='ltr'><strong>ιι,</strong></span> <span class='ocrx_word' id='word_1_866' title='bbox 1334 4837 1386 4890; x_wconf 71' lang='grc'><strong>4.</strong></span> <span class='ocrx_word' id='word_1_867' title='bbox 1467 4846 1487 4871; x_wconf 84' lang='grc'>⁸</span> <span class='ocrx_word' id='word_1_868' title='bbox 1520 4835 1654 4890; x_wconf 89' lang='lat' dir='ltr'><strong>Gen.</strong></span> <span class='ocrx_word' id='word_1_869' title='bbox 1688 4852 1742 4902; x_wconf 90' lang='grc' dir='ltr'><strong>ιι,</strong></span> <span class='ocrx_word' id='word_1_870' title='bbox 1777 4835 1863 4890; x_wconf 75' lang='grc'><strong>18.</strong></span> 
     </span>
    </p>
   </div>
   <div class='ocr_carea' id='block_1_100' title="bbox 1212 4905 2089 4973">
    <p class='ocr_par' dir='ltr' id='par_1_100' title="bbox 1212 4905 2089 4973">
     <span class='ocr_line' id='line_1_100' title="bbox 1212 4905 2089 4973; baseline 0.003 -15"><span class='ocrx_word' id='word_1_871' title='bbox 1212 4916 1239 4942; x_wconf 77' lang='grc' dir='ltr'><strong>ι</strong></span> <span class='ocrx_word' id='word_1_872' title='bbox 1268 4905 1427 4961; x_wconf 89' lang='lat' dir='ltr'><strong>Prov.</strong></span> <span class='ocrx_word' id='word_1_873' title='bbox 1459 4922 1585 4960; x_wconf 72' lang='grc' dir='ltr'>χχιιι</span> <span class='ocrx_word' id='word_1_874' title='bbox 1612 4948 1626 4973; x_wconf 91' lang='grc'><strong>,</strong></span> <span class='ocrx_word' id='word_1_875' title='bbox 1654 4905 1722 4959; x_wconf 73' lang='grc'><strong>20</strong></span> <span class='ocrx_word' id='word_1_876' title='bbox 1743 4947 1758 4972; x_wconf 94' lang='grc'><strong>,</strong></span> <span class='ocrx_word' id='word_1_877' title='bbox 1791 4922 1898 4960; x_wconf 85' lang='lat' dir='ltr'><strong>sec.</strong></span> <span class='ocrx_word' id='word_1_878' title='bbox 1933 4905 2089 4961; x_wconf 78' lang='lat' dir='ltr'><strong>LXX.</strong></span> 
     </span>
    </p>
   </div>
   <div class='ocr_carea' id='block_1_101' title="bbox 586 5026 2081 5154">
    <p class='ocr_par' dir='ltr' id='par_1_101' title="bbox 586 5026 2081 5154">
     <span class='ocr_line' id='line_1_101' title="bbox 586 5026 2081 5154; baseline -0.004 -69"><span class='ocrx_word' id='word_1_879' title='bbox 586 5031 662 5154; x_wconf 54' lang='grc' dir='ltr'><strong>(αἶ</strong></span> <span class='ocrx_word' id='word_1_880' title='bbox 692 5029 846 5111; x_wconf 84' lang='lat' dir='ltr'><strong>Apud</strong></span> <span class='ocrx_word' id='word_1_881' title='bbox 867 5029 1217 5097; x_wconf 82' lang='lat' dir='ltr'><strong>Augustinum</strong></span> <span class='ocrx_word' id='word_1_882' title='bbox 1245 5027 1400 5096; x_wconf 84' lang='lat' dir='ltr'><strong>epist.</strong></span> <span class='ocrx_word' id='word_1_883' title='bbox 1425 5027 1493 5079; x_wconf 72' lang='lat'><strong>27</strong></span> <span class='ocrx_word' id='word_1_884' title='bbox 1516 5027 1580 5081; x_wconf 91' lang='lat' dir='ltr'><strong>ad</strong></span> <span class='ocrx_word' id='word_1_885' title='bbox 1607 5026 1906 5091; x_wconf 88' lang='lat' dir='ltr'><strong>Paulinum,</strong></span> <span class='ocrx_word' id='word_1_886' title='bbox 1934 5043 2081 5081; x_wconf 89' lang='lat' dir='ltr'><strong>num.</strong></span> 
     </span>
     <span class='ocr_line' id='line_1_102' title="bbox 666 5098 2081 5154; baseline -0.002 0"><span class='ocrx_word' id='word_1_887' title='bbox 666 5109 841 5154; x_wconf 77' lang='lat' dir='ltr'><strong>cantur</strong></span> <span class='ocrx_word' id='word_1_888' title='bbox 887 5108 1130 5154; x_wconf 85' lang='lat' dir='ltr'><strong>auantam</strong></span> <span class='ocrx_word' id='word_1_889' title='bbox 1179 5098 1497 5154; x_wconf 79' lang='lat' dir='ltr'><strong>onulentiam</strong></span> <span class='ocrx_word' id='word_1_890' title='bbox 1539 5098 1729 5150; x_wconf 89' lang='lat' dir='ltr'><strong>sinceri</strong></span> <span class='ocrx_word' id='word_1_891' title='bbox 1770 5098 1942 5152; x_wconf 87' lang='lat' dir='ltr'><strong>cordis</strong></span> <span class='ocrx_word' id='word_1_892' title='bbox 1996 5114 2081 5151; x_wconf 72' lang='lat' dir='ltr'><strong>ex-</strong></span> 
     </span>
    </p>
   </div>
   <div class='ocr_carea' id='block_1_102' title="bbox 512 5098 2087 5207">
    <p class='ocr_par' dir='ltr' id='par_1_102' title="bbox 512 5098 2087 5207">
     <span class='ocr_line' id='line_1_103' title="bbox 512 5098 2087 5207; baseline -0.003 -51"><span class='ocrx_word' id='word_1_893' title='bbox 512 5103 546 5157; x_wconf 81' lang='grc'><strong>5</strong></span> <span class='ocrx_word' id='word_1_894' title='bbox 572 5098 606 5207; x_wconf 35' lang='grc' dir='ltr'>,ἐ</span> <span class='ocrx_word' id='word_1_895' title='bbox 644 5098 841 5207; x_wconf 45' lang='lat' dir='ltr'><strong>leg&#39;igur</strong></span> <span class='ocrx_word' id='word_1_896' title='bbox 887 5108 1130 5171; x_wconf 84' lang='lat' dir='ltr'><strong>quantam</strong></span> <span class='ocrx_word' id='word_1_897' title='bbox 1179 5098 1497 5168; x_wconf 83' lang='lat' dir='ltr'><strong>opulentiam</strong></span> <span class='ocrx_word' id='word_1_898' title='bbox 1539 5098 1729 5150; x_wconf 89' lang='lat' dir='ltr'><strong>sinceri</strong></span> <span class='ocrx_word' id='word_1_899' title='bbox 1770 5098 1942 5152; x_wconf 87' lang='lat' dir='ltr'><strong>cordis</strong></span> <span class='ocrx_word' id='word_1_900' title='bbox 1996 5114 2087 5151; x_wconf 71' lang='lat' dir='ltr'><strong>ex-</strong></span> 
     </span>
     <span class='ocr_line' id='line_1_104' title="bbox 514 5188 710 5207; baseline 0 0"><span class='ocrx_word' id='word_1_901' title='bbox 514 5189 584 5207; x_wconf 64' lang='lat'><strong>...</strong></span> <span class='ocrx_word' id='word_1_902' title='bbox 609 5188 710 5207; x_wconf 80' lang='lat' dir='ltr'><strong>unn</strong></span> 
     </span>
    </p>
   </div>
   <div class='ocr_carea' id='block_1_103' title="bbox 512 5179 775 5228">
    <p class='ocr_par' dir='ltr' id='par_1_103' title="bbox 512 5179 775 5228">
     <span class='ocr_line' id='line_1_105' title="bbox 512 5179 775 5228; baseline -0.023 0"><span class='ocrx_word' id='word_1_903' title='bbox 512 5179 735 5228; x_wconf 74' lang='lat' dir='ltr'><strong>wstuant</strong></span> <span class='ocrx_word' id='word_1_904' title='bbox 764 5179 775 5223; x_wconf 76' lang='lat'>2</span> 
     </span>
    </p>
   </div>
   <div class='ocr_carea' id='block_1_104' title="bbox 610 5235 1866 5306">
    <p class='ocr_par' dir='ltr' id='par_1_104' title="bbox 610 5235 1866 5306">
     <span class='ocr_line' id='line_1_106' title="bbox 610 5235 1866 5306; baseline -0.003 -13"><span class='ocrx_word' id='word_1_905' title='bbox 610 5240 661 5306; x_wconf 91' lang='lat' dir='ltr'><strong>b)</strong></span> <span class='ocrx_word' id='word_1_906' title='bbox 692 5239 1081 5306; x_wconf 89' lang='lat' dir='ltr'><strong>Manuscriptus</strong></span> <span class='ocrx_word' id='word_1_907' title='bbox 1109 5236 1278 5306; x_wconf 77' lang='lat' dir='ltr'><strong>codex</strong></span> <span class='ocrx_word' id='word_1_908' title='bbox 1305 5235 1650 5306; x_wconf 78' lang='lat' dir='ltr'><strong>Viennensis,</strong></span> <span class='ocrx_word' id='word_1_909' title='bbox 1683 5236 1866 5289; x_wconf 76' lang='lat' dir='ltr'><strong>adulti.</strong></span> 
     </span>
    </p>
   </div>
   <div class='ocr_carea' id='block_1_105' title="bbox 608 5304 2087 5374">
    <p class='ocr_par' dir='ltr' id='par_1_105' title="bbox 608 5304 2087 5374">
     <span class='ocr_line' id='line_1_107' title="bbox 608 5304 2087 5374; baseline -0.002 -13"><span class='ocrx_word' id='word_1_910' title='bbox 608 5304 656 5374; x_wconf 75' lang='grc' dir='ltr'><strong>ο)</strong></span> <span class='ocrx_word' id='word_1_911' title='bbox 687 5304 998 5361; x_wconf 84' lang='lat' dir='ltr'><strong>Addidimus</strong></span> <span class='ocrx_word' id='word_1_912' title='bbox 1026 5305 1130 5358; x_wconf 78' lang='lat' dir='ltr'><strong>“dua;</strong></span> <span class='ocrx_word' id='word_1_913' title='bbox 1159 5321 1225 5359; x_wconf 84' lang='lat' dir='ltr'><strong>ex</strong></span> <span class='ocrx_word' id='word_1_914' title='bbox 1250 5305 1313 5359; x_wconf 73' lang='grc'><strong>21</strong></span> <span class='ocrx_word' id='word_1_915' title='bbox 1348 5321 1474 5359; x_wconf 91' lang='lat' dir='ltr'><strong>mss.</strong></span> <span class='ocrx_word' id='word_1_916' title='bbox 1506 5304 1811 5374; x_wconf 78' lang='lat' dir='ltr'><strong>codicibus,</strong></span> <span class='ocrx_word' id='word_1_917' title='bbox 1856 5304 1920 5358; x_wconf 86' lang='lat' dir='ltr'><strong>ad</strong></span> <span class='ocrx_word' id='word_1_918' title='bbox 1951 5319 2087 5374; x_wconf 83' lang='lat' dir='ltr'><strong>quos</strong></span> 
     </span>
    </p>
   </div>
   <div class='ocr_carea' id='block_1_106' title="bbox 511 5372 2081 5443">
    <p class='ocr_par' dir='ltr' id='par_1_106' title="bbox 511 5372 2081 5443">
     <span class='ocr_line' id='line_1_108' title="bbox 511 5372 2081 5443; baseline -0.005 -10"><span class='ocrx_word' id='word_1_919' title='bbox 511 5372 707 5434; x_wconf 79' lang='lat' dir='ltr'><strong>collata</strong></span> <span class='ocrx_word' id='word_1_920' title='bbox 751 5386 833 5431; x_wconf 89' lang='lat' dir='ltr'><strong>est</strong></span> <span class='ocrx_word' id='word_1_921' title='bbox 878 5376 935 5430; x_wconf 92' lang='lat' dir='ltr'><strong>S.</strong></span> <span class='ocrx_word' id='word_1_922' title='bbox 968 5375 1244 5442; x_wconf 85' lang='lat' dir='ltr'><strong>Augustini</strong></span> <span class='ocrx_word' id='word_1_923' title='bbox 1293 5375 1447 5443; x_wconf 87' lang='lat' dir='ltr'><strong>epist.</strong></span> <span class='ocrx_word' id='word_1_924' title='bbox 1500 5372 1568 5443; x_wconf 72' lang='lat'><strong>27</strong></span> <span class='ocrx_word' id='word_1_925' title='bbox 1612 5376 1662 5427; x_wconf 94' lang='lat' dir='ltr'><strong>in</strong></span> <span class='ocrx_word' id='word_1_926' title='bbox 1712 5376 1838 5428; x_wconf 84' lang='lat' dir='ltr'><strong>edit.</strong></span> <span class='ocrx_word' id='word_1_927' title='bbox 1886 5372 2081 5427; x_wconf 84' lang='lat' dir='ltr'><strong>Bened.</strong></span> 
     </span>
    </p>
   </div>
   <div class='ocr_carea' id='block_1_107' title="bbox 512 5442 2084 5515">
    <p class='ocr_par' dir='ltr' id='par_1_107' title="bbox 512 5442 2084 5515">
     <span class='ocr_line' id='line_1_109' title="bbox 512 5442 2084 5515; baseline -0.005 -12"><span class='ocrx_word' id='word_1_928' title='bbox 512 5448 712 5503; x_wconf 82' lang='lat' dir='ltr'><strong>Aberat</strong></span> <span class='ocrx_word' id='word_1_929' title='bbox 741 5447 854 5501; x_wconf 77' lang='lat' dir='ltr'><strong>haec</strong></span> <span class='ocrx_word' id='word_1_930' title='bbox 882 5462 986 5499; x_wconf 85' lang='lat' dir='ltr'><strong>vox</strong></span> <span class='ocrx_word' id='word_1_931' title='bbox 1020 5445 1212 5515; x_wconf 87' lang='lat' dir='ltr'><strong>(inquit</strong></span> <span class='ocrx_word' id='word_1_932' title='bbox 1239 5442 1573 5515; x_wconf 79' lang='lat' dir='ltr'><strong>Sacchinus),</strong></span> <span class='ocrx_word' id='word_1_933' title='bbox 1606 5443 1701 5515; x_wconf 68' lang='lat' dir='ltr'><strong>sed</strong></span> <span class='ocrx_word' id='word_1_934' title='bbox 1731 5452 1787 5515; x_wconf 82' lang='lat' dir='ltr'><strong>et</strong></span> <span class='ocrx_word' id='word_1_935' title='bbox 1819 5446 2084 5515; x_wconf 69' lang='lat' dir='ltr'><strong>sententia</strong></span> 
     </span>
    </p>
   </div>
   <div class='ocr_carea' id='block_1_108' title="bbox 512 5511 2084 5593">
    <p class='ocr_par' dir='ltr' id='par_1_108' title="bbox 512 5511 2084 5593">
     <span class='ocr_line' id='line_1_110' title="bbox 512 5511 2084 5593; baseline -0.006 -21"><span class='ocrx_word' id='word_1_936' title='bbox 512 5518 628 5593; x_wconf 73' lang='lat' dir='ltr'><strong>visa</strong></span> <span class='ocrx_word' id='word_1_937' title='bbox 673 5525 755 5593; x_wconf 82' lang='lat' dir='ltr'><strong>est</strong></span> <span class='ocrx_word' id='word_1_938' title='bbox 781 5511 1133 5593; x_wconf 49' lang='lat' dir='ltr'><strong>postulare,—</strong></span> <span class='ocrx_word' id='word_1_939' title='bbox 1168 5513 1408 5593; x_wconf 57' lang='lat' dir='ltr'><strong>ethabet</strong></span> <span class='ocrx_word' id='word_1_940' title='bbox 1435 5512 1692 5593; x_wconf 73' lang='lat' dir='ltr'><strong>epist._52</strong></span> <span class='ocrx_word' id='word_1_941' title='bbox 1721 5512 1884 5593; x_wconf 66' lang='lat' dir='ltr'><strong>(nunc</strong></span> <span class='ocrx_word' id='word_1_942' title='bbox 1910 5511 2084 5593; x_wconf 22' lang='lat' dir='ltr'><strong>27)AS.</strong></span> 
     </span>
    </p>
   </div>
   <div class='ocr_carea' id='block_1_109' title="bbox 512 5581 2089 5660">
    <p class='ocr_par' dir='ltr' id='par_1_109' title="bbox 512 5581 2089 5660">
     <span class='ocr_line' id='line_1_111' title="bbox 512 5581 2089 5660; baseline -0.006 -17"><span class='ocrx_word' id='word_1_943' title='bbox 512 5581 816 5657; x_wconf 66' lang='lat' dir='ltr'><strong>Augustini,</strong></span> <span class='ocrx_word' id='word_1_944' title='bbox 846 5585 987 5660; x_wconf 80' lang='lat' dir='ltr'><strong>unde</strong></span> <span class='ocrx_word' id='word_1_945' title='bbox 1018 5592 1158 5660; x_wconf 77' lang='lat' dir='ltr'><strong>totus</strong></span> <span class='ocrx_word' id='word_1_946' title='bbox 1187 5583 1273 5637; x_wconf 89' lang='lat' dir='ltr'><strong>hic</strong></span> <span class='ocrx_word' id='word_1_947' title='bbox 1298 5582 1447 5636; x_wconf 90' lang='lat' dir='ltr'><strong>locus</strong></span> <span class='ocrx_word' id='word_1_948' title='bbox 1477 5581 1863 5660; x_wconf 64' lang='lat' dir='ltr'><strong>pulcherriunis</strong></span> <span class='ocrx_word' id='word_1_949' title='bbox 1882 5589 2089 5636; x_wconf 88' lang='lat' dir='ltr'><strong>sumtus</strong></span> 
     </span>
    </p>
   </div>
   <div class='ocr_carea' id='block_1_110' title="bbox 512 5650 2090 5722">
    <p class='ocr_par' dir='ltr' id='par_1_110' title="bbox 512 5650 2090 5722">
     <span class='ocr_line' id='line_1_112' title="bbox 512 5650 2090 5722; baseline -0.004 -11"><span class='ocrx_word' id='word_1_950' title='bbox 512 5650 631 5719; x_wconf 51' lang='lat' dir='ltr'><strong>est:</strong></span> <span class='ocrx_word' id='word_1_951' title='bbox 675 5655 948 5711; x_wconf 89' lang='lat' dir='ltr'><strong>conversis</strong></span> <span class='ocrx_word' id='word_1_952' title='bbox 965 5654 1027 5722; x_wconf 85' lang='lat' dir='ltr'><strong>in</strong></span> <span class='ocrx_word' id='word_1_953' title='bbox 1059 5652 1259 5722; x_wconf 89' lang='lat' dir='ltr'><strong>Aprum</strong></span> <span class='ocrx_word' id='word_1_954' title='bbox 1293 5660 1352 5722; x_wconf 67' lang='lat' dir='ltr'><strong>et</strong></span> <span class='ocrx_word' id='word_1_955' title='bbox 1379 5650 1665 5722; x_wconf 71' lang='lat' dir='ltr'><strong>coniugem</strong></span> <span class='ocrx_word' id='word_1_956' title='bbox 1686 5650 1928 5706; x_wconf 89' lang='lat' dir='ltr'><strong>laudibus</strong></span> <span class='ocrx_word' id='word_1_957' title='bbox 1956 5666 2090 5720; x_wconf 88' lang='lat' dir='ltr'><strong>quas</strong></span> 
     </span>
    </p>
   </div>
   <div class='ocr_carea' id='block_1_111' title="bbox 514 5719 1861 5782">
    <p class='ocr_par' dir='ltr' id='par_1_111' title="bbox 514 5719 1861 5782">
     <span class='ocr_line' id='line_1_113' title="bbox 514 5719 1861 5782; baseline -0.007 0"><span class='ocrx_word' id='word_1_958' title='bbox 514 5722 577 5782; x_wconf 86' lang='lat' dir='ltr'><strong>S.</strong></span> <span class='ocrx_word' id='word_1_959' title='bbox 604 5724 931 5782; x_wconf 73' lang='lat' dir='ltr'><strong>Augustinus</strong></span> <span class='ocrx_word' id='word_1_960' title='bbox 960 5719 1182 5777; x_wconf 81' lang='lat' dir='ltr'><strong>Paulino</strong></span> <span class='ocrx_word' id='word_1_961' title='bbox 1208 5731 1263 5777; x_wconf 92' lang='lat' dir='ltr'><strong>et</strong></span> <span class='ocrx_word' id='word_1_962' title='bbox 1291 5719 1557 5777; x_wconf 77' lang='lat' dir='ltr'><strong>Therasiae</strong></span> <span class='ocrx_word' id='word_1_963' title='bbox 1587 5720 1861 5775; x_wconf 89' lang='lat' dir='ltr'><strong>tribuerat.</strong></span> 
     </span>
    </p>
   </div>
   <div class='ocr_carea' id='block_1_112' title="bbox 586 5788 2091 5862">
    <p class='ocr_par' dir='ltr' id='par_1_112' title="bbox 586 5788 2091 5862">
     <span class='ocr_line' id='line_1_114' title="bbox 586 5788 2091 5862; baseline -0.003 -13"><span class='ocrx_word' id='word_1_964' title='bbox 586 5790 671 5860; x_wconf 66' lang='grc' dir='ltr'><strong>(ά)</strong></span> <span class='ocrx_word' id='word_1_965' title='bbox 693 5788 790 5850; x_wconf 75' lang='lat' dir='ltr'><strong>Sic</strong></span> <span class='ocrx_word' id='word_1_966' title='bbox 814 5793 1137 5862; x_wconf 83' lang='lat' dir='ltr'><strong>Augustinus</strong></span> <span class='ocrx_word' id='word_1_967' title='bbox 1175 5793 1225 5847; x_wconf 90' lang='lat' dir='ltr'><strong>in</strong></span> <span class='ocrx_word' id='word_1_968' title='bbox 1256 5791 1411 5859; x_wconf 86' lang='lat' dir='ltr'><strong>epist.</strong></span> <span class='ocrx_word' id='word_1_969' title='bbox 1438 5788 1511 5844; x_wconf 77' lang='grc'>52</span> <span class='ocrx_word' id='word_1_970' title='bbox 1534 5828 1549 5855; x_wconf 87' lang='grc'><strong>,</strong></span> <span class='ocrx_word' id='word_1_971' title='bbox 1602 5806 1655 5845; x_wconf 85' lang='grc' dir='ltr'>ιι.</span> <span class='ocrx_word' id='word_1_972' title='bbox 1687 5789 1755 5856; x_wconf 73' lang='lat'><strong>2,</strong></span> <span class='ocrx_word' id='word_1_973' title='bbox 1808 5788 1947 5845; x_wconf 88' lang='lat' dir='ltr'><strong>unde</strong></span> <span class='ocrx_word' id='word_1_974' title='bbox 1976 5788 2091 5845; x_wconf 71' lang='lat' dir='ltr'><strong>hanc</strong></span> 
     </span>
    </p>
   </div>
   <div class='ocr_carea' id='block_1_113' title="bbox 512 4775 680 4842">
    <p class='ocr_par' dir='ltr' id='par_1_113' title="bbox 512 4775 680 4842">
     <span class='ocr_line' id='line_1_115' title="bbox 512 4775 680 4842; baseline -0.036 -8"><span class='ocrx_word' id='word_1_975' title='bbox 512 4795 567 4842; x_wconf 87' lang='lat' dir='ltr'><strong>v,</strong></span> <span class='ocrx_word' id='word_1_976' title='bbox 595 4775 680 4829; x_wconf 80' lang='grc'><strong>16.</strong></span> 
     </span>
    </p>
   </div>
   <div class='ocr_carea' id='block_1_114' title="bbox 516 4841 856 4910">
    <p class='ocr_par' dir='ltr' id='par_1_114' title="bbox 516 4841 856 4910">
     <span class='ocr_line' id='line_1_116' title="bbox 516 4841 856 4910; baseline -0.029 -8"><span class='ocrx_word' id='word_1_977' title='bbox 516 4841 738 4910; x_wconf 60' lang='lat' dir='ltr'><strong>Latum,</strong></span> <span class='ocrx_word' id='word_1_978' title='bbox 771 4841 856 4894; x_wconf 80' lang='lat' dir='ltr'><strong>li.</strong></span> 
     </span>
    </p>
   </div>
   <div class='ocr_carea' id='block_1_115' title="bbox 588 4908 1133 4973">
    <p class='ocr_par' dir='ltr' id='par_1_115' title="bbox 588 4908 1133 4973">
     <span class='ocr_line' id='line_1_117' title="bbox 588 4908 1133 4973; baseline -0.018 -3"><span class='ocrx_word' id='word_1_979' title='bbox 588 4956 602 4970; x_wconf 94' lang='lat'><strong>.</strong></span> <span class='ocrx_word' id='word_1_980' title='bbox 679 4924 704 4952; x_wconf 76' lang='grc' dir='ltr'><strong>ν</strong></span> <span class='ocrx_word' id='word_1_981' title='bbox 726 4908 893 4965; x_wconf 76' lang='lat' dir='ltr'><strong>Rom.</strong></span> <span class='ocrx_word' id='word_1_982' title='bbox 920 4925 1013 4963; x_wconf 80' lang='lat' dir='ltr'><strong>xm</strong></span> <span class='ocrx_word' id='word_1_983' title='bbox 1035 4948 1049 4973; x_wconf 93' lang='lat'><strong>,</strong></span> <span class='ocrx_word' id='word_1_984' title='bbox 1084 4908 1133 4960; x_wconf 88' lang='lat' dir='ltr'><strong>&#39;l.</strong></span> 
     </span>
    </p>
   </div>
   <div class='ocr_carea' id='block_1_116' title="bbox 2977 4689 3752 4758">
    <p class='ocr_par' dir='ltr' id='par_1_116' title="bbox 2977 4689 3752 4758">
     <span class='ocr_line' id='line_1_118' title="bbox 2977 4689 3752 4758; baseline -0.006 -14"><span class='ocrx_word' id='word_1_985' title='bbox 2977 4696 2991 4744; x_wconf 80' lang='grc' dir='ltr'><strong>ι</strong></span> <span class='ocrx_word' id='word_1_986' title='bbox 3027 4692 3167 4747; x_wconf 84' lang='lat' dir='ltr'><strong>Psal.</strong></span> <span class='ocrx_word' id='word_1_987' title='bbox 3223 4709 3351 4758; x_wconf 71' lang='grc' dir='ltr'>χχιι,</span> <span class='ocrx_word' id='word_1_988' title='bbox 3382 4693 3435 4747; x_wconf 79' lang='lat'><strong>3.</strong></span> <span class='ocrx_word' id='word_1_989' title='bbox 3515 4692 3537 4730; x_wconf 69' lang='grc' dir='ltr'>ι</span> <span class='ocrx_word' id='word_1_990' title='bbox 3568 4691 3608 4745; x_wconf 94' lang='lat' dir='ltr'><strong>ll</strong></span> <span class='ocrx_word' id='word_1_991' title='bbox 3637 4689 3752 4742; x_wconf 84' lang='lat' dir='ltr'><strong>Cor.</strong></span> 
     </span>
    </p>
   </div>
   <div class='ocr_carea' id='block_1_117' title="bbox 2411 4696 2896 4759">
    <p class='ocr_par' dir='ltr' id='par_1_117' title="bbox 2411 4696 2896 4759">
     <span class='ocr_line' id='line_1_119' title="bbox 2411 4696 2896 4759; baseline -0.008 -8"><span class='ocrx_word' id='word_1_992' title='bbox 2411 4698 2425 4734; x_wconf 81' lang='grc' dir='ltr'><strong>ί</strong></span> <span class='ocrx_word' id='word_1_993' title='bbox 2462 4697 2600 4752; x_wconf 83' lang='lat' dir='ltr'><strong>Psal.</strong></span> <span class='ocrx_word' id='word_1_994' title='bbox 2633 4713 2775 4759; x_wconf 70' lang='lat' dir='ltr'><strong>uxr,</strong></span> <span class='ocrx_word' id='word_1_995' title='bbox 2812 4696 2896 4748; x_wconf 81' lang='grc'><strong>18.</strong></span> 
     </span>
    </p>
   </div>
   <div class='ocr_carea' id='block_1_118' title="bbox 2976 4757 3756 4826">
    <p class='ocr_par' dir='ltr' id='par_1_118' title="bbox 2976 4757 3756 4826">
     <span class='ocr_line' id='line_1_120' title="bbox 2976 4757 3756 4826; baseline -0.006 -13"><span class='ocrx_word' id='word_1_996' title='bbox 2976 4763 3050 4815; x_wconf 76' lang='lat' dir='ltr'><strong>pl</strong></span> <span class='ocrx_word' id='word_1_997' title='bbox 3098 4762 3233 4815; x_wconf 91' lang='lat' dir='ltr'><strong>Tim.</strong></span> <span class='ocrx_word' id='word_1_998' title='bbox 3290 4757 3359 4826; x_wconf 83' lang='lat' dir='ltr'><strong>tv,</strong></span> <span class='ocrx_word' id='word_1_999' title='bbox 3417 4763 3472 4816; x_wconf 89' lang='lat'><strong>8.</strong></span> <span class='ocrx_word' id='word_1_1000' title='bbox 3547 4772 3574 4810; x_wconf 76' lang='grc' dir='ltr'>(ι</span> <span class='ocrx_word' id='word_1_1001' title='bbox 3625 4757 3756 4813; x_wconf 85' lang='lat' dir='ltr'><strong>Psal.</strong></span> 
     </span>
    </p>
   </div>
   <div class='ocr_carea' id='block_1_119' title="bbox 2192 5018 3752 5080">
    <p class='ocr_par' dir='ltr' id='par_1_119' title="bbox 2192 5018 3752 5080">
     <span class='ocr_line' id='line_1_121' title="bbox 2192 5018 3752 5080; baseline -0.008 -1"><span class='ocrx_word' id='word_1_1002' title='bbox 2192 5026 2448 5080; x_wconf 65' lang='lat' dir='ltr'><strong>desumsit</strong></span> <span class='ocrx_word' id='word_1_1003' title='bbox 2475 5025 2747 5080; x_wconf 87' lang='lat' dir='ltr'><strong>Paulinus.</strong></span> <span class='ocrx_word' id='word_1_1004' title='bbox 2811 5024 2868 5077; x_wconf 86' lang='lat' dir='ltr'><strong>In</strong></span> <span class='ocrx_word' id='word_1_1005' title='bbox 2917 5024 3046 5078; x_wconf 88' lang='lat' dir='ltr'><strong>edit.</strong></span> <span class='ocrx_word' id='word_1_1006' title='bbox 3096 5020 3258 5074; x_wconf 82' lang='lat' dir='ltr'><strong>Rosv.</strong></span> <span class='ocrx_word' id='word_1_1007' title='bbox 3311 5027 3427 5074; x_wconf 90' lang='lat' dir='ltr'><strong>erat</strong></span> <span class='ocrx_word' id='word_1_1008' title='bbox 3476 5018 3752 5073; x_wconf 83' lang='lat' dir='ltr'><strong>reductam.</strong></span> 
     </span>
    </p>
   </div>
   <div class='ocr_carea' id='block_1_120' title="bbox 2200 5095 2811 5165">
    <p class='ocr_par' dir='ltr' id='par_1_120' title="bbox 2200 5095 2811 5165">
     <span class='ocr_line' id='line_1_122' title="bbox 2200 5095 2811 5165; baseline -0.003 -16"><span class='ocrx_word' id='word_1_1009' title='bbox 2200 5095 2435 5165; x_wconf 87' lang='lat' dir='ltr'><strong>Utraque</strong></span> <span class='ocrx_word' id='word_1_1010' title='bbox 2465 5097 2623 5149; x_wconf 88' lang='lat' dir='ltr'><strong>lectio</strong></span> <span class='ocrx_word' id='word_1_1011' title='bbox 2652 5096 2811 5165; x_wconf 86' lang='lat' dir='ltr'><strong>bona.</strong></span> 
     </span>
    </p>
   </div>
   <div class='ocr_carea' id='block_1_121' title="bbox 2267 5156 3757 5236">
    <p class='ocr_par' dir='ltr' id='par_1_121' title="bbox 2267 5156 3757 5236">
     <span class='ocr_line' id='line_1_123' title="bbox 2267 5156 3757 5236; baseline -0.009 -18"><span class='ocrx_word' id='word_1_1012' title='bbox 2267 5156 2444 5236; x_wconf 58' lang='lat' dir='ltr'><strong>(e)&#39;lta</strong></span> <span class='ocrx_word' id='word_1_1013' title='bbox 2476 5181 2619 5236; x_wconf 59' lang='lat' dir='ltr'><strong>mss.</strong></span> <span class='ocrx_word' id='word_1_1014' title='bbox 2643 5164 2859 5236; x_wconf 82' lang='lat' dir='ltr'><strong>codices</strong></span> <span class='ocrx_word' id='word_1_1015' title='bbox 2888 5161 3017 5228; x_wconf 73' lang='lat' dir='ltr'><strong>Reg.</strong></span> <span class='ocrx_word' id='word_1_1016' title='bbox 3051 5168 3106 5214; x_wconf 91' lang='lat' dir='ltr'><strong>et</strong></span> <span class='ocrx_word' id='word_1_1017' title='bbox 3144 5159 3297 5236; x_wconf 57' lang='lat' dir='ltr'><strong>Vien.</strong></span> <span class='ocrx_word' id='word_1_1018' title='bbox 3331 5156 3459 5236; x_wconf 81' lang='lat' dir='ltr'><strong>Quae</strong></span> <span class='ocrx_word' id='word_1_1019' title='bbox 3498 5156 3657 5210; x_wconf 85' lang='lat' dir='ltr'><strong>lectio</strong></span> <span class='ocrx_word' id='word_1_1020' title='bbox 3681 5168 3757 5204; x_wconf 83' lang='lat' dir='ltr'><strong>ve-</strong></span> 
     </span>
    </p>
   </div>
   <div class='ocr_carea' id='block_1_122' title="bbox 2194 5228 3757 5300">
    <p class='ocr_par' dir='ltr' id='par_1_122' title="bbox 2194 5228 3757 5300">
     <span class='ocr_line' id='line_1_124' title="bbox 2194 5228 3757 5300; baseline -0.011 -11"><span class='ocrx_word' id='word_1_1021' title='bbox 2194 5228 2402 5289; x_wconf 82' lang='lat' dir='ltr'><strong>nustior</strong></span> <span class='ocrx_word' id='word_1_1022' title='bbox 2428 5243 2513 5289; x_wconf 90' lang='lat' dir='ltr'><strong>est</strong></span> <span class='ocrx_word' id='word_1_1023' title='bbox 2536 5235 2771 5300; x_wconf 85' lang='lat' dir='ltr'><strong>vulgata,</strong></span> <span class='ocrx_word' id='word_1_1024' title='bbox 2804 5233 2855 5284; x_wconf 91' lang='lat' dir='ltr'><strong>in</strong></span> <span class='ocrx_word' id='word_1_1025' title='bbox 2886 5246 2991 5300; x_wconf 87' lang='lat' dir='ltr'><strong>qua</strong></span> <span class='ocrx_word' id='word_1_1026' title='bbox 3022 5228 3325 5300; x_wconf 80' lang='lat' dir='ltr'><strong>temporalia</strong></span> <span class='ocrx_word' id='word_1_1027' title='bbox 3357 5230 3410 5281; x_wconf 85' lang='lat' dir='ltr'><strong>in</strong></span> <span class='ocrx_word' id='word_1_1028' title='bbox 3437 5237 3629 5280; x_wconf 79' lang='lat' dir='ltr'><strong>teterna</strong></span> <span class='ocrx_word' id='word_1_1029' title='bbox 3655 5238 3757 5275; x_wconf 82' lang='lat' dir='ltr'><strong>mu-</strong></span> 
     </span>
    </p>
   </div>
   <div class='ocr_carea' id='block_1_123' title="bbox 2196 5299 3272 5370">
    <p class='ocr_par' dir='ltr' id='par_1_123' title="bbox 2196 5299 3272 5370">
     <span class='ocr_line' id='line_1_125' title="bbox 2196 5299 3272 5370; baseline -0.007 -13"><span class='ocrx_word' id='word_1_1030' title='bbox 2196 5315 2329 5357; x_wconf 88' lang='lat' dir='ltr'><strong>tans.</strong></span> <span class='ocrx_word' id='word_1_1031' title='bbox 2359 5303 2493 5357; x_wconf 84' lang='lat' dir='ltr'><strong>Ecce</strong></span> <span class='ocrx_word' id='word_1_1032' title='bbox 2520 5299 2675 5355; x_wconf 80' lang='lat' dir='ltr'><strong>iidem</strong></span> <span class='ocrx_word' id='word_1_1033' title='bbox 2702 5299 2942 5370; x_wconf 82' lang='lat' dir='ltr'><strong>conjuges</strong></span> <span class='ocrx_word' id='word_1_1034' title='bbox 2972 5299 3057 5370; x_wconf 80' lang='lat' dir='ltr'><strong>qui</strong></span> <span class='ocrx_word' id='word_1_1035' title='bbox 3086 5300 3272 5370; x_wconf 71' lang='lat' dir='ltr'><strong>fuistis.</strong></span> 
     </span>
    </p>
   </div>
   <div class='ocr_carea' id='block_1_124' title="bbox 2265 5364 3755 5444">
    <p class='ocr_par' dir='ltr' id='par_1_124' title="bbox 2265 5364 3755 5444">
     <span class='ocr_line' id='line_1_126' title="bbox 2265 5364 3755 5444; baseline -0.011 -17"><span class='ocrx_word' id='word_1_1036' title='bbox 2265 5376 2332 5444; x_wconf 66' lang='grc' dir='ltr'><strong>(ί)</strong></span> <span class='ocrx_word' id='word_1_1037' title='bbox 2375 5364 3094 5444; x_wconf 51' lang='lat' dir='ltr'><strong>Expunximusinimicitiam</strong></span> <span class='ocrx_word' id='word_1_1038' title='bbox 3113 5368 3194 5432; x_wconf 90' lang='lat' dir='ltr'><strong>in,</strong></span> <span class='ocrx_word' id='word_1_1039' title='bbox 3243 5381 3361 5436; x_wconf 85' lang='lat' dir='ltr'><strong>quae</strong></span> <span class='ocrx_word' id='word_1_1040' title='bbox 3391 5364 3575 5418; x_wconf 88' lang='lat' dir='ltr'><strong>aberat</strong></span> <span class='ocrx_word' id='word_1_1041' title='bbox 3602 5376 3631 5414; x_wconf 84' lang='lat' dir='ltr'><strong>a</strong></span> <span class='ocrx_word' id='word_1_1042' title='bbox 3660 5372 3755 5413; x_wconf 90' lang='lat' dir='ltr'><strong>ms.</strong></span> 
     </span>
    </p>
   </div>
   <div class='ocr_carea' id='block_1_125' title="bbox 2193 5437 2992 5497">
    <p class='ocr_par' dir='ltr' id='par_1_125' title="bbox 2193 5437 2992 5497">
     <span class='ocr_line' id='line_1_127' title="bbox 2193 5437 2992 5497; baseline -0.01 0"><span class='ocrx_word' id='word_1_1043' title='bbox 2193 5437 2376 5497; x_wconf 74' lang='lat' dir='ltr'><strong>codice</strong></span> <span class='ocrx_word' id='word_1_1044' title='bbox 2406 5437 2575 5496; x_wconf 75' lang='lat' dir='ltr'><strong>vatic.</strong></span> <span class='ocrx_word' id='word_1_1045' title='bbox 2608 5448 2662 5493; x_wconf 92' lang='lat' dir='ltr'><strong>et</strong></span> <span class='ocrx_word' id='word_1_1046' title='bbox 2683 5437 2813 5493; x_wconf 83' lang='lat' dir='ltr'><strong>edit.</strong></span> <span class='ocrx_word' id='word_1_1047' title='bbox 2843 5437 2992 5491; x_wconf 88' lang='lat' dir='ltr'><strong>Grin.</strong></span> 
     </span>
    </p>
   </div>
   <div class='ocr_carea' id='block_1_126' title="bbox 2266 5493 3755 5583">
    <p class='ocr_par' dir='ltr' id='par_1_126' title="bbox 2266 5493 3755 5583">
     <span class='ocr_line' id='line_1_128' title="bbox 2266 5493 3755 5583; baseline -0.014 -15"><span class='ocrx_word' id='word_1_1048' title='bbox 2266 5493 2732 5583; x_wconf 15' lang='lat' dir='ltr'><strong>(ial&#39;lllanuiscripti</strong></span> <span class='ocrx_word' id='word_1_1049' title='bbox 2769 5508 2986 5561; x_wconf 87' lang='lat' dir='ltr'><strong>codices</strong></span> <span class='ocrx_word' id='word_1_1050' title='bbox 3024 5504 3200 5583; x_wconf 64' lang='lat' dir='ltr'><strong>vatio.</strong></span> <span class='ocrx_word' id='word_1_1051' title='bbox 3253 5510 3307 5557; x_wconf 92' lang='lat' dir='ltr'><strong>et</strong></span> <span class='ocrx_word' id='word_1_1052' title='bbox 3334 5502 3650 5583; x_wconf 49' lang='lat' dir='ltr'><strong>Vienncutu</strong></span> <span class='ocrx_word' id='word_1_1053' title='bbox 3674 5493 3755 5549; x_wconf 86' lang='lat' dir='ltr'><strong>eti.</strong></span> 
     </span>
    </p>
   </div>
   <div class='ocr_carea' id='block_1_127' title="bbox 2192 5568 3550 5644">
    <p class='ocr_par' dir='ltr' id='par_1_127' title="bbox 2192 5568 3550 5644">
     <span class='ocr_line' id='line_1_129' title="bbox 2192 5568 3550 5644; baseline -0.01 -9"><span class='ocrx_word' id='word_1_1054' title='bbox 2192 5568 2365 5644; x_wconf 55' lang='lat' dir='ltr'><strong>Grin.,</strong></span> <span class='ocrx_word' id='word_1_1055' title='bbox 2397 5582 2451 5632; x_wconf 89' lang='lat' dir='ltr'><strong>in</strong></span> <span class='ocrx_word' id='word_1_1056' title='bbox 2481 5568 2950 5644; x_wconf 55' lang='lat' dir='ltr'><strong>labore&#39;corporeo,</strong></span> <span class='ocrx_word' id='word_1_1057' title='bbox 2976 5574 3066 5629; x_wconf 87' lang='lat' dir='ltr'><strong>sed</strong></span> <span class='ocrx_word' id='word_1_1058' title='bbox 3093 5568 3550 5644; x_wconf 78' lang='lat' dir='ltr'><strong>aﬂ&#39;ectu_spiri_tali.</strong></span> 
     </span>
    </p>
   </div>
   <div class='ocr_carea' id='block_1_128' title="bbox 2264 5594 3752 5721">
    <p class='ocr_par' dir='ltr' id='par_1_128' title="bbox 2264 5594 3752 5721">
     <span class='ocr_line' id='line_1_130' title="bbox 2264 5594 3550 5644; baseline -0.01 -10"><span class='ocrx_word' id='word_1_1059' title='bbox 2264 5597 2365 5644; x_wconf 74' lang='lat' dir='ltr'><strong>“In.,</strong></span> <span class='ocrx_word' id='word_1_1060' title='bbox 2397 5598 2451 5632; x_wconf 76' lang='grc' dir='ltr'><strong>ιιι</strong></span> <span class='ocrx_word' id='word_1_1061' title='bbox 2481 5594 2655 5633; x_wconf 78' lang='lat' dir='ltr'><strong>labore</strong></span> <span class='ocrx_word' id='word_1_1062' title='bbox 2683 5595 2742 5633; x_wconf 88' lang='lat' dir='ltr'><strong>co</strong></span> <span class='ocrx_word' id='word_1_1063' title='bbox 2809 5594 2950 5637; x_wconf 83' lang='lat' dir='ltr'><strong>orco,</strong></span> <span class='ocrx_word' id='word_1_1064' title='bbox 2976 5594 3064 5629; x_wconf 87' lang='lat' dir='ltr'><strong>sea</strong></span> <span class='ocrx_word' id='word_1_1065' title='bbox 3093 5594 3279 5641; x_wconf 77' lang='lat' dir='ltr'><strong>aﬂet‘tu</strong></span> <span class='ocrx_word' id='word_1_1066' title='bbox 3307 5594 3550 5642; x_wconf 69' lang='lat' dir='ltr'><strong>spinula.</strong></span> 
     </span>
     <span class='ocr_line' id='line_1_131' title="bbox 2264 5594 3752 5721; baseline -0.005 -20"><span class='ocrx_word' id='word_1_1067' title='bbox 2264 5650 2342 5721; x_wconf 81' lang='grc' dir='ltr'><strong>(Ιι)</strong></span> <span class='ocrx_word' id='word_1_1068' title='bbox 2382 5649 2508 5703; x_wconf 85' lang='lat' dir='ltr'><strong>Mss.</strong></span> <span class='ocrx_word' id='word_1_1069' title='bbox 2542 5649 2673 5718; x_wconf 79' lang='lat' dir='ltr'><strong>Reg.</strong></span> <span class='ocrx_word' id='word_1_1070' title='bbox 2704 5688 2717 5714; x_wconf 90' lang='lat'><strong>,</strong></span> <span class='ocrx_word' id='word_1_1071' title='bbox 2748 5594 2923 5701; x_wconf 43' lang='lat' dir='ltr'><strong>reien.</strong></span> <span class='ocrx_word' id='word_1_1072' title='bbox 2976 5652 3032 5699; x_wconf 90' lang='lat' dir='ltr'><strong>et</strong></span> <span class='ocrx_word' id='word_1_1073' title='bbox 3073 5644 3203 5699; x_wconf 86' lang='lat' dir='ltr'><strong>edit.</strong></span> <span class='ocrx_word' id='word_1_1074' title='bbox 3253 5640 3403 5696; x_wconf 83' lang='lat' dir='ltr'><strong>Grin.</strong></span> <span class='ocrx_word' id='word_1_1075' title='bbox 3433 5638 3519 5694; x_wconf 82' lang='lat' dir='ltr'><strong>hic</strong></span> <span class='ocrx_word' id='word_1_1076' title='bbox 3540 5634 3752 5693; x_wconf 71' lang='lat' dir='ltr'><strong>addunl.</strong></span> 
     </span>
    </p>
   </div>
   <div class='ocr_carea' id='block_1_129' title="bbox 2193 5728 2609 5774">
    <p class='ocr_par' dir='ltr' id='par_1_129' title="bbox 2193 5728 2609 5774">
     <span class='ocr_line' id='line_1_132' title="bbox 2193 5728 2609 5774; baseline 0 -1"><span class='ocrx_word' id='word_1_1077' title='bbox 2193 5728 2338 5774; x_wconf 85' lang='lat' dir='ltr'><strong>curat</strong></span> <span class='ocrx_word' id='word_1_1078' title='bbox 2360 5729 2415 5773; x_wconf 83' lang='lat' dir='ltr'><strong>ut</strong></span> <span class='ocrx_word' id='word_1_1079' title='bbox 2442 5734 2609 5773; x_wconf 78' lang='lat' dir='ltr'><strong>cures.</strong></span> 
     </span>
    </p>
   </div>
  </div>
