  <div class='ocr_page' id='page_1' title='image "/cluster/home/n/w/nwhite01/storage/ocr_20150623/61/hvd.32044054758685/200.png"; bbox 0 0 3988 6176; ppageno 0'>
   <div class='ocr_carea' id='block_1_1' title="bbox 264 293 2138 352">
    <p class='ocr_par' dir='ltr' id='par_1_1' title="bbox 264 293 2138 352">
     <span class='ocr_line' id='line_1_1' title="bbox 264 293 2138 352; baseline -0.002 -2"><span class='ocrx_word' id='word_1_1' title='bbox 264 293 352 352; x_wconf 73' lang='lat'><strong>339</strong></span> <span class='ocrx_word' id='word_1_2' title='bbox 1594 294 1925 352; x_wconf 84' lang='lat' dir='ltr'><strong>EPISTOLA</strong></span> <span class='ocrx_word' id='word_1_3' title='bbox 1965 294 2138 350; x_wconf 75' lang='lat' dir='ltr'><strong>XLIV.</strong></span> 
     </span>
    </p>
   </div>
   <div class='ocr_carea' id='block_1_2' title="bbox 3392 308 3498 365">
    <p class='ocr_par' dir='ltr' id='par_1_2' title="bbox 3392 308 3498 365">
     <span class='ocr_line' id='line_1_2' title="bbox 3392 308 3498 365; baseline 0.019 -2"><span class='ocrx_word' id='word_1_4' title='bbox 3392 308 3498 365; x_wconf 79' lang='lat'><strong>590</strong></span> 
     </span>
    </p>
   </div>
   <div class='ocr_carea' id='block_1_3' title="bbox 263 405 3502 486">
    <p class='ocr_par' dir='ltr' id='par_1_3' title="bbox 263 405 3502 486">
     <span class='ocr_line' id='line_1_3' title="bbox 263 405 3502 486; baseline 0.002 -21"><span class='ocrx_word' id='word_1_5' title='bbox 263 421 397 482; x_wconf 89' lang='lat' dir='ltr'><strong>ptum</strong></span> <span class='ocrx_word' id='word_1_6' title='bbox 426 418 510 465; x_wconf 89' lang='lat' dir='ltr'><strong>est</strong></span> <span class='ocrx_word' id='word_1_7' title='bbox 536 420 585 475; x_wconf 77' lang='grc'><strong>⁸,</strong></span> <span class='ocrx_word' id='word_1_8' title='bbox 612 412 723 465; x_wconf 82' lang='lat' dir='ltr'><strong>viro</strong></span> <span class='ocrx_word' id='word_1_9' title='bbox 742 428 832 466; x_wconf 86' lang='lat' dir='ltr'><strong>suo</strong></span> <span class='ocrx_word' id='word_1_10' title='bbox 860 412 990 467; x_wconf 87' lang='lat' dir='ltr'><strong>bona</strong></span> <span class='ocrx_word' id='word_1_11' title='bbox 1018 419 1121 466; x_wconf 90' lang='lat' dir='ltr'><strong>tota</strong></span> <span class='ocrx_word' id='word_1_12' title='bbox 1152 412 1252 465; x_wconf 85' lang='lat' dir='ltr'><strong>vita</strong></span> <span class='ocrx_word' id='word_1_13' title='bbox 1277 426 1390 475; x_wconf 88' lang='lat' dir='ltr'><strong>sua,</strong></span> <span class='ocrx_word' id='word_1_14' title='bbox 1427 418 1475 464; x_wconf 89' lang='lat' dir='ltr'><strong>et</strong></span> <span class='ocrx_word' id='word_1_15' title='bbox 1502 425 1603 464; x_wconf 87' lang='lat' dir='ltr'><strong>non</strong></span> <span class='ocrx_word' id='word_1_16' title='bbox 1640 411 1779 463; x_wconf 88' lang='lat' dir='ltr'><strong>mala</strong></span> <span class='ocrx_word' id='word_1_17' title='bbox 1804 427 1819 463; x_wconf 93' lang='lat'><em>:</em></span> <span class='ocrx_word' id='word_1_18' title='bbox 1853 414 1900 471; x_wconf 80' lang='grc' dir='ltr'>Α</span> <span class='ocrx_word' id='word_1_19' title='bbox 1927 406 2115 459; x_wconf 82' lang='lat' dir='ltr'><strong>cadant</strong></span> <span class='ocrx_word' id='word_1_20' title='bbox 2141 405 2343 460; x_wconf 83' lang='lat' dir='ltr'><strong>alatere</strong></span> <span class='ocrx_word' id='word_1_21' title='bbox 2364 415 2450 461; x_wconf 87' lang='lat' dir='ltr'><strong>tuo</strong></span> <span class='ocrx_word' id='word_1_22' title='bbox 2462 408 2619 474; x_wconf 86' lang='lat' dir='ltr'><strong>mille,</strong></span> <span class='ocrx_word' id='word_1_23' title='bbox 2638 418 2685 462; x_wconf 89' lang='lat' dir='ltr'><strong>et</strong></span> <span class='ocrx_word' id='word_1_24' title='bbox 2706 410 2876 464; x_wconf 81' lang='lat' dir='ltr'><strong>decem</strong></span> <span class='ocrx_word' id='word_1_25' title='bbox 2887 411 3048 466; x_wconf 87' lang='lat' dir='ltr'><strong>millia</strong></span> <span class='ocrx_word' id='word_1_26' title='bbox 3071 430 3102 467; x_wconf 93' lang='lat' dir='ltr'><strong>a</strong></span> <span class='ocrx_word' id='word_1_27' title='bbox 3122 415 3317 470; x_wconf 71' lang='lat' dir='ltr'><strong>dextris</strong></span> <span class='ocrx_word' id='word_1_28' title='bbox 3338 419 3502 486; x_wconf 69' lang='lat' dir='ltr'><strong>tuism;</strong></span> 
     </span>
    </p>
   </div>
   <div class='ocr_carea' id='block_1_4' title="bbox 264 500 1823 570">
    <p class='ocr_par' dir='ltr' id='par_1_4' title="bbox 264 500 1823 570">
     <span class='ocr_line' id='line_1_4' title="bbox 264 500 1823 570; baseline -0.003 -13"><span class='ocrx_word' id='word_1_29' title='bbox 264 511 309 557; x_wconf 88' lang='lat' dir='ltr'><strong>et</strong></span> <span class='ocrx_word' id='word_1_30' title='bbox 335 502 454 555; x_wconf 91' lang='lat' dir='ltr'><strong>ideo</strong></span> <span class='ocrx_word' id='word_1_31' title='bbox 485 516 590 556; x_wconf 92' lang='lat' dir='ltr'><strong>non</strong></span> <span class='ocrx_word' id='word_1_32' title='bbox 616 502 877 556; x_wconf 91' lang='lat' dir='ltr'><strong>sollicitus</strong></span> <span class='ocrx_word' id='word_1_33' title='bbox 905 503 1016 570; x_wconf 98' lang='lat' dir='ltr'><strong>agis</strong></span> <span class='ocrx_word' id='word_1_34' title='bbox 1053 517 1172 570; x_wconf 72' lang='lat' dir='ltr'><strong>qua:</strong></span> <span class='ocrx_word' id='word_1_35' title='bbox 1216 502 1269 554; x_wconf 91' lang='lat' dir='ltr'><strong>in</strong></span> <span class='ocrx_word' id='word_1_36' title='bbox 1299 500 1459 555; x_wconf 90' lang='lat' dir='ltr'><strong>domo</strong></span> <span class='ocrx_word' id='word_1_37' title='bbox 1491 509 1579 553; x_wconf 92' lang='lat' dir='ltr'><strong>tua</strong></span> <span class='ocrx_word' id='word_1_38' title='bbox 1609 508 1823 554; x_wconf 90' lang='lat' dir='ltr'><strong>terrena</strong></span> 
     </span>
    </p>
   </div>
   <div class='ocr_carea' id='block_1_5' title="bbox 264 592 1823 663">
    <p class='ocr_par' dir='ltr' id='par_1_5' title="bbox 264 592 1823 663">
     <span class='ocr_line' id='line_1_5' title="bbox 264 592 1823 663; baseline -0.001 -17"><span class='ocrx_word' id='word_1_39' title='bbox 264 601 521 660; x_wconf 83' lang='lat' dir='ltr'><strong>aguntur;</strong></span> <span class='ocrx_word' id='word_1_40' title='bbox 570 593 717 662; x_wconf 91' lang='lat' dir='ltr'><strong>quod</strong></span> <span class='ocrx_word' id='word_1_41' title='bbox 768 595 811 625; x_wconf 76' lang='grc'><strong>¹⁰</strong></span> <span class='ocrx_word' id='word_1_42' title='bbox 859 594 911 647; x_wconf 91' lang='lat' dir='ltr'><strong>in</strong></span> <span class='ocrx_word' id='word_1_43' title='bbox 959 593 1121 647; x_wconf 88' lang='lat' dir='ltr'><strong>domo</strong></span> <span class='ocrx_word' id='word_1_44' title='bbox 1170 594 1326 663; x_wconf 77' lang='lat'><strong>261</strong></span> <span class='ocrx_word' id='word_1_45' title='bbox 1375 592 1580 646; x_wconf 70' lang='lat' dir='ltr'><strong>ccelesti</strong></span> <span class='ocrx_word' id='word_1_46' title='bbox 1628 592 1823 657; x_wconf 89' lang='lat' dir='ltr'><strong>agitur,</strong></span> 
     </span>
    </p>
   </div>
   <div class='ocr_carea' id='block_1_6' title="bbox 264 681 1826 751">
    <p class='ocr_par' dir='ltr' id='par_1_6' title="bbox 264 681 1826 751">
     <span class='ocr_line' id='line_1_6' title="bbox 264 681 1826 751; baseline -0.002 -15"><span class='ocrx_word' id='word_1_47' title='bbox 264 690 467 736; x_wconf 87' lang='lat' dir='ltr'><strong>strenue</strong></span> <span class='ocrx_word' id='word_1_48' title='bbox 487 682 621 735; x_wconf 89' lang='lat' dir='ltr'><strong>liber</strong></span> <span class='ocrx_word' id='word_1_49' title='bbox 639 683 970 751; x_wconf 89' lang='lat' dir='ltr'><strong>exsequeris.</strong></span> <span class='ocrx_word' id='word_1_50' title='bbox 990 681 1101 735; x_wconf 86' lang='lat' dir='ltr'><strong>Nec</strong></span> <span class='ocrx_word' id='word_1_51' title='bbox 1125 682 1455 751; x_wconf 78' lang='lat' dir='ltr'><strong>confunderis</strong></span> <span class='ocrx_word' id='word_1_52' title='bbox 1470 698 1583 734; x_wconf 89' lang='lat' dir='ltr'><strong>cum</strong></span> <span class='ocrx_word' id='word_1_53' title='bbox 1604 681 1826 751; x_wconf 86' lang='lat' dir='ltr'><strong>loqueris</strong></span> 
     </span>
    </p>
   </div>
   <div class='ocr_carea' id='block_1_7' title="bbox 266 769 1823 841">
    <p class='ocr_par' dir='ltr' id='par_1_7' title="bbox 266 769 1823 841">
     <span class='ocr_line' id='line_1_7' title="bbox 266 769 1823 841; baseline -0.001 -17"><span class='ocrx_word' id='word_1_54' title='bbox 266 771 477 824; x_wconf 84' lang='lat' dir='ltr'><strong>inimicis</strong></span> <span class='ocrx_word' id='word_1_55' title='bbox 523 773 625 824; x_wconf 89' lang='lat' dir='ltr'><strong>tuis</strong></span> <span class='ocrx_word' id='word_1_56' title='bbox 662 772 718 823; x_wconf 87' lang='lat' dir='ltr'><strong>in</strong></span> <span class='ocrx_word' id='word_1_57' title='bbox 745 780 895 841; x_wconf 87' lang='lat' dir='ltr'><strong>porta</strong></span> <span class='ocrx_word' id='word_1_58' title='bbox 926 770 953 808; x_wconf 68' lang='grc' dir='ltr'>δ</span> <span class='ocrx_word' id='word_1_59' title='bbox 974 811 989 835; x_wconf 84' lang='grc'><em>,</em></span> <span class='ocrx_word' id='word_1_60' title='bbox 1039 771 1159 838; x_wconf 85' lang='lat' dir='ltr'><strong>quia</strong></span> <span class='ocrx_word' id='word_1_61' title='bbox 1196 770 1269 840; x_wconf 90' lang='lat' dir='ltr'><strong>(a)</strong></span> <span class='ocrx_word' id='word_1_62' title='bbox 1298 770 1572 838; x_wconf 69' lang='lat' dir='ltr'><strong>sapientia:</strong></span> <span class='ocrx_word' id='word_1_63' title='bbox 1600 769 1791 822; x_wconf 84' lang='lat' dir='ltr'><strong>mulier</strong></span> <span class='ocrx_word' id='word_1_64' title='bbox 1810 810 1823 834; x_wconf 95' lang='lat'><strong>,</strong></span> 
     </span>
    </p>
   </div>
   <div class='ocr_carea' id='block_1_8' title="bbox 265 859 1825 930">
    <p class='ocr_par' dir='ltr' id='par_1_8' title="bbox 265 859 1825 930">
     <span class='ocr_line' id='line_1_8' title="bbox 265 859 1825 930; baseline -0.001 -17"><span class='ocrx_word' id='word_1_65' title='bbox 265 861 424 928; x_wconf 83' lang='lat' dir='ltr'><strong>qualis</strong></span> <span class='ocrx_word' id='word_1_66' title='bbox 456 861 550 914; x_wconf 89' lang='lat' dir='ltr'><strong>libi</strong></span> <span class='ocrx_word' id='word_1_67' title='bbox 578 860 775 914; x_wconf 90' lang='lat' dir='ltr'><strong>donata</strong></span> <span class='ocrx_word' id='word_1_68' title='bbox 802 870 911 927; x_wconf 88' lang='lat' dir='ltr'><strong>est,</strong></span> <span class='ocrx_word' id='word_1_69' title='bbox 954 862 1239 930; x_wconf 88' lang='lat' dir='ltr'><strong>pretiosior</strong></span> <span class='ocrx_word' id='word_1_70' title='bbox 1268 860 1528 928; x_wconf 84' lang='lat' dir='ltr'><strong>lapidibus</strong></span> <span class='ocrx_word' id='word_1_71' title='bbox 1555 859 1825 928; x_wconf 81' lang='lat' dir='ltr'><strong>pretiosis,</strong></span> 
     </span>
    </p>
   </div>
   <div class='ocr_carea' id='block_1_9' title="bbox 267 948 1827 1019">
    <p class='ocr_par' dir='ltr' id='par_1_9' title="bbox 267 948 1827 1019">
     <span class='ocr_line' id='line_1_9' title="bbox 267 948 1827 1019; baseline -0.003 -14"><span class='ocrx_word' id='word_1_72' title='bbox 267 951 698 1019; x_wconf 83' lang='lat' dir='ltr'><strong>circumSpectum</strong></span> <span class='ocrx_word' id='word_1_73' title='bbox 723 960 776 1005; x_wconf 92' lang='lat' dir='ltr'><strong>te</strong></span> <span class='ocrx_word' id='word_1_74' title='bbox 798 950 922 1004; x_wconf 86' lang='lat' dir='ltr'><strong>facit</strong></span> <span class='ocrx_word' id='word_1_75' title='bbox 946 952 995 1003; x_wconf 91' lang='lat' dir='ltr'><strong>in</strong></span> <span class='ocrx_word' id='word_1_76' title='bbox 1012 949 1215 1004; x_wconf 84' lang='lat' dir='ltr'><strong>foribus</strong></span> <span class='ocrx_word' id='word_1_77' title='bbox 1227 950 1497 1004; x_wconf 64' lang='lat' dir='ltr'><strong>Ecclesia).</strong></span> <span class='ocrx_word' id='word_1_78' title='bbox 1517 948 1584 1002; x_wconf 85' lang='lat' dir='ltr'><strong>Et</strong></span> <span class='ocrx_word' id='word_1_79' title='bbox 1602 949 1827 1017; x_wconf 79' lang='lat' dir='ltr'><strong>duplicia</strong></span> 
     </span>
    </p>
   </div>
   <div class='ocr_carea' id='block_1_10' title="bbox 267 1039 1828 1111">
    <p class='ocr_par' dir='ltr' id='par_1_10' title="bbox 267 1039 1828 1111">
     <span class='ocr_line' id='line_1_10' title="bbox 267 1039 1828 1111; baseline 0 -20"><span class='ocrx_word' id='word_1_80' title='bbox 267 1041 329 1109; x_wconf 66' lang='lat' dir='ltr'><strong>(bi</strong></span> <span class='ocrx_word' id='word_1_81' title='bbox 352 1042 515 1108; x_wconf 81' lang='lat' dir='ltr'><strong>pallia</strong></span> <span class='ocrx_word' id='word_1_82' title='bbox 534 1080 548 1101; x_wconf 96' lang='lat'><strong>,</strong></span> <span class='ocrx_word' id='word_1_83' title='bbox 581 1041 774 1108; x_wconf 91' lang='lat' dir='ltr'><strong>inquit,</strong></span> <span class='ocrx_word' id='word_1_84' title='bbox 797 1043 916 1111; x_wconf 75' lang='lat' dir='ltr'><strong>fecit</strong></span> <span class='ocrx_word' id='word_1_85' title='bbox 948 1042 1052 1093; x_wconf 83' lang='lat' dir='ltr'><strong>viro</strong></span> <span class='ocrx_word' id='word_1_86' title='bbox 1082 1058 1173 1095; x_wconf 87' lang='lat' dir='ltr'><strong>suo</strong></span> <span class='ocrx_word' id='word_1_87' title='bbox 1206 1051 1250 1093; x_wconf 75' lang='grc' dir='ltr'><strong>ο.</strong></span> <span class='ocrx_word' id='word_1_88' title='bbox 1283 1041 1470 1094; x_wconf 85' lang='lat' dir='ltr'><strong>Nonne</strong></span> <span class='ocrx_word' id='word_1_89' title='bbox 1500 1040 1594 1093; x_wconf 84' lang='lat' dir='ltr'><strong>tibi</strong></span> <span class='ocrx_word' id='word_1_90' title='bbox 1624 1039 1828 1092; x_wconf 89' lang='lat' dir='ltr'><strong>videtur</strong></span> 
     </span>
    </p>
   </div>
   <div class='ocr_carea' id='block_1_11' title="bbox 267 1129 1825 1200">
    <p class='ocr_par' dir='ltr' id='par_1_11' title="bbox 267 1129 1825 1200">
     <span class='ocr_line' id='line_1_11' title="bbox 267 1129 1825 1200; baseline -0.003 -15"><span class='ocrx_word' id='word_1_91' title='bbox 267 1139 310 1185; x_wconf 89' lang='lat' dir='ltr'><strong>et</strong></span> <span class='ocrx_word' id='word_1_92' title='bbox 329 1131 439 1184; x_wconf 72' lang='lat' dir='ltr'><strong>hzec</strong></span> <span class='ocrx_word' id='word_1_93' title='bbox 460 1131 689 1199; x_wconf 87' lang='lat' dir='ltr'><strong>duplicia</strong></span> <span class='ocrx_word' id='word_1_94' title='bbox 715 1132 807 1184; x_wconf 91' lang='lat' dir='ltr'><strong>tibi</strong></span> <span class='ocrx_word' id='word_1_95' title='bbox 830 1132 1009 1199; x_wconf 92' lang='lat' dir='ltr'><strong>pallia,</strong></span> <span class='ocrx_word' id='word_1_96' title='bbox 1036 1147 1098 1185; x_wconf 89' lang='lat' dir='ltr'><strong>ac</strong></span> <span class='ocrx_word' id='word_1_97' title='bbox 1120 1146 1385 1199; x_wconf 89' lang='lat' dir='ltr'><strong>purpurea</strong></span> <span class='ocrx_word' id='word_1_98' title='bbox 1409 1131 1491 1184; x_wconf 86' lang='lat' dir='ltr'><strong>vel</strong></span> <span class='ocrx_word' id='word_1_99' title='bbox 1510 1130 1721 1200; x_wconf 78' lang='lat' dir='ltr'><strong>byssina</strong></span> <span class='ocrx_word' id='word_1_100' title='bbox 1754 1129 1825 1200; x_wconf 77' lang='grc' dir='ltr'><strong>(ε)</strong></span> 
     </span>
    </p>
   </div>
   <div class='ocr_carea' id='block_1_12' title="bbox 265 1219 1825 1287">
    <p class='ocr_par' dir='ltr' id='par_1_12' title="bbox 265 1219 1825 1287">
     <span class='ocr_line' id='line_1_12' title="bbox 265 1219 1825 1287; baseline -0.003 -12"><span class='ocrx_word' id='word_1_101' title='bbox 265 1221 350 1275; x_wconf 89' lang='lat' dir='ltr'><strong>sibi</strong></span> <span class='ocrx_word' id='word_1_102' title='bbox 378 1220 698 1275; x_wconf 87' lang='lat' dir='ltr'><strong>vestimenta</strong></span> <span class='ocrx_word' id='word_1_103' title='bbox 727 1229 1037 1285; x_wconf 91' lang='lat' dir='ltr'><strong>contexere,</strong></span> <span class='ocrx_word' id='word_1_104' title='bbox 1070 1236 1189 1274; x_wconf 91' lang='lat' dir='ltr'><strong>cum</strong></span> <span class='ocrx_word' id='word_1_105' title='bbox 1219 1228 1273 1274; x_wconf 90' lang='lat' dir='ltr'><strong>et</strong></span> <span class='ocrx_word' id='word_1_106' title='bbox 1295 1220 1433 1273; x_wconf 91' lang='lat' dir='ltr'><strong>illius</strong></span> <span class='ocrx_word' id='word_1_107' title='bbox 1456 1220 1583 1274; x_wconf 91' lang='lat' dir='ltr'><strong>ﬁdes</strong></span> <span class='ocrx_word' id='word_1_108' title='bbox 1602 1219 1825 1287; x_wconf 87' lang='lat' dir='ltr'><strong>gratiam</strong></span> 
     </span>
    </p>
   </div>
   <div class='ocr_carea' id='block_1_13' title="bbox 268 1310 1827 1380">
    <p class='ocr_par' dir='ltr' id='par_1_13' title="bbox 268 1310 1827 1380">
     <span class='ocr_line' id='line_1_13' title="bbox 268 1310 1827 1380; baseline -0.001 -16"><span class='ocrx_word' id='word_1_109' title='bbox 268 1319 396 1364; x_wconf 89' lang='lat' dir='ltr'><strong>tuam</strong></span> <span class='ocrx_word' id='word_1_110' title='bbox 425 1310 663 1378; x_wconf 88' lang='lat' dir='ltr'><strong>duplicat</strong></span> <span class='ocrx_word' id='word_1_111' title='bbox 685 1312 746 1373; x_wconf 89' lang='grc'><strong>¹¹,</strong></span> <span class='ocrx_word' id='word_1_112' title='bbox 779 1312 900 1379; x_wconf 88' lang='lat' dir='ltr'><strong>quia</strong></span> <span class='ocrx_word' id='word_1_113' title='bbox 930 1313 1111 1364; x_wconf 87' lang='lat' dir='ltr'><strong>mulier</strong></span> <span class='ocrx_word' id='word_1_114' title='bbox 1141 1311 1217 1380; x_wconf 80' lang='grc' dir='ltr'><strong>(ά)</strong></span> <span class='ocrx_word' id='word_1_115' title='bbox 1248 1311 1380 1364; x_wconf 90' lang='lat' dir='ltr'><strong>bona</strong></span> <span class='ocrx_word' id='word_1_116' title='bbox 1403 1327 1591 1364; x_wconf 87' lang='lat' dir='ltr'><strong>corona</strong></span> <span class='ocrx_word' id='word_1_117' title='bbox 1620 1319 1693 1363; x_wconf 86' lang='lat' dir='ltr'><strong>est</strong></span> <span class='ocrx_word' id='word_1_118' title='bbox 1720 1310 1827 1363; x_wconf 81' lang='lat' dir='ltr'><strong>viro</strong></span> 
     </span>
    </p>
   </div>
   <div class='ocr_carea' id='block_1_14' title="bbox 265 1396 1825 1468">
    <p class='ocr_par' dir='ltr' id='par_1_14' title="bbox 265 1396 1825 1468">
     <span class='ocr_line' id='line_1_14' title="bbox 265 1396 1825 1468; baseline -0.001 -17"><span class='ocrx_word' id='word_1_119' title='bbox 265 1396 412 1461; x_wconf 76' lang='lat' dir='ltr'><strong>suod;</strong></span> <span class='ocrx_word' id='word_1_120' title='bbox 437 1407 493 1451; x_wconf 86' lang='lat' dir='ltr'><strong>et</strong></span> <span class='ocrx_word' id='word_1_121' title='bbox 514 1399 743 1453; x_wconf 78' lang='lat' dir='ltr'><strong>vicissim</strong></span> <span class='ocrx_word' id='word_1_122' title='bbox 771 1400 843 1451; x_wconf 86' lang='lat' dir='ltr'><strong>illi</strong></span> <span class='ocrx_word' id='word_1_123' title='bbox 866 1400 1039 1452; x_wconf 86' lang='lat' dir='ltr'><strong>honor</strong></span> <span class='ocrx_word' id='word_1_124' title='bbox 1065 1406 1189 1453; x_wconf 84' lang='lat' dir='ltr'><strong>tuus</strong></span> <span class='ocrx_word' id='word_1_125' title='bbox 1218 1414 1449 1468; x_wconf 87' lang='lat' dir='ltr'><strong>purpura</strong></span> <span class='ocrx_word' id='word_1_126' title='bbox 1479 1406 1579 1462; x_wconf 90' lang='lat' dir='ltr'><strong>est,</strong></span> <span class='ocrx_word' id='word_1_127' title='bbox 1611 1398 1733 1466; x_wconf 86' lang='lat' dir='ltr'><strong>quia</strong></span> <span class='ocrx_word' id='word_1_128' title='bbox 1756 1398 1825 1468; x_wconf 93' lang='lat' dir='ltr'><strong>(e)</strong></span> 
     </span>
    </p>
   </div>
   <div class='ocr_carea' id='block_1_15' title="bbox 267 1486 1828 1557">
    <p class='ocr_par' dir='ltr' id='par_1_15' title="bbox 267 1486 1828 1557">
     <span class='ocr_line' id='line_1_15' title="bbox 267 1486 1828 1557; baseline 0.001 -18"><span class='ocrx_word' id='word_1_129' title='bbox 267 1495 591 1555; x_wconf 82' lang='lat' dir='ltr'><strong>temperante</strong></span> <span class='ocrx_word' id='word_1_130' title='bbox 620 1488 828 1542; x_wconf 88' lang='lat' dir='ltr'><strong>Domini</strong></span> <span class='ocrx_word' id='word_1_131' title='bbox 856 1489 1025 1555; x_wconf 86' lang='lat' dir='ltr'><strong>gratia</strong></span> <span class='ocrx_word' id='word_1_132' title='bbox 1050 1528 1064 1553; x_wconf 93' lang='lat'><strong>,</strong></span> <span class='ocrx_word' id='word_1_133' title='bbox 1114 1488 1427 1557; x_wconf 88' lang='lat' dir='ltr'><strong>simpliciter</strong></span> <span class='ocrx_word' id='word_1_134' title='bbox 1464 1486 1585 1541; x_wconf 87' lang='lat' dir='ltr'><strong>ﬁdei</strong></span> <span class='ocrx_word' id='word_1_135' title='bbox 1624 1488 1828 1541; x_wconf 87' lang='lat' dir='ltr'><strong>unitate</strong></span> 
     </span>
    </p>
   </div>
   <div class='ocr_carea' id='block_1_16' title="bbox 266 1577 1825 1646">
    <p class='ocr_par' dir='ltr' id='par_1_16' title="bbox 266 1577 1825 1646">
     <span class='ocr_line' id='line_1_16' title="bbox 266 1577 1825 1646; baseline -0.001 -16"><span class='ocrx_word' id='word_1_136' title='bbox 266 1578 451 1639; x_wconf 79' lang='lat' dir='ltr'><strong>vestiti,</strong></span> <span class='ocrx_word' id='word_1_137' title='bbox 484 1578 865 1646; x_wconf 90' lang='lat' dir='ltr'><strong>superinduitis</strong></span> <span class='ocrx_word' id='word_1_138' title='bbox 894 1579 935 1608; x_wconf 79' lang='lat'>&quot;</span> <span class='ocrx_word' id='word_1_139' title='bbox 970 1593 1064 1631; x_wconf 92' lang='lat' dir='ltr'><strong>vos</strong></span> <span class='ocrx_word' id='word_1_140' title='bbox 1093 1578 1318 1632; x_wconf 84' lang='lat' dir='ltr'><strong>invicem</strong></span> <span class='ocrx_word' id='word_1_141' title='bbox 1347 1577 1664 1646; x_wconf 88' lang='lat' dir='ltr'><strong>spiritalium</strong></span> <span class='ocrx_word' id='word_1_142' title='bbox 1693 1592 1825 1645; x_wconf 83' lang='lat' dir='ltr'><strong>ope-</strong></span> 
     </span>
    </p>
   </div>
   <div class='ocr_carea' id='block_1_17' title="bbox 266 1663 1826 1735">
    <p class='ocr_par' dir='ltr' id='par_1_17' title="bbox 266 1663 1826 1735">
     <span class='ocr_line' id='line_1_17' title="bbox 266 1663 1826 1735; baseline 0 -17"><span class='ocrx_word' id='word_1_143' title='bbox 266 1667 462 1720; x_wconf 85' lang='lat' dir='ltr'><strong>ratione</strong></span> <span class='ocrx_word' id='word_1_144' title='bbox 492 1663 788 1720; x_wconf 80' lang='lat' dir='ltr'><strong>virtutum?</strong></span> <span class='ocrx_word' id='word_1_145' title='bbox 812 1665 888 1719; x_wconf 91' lang='lat' dir='ltr'><strong>Tu</strong></span> <span class='ocrx_word' id='word_1_146' title='bbox 920 1667 993 1719; x_wconf 92' lang='lat' dir='ltr'><strong>illi</strong></span> <span class='ocrx_word' id='word_1_147' title='bbox 1024 1667 1076 1719; x_wconf 92' lang='lat' dir='ltr'><strong>iu</strong></span> <span class='ocrx_word' id='word_1_148' title='bbox 1105 1666 1317 1721; x_wconf 88' lang='lat' dir='ltr'><strong>Christo</strong></span> <span class='ocrx_word' id='word_1_149' title='bbox 1346 1674 1507 1735; x_wconf 90' lang='lat' dir='ltr'><strong>caput</strong></span> <span class='ocrx_word' id='word_1_150' title='bbox 1538 1676 1560 1702; x_wconf 74' lang='grc' dir='ltr'>θ</span> <span class='ocrx_word' id='word_1_151' title='bbox 1589 1704 1605 1730; x_wconf 92' lang='grc'><strong><em>,</em></strong></span> <span class='ocrx_word' id='word_1_152' title='bbox 1654 1674 1709 1719; x_wconf 89' lang='lat' dir='ltr'><strong>et</strong></span> <span class='ocrx_word' id='word_1_153' title='bbox 1738 1666 1826 1718; x_wconf 92' lang='lat' dir='ltr'><strong>illa</strong></span> 
     </span>
    </p>
   </div>
   <div class='ocr_carea' id='block_1_18' title="bbox 265 1733 1899 1825">
    <p class='ocr_par' dir='ltr' id='par_1_18' title="bbox 265 1733 1899 1825">
     <span class='ocr_line' id='line_1_18' title="bbox 265 1733 1899 1825; baseline 0 -18"><span class='ocrx_word' id='word_1_154' title='bbox 265 1755 654 1809; x_wconf 80' lang='lat' dir='ltr'><strong>fundamentum</strong></span> <span class='ocrx_word' id='word_1_155' title='bbox 687 1754 729 1785; x_wconf 85' lang='grc'><strong>¹³</strong></span> <span class='ocrx_word' id='word_1_156' title='bbox 752 1756 862 1819; x_wconf 88' lang='lat' dir='ltr'><strong>tibi,</strong></span> <span class='ocrx_word' id='word_1_157' title='bbox 891 1755 1042 1823; x_wconf 88' lang='lat' dir='ltr'><strong>cujus</strong></span> <span class='ocrx_word' id='word_1_158' title='bbox 1068 1771 1229 1825; x_wconf 91' lang='lat' dir='ltr'><strong>opere</strong></span> <span class='ocrx_word' id='word_1_159' title='bbox 1260 1771 1352 1824; x_wconf 88' lang='lat' dir='ltr'><strong>pes</strong></span> <span class='ocrx_word' id='word_1_160' title='bbox 1378 1733 1501 1810; x_wconf 86' lang='lat' dir='ltr'><strong>tuus</strong></span> <span class='ocrx_word' id='word_1_161' title='bbox 1529 1762 1634 1808; x_wconf 90' lang='lat' dir='ltr'><strong>stat</strong></span> <span class='ocrx_word' id='word_1_162' title='bbox 1662 1755 1714 1808; x_wconf 92' lang='lat' dir='ltr'><strong>in</strong></span> <span class='ocrx_word' id='word_1_163' title='bbox 1739 1756 1822 1807; x_wconf 86' lang='lat' dir='ltr'><strong>via</strong></span> <span class='ocrx_word' id='word_1_164' title='bbox 1860 1733 1899 1790; x_wconf 76' lang='grc' dir='ltr'><strong><em>Β</em></strong></span> 
     </span>
    </p>
   </div>
   <div class='ocr_carea' id='block_1_19' title="bbox 266 1846 1826 1918">
    <p class='ocr_par' dir='ltr' id='par_1_19' title="bbox 266 1846 1826 1918">
     <span class='ocr_line' id='line_1_19' title="bbox 266 1846 1826 1918; baseline -0.001 -17"><span class='ocrx_word' id='word_1_165' title='bbox 266 1847 505 1917; x_wconf 90' lang='lat' dir='ltr'><strong>Domini,</strong></span> <span class='ocrx_word' id='word_1_166' title='bbox 536 1858 592 1903; x_wconf 90' lang='lat' dir='ltr'><strong>et</strong></span> <span class='ocrx_word' id='word_1_167' title='bbox 628 1864 784 1917; x_wconf 91' lang='lat' dir='ltr'><strong>quam</strong></span> <span class='ocrx_word' id='word_1_168' title='bbox 812 1850 999 1918; x_wconf 88' lang='lat' dir='ltr'><strong>capitis</strong></span> <span class='ocrx_word' id='word_1_169' title='bbox 1030 1851 1101 1903; x_wconf 92' lang='lat' dir='ltr'><strong>tui</strong></span> <span class='ocrx_word' id='word_1_170' title='bbox 1134 1849 1452 1918; x_wconf 90' lang='lat' dir='ltr'><strong>participem</strong></span> <span class='ocrx_word' id='word_1_171' title='bbox 1491 1846 1649 1901; x_wconf 81' lang='lat' dir='ltr'><strong>faciet</strong></span> <span class='ocrx_word' id='word_1_172' title='bbox 1674 1863 1826 1901; x_wconf 85' lang='lat' dir='ltr'><strong>com-</strong></span> 
     </span>
    </p>
   </div>
   <div class='ocr_carea' id='block_1_20' title="bbox 266 1936 1830 2006">
    <p class='ocr_par' dir='ltr' id='par_1_20' title="bbox 266 1936 1830 2006">
     <span class='ocr_line' id='line_1_20' title="bbox 266 1936 1830 2006; baseline -0.001 -15"><span class='ocrx_word' id='word_1_173' title='bbox 266 1940 551 1991; x_wconf 89' lang='lat' dir='ltr'><strong>membrata</strong></span> <span class='ocrx_word' id='word_1_174' title='bbox 582 1939 634 1991; x_wconf 90' lang='lat' dir='ltr'><strong>in</strong></span> <span class='ocrx_word' id='word_1_175' title='bbox 658 1938 866 1991; x_wconf 89' lang='lat' dir='ltr'><strong>Domini</strong></span> <span class='ocrx_word' id='word_1_176' title='bbox 888 1953 1115 2006; x_wconf 89' lang='lat' dir='ltr'><strong>corpore</strong></span> <span class='ocrx_word' id='word_1_177' title='bbox 1139 1938 1259 1991; x_wconf 88' lang='lat' dir='ltr'><strong>ﬁdei</strong></span> <span class='ocrx_word' id='word_1_178' title='bbox 1289 1952 1588 2006; x_wconf 83' lang='lat' dir='ltr'><strong>compago;</strong></span> <span class='ocrx_word' id='word_1_179' title='bbox 1621 1936 1745 2004; x_wconf 88' lang='lat' dir='ltr'><strong>quia</strong></span> <span class='ocrx_word' id='word_1_180' title='bbox 1774 1945 1830 1989; x_wconf 88' lang='lat' dir='ltr'><strong>et</strong></span> 
     </span>
    </p>
   </div>
   <div class='ocr_carea' id='block_1_21' title="bbox 267 2026 1829 2095">
    <p class='ocr_par' dir='ltr' id='par_1_21' title="bbox 267 2026 1829 2095">
     <span class='ocr_line' id='line_1_21' title="bbox 267 2026 1829 2095; baseline 0 -16"><span class='ocrx_word' id='word_1_181' title='bbox 267 2028 310 2079; x_wconf 95' lang='lat' dir='ltr'><strong>in</strong></span> <span class='ocrx_word' id='word_1_182' title='bbox 346 2028 721 2082; x_wconf 88' lang='lat' dir='ltr'><strong>sollicitudinis</strong></span> <span class='ocrx_word' id='word_1_183' title='bbox 767 2029 1076 2082; x_wconf 85' lang='lat' dir='ltr'><strong>diversitate</strong></span> <span class='ocrx_word' id='word_1_184' title='bbox 1101 2070 1115 2095; x_wconf 91' lang='lat'><strong>,</strong></span> <span class='ocrx_word' id='word_1_185' title='bbox 1166 2026 1314 2082; x_wconf 79' lang='lat' dir='ltr'><strong>Salvo</strong></span> <span class='ocrx_word' id='word_1_186' title='bbox 1356 2037 1532 2082; x_wconf 89' lang='lat' dir='ltr'><strong>tamen</strong></span> <span class='ocrx_word' id='word_1_187' title='bbox 1576 2041 1829 2082; x_wconf 74' lang='lat' dir='ltr'><strong>consona:</strong></span> 
     </span>
    </p>
   </div>
   <div class='ocr_carea' id='block_1_22' title="bbox 272 2118 1823 2188">
    <p class='ocr_par' dir='ltr' id='par_1_22' title="bbox 272 2118 1823 2188">
     <span class='ocr_line' id='line_1_22' title="bbox 272 2118 1823 2188; baseline -0.001 -18"><span class='ocrx_word' id='word_1_188' title='bbox 272 2120 449 2171; x_wconf 83' lang='lat' dir='ltr'><strong>mentis</strong></span> <span class='ocrx_word' id='word_1_189' title='bbox 474 2133 715 2182; x_wconf 85' lang='lat' dir='ltr'><strong>assensu,</strong></span> <span class='ocrx_word' id='word_1_190' title='bbox 745 2134 807 2172; x_wconf 91' lang='lat' dir='ltr'><strong>ac</strong></span> <span class='ocrx_word' id='word_1_191' title='bbox 837 2119 901 2188; x_wconf 70' lang='grc' dir='ltr'><strong>(ί)</strong></span> <span class='ocrx_word' id='word_1_192' title='bbox 936 2118 1193 2187; x_wconf 88' lang='lat' dir='ltr'><strong>propositi</strong></span> <span class='ocrx_word' id='word_1_193' title='bbox 1222 2118 1299 2171; x_wconf 90' lang='lat' dir='ltr'><strong>tui</strong></span> <span class='ocrx_word' id='word_1_194' title='bbox 1321 2118 1506 2186; x_wconf 85' lang='lat' dir='ltr'><strong>juncta</strong></span> <span class='ocrx_word' id='word_1_195' title='bbox 1535 2118 1823 2181; x_wconf 89' lang='lat' dir='ltr'><strong>sententia,</strong></span> 
     </span>
    </p>
   </div>
   <div class='ocr_carea' id='block_1_23' title="bbox 265 2207 1829 2278">
    <p class='ocr_par' dir='ltr' id='par_1_23' title="bbox 265 2207 1829 2278">
     <span class='ocr_line' id='line_1_23' title="bbox 265 2207 1829 2278; baseline -0.001 -17"><span class='ocrx_word' id='word_1_196' title='bbox 265 2208 375 2261; x_wconf 74' lang='lat' dir='ltr'><strong>dum</strong></span> <span class='ocrx_word' id='word_1_197' title='bbox 401 2217 466 2261; x_wconf 88' lang='lat' dir='ltr'><strong>tu</strong></span> <span class='ocrx_word' id='word_1_198' title='bbox 504 2209 763 2263; x_wconf 88' lang='lat' dir='ltr'><strong>creditam</strong></span> <span class='ocrx_word' id='word_1_199' title='bbox 795 2209 885 2261; x_wconf 88' lang='lat' dir='ltr'><strong>tibi</strong></span> <span class='ocrx_word' id='word_1_200' title='bbox 916 2208 1366 2278; x_wconf 87' lang='lat' dir='ltr'><strong>dispensationem</strong></span> <span class='ocrx_word' id='word_1_201' title='bbox 1408 2208 1577 2261; x_wconf 89' lang='lat' dir='ltr'><strong>ﬁdelis</strong></span> <span class='ocrx_word' id='word_1_202' title='bbox 1607 2207 1622 2243; x_wconf 69' lang='grc' dir='ltr'><strong>ί</strong></span> <span class='ocrx_word' id='word_1_203' title='bbox 1658 2214 1713 2261; x_wconf 90' lang='lat' dir='ltr'><strong>et</strong></span> <span class='ocrx_word' id='word_1_204' title='bbox 1741 2222 1829 2260; x_wconf 88' lang='lat' dir='ltr'><strong>so-</strong></span> 
     </span>
    </p>
   </div>
   <div class='ocr_carea' id='block_1_24' title="bbox 264 2296 1824 2365">
    <p class='ocr_par' dir='ltr' id='par_1_24' title="bbox 264 2296 1824 2365">
     <span class='ocr_line' id='line_1_24' title="bbox 264 2296 1824 2365; baseline 0.001 -16"><span class='ocrx_word' id='word_1_205' title='bbox 264 2297 357 2351; x_wconf 86' lang='lat' dir='ltr'><strong>lers</strong></span> <span class='ocrx_word' id='word_1_206' title='bbox 397 2298 730 2351; x_wconf 86' lang='lat' dir='ltr'><strong>talentorum</strong></span> <span class='ocrx_word' id='word_1_207' title='bbox 777 2296 1021 2351; x_wconf 89' lang='lat' dir='ltr'><strong>herilium</strong></span> <span class='ocrx_word' id='word_1_208' title='bbox 1068 2298 1451 2365; x_wconf 89' lang='lat' dir='ltr'><strong>multiplicator</strong></span> <span class='ocrx_word' id='word_1_209' title='bbox 1493 2312 1715 2351; x_wconf 83' lang='lat' dir='ltr'><strong>exerces</strong></span> <span class='ocrx_word' id='word_1_210' title='bbox 1756 2306 1824 2350; x_wconf 72' lang='grc' dir='ltr'><strong>κς</strong></span> 
     </span>
    </p>
   </div>
   <div class='ocr_carea' id='block_1_25' title="bbox 263 2389 1829 2457">
    <p class='ocr_par' dir='ltr' id='par_1_25' title="bbox 263 2389 1829 2457">
     <span class='ocr_line' id='line_1_25' title="bbox 263 2389 1829 2457; baseline 0.001 -15"><span class='ocrx_word' id='word_1_211' title='bbox 263 2405 349 2444; x_wconf 86' lang='lat' dir='ltr'><strong>nec</strong></span> <span class='ocrx_word' id='word_1_212' title='bbox 374 2391 463 2443; x_wconf 91' lang='lat' dir='ltr'><strong>illa</strong></span> <span class='ocrx_word' id='word_1_213' title='bbox 484 2429 502 2453; x_wconf 92' lang='lat'><strong>,</strong></span> <span class='ocrx_word' id='word_1_214' title='bbox 533 2390 677 2457; x_wconf 92' lang='lat' dir='ltr'><strong>quod</strong></span> <span class='ocrx_word' id='word_1_215' title='bbox 706 2389 770 2443; x_wconf 92' lang='lat' dir='ltr'><strong>de</strong></span> <span class='ocrx_word' id='word_1_216' title='bbox 799 2392 1023 2444; x_wconf 86' lang='lat' dir='ltr'><strong>terrenis</strong></span> <span class='ocrx_word' id='word_1_217' title='bbox 1050 2391 1289 2444; x_wconf 90' lang='lat' dir='ltr'><strong>elaborat</strong></span> <span class='ocrx_word' id='word_1_218' title='bbox 1312 2392 1351 2421; x_wconf 64' lang='grc' dir='ltr'>ιδ</span> <span class='ocrx_word' id='word_1_219' title='bbox 1383 2389 1670 2453; x_wconf 79' lang='lat' dir='ltr'><strong>fructibus,</strong></span> <span class='ocrx_word' id='word_1_220' title='bbox 1721 2391 1829 2445; x_wconf 88' lang='lat' dir='ltr'><strong>the-</strong></span> 
     </span>
    </p>
   </div>
   <div class='ocr_carea' id='block_1_26' title="bbox 263 2478 1827 2548">
    <p class='ocr_par' dir='ltr' id='par_1_26' title="bbox 263 2478 1827 2548">
     <span class='ocr_line' id='line_1_26' title="bbox 263 2478 1827 2548; baseline 0.001 -17"><span class='ocrx_word' id='word_1_221' title='bbox 263 2480 482 2532; x_wconf 79' lang='lat' dir='ltr'><strong>saurizat</strong></span> <span class='ocrx_word' id='word_1_222' title='bbox 512 2479 564 2532; x_wconf 93' lang='lat' dir='ltr'><strong>in</strong></span> <span class='ocrx_word' id='word_1_223' title='bbox 598 2489 739 2532; x_wconf 88' lang='lat' dir='ltr'><strong>terra</strong></span> <span class='ocrx_word' id='word_1_224' title='bbox 771 2478 793 2514; x_wconf 77' lang='grc' dir='ltr'><strong>ιι</strong></span> <span class='ocrx_word' id='word_1_225' title='bbox 816 2519 830 2543; x_wconf 85' lang='grc'><em>,</em></span> <span class='ocrx_word' id='word_1_226' title='bbox 863 2478 957 2533; x_wconf 93' lang='lat' dir='ltr'><strong>sed</strong></span> <span class='ocrx_word' id='word_1_227' title='bbox 987 2481 1088 2533; x_wconf 91' lang='lat' dir='ltr'><strong>tuis</strong></span> <span class='ocrx_word' id='word_1_228' title='bbox 1116 2480 1292 2548; x_wconf 86' lang='lat' dir='ltr'><strong>potius</strong></span> <span class='ocrx_word' id='word_1_229' title='bbox 1320 2480 1569 2547; x_wconf 90' lang='lat' dir='ltr'><strong>operibus</strong></span> <span class='ocrx_word' id='word_1_230' title='bbox 1596 2481 1638 2510; x_wconf 77' lang='grc'><strong>¹⁵</strong></span> <span class='ocrx_word' id='word_1_231' title='bbox 1668 2494 1827 2547; x_wconf 91' lang='lat' dir='ltr'><strong>quam</strong></span> 
     </span>
    </p>
   </div>
   <div class='ocr_carea' id='block_1_27' title="bbox 262 2568 1826 2639">
    <p class='ocr_par' dir='ltr' id='par_1_27' title="bbox 262 2568 1826 2639">
     <span class='ocr_line' id='line_1_27' title="bbox 262 2568 1826 2639; baseline 0.002 -18"><span class='ocrx_word' id='word_1_232' title='bbox 262 2568 528 2623; x_wconf 86' lang='lat' dir='ltr'><strong>damnosis</strong></span> <span class='ocrx_word' id='word_1_233' title='bbox 565 2570 801 2622; x_wconf 76' lang='lat' dir='ltr'><strong>avaritia:</strong></span> <span class='ocrx_word' id='word_1_234' title='bbox 833 2570 1122 2639; x_wconf 59' lang='lat' dir='ltr'><strong>quaestibus</strong></span> <span class='ocrx_word' id='word_1_235' title='bbox 1157 2569 1233 2639; x_wconf 88' lang='lat' dir='ltr'><strong>(g)</strong></span> <span class='ocrx_word' id='word_1_236' title='bbox 1274 2568 1561 2624; x_wconf 89' lang='lat' dir='ltr'><strong>feneratur.</strong></span> <span class='ocrx_word' id='word_1_237' title='bbox 1614 2569 1681 2622; x_wconf 84' lang='lat' dir='ltr'><strong>Et</strong></span> <span class='ocrx_word' id='word_1_238' title='bbox 1708 2569 1826 2624; x_wconf 89' lang='lat' dir='ltr'><strong>ideo</strong></span> 
     </span>
    </p>
   </div>
   <div class='ocr_carea' id='block_1_28' title="bbox 262 2659 1825 2728">
    <p class='ocr_par' dir='ltr' id='par_1_28' title="bbox 262 2659 1825 2728">
     <span class='ocr_line' id='line_1_28' title="bbox 262 2659 1825 2728; baseline 0.003 -19"><span class='ocrx_word' id='word_1_239' title='bbox 262 2659 449 2712; x_wconf 83' lang='lat' dir='ltr'><strong>dabitur</strong></span> <span class='ocrx_word' id='word_1_240' title='bbox 482 2660 562 2712; x_wconf 84' lang='lat' dir='ltr'><strong>illi</strong></span> <span class='ocrx_word' id='word_1_241' title='bbox 589 2661 784 2728; x_wconf 80' lang='lat' dir='ltr'><strong>{ructus</strong></span> <span class='ocrx_word' id='word_1_242' title='bbox 815 2676 845 2711; x_wconf 91' lang='lat' dir='ltr'><strong>a</strong></span> <span class='ocrx_word' id='word_1_243' title='bbox 884 2660 1117 2713; x_wconf 86' lang='lat' dir='ltr'><strong>manibus</strong></span> <span class='ocrx_word' id='word_1_244' title='bbox 1164 2661 1269 2713; x_wconf 82' lang='lat' dir='ltr'><strong>suis</strong></span> <span class='ocrx_word' id='word_1_245' title='bbox 1293 2701 1307 2725; x_wconf 91' lang='lat'><strong>,</strong></span> <span class='ocrx_word' id='word_1_246' title='bbox 1359 2670 1406 2713; x_wconf 88' lang='lat' dir='ltr'><strong>et</strong></span> <span class='ocrx_word' id='word_1_247' title='bbox 1450 2660 1742 2713; x_wconf 79' lang='lat' dir='ltr'><strong>laudabitur</strong></span> <span class='ocrx_word' id='word_1_248' title='bbox 1772 2662 1825 2714; x_wconf 86' lang='lat' dir='ltr'><strong>in</strong></span> 
     </span>
    </p>
   </div>
   <div class='ocr_carea' id='block_1_29' title="bbox 258 2748 1825 2821">
    <p class='ocr_par' dir='ltr' id='par_1_29' title="bbox 258 2748 1825 2821">
     <span class='ocr_line' id='line_1_29' title="bbox 258 2748 1825 2821; baseline 0.005 -22"><span class='ocrx_word' id='word_1_249' title='bbox 258 2750 402 2817; x_wconf 81' lang='lat' dir='ltr'><strong>portis</strong></span> <span class='ocrx_word' id='word_1_250' title='bbox 430 2750 569 2818; x_wconf 77' lang='lat' dir='ltr'><strong>ﬁlia:</strong></span> <span class='ocrx_word' id='word_1_251' title='bbox 599 2748 727 2802; x_wconf 85' lang='lat' dir='ltr'><strong>Sion</strong></span> <span class='ocrx_word' id='word_1_252' title='bbox 753 2751 966 2803; x_wconf 88' lang='lat' dir='ltr'><strong>maritus</strong></span> <span class='ocrx_word' id='word_1_253' title='bbox 996 2751 1106 2820; x_wconf 85' lang='lat' dir='ltr'><strong>ejus</strong></span> <span class='ocrx_word' id='word_1_254' title='bbox 1137 2751 1187 2803; x_wconf 93' lang='lat' dir='ltr'><strong>in</strong></span> <span class='ocrx_word' id='word_1_255' title='bbox 1221 2751 1444 2805; x_wconf 90' lang='lat' dir='ltr'><strong>Domino</strong></span> <span class='ocrx_word' id='word_1_256' title='bbox 1476 2753 1486 2788; x_wconf 77' lang='grc' dir='ltr'><strong>ί</strong></span> <span class='ocrx_word' id='word_1_257' title='bbox 1512 2793 1527 2817; x_wconf 87' lang='grc'><em>,</em></span> <span class='ocrx_word' id='word_1_258' title='bbox 1558 2752 1648 2821; x_wconf 90' lang='lat' dir='ltr'><strong>qui</strong></span> <span class='ocrx_word' id='word_1_259' title='bbox 1673 2752 1825 2808; x_wconf 90' lang='lat' dir='ltr'><strong>vobis</strong></span> 
     </span>
    </p>
   </div>
   <div class='ocr_carea' id='block_1_30' title="bbox 260 2836 1822 2909">
    <p class='ocr_par' dir='ltr' id='par_1_30' title="bbox 260 2836 1822 2909">
     <span class='ocr_line' id='line_1_30' title="bbox 260 2836 1822 2909; baseline 0.004 -21"><span class='ocrx_word' id='word_1_260' title='bbox 260 2836 317 2889; x_wconf 85' lang='lat' dir='ltr'><strong>ab</strong></span> <span class='ocrx_word' id='word_1_261' title='bbox 342 2840 525 2907; x_wconf 84' lang='lat' dir='ltr'><strong>operis</strong></span> <span class='ocrx_word' id='word_1_262' title='bbox 553 2838 793 2905; x_wconf 86' lang='lat' dir='ltr'><strong>ejusdem</strong></span> <span class='ocrx_word' id='word_1_263' title='bbox 835 2838 1018 2892; x_wconf 84' lang='lat' dir='ltr'><strong>labore</strong></span> <span class='ocrx_word' id='word_1_264' title='bbox 1046 2840 1256 2894; x_wconf 86' lang='lat' dir='ltr'><strong>diverso</strong></span> <span class='ocrx_word' id='word_1_265' title='bbox 1280 2881 1295 2905; x_wconf 94' lang='lat'><strong>,</strong></span> <span class='ocrx_word' id='word_1_266' title='bbox 1345 2841 1437 2894; x_wconf 91' lang='lat' dir='ltr'><strong>sed</strong></span> <span class='ocrx_word' id='word_1_267' title='bbox 1485 2842 1599 2909; x_wconf 90' lang='lat' dir='ltr'><strong>pari</strong></span> <span class='ocrx_word' id='word_1_268' title='bbox 1648 2841 1822 2894; x_wconf 90' lang='lat' dir='ltr'><strong>studio</strong></span> 
     </span>
    </p>
   </div>
   <div class='ocr_carea' id='block_1_31' title="bbox 256 2928 1818 2999">
    <p class='ocr_par' dir='ltr' id='par_1_31' title="bbox 256 2928 1818 2999">
     <span class='ocr_line' id='line_1_31' title="bbox 256 2928 1818 2999; baseline 0.002 -20"><span class='ocrx_word' id='word_1_269' title='bbox 256 2928 510 2980; x_wconf 85' lang='lat' dir='ltr'><strong>consitam</strong></span> <span class='ocrx_word' id='word_1_270' title='bbox 550 2936 789 2994; x_wconf 78' lang='lat' dir='ltr'><strong>segetem</strong></span> <span class='ocrx_word' id='word_1_271' title='bbox 826 2928 876 2980; x_wconf 89' lang='lat' dir='ltr'><strong>in</strong></span> <span class='ocrx_word' id='word_1_272' title='bbox 915 2943 1252 2983; x_wconf 88' lang='lat' dir='ltr'><strong>communem</strong></span> <span class='ocrx_word' id='word_1_273' title='bbox 1281 2938 1544 2999; x_wconf 72' lang='lat' dir='ltr'><strong>prtcparat</strong></span> <span class='ocrx_word' id='word_1_274' title='bbox 1570 2946 1818 2997; x_wconf 84' lang='lat' dir='ltr'><strong>messem,</strong></span> 
     </span>
    </p>
   </div>
   <div class='ocr_carea' id='block_1_32' title="bbox 258 3019 1823 3089">
    <p class='ocr_par' dir='ltr' id='par_1_32' title="bbox 258 3019 1823 3089">
     <span class='ocr_line' id='line_1_32' title="bbox 258 3019 1823 3089; baseline 0.004 -20"><span class='ocrx_word' id='word_1_275' title='bbox 258 3031 307 3070; x_wconf 87' lang='lat' dir='ltr'><strong>ut</strong></span> <span class='ocrx_word' id='word_1_276' title='bbox 334 3019 383 3072; x_wconf 91' lang='lat' dir='ltr'><strong>in</strong></span> <span class='ocrx_word' id='word_1_277' title='bbox 414 3021 509 3073; x_wconf 80' lang='lat' dir='ltr'><strong>illa</strong></span> <span class='ocrx_word' id='word_1_278' title='bbox 536 3020 621 3073; x_wconf 89' lang='lat' dir='ltr'><strong>die</strong></span> <span class='ocrx_word' id='word_1_279' title='bbox 652 3020 854 3089; x_wconf 87' lang='lat' dir='ltr'><strong>pariter</strong></span> <span class='ocrx_word' id='word_1_280' title='bbox 884 3021 935 3073; x_wconf 92' lang='lat' dir='ltr'><strong>in</strong></span> <span class='ocrx_word' id='word_1_281' title='bbox 961 3022 1318 3074; x_wconf 77' lang='lat' dir='ltr'><strong>exsultatione</strong></span> <span class='ocrx_word' id='word_1_282' title='bbox 1347 3022 1569 3075; x_wconf 85' lang='lat' dir='ltr'><strong>veniatis</strong></span> <span class='ocrx_word' id='word_1_283' title='bbox 1598 3021 1823 3075; x_wconf 70' lang='lat' dir='ltr'><strong>all‘eren-</strong></span> 
     </span>
    </p>
   </div>
   <div class='ocr_carea' id='block_1_33' title="bbox 1929 495 3508 575">
    <p class='ocr_par' dir='ltr' id='par_1_33' title="bbox 1929 495 3508 575">
     <span class='ocr_line' id='line_1_33' title="bbox 1929 495 3508 575; baseline 0.011 -29"><span class='ocrx_word' id='word_1_284' title='bbox 1929 496 2091 565; x_wconf 75' lang='lat'><strong>262</strong></span> <span class='ocrx_word' id='word_1_285' title='bbox 2120 495 2192 548; x_wconf 90' lang='lat' dir='ltr'><strong>ita</strong></span> <span class='ocrx_word' id='word_1_286' title='bbox 2239 504 2294 549; x_wconf 91' lang='lat' dir='ltr'><strong>et</strong></span> <span class='ocrx_word' id='word_1_287' title='bbox 2342 496 2434 550; x_wconf 91' lang='lat' dir='ltr'><strong>lilii</strong></span> <span class='ocrx_word' id='word_1_288' title='bbox 2491 498 2568 551; x_wconf 93' lang='lat' dir='ltr'><strong>tui</strong></span> <span class='ocrx_word' id='word_1_289' title='bbox 2610 512 2847 575; x_wconf 68' lang='lat' dir='ltr'><strong>mensam</strong></span> <span class='ocrx_word' id='word_1_290' title='bbox 2897 499 3107 555; x_wconf 91' lang='lat' dir='ltr'><strong>Domini</strong></span> <span class='ocrx_word' id='word_1_291' title='bbox 3150 508 3326 559; x_wconf 88' lang='lat' dir='ltr'><strong>tecum</strong></span> <span class='ocrx_word' id='word_1_292' title='bbox 3368 507 3508 563; x_wconf 89' lang='lat' dir='ltr'><strong>sicut</strong></span> 
     </span>
    </p>
   </div>
   <div class='ocr_carea' id='block_1_34' title="bbox 1928 584 3505 664">
    <p class='ocr_par' dir='ltr' id='par_1_34' title="bbox 1928 584 3505 664">
     <span class='ocr_line' id='line_1_34' title="bbox 1928 584 3505 664; baseline 0.01 -28"><span class='ocrx_word' id='word_1_293' title='bbox 1928 584 2151 637; x_wconf 64' lang='lat' dir='ltr'><strong>novellae</strong></span> <span class='ocrx_word' id='word_1_294' title='bbox 2205 584 2464 639; x_wconf 87' lang='lat' dir='ltr'><strong>olivarum</strong></span> <span class='ocrx_word' id='word_1_295' title='bbox 2519 586 2915 643; x_wconf 78' lang='lat' dir='ltr'><strong>circumsistere</strong></span> <span class='ocrx_word' id='word_1_296' title='bbox 2972 589 3505 664; x_wconf 76' lang='lat' dir='ltr'><strong>merebunturzquos</strong></span> 
     </span>
    </p>
   </div>
   <div class='ocr_carea' id='block_1_35' title="bbox 1928 673 3507 744">
    <p class='ocr_par' dir='ltr' id='par_1_35' title="bbox 1928 673 3507 744">
     <span class='ocr_line' id='line_1_35' title="bbox 1928 673 3507 744; baseline 0.009 -18"><span class='ocrx_word' id='word_1_297' title='bbox 1928 688 2069 727; x_wconf 90' lang='lat' dir='ltr'><strong>nunc</strong></span> <span class='ocrx_word' id='word_1_298' title='bbox 2082 673 2315 727; x_wconf 87' lang='lat' dir='ltr'><strong>arbitror</strong></span> <span class='ocrx_word' id='word_1_299' title='bbox 2330 674 2519 729; x_wconf 70' lang='lat' dir='ltr'><strong>divina:</strong></span> <span class='ocrx_word' id='word_1_300' title='bbox 2546 677 2838 744; x_wconf 62' lang='lat' dir='ltr'><strong>sapientius,</strong></span> <span class='ocrx_word' id='word_1_301' title='bbox 2863 678 3016 732; x_wconf 71' lang='lat' dir='ltr'><strong>bona:</strong></span> <span class='ocrx_word' id='word_1_302' title='bbox 3034 681 3075 710; x_wconf 78' lang='grc'><strong>³⁸</strong></span> <span class='ocrx_word' id='word_1_303' title='bbox 3088 685 3507 740; x_wconf 82' lang='lat' dir='ltr'><strong>conversationis</strong></span> 
     </span>
    </p>
   </div>
   <div class='ocr_carea' id='block_1_36' title="bbox 1929 763 3501 839">
    <p class='ocr_par' dir='ltr' id='par_1_36' title="bbox 1929 763 3501 839">
     <span class='ocr_line' id='line_1_36' title="bbox 1929 763 3501 839; baseline 0.007 -25"><span class='ocrx_word' id='word_1_304' title='bbox 1929 771 2118 815; x_wconf 69' lang='lat' dir='ltr'><strong>vestra:</strong></span> <span class='ocrx_word' id='word_1_305' title='bbox 2142 763 2278 816; x_wconf 90' lang='lat' dir='ltr'><strong>escis</strong></span> <span class='ocrx_word' id='word_1_306' title='bbox 2297 805 2311 829; x_wconf 92' lang='lat'><strong>,</strong></span> <span class='ocrx_word' id='word_1_307' title='bbox 2344 772 2402 816; x_wconf 89' lang='lat' dir='ltr'><strong>ut</strong></span> <span class='ocrx_word' id='word_1_308' title='bbox 2425 764 2597 832; x_wconf 91' lang='lat' dir='ltr'><strong>pullos</strong></span> <span class='ocrx_word' id='word_1_309' title='bbox 2621 766 2919 833; x_wconf 89' lang='lat' dir='ltr'><strong>aquilarum</strong></span> <span class='ocrx_word' id='word_1_310' title='bbox 2948 767 3135 831; x_wconf 88' lang='lat' dir='ltr'><strong>cibari,</strong></span> <span class='ocrx_word' id='word_1_311' title='bbox 3169 776 3227 822; x_wconf 91' lang='lat' dir='ltr'><strong>ut</strong></span> <span class='ocrx_word' id='word_1_312' title='bbox 3256 769 3501 839; x_wconf 81' lang='lat' dir='ltr'><strong>depopu-</strong></span> 
     </span>
    </p>
   </div>
   <div class='ocr_carea' id='block_1_37' title="bbox 1931 850 3505 920">
    <p class='ocr_par' dir='ltr' id='par_1_37' title="bbox 1931 850 3505 920">
     <span class='ocr_line' id='line_1_37' title="bbox 1931 850 3505 920; baseline 0.008 -19"><span class='ocrx_word' id='word_1_313' title='bbox 1931 850 2067 904; x_wconf 87' lang='lat' dir='ltr'><strong>latas</strong></span> <span class='ocrx_word' id='word_1_314' title='bbox 2097 851 2273 919; x_wconf 64' lang='lat' dir='ltr'><strong>praeda</strong></span> <span class='ocrx_word' id='word_1_315' title='bbox 2302 860 2581 920; x_wconf 89' lang='lat' dir='ltr'><strong>parentum</strong></span> <span class='ocrx_word' id='word_1_316' title='bbox 2611 869 2819 919; x_wconf 86' lang='lat' dir='ltr'><strong>carnes,</strong></span> <span class='ocrx_word' id='word_1_317' title='bbox 2848 856 2897 908; x_wconf 91' lang='lat' dir='ltr'><strong>id</strong></span> <span class='ocrx_word' id='word_1_318' title='bbox 2926 864 3027 920; x_wconf 91' lang='lat' dir='ltr'><strong>est,</strong></span> <span class='ocrx_word' id='word_1_319' title='bbox 3057 858 3299 913; x_wconf 90' lang='lat' dir='ltr'><strong>carnales</strong></span> <span class='ocrx_word' id='word_1_320' title='bbox 3328 860 3505 913; x_wconf 86' lang='lat' dir='ltr'><strong>inimi-</strong></span> 
     </span>
    </p>
   </div>
   <div class='ocr_carea' id='block_1_38' title="bbox 1930 939 3506 1012">
    <p class='ocr_par' dir='ltr' id='par_1_38' title="bbox 1930 939 3506 1012">
     <span class='ocr_line' id='line_1_38' title="bbox 1930 939 3506 1012; baseline 0.006 -19"><span class='ocrx_word' id='word_1_321' title='bbox 1930 939 2101 1005; x_wconf 89' lang='lat' dir='ltr'><strong>citias,</strong></span> <span class='ocrx_word' id='word_1_322' title='bbox 2133 955 2250 1008; x_wconf 68' lang='lat' dir='ltr'><strong>qua:</strong></span> <span class='ocrx_word' id='word_1_323' title='bbox 2278 942 2627 995; x_wconf 85' lang='lat' dir='ltr'><strong>adversantur</strong></span> <span class='ocrx_word' id='word_1_324' title='bbox 2654 943 2880 1012; x_wconf 88' lang='lat' dir='ltr'><strong>spiritui,</strong></span> <span class='ocrx_word' id='word_1_325' title='bbox 2906 944 3016 1012; x_wconf 89' lang='lat' dir='ltr'><strong>jam</strong></span> <span class='ocrx_word' id='word_1_326' title='bbox 3046 962 3187 1000; x_wconf 92' lang='lat' dir='ltr'><strong>nunc</strong></span> <span class='ocrx_word' id='word_1_327' title='bbox 3214 950 3373 1002; x_wconf 89' lang='lat' dir='ltr'><strong>edere</strong></span> <span class='ocrx_word' id='word_1_328' title='bbox 3399 948 3506 1003; x_wconf 91' lang='lat' dir='ltr'><strong>dis-</strong></span> 
     </span>
    </p>
   </div>
   <div class='ocr_carea' id='block_1_39' title="bbox 1932 1031 3503 1107">
    <p class='ocr_par' dir='ltr' id='par_1_39' title="bbox 1932 1031 3503 1107">
     <span class='ocr_line' id='line_1_39' title="bbox 1932 1031 3503 1107; baseline 0.008 -26"><span class='ocrx_word' id='word_1_329' title='bbox 1932 1037 2079 1093; x_wconf 77' lang='lat' dir='ltr'><strong>cant,</strong></span> <span class='ocrx_word' id='word_1_330' title='bbox 2113 1040 2167 1083; x_wconf 91' lang='lat' dir='ltr'><strong>et</strong></span> <span class='ocrx_word' id='word_1_331' title='bbox 2187 1031 2409 1099; x_wconf 89' lang='lat' dir='ltr'><strong>spiritali</strong></span> <span class='ocrx_word' id='word_1_332' title='bbox 2440 1033 2733 1086; x_wconf 87' lang='lat' dir='ltr'><strong>voracitate</strong></span> <span class='ocrx_word' id='word_1_333' title='bbox 2762 1050 3095 1099; x_wconf 86' lang='lat' dir='ltr'><strong>consumere,</strong></span> <span class='ocrx_word' id='word_1_334' title='bbox 3122 1045 3172 1090; x_wconf 88' lang='lat' dir='ltr'><strong>et</strong></span> <span class='ocrx_word' id='word_1_335' title='bbox 3196 1038 3247 1090; x_wconf 93' lang='lat' dir='ltr'><strong>in</strong></span> <span class='ocrx_word' id='word_1_336' title='bbox 3273 1054 3503 1107; x_wconf 85' lang='lat' dir='ltr'><strong>superna</strong></span> 
     </span>
    </p>
   </div>
   <div class='ocr_carea' id='block_1_40' title="bbox 1929 1119 3502 1191">
    <p class='ocr_par' dir='ltr' id='par_1_40' title="bbox 1929 1119 3502 1191">
     <span class='ocr_line' id='line_1_40' title="bbox 1929 1119 3502 1191; baseline 0.01 -24"><span class='ocrx_word' id='word_1_337' title='bbox 1929 1119 2182 1173; x_wconf 86' lang='lat' dir='ltr'><strong>virtutum</strong></span> <span class='ocrx_word' id='word_1_338' title='bbox 2227 1120 2553 1174; x_wconf 87' lang='lat' dir='ltr'><strong>conﬁrmatis</strong></span> <span class='ocrx_word' id='word_1_339' title='bbox 2583 1122 2783 1174; x_wconf 87' lang='lat' dir='ltr'><strong>alarum</strong></span> <span class='ocrx_word' id='word_1_340' title='bbox 2822 1125 3055 1191; x_wconf 82' lang='lat' dir='ltr'><strong>remigiis</strong></span> <span class='ocrx_word' id='word_1_341' title='bbox 3090 1126 3325 1179; x_wconf 88' lang='lat' dir='ltr'><strong>evolare.</strong></span> <span class='ocrx_word' id='word_1_342' title='bbox 3355 1126 3502 1182; x_wconf 90' lang='lat' dir='ltr'><strong>Edu-</strong></span> 
     </span>
    </p>
   </div>
   <div class='ocr_carea' id='block_1_41' title="bbox 1931 1208 3504 1279">
    <p class='ocr_par' dir='ltr' id='par_1_41' title="bbox 1931 1208 3504 1279">
     <span class='ocr_line' id='line_1_41' title="bbox 1931 1208 3504 1279; baseline 0.008 -21"><span class='ocrx_word' id='word_1_343' title='bbox 1931 1215 2117 1259; x_wconf 91' lang='lat' dir='ltr'><strong>centur</strong></span> <span class='ocrx_word' id='word_1_344' title='bbox 2142 1208 2280 1261; x_wconf 86' lang='lat' dir='ltr'><strong>sicut</strong></span> <span class='ocrx_word' id='word_1_345' title='bbox 2328 1209 2415 1260; x_wconf 88' lang='lat' dir='ltr'><strong>lilii</strong></span> <span class='ocrx_word' id='word_1_346' title='bbox 2455 1210 2867 1278; x_wconf 88' lang='lat' dir='ltr'><strong>prophetarum,</strong></span> <span class='ocrx_word' id='word_1_347' title='bbox 2899 1213 2989 1279; x_wconf 87' lang='lat' dir='ltr'><strong>qui</strong></span> <span class='ocrx_word' id='word_1_348' title='bbox 3019 1214 3397 1268; x_wconf 86' lang='lat' dir='ltr'><strong>tumultuosam</strong></span> <span class='ocrx_word' id='word_1_349' title='bbox 3426 1216 3504 1270; x_wconf 87' lang='lat' dir='ltr'><strong>ci-</strong></span> 
     </span>
    </p>
   </div>
   <div class='ocr_carea' id='block_1_42' title="bbox 1934 1296 3503 1374">
    <p class='ocr_par' dir='ltr' id='par_1_42' title="bbox 1934 1296 3503 1374">
     <span class='ocr_line' id='line_1_42' title="bbox 1934 1296 3503 1374; baseline 0.009 -26"><span class='ocrx_word' id='word_1_350' title='bbox 1934 1296 2116 1350; x_wconf 88' lang='lat' dir='ltr'><strong>vitatis</strong></span> <span class='ocrx_word' id='word_1_351' title='bbox 2145 1297 2556 1363; x_wconf 82' lang='lat' dir='ltr'><strong>habitationem,</strong></span> <span class='ocrx_word' id='word_1_352' title='bbox 2608 1301 2673 1353; x_wconf 89' lang='lat' dir='ltr'><strong>ad</strong></span> <span class='ocrx_word' id='word_1_353' title='bbox 2715 1304 3139 1370; x_wconf 89' lang='lat' dir='ltr'><strong>componendam</strong></span> <span class='ocrx_word' id='word_1_354' title='bbox 3170 1306 3230 1374; x_wconf 74' lang='grc' dir='ltr'><strong>(ἰ)</strong></span> <span class='ocrx_word' id='word_1_355' title='bbox 3261 1322 3392 1374; x_wconf 88' lang='lat' dir='ltr'><strong>pace</strong></span> <span class='ocrx_word' id='word_1_356' title='bbox 3426 1309 3503 1362; x_wconf 89' lang='lat' dir='ltr'><strong>si-</strong></span> 
     </span>
    </p>
   </div>
   <div class='ocr_carea' id='block_1_43' title="bbox 1930 1384 3501 1458">
    <p class='ocr_par' dir='ltr' id='par_1_43' title="bbox 1930 1384 3501 1458">
     <span class='ocr_line' id='line_1_43' title="bbox 1930 1384 3501 1458; baseline 0.01 -22"><span class='ocrx_word' id='word_1_357' title='bbox 1930 1384 2081 1438; x_wconf 90' lang='lat' dir='ltr'><strong>lentii</strong></span> <span class='ocrx_word' id='word_1_358' title='bbox 2127 1388 2357 1439; x_wconf 89' lang='lat' dir='ltr'><strong>animam</strong></span> <span class='ocrx_word' id='word_1_359' title='bbox 2387 1428 2401 1451; x_wconf 92' lang='lat'><strong>,</strong></span> <span class='ocrx_word' id='word_1_360' title='bbox 2451 1388 2800 1456; x_wconf 88' lang='lat' dir='ltr'><strong>declinantes,</strong></span> <span class='ocrx_word' id='word_1_361' title='bbox 2838 1391 2991 1458; x_wconf 85' lang='lat' dir='ltr'><strong>juxta</strong></span> <span class='ocrx_word' id='word_1_362' title='bbox 3016 1392 3263 1449; x_wconf 84' lang='lat' dir='ltr'><strong>Jordanis</strong></span> <span class='ocrx_word' id='word_1_363' title='bbox 3292 1397 3501 1452; x_wconf 89' lang='lat' dir='ltr'><strong>alveum</strong></span> 
     </span>
    </p>
   </div>
   <div class='ocr_carea' id='block_1_44' title="bbox 1929 1475 3503 1545">
    <p class='ocr_par' dir='ltr' id='par_1_44' title="bbox 1929 1475 3503 1545">
     <span class='ocr_line' id='line_1_44' title="bbox 1929 1475 3503 1545; baseline 0.011 -18"><span class='ocrx_word' id='word_1_364' title='bbox 1929 1475 2028 1528; x_wconf 88' lang='lat' dir='ltr'><strong>sibi</strong></span> <span class='ocrx_word' id='word_1_365' title='bbox 2070 1476 2369 1530; x_wconf 87' lang='lat' dir='ltr'><strong>habitacula</strong></span> <span class='ocrx_word' id='word_1_366' title='bbox 2412 1490 2617 1533; x_wconf 86' lang='lat' dir='ltr'><strong>secreta</strong></span> <span class='ocrx_word' id='word_1_367' title='bbox 2657 1484 2839 1535; x_wconf 89' lang='lat' dir='ltr'><strong>metati</strong></span> <span class='ocrx_word' id='word_1_368' title='bbox 2880 1493 3002 1536; x_wconf 91' lang='lat' dir='ltr'><strong>sunt</strong></span> <span class='ocrx_word' id='word_1_369' title='bbox 3033 1494 3077 1537; x_wconf 77' lang='grc' dir='ltr'><strong>η.</strong></span> <span class='ocrx_word' id='word_1_370' title='bbox 3110 1485 3503 1545; x_wconf 86' lang='lat' dir='ltr'><strong>Consecrentur</strong></span> 
     </span>
    </p>
   </div>
   <div class='ocr_carea' id='block_1_45' title="bbox 1930 1567 3501 1643">
    <p class='ocr_par' dir='ltr' id='par_1_45' title="bbox 1930 1567 3501 1643">
     <span class='ocr_line' id='line_1_45' title="bbox 1930 1567 3501 1643; baseline 0.01 -24"><span class='ocrx_word' id='word_1_371' title='bbox 1930 1567 2067 1620; x_wconf 89' lang='lat' dir='ltr'><strong>sicut</strong></span> <span class='ocrx_word' id='word_1_372' title='bbox 2098 1568 2189 1621; x_wconf 88' lang='lat' dir='ltr'><strong>lilii</strong></span> <span class='ocrx_word' id='word_1_373' title='bbox 2230 1570 2410 1623; x_wconf 83' lang='lat' dir='ltr'><strong>Aaron</strong></span> <span class='ocrx_word' id='word_1_374' title='bbox 2431 1609 2445 1631; x_wconf 94' lang='lat'><strong>,</strong></span> <span class='ocrx_word' id='word_1_375' title='bbox 2488 1587 2593 1624; x_wconf 91' lang='lat' dir='ltr'><strong>non</strong></span> <span class='ocrx_word' id='word_1_376' title='bbox 2636 1580 2810 1626; x_wconf 90' lang='lat' dir='ltr'><strong>tamen</strong></span> <span class='ocrx_word' id='word_1_377' title='bbox 2842 1574 2914 1626; x_wconf 90' lang='lat' dir='ltr'><strong>illi</strong></span> <span class='ocrx_word' id='word_1_378' title='bbox 2943 1575 3036 1642; x_wconf 92' lang='lat' dir='ltr'><strong>qui</strong></span> <span class='ocrx_word' id='word_1_379' title='bbox 3066 1576 3239 1643; x_wconf 83' lang='lat' dir='ltr'><strong>ignem</strong></span> <span class='ocrx_word' id='word_1_380' title='bbox 3270 1579 3501 1634; x_wconf 90' lang='lat' dir='ltr'><strong>alienum</strong></span> 
     </span>
    </p>
   </div>
   <div class='ocr_carea' id='block_1_46' title="bbox 1930 1658 3501 1739">
    <p class='ocr_par' dir='ltr' id='par_1_46' title="bbox 1930 1658 3501 1739">
     <span class='ocr_line' id='line_1_46' title="bbox 1930 1658 3501 1739; baseline 0.01 -29"><span class='ocrx_word' id='word_1_381' title='bbox 1930 1658 2156 1713; x_wconf 89' lang='lat' dir='ltr'><strong>Domino</strong></span> <span class='ocrx_word' id='word_1_382' title='bbox 2197 1661 2551 1716; x_wconf 90' lang='lat' dir='ltr'><strong>acccndentes</strong></span> <span class='ocrx_word' id='word_1_383' title='bbox 2592 1665 2761 1717; x_wconf 81' lang='lat' dir='ltr'><strong>exusti</strong></span> <span class='ocrx_word' id='word_1_384' title='bbox 2799 1674 2920 1718; x_wconf 90' lang='lat' dir='ltr'><strong>sunt</strong></span> <span class='ocrx_word' id='word_1_385' title='bbox 2950 1666 3069 1733; x_wconf 82' lang='lat' dir='ltr'><strong>igne</strong></span> <span class='ocrx_word' id='word_1_386' title='bbox 3097 1668 3277 1723; x_wconf 86' lang='lat' dir='ltr'><strong>divino</strong></span> <span class='ocrx_word' id='word_1_387' title='bbox 3306 1680 3362 1734; x_wconf 85' lang='grc' dir='ltr'><strong>ο,</strong></span> <span class='ocrx_word' id='word_1_388' title='bbox 3394 1685 3501 1739; x_wconf 91' lang='lat' dir='ltr'><strong>quo</strong></span> 
     </span>
    </p>
   </div>
   <div class='ocr_carea' id='block_1_47' title="bbox 1928 1746 3502 1828">
    <p class='ocr_par' dir='ltr' id='par_1_47' title="bbox 1928 1746 3502 1828">
     <span class='ocr_line' id='line_1_47' title="bbox 1928 1746 3502 1828; baseline 0.01 -29"><span class='ocrx_word' id='word_1_389' title='bbox 1928 1746 2027 1815; x_wconf 91' lang='lat' dir='ltr'><strong>ipsi</strong></span> <span class='ocrx_word' id='word_1_390' title='bbox 2059 1749 2346 1813; x_wconf 88' lang='lat' dir='ltr'><strong>carebant;</strong></span> <span class='ocrx_word' id='word_1_391' title='bbox 2379 1750 2473 1803; x_wconf 91' lang='lat' dir='ltr'><strong>sed</strong></span> <span class='ocrx_word' id='word_1_392' title='bbox 2502 1760 2559 1803; x_wconf 92' lang='lat' dir='ltr'><strong>ut</strong></span> <span class='ocrx_word' id='word_1_393' title='bbox 2587 1750 2808 1805; x_wconf 81' lang='lat' dir='ltr'><strong>Eleazar</strong></span> <span class='ocrx_word' id='word_1_394' title='bbox 2830 1762 2884 1806; x_wconf 91' lang='lat' dir='ltr'><strong>et</strong></span> <span class='ocrx_word' id='word_1_395' title='bbox 2905 1754 3137 1808; x_wconf 89' lang='lat' dir='ltr'><strong>Ithamar</strong></span> <span class='ocrx_word' id='word_1_396' title='bbox 3162 1758 3356 1812; x_wconf 93' lang='lat' dir='ltr'><strong>merito</strong></span> <span class='ocrx_word' id='word_1_397' title='bbox 3380 1774 3502 1828; x_wconf 87' lang='lat' dir='ltr'><strong>per-</strong></span> 
     </span>
    </p>
   </div>
   <div class='ocr_carea' id='block_1_48' title="bbox 1929 1841 3500 1918">
    <p class='ocr_par' dir='ltr' id='par_1_48' title="bbox 1929 1841 3500 1918">
     <span class='ocr_line' id='line_1_48' title="bbox 1929 1841 3500 1918; baseline 0.008 -26"><span class='ocrx_word' id='word_1_398' title='bbox 1929 1841 2076 1908; x_wconf 90' lang='lat' dir='ltr'><strong>petui</strong></span> <span class='ocrx_word' id='word_1_399' title='bbox 2106 1856 2441 1896; x_wconf 88' lang='lat' dir='ltr'><strong>successores</strong></span> <span class='ocrx_word' id='word_1_400' title='bbox 2468 1842 2739 1909; x_wconf 85' lang='lat' dir='ltr'><strong>dignitatis</strong></span> <span class='ocrx_word' id='word_1_401' title='bbox 2765 1854 3022 1913; x_wconf 70' lang='lat' dir='ltr'><strong>paternm,</strong></span> <span class='ocrx_word' id='word_1_402' title='bbox 3053 1847 3176 1916; x_wconf 91' lang='lat' dir='ltr'><strong>quia</strong></span> <span class='ocrx_word' id='word_1_403' title='bbox 3202 1863 3309 1903; x_wconf 91' lang='lat' dir='ltr'><strong>non</strong></span> <span class='ocrx_word' id='word_1_404' title='bbox 3337 1849 3500 1918; x_wconf 81' lang='lat' dir='ltr'><strong>dege-</strong></span> 
     </span>
    </p>
   </div>
   <div class='ocr_carea' id='block_1_49' title="bbox 1930 1933 2686 1988">
    <p class='ocr_par' dir='ltr' id='par_1_49' title="bbox 1930 1933 2686 1988">
     <span class='ocr_line' id='line_1_49' title="bbox 1930 1933 2686 1988; baseline 0.007 -5"><span class='ocrx_word' id='word_1_405' title='bbox 1930 1946 2085 1985; x_wconf 90' lang='lat' dir='ltr'><strong>neres</strong></span> <span class='ocrx_word' id='word_1_406' title='bbox 2114 1933 2412 1986; x_wconf 88' lang='lat' dir='ltr'><strong>sanctitatis</strong></span> <span class='ocrx_word' id='word_1_407' title='bbox 2442 1933 2686 1988; x_wconf 89' lang='lat' dir='ltr'><strong>heredes.</strong></span> 
     </span>
    </p>
   </div>
   <div class='ocr_carea' id='block_1_50' title="bbox 2000 2019 3494 2093">
    <p class='ocr_par' dir='ltr' id='par_1_50' title="bbox 2000 2019 3494 2093">
     <span class='ocr_line' id='line_1_50' title="bbox 2000 2019 3494 2093; baseline 0.008 -21"><span class='ocrx_word' id='word_1_408' title='bbox 2000 2019 2052 2073; x_wconf 86' lang='grc'><strong>6.</strong></span> <span class='ocrx_word' id='word_1_409' title='bbox 2092 2019 2273 2088; x_wconf 81' lang='lat' dir='ltr'><strong>Ignem</strong></span> <span class='ocrx_word' id='word_1_410' title='bbox 2312 2030 2489 2075; x_wconf 88' lang='lat' dir='ltr'><strong>autem</strong></span> <span class='ocrx_word' id='word_1_411' title='bbox 2526 2023 2654 2076; x_wconf 87' lang='lat' dir='ltr'><strong>mihi</strong></span> <span class='ocrx_word' id='word_1_412' title='bbox 2680 2024 2909 2078; x_wconf 89' lang='lat' dir='ltr'><strong>alienum</strong></span> <span class='ocrx_word' id='word_1_413' title='bbox 2939 2026 3151 2080; x_wconf 88' lang='lat' dir='ltr'><strong>videtur</strong></span> <span class='ocrx_word' id='word_1_414' title='bbox 3178 2030 3494 2093; x_wconf 89' lang='lat' dir='ltr'><strong>accendere,</strong></span> 
     </span>
    </p>
   </div>
   <div class='ocr_carea' id='block_1_51' title="bbox 1930 2112 3499 2189">
    <p class='ocr_par' dir='ltr' id='par_1_51' title="bbox 1930 2112 3499 2189">
     <span class='ocr_line' id='line_1_51' title="bbox 1930 2112 3499 2189; baseline 0.008 -26"><span class='ocrx_word' id='word_1_415' title='bbox 1930 2112 2172 2179; x_wconf 88' lang='lat' dir='ltr'><strong>quisquis</strong></span> <span class='ocrx_word' id='word_1_416' title='bbox 2216 2127 2490 2181; x_wconf 67' lang='lat' dir='ltr'><strong>corporea:</strong></span> <span class='ocrx_word' id='word_1_417' title='bbox 2537 2114 2622 2167; x_wconf 90' lang='lat' dir='ltr'><strong>vel</strong></span> <span class='ocrx_word' id='word_1_418' title='bbox 2665 2116 2921 2171; x_wconf 90' lang='lat' dir='ltr'><strong>secularis</strong></span> <span class='ocrx_word' id='word_1_419' title='bbox 2947 2118 3168 2186; x_wconf 88' lang='lat' dir='ltr'><strong>alicujus</strong></span> <span class='ocrx_word' id='word_1_420' title='bbox 3196 2119 3499 2189; x_wconf 88' lang='lat' dir='ltr'><strong>cupiditatis</strong></span> 
     </span>
    </p>
   </div>
   <div class='ocr_carea' id='block_1_52' title="bbox 1930 2202 3499 2280">
    <p class='ocr_par' dir='ltr' id='par_1_52' title="bbox 1930 2202 3499 2280">
     <span class='ocr_line' id='line_1_52' title="bbox 1930 2202 3499 2280; baseline 0.007 -27"><span class='ocrx_word' id='word_1_421' title='bbox 1930 2202 2105 2270; x_wconf 89' lang='lat' dir='ltr'><strong>ignem</strong></span> <span class='ocrx_word' id='word_1_422' title='bbox 2136 2203 2188 2255; x_wconf 91' lang='lat' dir='ltr'><strong>in</strong></span> <span class='ocrx_word' id='word_1_423' title='bbox 2231 2205 2465 2257; x_wconf 82' lang='lat' dir='ltr'><strong>sacrario</strong></span> <span class='ocrx_word' id='word_1_424' title='bbox 2494 2205 2574 2257; x_wconf 89' lang='lat' dir='ltr'><strong>sui</strong></span> <span class='ocrx_word' id='word_1_425' title='bbox 2605 2205 2781 2259; x_wconf 87' lang='lat' dir='ltr'><strong>cordis</strong></span> <span class='ocrx_word' id='word_1_426' title='bbox 2822 2208 3118 2261; x_wconf 88' lang='lat' dir='ltr'><strong>accendens</strong></span> <span class='ocrx_word' id='word_1_427' title='bbox 3165 2209 3358 2263; x_wconf 91' lang='lat' dir='ltr'><strong>audeat</strong></span> <span class='ocrx_word' id='word_1_428' title='bbox 3403 2225 3499 2280; x_wconf 87' lang='lat' dir='ltr'><strong>ap-</strong></span> 
     </span>
    </p>
   </div>
   <div class='ocr_carea' id='block_1_53' title="bbox 1928 2294 3499 2369">
    <p class='ocr_par' dir='ltr' id='par_1_53' title="bbox 1928 2294 3499 2369">
     <span class='ocr_line' id='line_1_53' title="bbox 1928 2294 3499 2369; baseline 0.006 -23"><span class='ocrx_word' id='word_1_429' title='bbox 1928 2294 2287 2363; x_wconf 88' lang='lat' dir='ltr'><strong>propinquare</strong></span> <span class='ocrx_word' id='word_1_430' title='bbox 2333 2295 2589 2349; x_wconf 89' lang='lat' dir='ltr'><strong>altaribus</strong></span> <span class='ocrx_word' id='word_1_431' title='bbox 2636 2296 2863 2362; x_wconf 89' lang='lat' dir='ltr'><strong>Domini,</strong></span> <span class='ocrx_word' id='word_1_432' title='bbox 2915 2312 3031 2366; x_wconf 75' lang='lat' dir='ltr'><strong>quze</strong></span> <span class='ocrx_word' id='word_1_433' title='bbox 3081 2313 3189 2351; x_wconf 89' lang='lat' dir='ltr'><strong>non</strong></span> <span class='ocrx_word' id='word_1_434' title='bbox 3235 2300 3499 2369; x_wconf 85' lang='lat' dir='ltr'><strong>recipiunt</strong></span> 
     </span>
    </p>
   </div>
   <div class='ocr_carea' id='block_1_54' title="bbox 1928 2386 3499 2459">
    <p class='ocr_par' dir='ltr' id='par_1_54' title="bbox 1928 2386 3499 2459">
     <span class='ocr_line' id='line_1_54' title="bbox 1928 2386 3499 2459; baseline 0.004 -21"><span class='ocrx_word' id='word_1_435' title='bbox 1928 2386 2026 2438; x_wconf 84' lang='lat' dir='ltr'><strong>nii</strong></span> <span class='ocrx_word' id='word_1_436' title='bbox 2060 2386 2198 2438; x_wconf 91' lang='lat' dir='ltr'><strong>illius</strong></span> <span class='ocrx_word' id='word_1_437' title='bbox 2229 2386 2362 2454; x_wconf 85' lang='lat' dir='ltr'><strong>ignis</strong></span> <span class='ocrx_word' id='word_1_438' title='bbox 2393 2387 2789 2452; x_wconf 88' lang='lat' dir='ltr'><strong>accensionem,</strong></span> <span class='ocrx_word' id='word_1_439' title='bbox 2814 2387 2879 2440; x_wconf 90' lang='lat' dir='ltr'><strong>de</strong></span> <span class='ocrx_word' id='word_1_440' title='bbox 2906 2404 3011 2456; x_wconf 90' lang='lat' dir='ltr'><strong>quo</strong></span> <span class='ocrx_word' id='word_1_441' title='bbox 3038 2389 3112 2441; x_wconf 91' lang='lat' dir='ltr'><strong>ait</strong></span> <span class='ocrx_word' id='word_1_442' title='bbox 3140 2406 3151 2440; x_wconf 89' lang='lat'><strong>:</strong></span> <span class='ocrx_word' id='word_1_443' title='bbox 3187 2388 3365 2459; x_wconf 81' lang='lat' dir='ltr'><strong>Ignem</strong></span> <span class='ocrx_word' id='word_1_444' title='bbox 3387 2393 3499 2445; x_wconf 81' lang='lat' dir='ltr'><strong>veni</strong></span> 
     </span>
    </p>
   </div>
   <div class='ocr_carea' id='block_1_55' title="bbox 1929 2476 3499 2546">
    <p class='ocr_par' dir='ltr' id='par_1_55' title="bbox 1929 2476 3499 2546">
     <span class='ocr_line' id='line_1_55' title="bbox 1929 2476 3499 2546; baseline 0.004 -19"><span class='ocrx_word' id='word_1_445' title='bbox 1929 2476 2128 2527; x_wconf 87' lang='lat' dir='ltr'><strong>mittere</strong></span> <span class='ocrx_word' id='word_1_446' title='bbox 2169 2476 2222 2527; x_wconf 86' lang='lat' dir='ltr'><strong>in</strong></span> <span class='ocrx_word' id='word_1_447' title='bbox 2275 2484 2510 2543; x_wconf 54' lang='lat' dir='ltr'><strong>terram;</strong></span> <span class='ocrx_word' id='word_1_448' title='bbox 2545 2485 2592 2527; x_wconf 89' lang='lat' dir='ltr'><strong>et</strong></span> <span class='ocrx_word' id='word_1_449' title='bbox 2632 2476 2753 2545; x_wconf 74' lang='lat' dir='ltr'><strong>quid</strong></span> <span class='ocrx_word' id='word_1_450' title='bbox 2800 2477 2909 2528; x_wconf 83' lang='lat' dir='ltr'><strong>rolo</strong></span> <span class='ocrx_word' id='word_1_451' title='bbox 2939 2476 3004 2546; x_wconf 53' lang='grc' dir='ltr'><strong>(ά)</strong></span> <span class='ocrx_word' id='word_1_452' title='bbox 3030 2479 3072 2528; x_wconf 92' lang='lat' dir='ltr'><strong>si</strong></span> <span class='ocrx_word' id='word_1_453' title='bbox 3106 2477 3219 2546; x_wconf 85' lang='lat' dir='ltr'><strong>jam</strong></span> <span class='ocrx_word' id='word_1_454' title='bbox 3258 2494 3499 2534; x_wconf 75' lang='lat' dir='ltr'><strong>accensus</strong></span> 
     </span>
    </p>
   </div>
   <div class='ocr_carea' id='block_1_56' title="bbox 1927 2563 3497 2635">
    <p class='ocr_par' dir='ltr' id='par_1_56' title="bbox 1927 2563 3497 2635">
     <span class='ocr_line' id='line_1_56' title="bbox 1927 2563 3497 2635; baseline 0.003 -18"><span class='ocrx_word' id='word_1_455' title='bbox 1927 2574 2003 2617; x_wconf 85' lang='lat' dir='ltr'><strong>est</strong></span> <span class='ocrx_word' id='word_1_456' title='bbox 2034 2566 2099 2617; x_wconf 84' lang='lat' dir='ltr'><strong>P?</strong></span> <span class='ocrx_word' id='word_1_457' title='bbox 2129 2563 2243 2618; x_wconf 86' lang='lat' dir='ltr'><strong>lloc</strong></span> <span class='ocrx_word' id='word_1_458' title='bbox 2270 2565 2390 2632; x_wconf 89' lang='lat' dir='ltr'><strong>igne</strong></span> <span class='ocrx_word' id='word_1_459' title='bbox 2422 2580 2551 2627; x_wconf 92' lang='lat' dir='ltr'><strong>nos,</strong></span> <span class='ocrx_word' id='word_1_460' title='bbox 2583 2563 2806 2618; x_wconf 85' lang='lat' dir='ltr'><strong>Domine</strong></span> <span class='ocrx_word' id='word_1_461' title='bbox 2834 2563 2979 2630; x_wconf 84' lang='lat' dir='ltr'><strong>Jesu,</strong></span> <span class='ocrx_word' id='word_1_462' title='bbox 3010 2580 3221 2635; x_wconf 84' lang='lat' dir='ltr'><strong>semper</strong></span> <span class='ocrx_word' id='word_1_463' title='bbox 3248 2568 3497 2632; x_wconf 80' lang='lat' dir='ltr'><strong>accende,</strong></span> 
     </span>
    </p>
   </div>
   <div class='ocr_carea' id='block_1_57' title="bbox 1927 2653 3500 2722">
    <p class='ocr_par' dir='ltr' id='par_1_57' title="bbox 1927 2653 3500 2722">
     <span class='ocr_line' id='line_1_57' title="bbox 1927 2653 3500 2722; baseline 0.004 -16"><span class='ocrx_word' id='word_1_464' title='bbox 1927 2661 1985 2706; x_wconf 90' lang='lat' dir='ltr'><strong>ut</strong></span> <span class='ocrx_word' id='word_1_465' title='bbox 2033 2653 2394 2707; x_wconf 88' lang='lat' dir='ltr'><strong>illuminemur</strong></span> <span class='ocrx_word' id='word_1_466' title='bbox 2422 2654 2694 2717; x_wconf 89' lang='lat' dir='ltr'><strong>sensibus,</strong></span> <span class='ocrx_word' id='word_1_467' title='bbox 2744 2653 3092 2720; x_wconf 87' lang='lat' dir='ltr'><strong>deﬁagremus</strong></span> <span class='ocrx_word' id='word_1_468' title='bbox 3133 2654 3186 2707; x_wconf 88' lang='lat' dir='ltr'><strong>in</strong></span> <span class='ocrx_word' id='word_1_469' title='bbox 3214 2656 3382 2722; x_wconf 78' lang='lat' dir='ltr'><strong>vitiis;</strong></span> <span class='ocrx_word' id='word_1_470' title='bbox 3413 2654 3500 2712; x_wconf 89' lang='lat' dir='ltr'><strong>hic</strong></span> 
     </span>
    </p>
   </div>
   <div class='ocr_carea' id='block_1_58' title="bbox 1927 2732 3497 2813">
    <p class='ocr_par' dir='ltr' id='par_1_58' title="bbox 1927 2732 3497 2813">
     <span class='ocr_line' id='line_1_58' title="bbox 1927 2732 3497 2813; baseline 0.001 -16"><span class='ocrx_word' id='word_1_471' title='bbox 1927 2744 2067 2797; x_wconf 88' lang='lat' dir='ltr'><strong>enim</strong></span> <span class='ocrx_word' id='word_1_472' title='bbox 2098 2742 2272 2807; x_wconf 90' lang='lat' dir='ltr'><strong>solus,</strong></span> <span class='ocrx_word' id='word_1_473' title='bbox 2306 2744 2397 2811; x_wconf 91' lang='lat' dir='ltr'><strong>qui</strong></span> <span class='ocrx_word' id='word_1_474' title='bbox 2427 2759 2455 2796; x_wconf 91' lang='lat' dir='ltr'><strong>a</strong></span> <span class='ocrx_word' id='word_1_475' title='bbox 2490 2751 2542 2796; x_wconf 88' lang='lat' dir='ltr'><strong>te</strong></span> <span class='ocrx_word' id='word_1_476' title='bbox 2570 2752 2653 2796; x_wconf 91' lang='lat' dir='ltr'><strong>est</strong></span> <span class='ocrx_word' id='word_1_477' title='bbox 2682 2743 2837 2810; x_wconf 86' lang='lat' dir='ltr'><strong>ignis,</strong></span> <span class='ocrx_word' id='word_1_478' title='bbox 2870 2732 2974 2810; x_wconf 88' lang='lat' dir='ltr'><strong>igni</strong></span> <span class='ocrx_word' id='word_1_479' title='bbox 3002 2744 3073 2813; x_wconf 72' lang='lat' dir='ltr'><strong>(lt)</strong></span> <span class='ocrx_word' id='word_1_480' title='bbox 3103 2746 3313 2798; x_wconf 90' lang='lat' dir='ltr'><strong>resistet</strong></span> <span class='ocrx_word' id='word_1_481' title='bbox 3338 2752 3497 2799; x_wconf 72' lang='lat' dir='ltr'><strong>teter-</strong></span> 
     </span>
    </p>
   </div>
   <div class='ocr_carea' id='block_1_59' title="bbox 1927 2830 3496 2900">
    <p class='ocr_par' dir='ltr' id='par_1_59' title="bbox 1927 2830 3496 2900">
     <span class='ocr_line' id='line_1_59' title="bbox 1927 2830 3496 2900; baseline 0.002 -16"><span class='ocrx_word' id='word_1_482' title='bbox 1927 2848 2016 2884; x_wconf 89' lang='lat' dir='ltr'><strong>no.</strong></span> <span class='ocrx_word' id='word_1_483' title='bbox 2050 2830 2320 2885; x_wconf 83' lang='lat' dir='ltr'><strong>llabcntes</strong></span> <span class='ocrx_word' id='word_1_484' title='bbox 2344 2840 2522 2885; x_wconf 89' lang='lat' dir='ltr'><strong>autem</strong></span> <span class='ocrx_word' id='word_1_485' title='bbox 2552 2847 2646 2886; x_wconf 91' lang='lat' dir='ltr'><strong>cor</strong></span> <span class='ocrx_word' id='word_1_486' title='bbox 2666 2832 2857 2885; x_wconf 87' lang='lat' dir='ltr'><strong>ardens</strong></span> <span class='ocrx_word' id='word_1_487' title='bbox 2887 2833 2938 2884; x_wconf 93' lang='lat' dir='ltr'><strong>in</strong></span> <span class='ocrx_word' id='word_1_488' title='bbox 2966 2833 3047 2885; x_wconf 88' lang='lat' dir='ltr'><strong>via</strong></span> <span class='ocrx_word' id='word_1_489' title='bbox 3079 2833 3287 2886; x_wconf 92' lang='lat' dir='ltr'><strong>Domini</strong></span> <span class='ocrx_word' id='word_1_490' title='bbox 3317 2844 3366 2900; x_wconf 72' lang='grc' dir='ltr'><strong>ιι,</strong></span> <span class='ocrx_word' id='word_1_491' title='bbox 3389 2850 3496 2888; x_wconf 87' lang='lat' dir='ltr'><strong>non</strong></span> 
     </span>
    </p>
   </div>
   <div class='ocr_carea' id='block_1_60' title="bbox 1926 2920 3495 2988">
    <p class='ocr_par' dir='ltr' id='par_1_60' title="bbox 1926 2920 3495 2988">
     <span class='ocr_line' id='line_1_60' title="bbox 1926 2920 3495 2988; baseline 0.003 -16"><span class='ocrx_word' id='word_1_492' title='bbox 1926 2921 2197 2984; x_wconf 89' lang='lat' dir='ltr'><strong>alienum,</strong></span> <span class='ocrx_word' id='word_1_493' title='bbox 2242 2922 2337 2974; x_wconf 92' lang='lat' dir='ltr'><strong>sed</strong></span> <span class='ocrx_word' id='word_1_494' title='bbox 2384 2937 2536 2974; x_wconf 90' lang='lat' dir='ltr'><strong>suum</strong></span> <span class='ocrx_word' id='word_1_495' title='bbox 2575 2922 2749 2987; x_wconf 81' lang='lat' dir='ltr'><strong>ignem</strong></span> <span class='ocrx_word' id='word_1_496' title='bbox 2782 2920 3008 2974; x_wconf 89' lang='lat' dir='ltr'><strong>Domino</strong></span> <span class='ocrx_word' id='word_1_497' title='bbox 3037 2923 3410 2988; x_wconf 86' lang='lat' dir='ltr'><strong>accendimus,</strong></span> <span class='ocrx_word' id='word_1_498' title='bbox 3441 2936 3495 2977; x_wconf 84' lang='lat' dir='ltr'><strong>et</strong></span> 
     </span>
    </p>
   </div>
   <div class='ocr_carea' id='block_1_61' title="bbox 1928 3009 3494 3083">
    <p class='ocr_par' dir='ltr' id='par_1_61' title="bbox 1928 3009 3494 3083">
     <span class='ocr_line' id='line_1_61' title="bbox 1928 3009 3494 3083; baseline 0.001 -20"><span class='ocrx_word' id='word_1_499' title='bbox 1928 3010 2067 3063; x_wconf 89' lang='lat' dir='ltr'><strong>inter</strong></span> <span class='ocrx_word' id='word_1_500' title='bbox 2096 3010 2245 3083; x_wconf 82' lang='lat' dir='ltr'><strong>ignes</strong></span> <span class='ocrx_word' id='word_1_501' title='bbox 2273 3010 2470 3074; x_wconf 83' lang='lat' dir='ltr'><strong>seculi,</strong></span> <span class='ocrx_word' id='word_1_502' title='bbox 2522 3010 2624 3063; x_wconf 88' lang='lat' dir='ltr'><strong>hoc</strong></span> <span class='ocrx_word' id='word_1_503' title='bbox 2652 3010 2773 3075; x_wconf 83' lang='lat' dir='ltr'><strong>igne</strong></span> <span class='ocrx_word' id='word_1_504' title='bbox 2803 3009 3026 3073; x_wconf 89' lang='lat' dir='ltr'><strong>muniti,</strong></span> <span class='ocrx_word' id='word_1_505' title='bbox 3056 3011 3192 3064; x_wconf 90' lang='lat' dir='ltr'><strong>sicut</strong></span> <span class='ocrx_word' id='word_1_506' title='bbox 3219 3011 3294 3065; x_wconf 92' lang='lat' dir='ltr'><strong>illi</strong></span> <span class='ocrx_word' id='word_1_507' title='bbox 3328 3012 3381 3066; x_wconf 92' lang='lat' dir='ltr'><strong>in</strong></span> <span class='ocrx_word' id='word_1_508' title='bbox 3403 3027 3494 3067; x_wconf 86' lang='lat' dir='ltr'><strong>ca-</strong></span> 
     </span>
    </p>
   </div>
   <div class='ocr_carea' id='block_1_62' title="bbox 257 3079 3495 3179">
    <p class='ocr_par' dir='ltr' id='par_1_62' title="bbox 257 3079 3495 3179">
     <span class='ocr_line' id='line_1_62' title="bbox 257 3079 3495 3179; baseline 0.003 -18"><span class='ocrx_word' id='word_1_509' title='bbox 257 3119 327 3165; x_wconf 80' lang='lat' dir='ltr'><strong>tes</strong></span> <span class='ocrx_word' id='word_1_510' title='bbox 352 3111 660 3179; x_wconf 85' lang='lat' dir='ltr'><strong>manipulos</strong></span> <span class='ocrx_word' id='word_1_511' title='bbox 693 3119 896 3163; x_wconf 87' lang='lat' dir='ltr'><strong>vestros</strong></span> <span class='ocrx_word' id='word_1_512' title='bbox 929 3111 972 3172; x_wconf 81' lang='lat' dir='ltr'><strong>i,</strong></span> <span class='ocrx_word' id='word_1_513' title='bbox 1006 3110 1245 3164; x_wconf 89' lang='lat' dir='ltr'><strong>ministra</strong></span> <span class='ocrx_word' id='word_1_514' title='bbox 1274 3111 1361 3163; x_wconf 91' lang='lat' dir='ltr'><strong>illa</strong></span> <span class='ocrx_word' id='word_1_515' title='bbox 1390 3112 1634 3173; x_wconf 86' lang='lat' dir='ltr'><strong>seminis,</strong></span> <span class='ocrx_word' id='word_1_516' title='bbox 1683 3121 1737 3166; x_wconf 92' lang='lat' dir='ltr'><strong>et</strong></span> <span class='ocrx_word' id='word_1_517' title='bbox 1766 3122 1820 3165; x_wconf 90' lang='lat' dir='ltr'><strong>tu</strong></span> <span class='ocrx_word' id='word_1_518' title='bbox 1849 3079 1891 3137; x_wconf 67' lang='grc' dir='ltr'><strong>Ο</strong></span> <span class='ocrx_word' id='word_1_519' title='bbox 1925 3100 2069 3154; x_wconf 71' lang='lat' dir='ltr'><strong>mino</strong></span> <span class='ocrx_word' id='word_1_520' title='bbox 2114 3100 2262 3171; x_wconf 62' lang='grc' dir='ltr'><strong>μυθετί</strong></span> <span class='ocrx_word' id='word_1_521' title='bbox 2306 3100 2444 3155; x_wconf 57' lang='lat' dir='ltr'><strong>illi“</strong></span> <span class='ocrx_word' id='word_1_522' title='bbox 2473 3100 2745 3158; x_wconf 67' lang='grc' dir='ltr'><strong>ευδίίίηιιθε</strong></span> <span class='ocrx_word' id='word_1_523' title='bbox 2768 3100 2968 3169; x_wconf 73' lang='lat' dir='ltr'><strong>imllelu</strong></span> <span class='ocrx_word' id='word_1_524' title='bbox 3004 3099 3245 3155; x_wconf 66' lang='lat' dir='ltr'><strong>ﬂammas</strong></span> <span class='ocrx_word' id='word_1_525' title='bbox 3276 3103 3316 3136; x_wconf 75' lang='grc'><strong>’⁸</strong></span> <span class='ocrx_word' id='word_1_526' title='bbox 3344 3117 3495 3155; x_wconf 65' lang='grc' dir='ltr'><strong>τοη⁸</strong></span> 
     </span>
    </p>
   </div>
   <div class='ocr_carea' id='block_1_63' title="bbox 256 3199 1821 3259">
    <p class='ocr_par' dir='ltr' id='par_1_63' title="bbox 256 3199 1821 3259">
     <span class='ocr_line' id='line_1_63' title="bbox 256 3199 1821 3259; baseline 0.006 -10"><span class='ocrx_word' id='word_1_527' title='bbox 256 3200 529 3255; x_wconf 85' lang='lat' dir='ltr'><strong>ministerii</strong></span> <span class='ocrx_word' id='word_1_528' title='bbox 574 3200 887 3254; x_wconf 83' lang='lat' dir='ltr'><strong>seminator.</strong></span> <span class='ocrx_word' id='word_1_529' title='bbox 929 3199 1042 3255; x_wconf 83' lang='lat' dir='ltr'><strong>Non</strong></span> <span class='ocrx_word' id='word_1_530' title='bbox 1086 3200 1227 3256; x_wconf 89' lang='lat' dir='ltr'><strong>enim</strong></span> <span class='ocrx_word' id='word_1_531' title='bbox 1266 3199 1662 3257; x_wconf 82' lang='lat' dir='ltr'><strong>defraudabitur</strong></span> <span class='ocrx_word' id='word_1_532' title='bbox 1689 3218 1821 3259; x_wconf 82' lang='lat' dir='ltr'><strong>con-</strong></span> 
     </span>
    </p>
   </div>
   <div class='ocr_carea' id='block_1_64' title="bbox 252 3290 1823 3362">
    <p class='ocr_par' dir='ltr' id='par_1_64' title="bbox 252 3290 1823 3362">
     <span class='ocr_line' id='line_1_64' title="bbox 252 3290 1823 3362; baseline 0.004 -20"><span class='ocrx_word' id='word_1_533' title='bbox 252 3291 404 3342; x_wconf 85' lang='lat' dir='ltr'><strong>sortio</strong></span> <span class='ocrx_word' id='word_1_534' title='bbox 452 3290 726 3344; x_wconf 85' lang='lat' dir='ltr'><strong>mercedis</strong></span> <span class='ocrx_word' id='word_1_535' title='bbox 775 3298 875 3343; x_wconf 72' lang='lat' dir='ltr'><strong>tua:</strong></span> <span class='ocrx_word' id='word_1_536' title='bbox 927 3307 1023 3359; x_wconf 92' lang='lat' dir='ltr'><strong>per</strong></span> <span class='ocrx_word' id='word_1_537' title='bbox 1079 3294 1324 3345; x_wconf 89' lang='lat' dir='ltr'><strong>meritum</strong></span> <span class='ocrx_word' id='word_1_538' title='bbox 1375 3295 1823 3362; x_wconf 86' lang='lat' dir='ltr'><strong>compensationis</strong></span> 
     </span>
    </p>
   </div>
   <div class='ocr_carea' id='block_1_65' title="bbox 252 3378 1823 3452">
    <p class='ocr_par' dir='ltr' id='par_1_65' title="bbox 252 3378 1823 3452">
     <span class='ocr_line' id='line_1_65' title="bbox 252 3378 1823 3452; baseline 0.004 -21"><span class='ocrx_word' id='word_1_539' title='bbox 252 3378 407 3445; x_wconf 85' lang='lat' dir='ltr'><strong>istius,</strong></span> <span class='ocrx_word' id='word_1_540' title='bbox 440 3396 550 3449; x_wconf 89' lang='lat' dir='ltr'><strong>qua</strong></span> <span class='ocrx_word' id='word_1_541' title='bbox 585 3395 694 3433; x_wconf 85' lang='lat' dir='ltr'><strong>non</strong></span> <span class='ocrx_word' id='word_1_542' title='bbox 716 3380 975 3435; x_wconf 86' lang='lat' dir='ltr'><strong>voluntati</strong></span> <span class='ocrx_word' id='word_1_543' title='bbox 997 3397 1104 3435; x_wconf 73' lang='lat' dir='ltr'><strong>sure</strong></span> <span class='ocrx_word' id='word_1_544' title='bbox 1126 3382 1518 3452; x_wconf 88' lang='lat' dir='ltr'><strong>obtemperans,</strong></span> <span class='ocrx_word' id='word_1_545' title='bbox 1550 3383 1642 3437; x_wconf 89' lang='lat' dir='ltr'><strong>sed</strong></span> <span class='ocrx_word' id='word_1_546' title='bbox 1666 3385 1823 3437; x_wconf 90' lang='lat' dir='ltr'><strong>saluti</strong></span> 
     </span>
    </p>
   </div>
   <div class='ocr_carea' id='block_1_66' title="bbox 253 3469 1824 3542">
    <p class='ocr_par' dir='ltr' id='par_1_66' title="bbox 253 3469 1824 3542">
     <span class='ocr_line' id='line_1_66' title="bbox 253 3469 1824 3542; baseline 0.005 -22"><span class='ocrx_word' id='word_1_547' title='bbox 253 3476 343 3520; x_wconf 66' lang='lat' dir='ltr'><strong>tua:</strong></span> <span class='ocrx_word' id='word_1_548' title='bbox 364 3511 377 3534; x_wconf 91' lang='lat'><strong>,</strong></span> <span class='ocrx_word' id='word_1_549' title='bbox 429 3470 595 3537; x_wconf 90' lang='lat' dir='ltr'><strong>hujus</strong></span> <span class='ocrx_word' id='word_1_550' title='bbox 636 3469 801 3538; x_wconf 91' lang='lat' dir='ltr'><strong>ipsius</strong></span> <span class='ocrx_word' id='word_1_551' title='bbox 831 3472 1008 3538; x_wconf 83' lang='lat' dir='ltr'><strong>operis</strong></span> <span class='ocrx_word' id='word_1_552' title='bbox 1052 3472 1373 3527; x_wconf 90' lang='lat' dir='ltr'><strong>documento</strong></span> <span class='ocrx_word' id='word_1_553' title='bbox 1404 3473 1447 3503; x_wconf 86' lang='grc'>¹⁶</span> <span class='ocrx_word' id='word_1_554' title='bbox 1472 3473 1662 3542; x_wconf 91' lang='lat' dir='ltr'><strong>probat</strong></span> <span class='ocrx_word' id='word_1_555' title='bbox 1683 3474 1824 3541; x_wconf 80' lang='lat' dir='ltr'><strong>judi—</strong></span> 
     </span>
    </p>
   </div>
   <div class='ocr_carea' id='block_1_67' title="bbox 250 3557 1821 3632">
    <p class='ocr_par' dir='ltr' id='par_1_67' title="bbox 250 3557 1821 3632">
     <span class='ocr_line' id='line_1_67' title="bbox 250 3557 1821 3632; baseline 0.004 -23"><span class='ocrx_word' id='word_1_556' title='bbox 250 3557 377 3610; x_wconf 87' lang='lat' dir='ltr'><strong>cium</strong></span> <span class='ocrx_word' id='word_1_557' title='bbox 408 3560 451 3590; x_wconf 77' lang='grc'>¹⁷</span> <span class='ocrx_word' id='word_1_558' title='bbox 485 3558 619 3612; x_wconf 89' lang='lat' dir='ltr'><strong>ﬁdei</strong></span> <span class='ocrx_word' id='word_1_559' title='bbox 649 3575 785 3623; x_wconf 60' lang='lat' dir='ltr'><strong>suae,</strong></span> <span class='ocrx_word' id='word_1_560' title='bbox 815 3561 944 3613; x_wconf 88' lang='lat' dir='ltr'><strong>satis</strong></span> <span class='ocrx_word' id='word_1_561' title='bbox 971 3560 1238 3625; x_wconf 85' lang='lat' dir='ltr'><strong>indicans,</strong></span> <span class='ocrx_word' id='word_1_562' title='bbox 1271 3570 1469 3630; x_wconf 89' lang='lat' dir='ltr'><strong>quanto</strong></span> <span class='ocrx_word' id='word_1_563' title='bbox 1497 3570 1549 3615; x_wconf 90' lang='lat' dir='ltr'><strong>et</strong></span> <span class='ocrx_word' id='word_1_564' title='bbox 1579 3563 1691 3631; x_wconf 91' lang='lat' dir='ltr'><strong>ipsa</strong></span> <span class='ocrx_word' id='word_1_565' title='bbox 1722 3579 1821 3632; x_wconf 88' lang='lat' dir='ltr'><strong>p0-</strong></span> 
     </span>
    </p>
   </div>
   <div class='ocr_carea' id='block_1_68' title="bbox 250 3648 1822 3721">
    <p class='ocr_par' dir='ltr' id='par_1_68' title="bbox 250 3648 1822 3721">
     <span class='ocr_line' id='line_1_68' title="bbox 250 3648 1822 3721; baseline 0.004 -22"><span class='ocrx_word' id='word_1_566' title='bbox 250 3648 427 3703; x_wconf 89' lang='lat' dir='ltr'><strong>tiorem</strong></span> <span class='ocrx_word' id='word_1_567' title='bbox 458 3649 635 3704; x_wconf 90' lang='lat' dir='ltr'><strong>seculi</strong></span> <span class='ocrx_word' id='word_1_568' title='bbox 679 3658 1005 3703; x_wconf 91' lang='lat' dir='ltr'><strong>contemtum</strong></span> <span class='ocrx_word' id='word_1_569' title='bbox 1034 3666 1194 3718; x_wconf 91' lang='lat' dir='ltr'><strong>quam</strong></span> <span class='ocrx_word' id='word_1_570' title='bbox 1226 3666 1378 3704; x_wconf 92' lang='lat' dir='ltr'><strong>usum</strong></span> <span class='ocrx_word' id='word_1_571' title='bbox 1415 3650 1617 3718; x_wconf 90' lang='lat' dir='ltr'><strong>judicct</strong></span> <span class='ocrx_word' id='word_1_572' title='bbox 1639 3692 1653 3715; x_wconf 94' lang='lat'><strong>,</strong></span> <span class='ocrx_word' id='word_1_573' title='bbox 1704 3668 1822 3721; x_wconf 74' lang='lat' dir='ltr'><strong>qua:</strong></span> 
     </span>
    </p>
   </div>
   <div class='ocr_carea' id='block_1_69' title="bbox 246 3739 1823 3808">
    <p class='ocr_par' dir='ltr' id='par_1_69' title="bbox 246 3739 1823 3808">
     <span class='ocr_line' id='line_1_69' title="bbox 246 3739 1823 3808; baseline 0.003 -18"><span class='ocrx_word' id='word_1_574' title='bbox 246 3739 491 3805; x_wconf 80' lang='lat' dir='ltr'><strong>spiritalia</strong></span> <span class='ocrx_word' id='word_1_575' title='bbox 526 3740 628 3792; x_wconf 91' lang='lat' dir='ltr'><strong>tibi</strong></span> <span class='ocrx_word' id='word_1_576' title='bbox 676 3739 898 3803; x_wconf 88' lang='lat' dir='ltr'><strong>maluit,</strong></span> <span class='ocrx_word' id='word_1_577' title='bbox 930 3755 1038 3793; x_wconf 91' lang='lat' dir='ltr'><strong>non</strong></span> <span class='ocrx_word' id='word_1_578' title='bbox 1066 3740 1169 3794; x_wconf 92' lang='lat' dir='ltr'><strong>hoc</strong></span> <span class='ocrx_word' id='word_1_579' title='bbox 1204 3740 1439 3794; x_wconf 91' lang='lat' dir='ltr'><strong>seculum</strong></span> <span class='ocrx_word' id='word_1_580' title='bbox 1468 3739 1698 3808; x_wconf 89' lang='lat' dir='ltr'><strong>Christo,</strong></span> <span class='ocrx_word' id='word_1_581' title='bbox 1730 3742 1823 3796; x_wconf 91' lang='lat' dir='ltr'><strong>sed</strong></span> 
     </span>
    </p>
   </div>
   <div class='ocr_carea' id='block_1_70' title="bbox 247 3828 768 3898">
    <p class='ocr_par' dir='ltr' id='par_1_70' title="bbox 247 3828 768 3898">
     <span class='ocr_line' id='line_1_70' title="bbox 247 3828 768 3898; baseline 0.008 -19"><span class='ocrx_word' id='word_1_582' title='bbox 247 3834 293 3879; x_wconf 87' lang='lat' dir='ltr'><strong>te</strong></span> <span class='ocrx_word' id='word_1_583' title='bbox 316 3828 413 3882; x_wconf 88' lang='lat' dir='ltr'><strong>sibi</strong></span> <span class='ocrx_word' id='word_1_584' title='bbox 444 3829 768 3898; x_wconf 62' lang='lat' dir='ltr'><strong>praeferens.</strong></span> 
     </span>
    </p>
   </div>
   <div class='ocr_carea' id='block_1_71' title="bbox 306 3918 1818 3993">
    <p class='ocr_par' dir='ltr' id='par_1_71' title="bbox 306 3918 1818 3993">
     <span class='ocr_line' id='line_1_71' title="bbox 306 3918 1818 3993; baseline 0.006 -22"><span class='ocrx_word' id='word_1_585' title='bbox 306 3918 354 3972; x_wconf 80' lang='lat'><strong>5.</strong></span> <span class='ocrx_word' id='word_1_586' title='bbox 394 3922 643 3992; x_wconf 77' lang='lat' dir='ltr'><strong>Adjiciat</strong></span> <span class='ocrx_word' id='word_1_587' title='bbox 687 3921 938 3976; x_wconf 85' lang='lat' dir='ltr'><strong>Dominus</strong></span> <span class='ocrx_word' id='word_1_588' title='bbox 981 3940 1133 3991; x_wconf 85' lang='lat' dir='ltr'><strong>super</strong></span> <span class='ocrx_word' id='word_1_589' title='bbox 1178 3941 1267 3978; x_wconf 74' lang='lat' dir='ltr'><strong>vos</strong></span> <span class='ocrx_word' id='word_1_590' title='bbox 1309 3934 1357 3977; x_wconf 87' lang='lat' dir='ltr'><strong>et</strong></span> <span class='ocrx_word' id='word_1_591' title='bbox 1396 3926 1529 3993; x_wconf 80' lang='lat' dir='ltr'><strong>ﬁlios</strong></span> <span class='ocrx_word' id='word_1_592' title='bbox 1557 3924 1818 3980; x_wconf 77' lang='lat' dir='ltr'><strong>vestros&quot;.</strong></span> 
     </span>
    </p>
   </div>
   <div class='ocr_carea' id='block_1_72' title="bbox 242 4005 1821 4083">
    <p class='ocr_par' dir='ltr' id='par_1_72' title="bbox 242 4005 1821 4083">
     <span class='ocr_line' id='line_1_72' title="bbox 242 4005 1821 4083; baseline 0.006 -25"><span class='ocrx_word' id='word_1_593' title='bbox 242 4005 609 4063; x_wconf 70' lang='lat' dir='ltr'><strong>Misericordia</strong></span> <span class='ocrx_word' id='word_1_594' title='bbox 650 4009 745 4079; x_wconf 84' lang='lat' dir='ltr'><strong>(V.</strong></span> <span class='ocrx_word' id='word_1_595' title='bbox 778 4020 889 4064; x_wconf 89' lang='lat' dir='ltr'><strong>not.</strong></span> <span class='ocrx_word' id='word_1_596' title='bbox 926 4011 1057 4079; x_wconf 80' lang='lat' dir='ltr'><strong>l‘JO)</strong></span> <span class='ocrx_word' id='word_1_597' title='bbox 1100 4014 1242 4066; x_wconf 90' lang='lat' dir='ltr'><strong>enim</strong></span> <span class='ocrx_word' id='word_1_598' title='bbox 1278 4012 1485 4067; x_wconf 91' lang='lat' dir='ltr'><strong>Domini</strong></span> <span class='ocrx_word' id='word_1_599' title='bbox 1529 4016 1821 4083; x_wconf 89' lang='lat' dir='ltr'><strong>promerita</strong></span> 
     </span>
    </p>
   </div>
   <div class='ocr_carea' id='block_1_73' title="bbox 237 4100 1819 4173">
    <p class='ocr_par' dir='ltr' id='par_1_73' title="bbox 237 4100 1819 4173">
     <span class='ocr_line' id='line_1_73' title="bbox 237 4100 1819 4173; baseline 0.008 -26"><span class='ocrx_word' id='word_1_600' title='bbox 237 4100 548 4162; x_wconf 86' lang='lat' dir='ltr'><strong>parentibus</strong></span> <span class='ocrx_word' id='word_1_601' title='bbox 564 4100 942 4169; x_wconf 84' lang='lat' dir='ltr'><strong>(h)suscitabit,</strong></span> <span class='ocrx_word' id='word_1_602' title='bbox 968 4110 1024 4154; x_wconf 95' lang='lat' dir='ltr'><strong>ut</strong></span> <span class='ocrx_word' id='word_1_603' title='bbox 1047 4103 1301 4171; x_wconf 89' lang='lat' dir='ltr'><strong>scriptum</strong></span> <span class='ocrx_word' id='word_1_604' title='bbox 1332 4111 1430 4169; x_wconf 89' lang='lat' dir='ltr'><strong>est,</strong></span> <span class='ocrx_word' id='word_1_605' title='bbox 1462 4106 1596 4173; x_wconf 82' lang='lat' dir='ltr'><strong>ﬁlios</strong></span> <span class='ocrx_word' id='word_1_606' title='bbox 1626 4123 1819 4171; x_wconf 89' lang='lat' dir='ltr'><strong>eorum,</strong></span> 
     </span>
    </p>
   </div>
   <div class='ocr_carea' id='block_1_74' title="bbox 237 4188 1817 4263">
    <p class='ocr_par' dir='ltr' id='par_1_74' title="bbox 237 4188 1817 4263">
     <span class='ocr_line' id='line_1_74' title="bbox 237 4188 1817 4263; baseline 0.008 -29"><span class='ocrx_word' id='word_1_607' title='bbox 237 4194 279 4235; x_wconf 82' lang='lat' dir='ltr'><strong>et</strong></span> <span class='ocrx_word' id='word_1_608' title='bbox 322 4188 778 4258; x_wconf 76' lang='lat' dir='ltr'><strong>locupletabuntur</strong></span> <span class='ocrx_word' id='word_1_609' title='bbox 820 4191 873 4243; x_wconf 88' lang='lat' dir='ltr'><strong>in</strong></span> <span class='ocrx_word' id='word_1_610' title='bbox 921 4189 1065 4243; x_wconf 89' lang='lat' dir='ltr'><strong>bonis</strong></span> <span class='ocrx_word' id='word_1_611' title='bbox 1118 4191 1344 4245; x_wconf 87' lang='lat' dir='ltr'><strong>Domini.</strong></span> <span class='ocrx_word' id='word_1_612' title='bbox 1393 4193 1562 4263; x_wconf 83' lang='lat' dir='ltr'><strong>Spero</strong></span> <span class='ocrx_word' id='word_1_613' title='bbox 1609 4202 1817 4259; x_wconf 88' lang='lat' dir='ltr'><strong>autem,</strong></span> 
     </span>
    </p>
   </div>
   <div class='ocr_carea' id='block_1_75' title="bbox 234 4277 1821 4340">
    <p class='ocr_par' dir='ltr' id='par_1_75' title="bbox 234 4277 1821 4340">
     <span class='ocr_line' id='line_1_75' title="bbox 234 4277 1821 4340; baseline 0.006 -12"><span class='ocrx_word' id='word_1_614' title='bbox 234 4277 365 4340; x_wconf 84' lang='lat' dir='ltr'><strong>quod</strong></span> <span class='ocrx_word' id='word_1_615' title='bbox 392 4280 533 4330; x_wconf 82' lang='lat' dir='ltr'><strong>sicut</strong></span> <span class='ocrx_word' id='word_1_616' title='bbox 566 4295 704 4332; x_wconf 73' lang='lat' dir='ltr'><strong>uxor</strong></span> <span class='ocrx_word' id='word_1_617' title='bbox 732 4288 820 4331; x_wconf 88' lang='lat' dir='ltr'><strong>tua</strong></span> <span class='ocrx_word' id='word_1_618' title='bbox 852 4281 904 4332; x_wconf 88' lang='lat' dir='ltr'><strong>iu</strong></span> <span class='ocrx_word' id='word_1_619' title='bbox 943 4280 1184 4335; x_wconf 83' lang='lat' dir='ltr'><strong>lateribus</strong></span> <span class='ocrx_word' id='word_1_620' title='bbox 1212 4284 1392 4336; x_wconf 81' lang='lat' dir='ltr'><strong>domus</strong></span> <span class='ocrx_word' id='word_1_621' title='bbox 1424 4294 1522 4337; x_wconf 64' lang='lat' dir='ltr'><strong>tua?</strong></span> <span class='ocrx_word' id='word_1_622' title='bbox 1549 4286 1678 4337; x_wconf 86' lang='lat' dir='ltr'><strong>sicut</strong></span> <span class='ocrx_word' id='word_1_623' title='bbox 1708 4286 1821 4337; x_wconf 86' lang='lat' dir='ltr'><strong>vitis</strong></span> 
     </span>
    </p>
   </div>
   <div class='ocr_carea' id='block_1_76' title="bbox 1924 3192 3496 3264">
    <p class='ocr_par' dir='ltr' id='par_1_76' title="bbox 1924 3192 3496 3264">
     <span class='ocr_line' id='line_1_76' title="bbox 1924 3192 3496 3264; baseline 0.001 -17"><span class='ocrx_word' id='word_1_624' title='bbox 1924 3194 2100 3247; x_wconf 90' lang='lat' dir='ltr'><strong>bimur</strong></span> <span class='ocrx_word' id='word_1_625' title='bbox 2211 3202 2265 3247; x_wconf 91' lang='lat' dir='ltr'><strong>et</strong></span> <span class='ocrx_word' id='word_1_626' title='bbox 2294 3195 2548 3264; x_wconf 83' lang='lat' dir='ltr'><strong>hymnum</strong></span> <span class='ocrx_word' id='word_1_627' title='bbox 2582 3193 2812 3247; x_wconf 91' lang='lat' dir='ltr'><strong>Domino</strong></span> <span class='ocrx_word' id='word_1_628' title='bbox 2842 3194 2981 3247; x_wconf 88' lang='lat' dir='ltr'><strong>inter</strong></span> <span class='ocrx_word' id='word_1_629' title='bbox 3008 3193 3249 3249; x_wconf 87' lang='lat' dir='ltr'><strong>incendia</strong></span> <span class='ocrx_word' id='word_1_630' title='bbox 3278 3192 3496 3262; x_wconf 85' lang='lat' dir='ltr'><strong>refrige-</strong></span> 
     </span>
    </p>
   </div>
   <div class='ocr_carea' id='block_1_77' title="bbox 1923 3285 3498 3355">
    <p class='ocr_par' dir='ltr' id='par_1_77' title="bbox 1923 3285 3498 3355">
     <span class='ocr_line' id='line_1_77' title="bbox 1923 3285 3498 3355; baseline 0.002 -17"><span class='ocrx_word' id='word_1_631' title='bbox 1923 3286 2096 3338; x_wconf 87' lang='lat' dir='ltr'><strong>rantia</strong></span> <span class='ocrx_word' id='word_1_632' title='bbox 2127 3285 2218 3339; x_wconf 92' lang='lat' dir='ltr'><strong>Dei</strong></span> <span class='ocrx_word' id='word_1_633' title='bbox 2243 3285 2377 3339; x_wconf 86' lang='lat' dir='ltr'><strong>Filio</strong></span> <span class='ocrx_word' id='word_1_634' title='bbox 2406 3286 2723 3340; x_wconf 84' lang='lat' dir='ltr'><strong>concinente</strong></span> <span class='ocrx_word' id='word_1_635' title='bbox 2754 3285 3087 3339; x_wconf 87' lang='lat' dir='ltr'><strong>cantabimus</strong></span> <span class='ocrx_word' id='word_1_636' title='bbox 3120 3291 3164 3337; x_wconf 72' lang='grc' dir='ltr'><strong>τ.</strong></span> <span class='ocrx_word' id='word_1_637' title='bbox 3212 3285 3330 3355; x_wconf 91' lang='lat' dir='ltr'><strong>lpse</strong></span> <span class='ocrx_word' id='word_1_638' title='bbox 3359 3301 3498 3341; x_wconf 84' lang='lat' dir='ltr'><strong>enim</strong></span> 
     </span>
    </p>
   </div>
   <div class='ocr_carea' id='block_1_78' title="bbox 1925 3378 3500 3447">
    <p class='ocr_par' dir='ltr' id='par_1_78' title="bbox 1925 3378 3500 3447">
     <span class='ocr_line' id='line_1_78' title="bbox 1925 3378 3500 3447; baseline 0 -16"><span class='ocrx_word' id='word_1_639' title='bbox 1925 3379 2059 3431; x_wconf 81' lang='lat' dir='ltr'><strong>dixit</strong></span> <span class='ocrx_word' id='word_1_640' title='bbox 2083 3380 2134 3431; x_wconf 94' lang='lat' dir='ltr'><strong>in</strong></span> <span class='ocrx_word' id='word_1_641' title='bbox 2165 3379 2387 3433; x_wconf 89' lang='lat' dir='ltr'><strong>duorum</strong></span> <span class='ocrx_word' id='word_1_642' title='bbox 2419 3394 2632 3447; x_wconf 86' lang='lat' dir='ltr'><strong>quoque</strong></span> <span class='ocrx_word' id='word_1_643' title='bbox 2661 3379 2745 3432; x_wconf 90' lang='lat' dir='ltr'><strong>vel</strong></span> <span class='ocrx_word' id='word_1_644' title='bbox 2778 3379 2936 3432; x_wconf 91' lang='lat' dir='ltr'><strong>trium</strong></span> <span class='ocrx_word' id='word_1_645' title='bbox 2966 3378 3253 3433; x_wconf 87' lang='lat' dir='ltr'><strong>concordia</strong></span> <span class='ocrx_word' id='word_1_646' title='bbox 3282 3394 3341 3433; x_wconf 90' lang='lat' dir='ltr'><strong>se</strong></span> <span class='ocrx_word' id='word_1_647' title='bbox 3362 3395 3500 3433; x_wconf 78' lang='lat' dir='ltr'><strong>sem-</strong></span> 
     </span>
    </p>
   </div>
   <div class='ocr_carea' id='block_1_79' title="bbox 1924 3469 3500 3539">
    <p class='ocr_par' dir='ltr' id='par_1_79' title="bbox 1924 3469 3500 3539">
     <span class='ocr_line' id='line_1_79' title="bbox 1924 3469 3500 3539; baseline 0.001 -16"><span class='ocrx_word' id='word_1_648' title='bbox 1924 3485 2022 3539; x_wconf 89' lang='lat' dir='ltr'><strong>per</strong></span> <span class='ocrx_word' id='word_1_649' title='bbox 2048 3469 2627 3525; x_wconf 65' lang='lat' dir='ltr'><strong>interfuturun1’.Unde</strong></span> <span class='ocrx_word' id='word_1_650' title='bbox 2650 3470 2986 3533; x_wconf 83' lang='lat' dir='ltr'><strong>conﬁdimus,</strong></span> <span class='ocrx_word' id='word_1_651' title='bbox 3012 3472 3135 3539; x_wconf 91' lang='lat' dir='ltr'><strong>quia</strong></span> <span class='ocrx_word' id='word_1_652' title='bbox 3167 3480 3221 3525; x_wconf 91' lang='lat' dir='ltr'><strong>et</strong></span> <span class='ocrx_word' id='word_1_653' title='bbox 3247 3472 3298 3524; x_wconf 92' lang='lat' dir='ltr'><strong>in</strong></span> <span class='ocrx_word' id='word_1_654' title='bbox 3325 3473 3500 3525; x_wconf 84' lang='lat' dir='ltr'><strong>medio</strong></span> 
     </span>
    </p>
   </div>
   <div class='ocr_carea' id='block_1_80' title="bbox 1927 3561 3499 3625">
    <p class='ocr_par' dir='ltr' id='par_1_80' title="bbox 1927 3561 3499 3625">
     <span class='ocr_line' id='line_1_80' title="bbox 1927 3561 3499 3625; baseline 0 -11"><span class='ocrx_word' id='word_1_655' title='bbox 1927 3561 2120 3615; x_wconf 86' lang='lat' dir='ltr'><strong>domus</strong></span> <span class='ocrx_word' id='word_1_656' title='bbox 2168 3571 2271 3615; x_wconf 64' lang='lat' dir='ltr'><strong>tua:</strong></span> <span class='ocrx_word' id='word_1_657' title='bbox 2317 3563 2634 3625; x_wconf 88' lang='lat' dir='ltr'><strong>diversatur,</strong></span> <span class='ocrx_word' id='word_1_658' title='bbox 2687 3562 2775 3614; x_wconf 93' lang='lat' dir='ltr'><strong>ubi</strong></span> <span class='ocrx_word' id='word_1_659' title='bbox 2824 3570 2877 3614; x_wconf 93' lang='lat' dir='ltr'><strong>et</strong></span> <span class='ocrx_word' id='word_1_660' title='bbox 2924 3562 2977 3614; x_wconf 89' lang='lat' dir='ltr'><strong>in</strong></span> <span class='ocrx_word' id='word_1_661' title='bbox 3018 3562 3166 3615; x_wconf 89' lang='lat' dir='ltr'><strong>vobis</strong></span> <span class='ocrx_word' id='word_1_662' title='bbox 3204 3570 3258 3615; x_wconf 89' lang='lat' dir='ltr'><strong>et</strong></span> <span class='ocrx_word' id='word_1_663' title='bbox 3301 3563 3350 3615; x_wconf 92' lang='lat' dir='ltr'><strong>in</strong></span> <span class='ocrx_word' id='word_1_664' title='bbox 3382 3562 3499 3615; x_wconf 81' lang='lat' dir='ltr'><strong>ﬁliis</strong></span> 
     </span>
    </p>
   </div>
   <div class='ocr_carea' id='block_1_81' title="bbox 1928 3652 3498 3722">
    <p class='ocr_par' dir='ltr' id='par_1_81' title="bbox 1928 3652 3498 3722">
     <span class='ocr_line' id='line_1_81' title="bbox 1928 3652 3498 3722; baseline 0.002 -18"><span class='ocrx_word' id='word_1_665' title='bbox 1928 3667 2065 3705; x_wconf 90' lang='lat' dir='ltr'><strong>unus</strong></span> <span class='ocrx_word' id='word_1_666' title='bbox 2096 3668 2496 3706; x_wconf 91' lang='lat' dir='ltr'><strong>numerosarum</strong></span> <span class='ocrx_word' id='word_1_667' title='bbox 2528 3652 2702 3718; x_wconf 89' lang='lat' dir='ltr'><strong>agitur</strong></span> <span class='ocrx_word' id='word_1_668' title='bbox 2728 3660 2899 3705; x_wconf 70' lang='lat' dir='ltr'><strong>ccetus</strong></span> <span class='ocrx_word' id='word_1_669' title='bbox 2928 3653 3243 3704; x_wconf 90' lang='lat' dir='ltr'><strong>animarum.</strong></span> <span class='ocrx_word' id='word_1_670' title='bbox 3298 3652 3354 3705; x_wconf 90' lang='lat' dir='ltr'><strong>In</strong></span> <span class='ocrx_word' id='word_1_671' title='bbox 3393 3669 3498 3722; x_wconf 92' lang='lat' dir='ltr'><strong>quo</strong></span> 
     </span>
    </p>
   </div>
   <div class='ocr_carea' id='block_1_82' title="bbox 1927 3745 3497 3814">
    <p class='ocr_par' dir='ltr' id='par_1_82' title="bbox 1927 3745 3497 3814">
     <span class='ocr_line' id='line_1_82' title="bbox 1927 3745 3497 3814; baseline 0.002 -17"><span class='ocrx_word' id='word_1_672' title='bbox 1927 3759 2026 3799; x_wconf 92' lang='lat' dir='ltr'><strong>nos</strong></span> <span class='ocrx_word' id='word_1_673' title='bbox 2051 3761 2283 3814; x_wconf 92' lang='lat' dir='ltr'><strong>quoque,</strong></span> <span class='ocrx_word' id='word_1_674' title='bbox 2314 3746 2430 3799; x_wconf 87' lang='lat' dir='ltr'><strong>solo</strong></span> <span class='ocrx_word' id='word_1_675' title='bbox 2459 3745 2704 3799; x_wconf 87' lang='lat' dir='ltr'><strong>absentes</strong></span> <span class='ocrx_word' id='word_1_676' title='bbox 2732 3760 2979 3813; x_wconf 88' lang='lat' dir='ltr'><strong>corpore,</strong></span> <span class='ocrx_word' id='word_1_677' title='bbox 3004 3746 3229 3813; x_wconf 87' lang='lat' dir='ltr'><strong>spiritali</strong></span> <span class='ocrx_word' id='word_1_678' title='bbox 3262 3762 3497 3814; x_wconf 68' lang='lat' dir='ltr'><strong>prtesen—</strong></span> 
     </span>
    </p>
   </div>
   <div class='ocr_carea' id='block_1_83' title="bbox 1929 3834 3494 3905">
    <p class='ocr_par' dir='ltr' id='par_1_83' title="bbox 1929 3834 3494 3905">
     <span class='ocr_line' id='line_1_83' title="bbox 1929 3834 3494 3905; baseline 0.001 -16"><span class='ocrx_word' id='word_1_679' title='bbox 1929 3837 1999 3889; x_wconf 91' lang='lat' dir='ltr'><strong>tia</strong></span> <span class='ocrx_word' id='word_1_680' title='bbox 2032 3837 2093 3905; x_wconf 88' lang='grc' dir='ltr'><strong>(ι)</strong></span> <span class='ocrx_word' id='word_1_681' title='bbox 2123 3836 2417 3889; x_wconf 81' lang='lat' dir='ltr'><strong>conseratis</strong></span> <span class='ocrx_word' id='word_1_682' title='bbox 2458 3850 2758 3904; x_wconf 90' lang='lat' dir='ltr'><strong>precamur,</strong></span> <span class='ocrx_word' id='word_1_683' title='bbox 2804 3842 2860 3887; x_wconf 91' lang='lat' dir='ltr'><strong>ut</strong></span> <span class='ocrx_word' id='word_1_684' title='bbox 2901 3834 3091 3888; x_wconf 63' lang='lat' dir='ltr'><strong>animae</strong></span> <span class='ocrx_word' id='word_1_685' title='bbox 3120 3843 3315 3890; x_wconf 67' lang='lat' dir='ltr'><strong>nostrre</strong></span> <span class='ocrx_word' id='word_1_686' title='bbox 3366 3837 3494 3890; x_wconf 89' lang='lat' dir='ltr'><strong>hor-</strong></span> 
     </span>
    </p>
   </div>
   <div class='ocr_carea' id='block_1_84' title="bbox 1929 3923 3498 3995">
    <p class='ocr_par' dir='ltr' id='par_1_84' title="bbox 1929 3923 3498 3995">
     <span class='ocr_line' id='line_1_84' title="bbox 1929 3923 3498 3995; baseline 0.003 -18"><span class='ocrx_word' id='word_1_687' title='bbox 1929 3924 2096 3977; x_wconf 89' lang='lat' dir='ltr'><strong>tulum</strong></span> <span class='ocrx_word' id='word_1_688' title='bbox 2142 3924 2409 3978; x_wconf 90' lang='lat' dir='ltr'><strong>sitientem</strong></span> <span class='ocrx_word' id='word_1_689' title='bbox 2458 3940 2564 3977; x_wconf 93' lang='lat' dir='ltr'><strong>non</strong></span> <span class='ocrx_word' id='word_1_690' title='bbox 2611 3923 2782 3977; x_wconf 90' lang='lat' dir='ltr'><strong>solum</strong></span> <span class='ocrx_word' id='word_1_691' title='bbox 2833 3924 3028 3987; x_wconf 91' lang='lat' dir='ltr'><strong>verbo,</strong></span> <span class='ocrx_word' id='word_1_692' title='bbox 3078 3924 3170 3979; x_wconf 86' lang='lat' dir='ltr'><strong>sed</strong></span> <span class='ocrx_word' id='word_1_693' title='bbox 3198 3934 3253 3979; x_wconf 91' lang='lat' dir='ltr'><strong>et</strong></span> <span class='ocrx_word' id='word_1_694' title='bbox 3281 3932 3498 3995; x_wconf 88' lang='lat' dir='ltr'><strong>precatu</strong></span> 
     </span>
    </p>
   </div>
   <div class='ocr_carea' id='block_1_85' title="bbox 1928 4015 3497 4086">
    <p class='ocr_par' dir='ltr' id='par_1_85' title="bbox 1928 4015 3497 4086">
     <span class='ocr_line' id='line_1_85' title="bbox 1928 4015 3497 4086; baseline 0.003 -18"><span class='ocrx_word' id='word_1_695' title='bbox 1928 4016 2129 4084; x_wconf 84' lang='lat' dir='ltr'><strong>rigetis.</strong></span> <span class='ocrx_word' id='word_1_696' title='bbox 2161 4031 2318 4086; x_wconf 88' lang='lat' dir='ltr'><strong>quem</strong></span> <span class='ocrx_word' id='word_1_697' title='bbox 2348 4030 2519 4084; x_wconf 91' lang='lat' dir='ltr'><strong>neque</strong></span> <span class='ocrx_word' id='word_1_698' title='bbox 2551 4015 2747 4069; x_wconf 89' lang='lat' dir='ltr'><strong>nostris</strong></span> <span class='ocrx_word' id='word_1_699' title='bbox 2778 4016 3042 4083; x_wconf 89' lang='lat' dir='ltr'><strong>manibus,</strong></span> <span class='ocrx_word' id='word_1_700' title='bbox 3072 4025 3130 4070; x_wconf 95' lang='lat' dir='ltr'><strong>ut</strong></span> <span class='ocrx_word' id='word_1_701' title='bbox 3158 4015 3374 4084; x_wconf 81' lang='lat' dir='ltr'><strong>inﬁrmi,</strong></span> <span class='ocrx_word' id='word_1_702' title='bbox 3405 4032 3497 4072; x_wconf 84' lang='lat' dir='ltr'><strong>ne-</strong></span> 
     </span>
    </p>
   </div>
   <div class='ocr_carea' id='block_1_86' title="bbox 1927 4104 3497 4178">
    <p class='ocr_par' dir='ltr' id='par_1_86' title="bbox 1927 4104 3497 4178">
     <span class='ocr_line' id='line_1_86' title="bbox 1927 4104 3497 4178; baseline 0.001 -21"><span class='ocrx_word' id='word_1_703' title='bbox 1927 4119 2031 4173; x_wconf 92' lang='lat' dir='ltr'><strong>que</strong></span> <span class='ocrx_word' id='word_1_704' title='bbox 2056 4104 2351 4167; x_wconf 87' lang='lat' dir='ltr'><strong>conductis,</strong></span> <span class='ocrx_word' id='word_1_705' title='bbox 2375 4112 2435 4158; x_wconf 89' lang='lat' dir='ltr'><strong>ut</strong></span> <span class='ocrx_word' id='word_1_706' title='bbox 2460 4104 2699 4171; x_wconf 78' lang='lat' dir='ltr'><strong>in0pes&quot;</strong></span> <span class='ocrx_word' id='word_1_707' title='bbox 2724 4104 2967 4158; x_wconf 83' lang='lat' dir='ltr'><strong>excolere</strong></span> <span class='ocrx_word' id='word_1_708' title='bbox 2987 4120 3299 4174; x_wconf 89' lang='lat' dir='ltr'><strong>possumus;</strong></span> <span class='ocrx_word' id='word_1_709' title='bbox 3330 4115 3379 4161; x_wconf 93' lang='lat' dir='ltr'><strong>et</strong></span> <span class='ocrx_word' id='word_1_710' title='bbox 3406 4106 3497 4178; x_wconf 71' lang='grc' dir='ltr'><strong>(ηπ)</strong></span> 
     </span>
    </p>
   </div>
   <div class='ocr_carea' id='block_1_87' title="bbox 1927 4195 3494 4266">
    <p class='ocr_par' dir='ltr' id='par_1_87' title="bbox 1927 4195 3494 4266">
     <span class='ocr_line' id='line_1_87' title="bbox 1927 4195 3494 4266; baseline 0.003 -19"><span class='ocrx_word' id='word_1_711' title='bbox 1927 4210 2031 4262; x_wconf 91' lang='lat' dir='ltr'><strong>qua</strong></span> <span class='ocrx_word' id='word_1_712' title='bbox 2064 4195 2147 4248; x_wconf 86' lang='lat' dir='ltr'><strong>via</strong></span> <span class='ocrx_word' id='word_1_713' title='bbox 2187 4203 2331 4248; x_wconf 89' lang='lat' dir='ltr'><strong>tuam</strong></span> <span class='ocrx_word' id='word_1_714' title='bbox 2354 4196 2495 4249; x_wconf 88' lang='lat' dir='ltr'><strong>viam</strong></span> <span class='ocrx_word' id='word_1_715' title='bbox 2520 4210 2821 4263; x_wconf 67' lang='lat' dir='ltr'><strong>quaeramus</strong></span> <span class='ocrx_word' id='word_1_716' title='bbox 2850 4210 2953 4250; x_wconf 93' lang='lat' dir='ltr'><strong>non</strong></span> <span class='ocrx_word' id='word_1_717' title='bbox 2982 4196 3319 4251; x_wconf 89' lang='lat' dir='ltr'><strong>invenimus:</strong></span> <span class='ocrx_word' id='word_1_718' title='bbox 3371 4198 3494 4266; x_wconf 83' lang='lat' dir='ltr'><strong>quia</strong></span> 
     </span>
    </p>
   </div>
   <div class='ocr_carea' id='block_1_88' title="bbox 1930 4284 3498 4352">
    <p class='ocr_par' dir='ltr' id='par_1_88' title="bbox 1930 4284 3498 4352">
     <span class='ocr_line' id='line_1_88' title="bbox 1930 4284 3498 4352; baseline 0.005 -16"><span class='ocrx_word' id='word_1_719' title='bbox 1930 4286 1975 4316; x_wconf 83' lang='grc'>²¹</span> <span class='ocrx_word' id='word_1_720' title='bbox 2004 4284 2185 4339; x_wconf 83' lang='lat' dir='ltr'><strong>fodere</strong></span> <span class='ocrx_word' id='word_1_721' title='bbox 2210 4301 2319 4339; x_wconf 87' lang='lat' dir='ltr'><strong>non</strong></span> <span class='ocrx_word' id='word_1_722' title='bbox 2350 4286 2610 4352; x_wconf 73' lang='lat' dir='ltr'><strong>valemus,</strong></span> <span class='ocrx_word' id='word_1_723' title='bbox 2642 4295 2696 4340; x_wconf 90' lang='lat' dir='ltr'><strong>et</strong></span> <span class='ocrx_word' id='word_1_724' title='bbox 2719 4287 3021 4342; x_wconf 85' lang='lat' dir='ltr'><strong>mendicare</strong></span> <span class='ocrx_word' id='word_1_725' title='bbox 3049 4289 3415 4344; x_wconf 88' lang='lat' dir='ltr'><strong>erubescimus</strong></span> <span class='ocrx_word' id='word_1_726' title='bbox 3452 4293 3498 4344; x_wconf 71' lang='grc' dir='ltr'><strong>ί.</strong></span> 
     </span>
    </p>
   </div>
   <div class='ocr_carea' id='block_1_89' title="bbox 234 4364 3500 4449">
    <p class='ocr_par' dir='ltr' id='par_1_89' title="bbox 234 4364 3500 4449">
     <span class='ocr_line' id='line_1_89' title="bbox 234 4364 3500 4449; baseline 0.006 -34"><span class='ocrx_word' id='word_1_727' title='bbox 234 4364 545 4423; x_wconf 55' lang='lat' dir='ltr'><strong>abundans!</strong></span> <span class='ocrx_word' id='word_1_728' title='bbox 583 4378 700 4436; x_wconf 91' lang='lat' dir='ltr'><strong>est,</strong></span> <span class='ocrx_word' id='word_1_729' title='bbox 742 4369 999 4425; x_wconf 84' lang='lat' dir='ltr'><strong>fructibus</strong></span> <span class='ocrx_word' id='word_1_730' title='bbox 1026 4372 1120 4426; x_wconf 89' lang='lat' dir='ltr'><strong>tibi</strong></span> <span class='ocrx_word' id='word_1_731' title='bbox 1144 4375 1355 4442; x_wconf 89' lang='lat' dir='ltr'><strong>pietatis</strong></span> <span class='ocrx_word' id='word_1_732' title='bbox 1393 4375 1719 4439; x_wconf 76' lang='lat' dir='ltr'><strong>exuberans,</strong></span> <span class='ocrx_word' id='word_1_733' title='bbox 1766 4383 1825 4428; x_wconf 89' lang='lat' dir='ltr'><strong>ut</strong></span> <span class='ocrx_word' id='word_1_734' title='bbox 1852 4364 1900 4422; x_wconf 81' lang='grc' dir='ltr'><strong>Ι)</strong></span> <span class='ocrx_word' id='word_1_735' title='bbox 1926 4380 2083 4449; x_wconf 76' lang='lat'><strong>263</strong></span> <span class='ocrx_word' id='word_1_736' title='bbox 2116 4376 2268 4432; x_wconf 92' lang='lat' dir='ltr'><strong>Unde</strong></span> <span class='ocrx_word' id='word_1_737' title='bbox 2300 4378 2595 4448; x_wconf 89' lang='lat' dir='ltr'><strong>impensius</strong></span> <span class='ocrx_word' id='word_1_738' title='bbox 2635 4377 2899 4446; x_wconf 88' lang='lat' dir='ltr'><strong>adjutorio</strong></span> <span class='ocrx_word' id='word_1_739' title='bbox 2946 4380 3247 4433; x_wconf 91' lang='lat' dir='ltr'><strong>orationum</strong></span> <span class='ocrx_word' id='word_1_740' title='bbox 3298 4389 3500 4435; x_wconf 89' lang='lat' dir='ltr'><strong>vestra-</strong></span> 
     </span>
    </p>
   </div>
   <div class='ocr_carea' id='block_1_90' title="bbox 293 4501 1413 4575">
    <p class='ocr_par' dir='ltr' id='par_1_90' title="bbox 293 4501 1413 4575">
     <span class='ocr_line' id='line_1_90' title="bbox 293 4501 1413 4575; baseline 0.008 -21"><span class='ocrx_word' id='word_1_741' title='bbox 293 4511 318 4538; x_wconf 79' lang='grc'><em>³</em></span> <span class='ocrx_word' id='word_1_742' title='bbox 350 4501 521 4557; x_wconf 86' lang='lat' dir='ltr'><strong>Prov.</strong></span> <span class='ocrx_word' id='word_1_743' title='bbox 552 4520 704 4564; x_wconf 76' lang='lat' dir='ltr'><strong>xxxi.</strong></span> <span class='ocrx_word' id='word_1_744' title='bbox 732 4505 797 4575; x_wconf 72' lang='lat'><strong>12</strong></span> <span class='ocrx_word' id='word_1_745' title='bbox 825 4516 877 4560; x_wconf 92' lang='lat' dir='ltr'><strong>et</strong></span> <span class='ocrx_word' id='word_1_746' title='bbox 922 4507 1005 4570; x_wconf 78' lang='lat' dir='ltr'><strong>i5,</strong></span> <span class='ocrx_word' id='word_1_747' title='bbox 1061 4508 1212 4575; x_wconf 85' lang='lat' dir='ltr'><strong>juxta</strong></span> <span class='ocrx_word' id='word_1_748' title='bbox 1258 4508 1413 4563; x_wconf 75' lang='lat' dir='ltr'><strong>LXX.</strong></span> 
     </span>
    </p>
   </div>
   <div class='ocr_carea' id='block_1_91' title="bbox 232 4571 1076 4638">
    <p class='ocr_par' dir='ltr' id='par_1_91' title="bbox 232 4571 1076 4638">
     <span class='ocr_line' id='line_1_91' title="bbox 232 4571 1076 4638; baseline 0.007 -15"><span class='ocrx_word' id='word_1_749' title='bbox 232 4571 347 4626; x_wconf 77' lang='lat' dir='ltr'><strong>Cor.</strong></span> <span class='ocrx_word' id='word_1_750' title='bbox 382 4590 460 4637; x_wconf 82' lang='lat' dir='ltr'><strong>xl,</strong></span> <span class='ocrx_word' id='word_1_751' title='bbox 498 4575 559 4626; x_wconf 78' lang='grc'><strong>5.</strong></span> <span class='ocrx_word' id='word_1_752' title='bbox 649 4575 665 4611; x_wconf 72' lang='grc' dir='ltr'>ί</span> <span class='ocrx_word' id='word_1_753' title='bbox 701 4575 717 4626; x_wconf 96' lang='grc' dir='ltr'><strong>Ι</strong></span> <span class='ocrx_word' id='word_1_754' title='bbox 747 4574 870 4628; x_wconf 85' lang='lat' dir='ltr'><strong>Cor.</strong></span> <span class='ocrx_word' id='word_1_755' title='bbox 887 4593 958 4638; x_wconf 78' lang='lat' dir='ltr'><strong>ix,</strong></span> <span class='ocrx_word' id='word_1_756' title='bbox 992 4571 1076 4630; x_wconf 58' lang='lat' dir='ltr'><strong>l7:</strong></span> 
     </span>
    </p>
   </div>
   <div class='ocr_carea' id='block_1_92' title="bbox 228 4641 1689 4712">
    <p class='ocr_par' dir='ltr' id='par_1_92' title="bbox 228 4641 1689 4712">
     <span class='ocr_line' id='line_1_92' title="bbox 228 4641 1689 4712; baseline 0.007 -19"><span class='ocrx_word' id='word_1_757' title='bbox 228 4656 379 4705; x_wconf 63' lang='grc' dir='ltr'><strong>ειμι,</strong></span> <span class='ocrx_word' id='word_1_758' title='bbox 439 4645 497 4696; x_wconf 85' lang='lat' dir='ltr'><strong>b‘.</strong></span> <span class='ocrx_word' id='word_1_759' title='bbox 591 4641 614 4712; x_wconf 62' lang='grc' dir='ltr'><strong>ξ</strong></span> <span class='ocrx_word' id='word_1_760' title='bbox 650 4642 789 4696; x_wconf 82' lang='lat' dir='ltr'><strong>Psal.</strong></span> <span class='ocrx_word' id='word_1_761' title='bbox 842 4660 984 4708; x_wconf 86' lang='lat' dir='ltr'><strong>cxm,</strong></span> <span class='ocrx_word' id='word_1_762' title='bbox 1022 4647 1106 4699; x_wconf 61' lang='lat' dir='ltr'><strong>ll.</strong></span> <span class='ocrx_word' id='word_1_763' title='bbox 1192 4647 1204 4684; x_wconf 87' lang='grc'><strong>¹</strong></span> <span class='ocrx_word' id='word_1_764' title='bbox 1241 4647 1381 4702; x_wconf 89' lang='lat' dir='ltr'><strong>Psal.</strong></span> <span class='ocrx_word' id='word_1_765' title='bbox 1415 4665 1606 4712; x_wconf 86' lang='lat' dir='ltr'><strong>cxxvn,</strong></span> <span class='ocrx_word' id='word_1_766' title='bbox 1639 4650 1689 4703; x_wconf 80' lang='grc'><strong>5.</strong></span> 
     </span>
    </p>
   </div>
   <div class='ocr_carea' id='block_1_93' title="bbox 228 4711 1493 4785">
    <p class='ocr_par' dir='ltr' id='par_1_93' title="bbox 228 4711 1493 4785">
     <span class='ocr_line' id='line_1_93' title="bbox 228 4711 1493 4785; baseline 0.007 -24"><span class='ocrx_word' id='word_1_767' title='bbox 228 4725 311 4773; x_wconf 83' lang='lat' dir='ltr'><strong>xu,</strong></span> <span class='ocrx_word' id='word_1_768' title='bbox 342 4712 431 4763; x_wconf 67' lang='grc'><strong>49.</strong></span> <span class='ocrx_word' id='word_1_769' title='bbox 521 4723 552 4761; x_wconf 73' lang='grc' dir='ltr'><strong>(ι</strong></span> <span class='ocrx_word' id='word_1_770' title='bbox 588 4711 717 4766; x_wconf 87' lang='lat' dir='ltr'><strong>Luc.</strong></span> <span class='ocrx_word' id='word_1_771' title='bbox 751 4730 895 4779; x_wconf 81' lang='lat' dir='ltr'><strong>xxiv,</strong></span> <span class='ocrx_word' id='word_1_772' title='bbox 921 4715 1004 4767; x_wconf 55' lang='grc' dir='ltr'><strong>δὲ.</strong></span> <span class='ocrx_word' id='word_1_773' title='bbox 1083 4726 1103 4752; x_wconf 73' lang='grc' dir='ltr'><strong>τ</strong></span> <span class='ocrx_word' id='word_1_774' title='bbox 1136 4717 1268 4771; x_wconf 90' lang='lat' dir='ltr'><strong>Dan.</strong></span> <span class='ocrx_word' id='word_1_775' title='bbox 1302 4733 1378 4785; x_wconf 84' lang='lat' dir='ltr'><strong>tu,</strong></span> <span class='ocrx_word' id='word_1_776' title='bbox 1406 4718 1493 4770; x_wconf 76' lang='lat'><strong>‘24.</strong></span> 
     </span>
    </p>
   </div>
   <div class='ocr_carea' id='block_1_94' title="bbox 288 4825 1821 4901">
    <p class='ocr_par' dir='ltr' id='par_1_94' title="bbox 288 4825 1821 4901">
     <span class='ocr_line' id='line_1_94' title="bbox 288 4825 1821 4901; baseline 0.005 -24"><span class='ocrx_word' id='word_1_777' title='bbox 288 4826 364 4901; x_wconf 58' lang='grc' dir='ltr'><strong>(ε)</strong></span> <span class='ocrx_word' id='word_1_778' title='bbox 406 4825 494 4901; x_wconf 80' lang='lat' dir='ltr'><strong>Ita</strong></span> <span class='ocrx_word' id='word_1_779' title='bbox 528 4842 668 4901; x_wconf 80' lang='lat' dir='ltr'><strong>mss.</strong></span> <span class='ocrx_word' id='word_1_780' title='bbox 696 4826 965 4901; x_wconf 60' lang='lat' dir='ltr'><strong>codices;</strong></span> <span class='ocrx_word' id='word_1_781' title='bbox 991 4828 1155 4901; x_wconf 74' lang='lat' dir='ltr'><strong>id__est</strong></span> <span class='ocrx_word' id='word_1_782' title='bbox 1200 4832 1390 4885; x_wconf 85' lang='lat' dir='ltr'><strong>mulier</strong></span> <span class='ocrx_word' id='word_1_783' title='bbox 1418 4832 1484 4886; x_wconf 90' lang='lat' dir='ltr'><strong>de</strong></span> <span class='ocrx_word' id='word_1_784' title='bbox 1511 4847 1614 4900; x_wconf 91' lang='lat' dir='ltr'><strong>qua</strong></span> <span class='ocrx_word' id='word_1_785' title='bbox 1647 4832 1821 4901; x_wconf 92' lang='lat' dir='ltr'><strong>loqui-</strong></span> 
     </span>
    </p>
   </div>
   <div class='ocr_carea' id='block_1_95' title="bbox 227 4894 1670 4969">
    <p class='ocr_par' dir='ltr' id='par_1_95' title="bbox 227 4894 1670 4969">
     <span class='ocr_line' id='line_1_95' title="bbox 227 4894 1670 4969; baseline 0.008 -26"><span class='ocrx_word' id='word_1_786' title='bbox 227 4898 305 4969; x_wconf 82' lang='lat' dir='ltr'><strong>tur</strong></span> <span class='ocrx_word' id='word_1_787' title='bbox 318 4895 580 4969; x_wconf 72' lang='lat' dir='ltr'><strong>_Sapi_en_s</strong></span> <span class='ocrx_word' id='word_1_788' title='bbox 611 4897 665 4969; x_wconf 84' lang='lat' dir='ltr'><strong>in</strong></span> <span class='ocrx_word' id='word_1_789' title='bbox 696 4894 1016 4969; x_wconf 83' lang='lat' dir='ltr'><strong>Proverbiis.</strong></span> <span class='ocrx_word' id='word_1_790' title='bbox 1047 4899 1208 4967; x_wconf 82' lang='lat' dir='ltr'><strong>Editi,</strong></span> <span class='ocrx_word' id='word_1_791' title='bbox 1241 4902 1446 4969; x_wconf 84' lang='lat' dir='ltr'><strong>sapiens</strong></span> <span class='ocrx_word' id='word_1_792' title='bbox 1470 4894 1670 4956; x_wconf 81' lang='lat' dir='ltr'><strong>mulier.</strong></span> 
     </span>
    </p>
   </div>
   <div class='ocr_carea' id='block_1_96' title="bbox 288 4964 1818 5038">
    <p class='ocr_par' dir='ltr' id='par_1_96' title="bbox 288 4964 1818 5038">
     <span class='ocr_line' id='line_1_96' title="bbox 288 4964 1818 5038; baseline 0.008 -22"><span class='ocrx_word' id='word_1_793' title='bbox 288 4964 378 5038; x_wconf 55' lang='grc' dir='ltr'><strong>(θλ</strong></span> <span class='ocrx_word' id='word_1_794' title='bbox 402 4965 590 5038; x_wconf 57' lang='lat' dir='ltr'><strong>LXX,</strong></span> <span class='ocrx_word' id='word_1_795' title='bbox 623 4965 848 5038; x_wconf 61' lang='lat' dir='ltr'><strong>duplices</strong></span> <span class='ocrx_word' id='word_1_796' title='bbox 869 4977 1039 5038; x_wconf 66' lang='lat' dir='ltr'><strong>restes</strong></span> <span class='ocrx_word' id='word_1_797' title='bbox 1067 4964 1203 5038; x_wconf 79' lang='lat' dir='ltr'><strong>fecit</strong></span> <span class='ocrx_word' id='word_1_798' title='bbox 1224 4964 1329 5023; x_wconf 78' lang='lat' dir='ltr'><strong>viro</strong></span> <span class='ocrx_word' id='word_1_799' title='bbox 1357 4987 1467 5024; x_wconf 88' lang='lat' dir='ltr'><strong>suo.</strong></span> <span class='ocrx_word' id='word_1_800' title='bbox 1500 4971 1556 5024; x_wconf 87' lang='lat' dir='ltr'><strong>S.</strong></span> <span class='ocrx_word' id='word_1_801' title='bbox 1592 4972 1818 5028; x_wconf 80' lang='lat' dir='ltr'><strong>Ambro-</strong></span> 
     </span>
    </p>
   </div>
   <div class='ocr_carea' id='block_1_97' title="bbox 226 5034 1813 5107">
    <p class='ocr_par' dir='ltr' id='par_1_97' title="bbox 226 5034 1813 5107">
     <span class='ocr_line' id='line_1_97' title="bbox 226 5034 1813 5107; baseline 0.006 -22"><span class='ocrx_word' id='word_1_802' title='bbox 226 5034 325 5107; x_wconf 83' lang='lat' dir='ltr'><strong>sius</strong></span> <span class='ocrx_word' id='word_1_803' title='bbox 348 5036 444 5088; x_wconf 91' lang='lat' dir='ltr'><strong>lib.</strong></span> <span class='ocrx_word' id='word_1_804' title='bbox 471 5052 511 5089; x_wconf 84' lang='grc' dir='ltr'><strong><em>ιι</em></strong></span> <span class='ocrx_word' id='word_1_805' title='bbox 543 5034 621 5087; x_wconf 87' lang='lat' dir='ltr'><strong>de</strong></span> <span class='ocrx_word' id='word_1_806' title='bbox 651 5034 799 5107; x_wconf 70' lang='lat' dir='ltr'><strong>Fide,</strong></span> <span class='ocrx_word' id='word_1_807' title='bbox 828 5034 973 5090; x_wconf 88' lang='lat' dir='ltr'><strong>binas</strong></span> <span class='ocrx_word' id='word_1_808' title='bbox 997 5034 1172 5091; x_wconf 80' lang='lat' dir='ltr'><strong>vestes.</strong></span> <span class='ocrx_word' id='word_1_809' title='bbox 1205 5039 1393 5106; x_wconf 87' lang='lat' dir='ltr'><strong>Aquila</strong></span> <span class='ocrx_word' id='word_1_810' title='bbox 1422 5049 1475 5093; x_wconf 92' lang='lat' dir='ltr'><strong>et</strong></span> <span class='ocrx_word' id='word_1_811' title='bbox 1498 5040 1813 5107; x_wconf 89' lang='lat' dir='ltr'><strong>Theodotio,</strong></span> 
     </span>
    </p>
   </div>
   <div class='ocr_carea' id='block_1_98' title="bbox 224 5103 1818 5179">
    <p class='ocr_par' dir='ltr' id='par_1_98' title="bbox 224 5103 1818 5179">
     <span class='ocr_line' id='line_1_98' title="bbox 224 5103 1818 5179; baseline 0.008 -26"><span class='ocrx_word' id='word_1_812' title='bbox 224 5105 635 5179; x_wconf 61' lang='lat' dir='ltr'><strong>peristromata;</strong></span> <span class='ocrx_word' id='word_1_813' title='bbox 684 5103 1051 5179; x_wconf 82' lang='lat' dir='ltr'><strong>Symmachus,</strong></span> <span class='ocrx_word' id='word_1_814' title='bbox 1083 5103 1294 5177; x_wconf 74' lang='lat' dir='ltr'><strong>tapetid.</strong></span> <span class='ocrx_word' id='word_1_815' title='bbox 1350 5108 1597 5163; x_wconf 89' lang='lat' dir='ltr'><strong>Paulinus</strong></span> <span class='ocrx_word' id='word_1_816' title='bbox 1637 5103 1818 5165; x_wconf 84' lang='lat' dir='ltr'><strong>noster</strong></span> 
     </span>
    </p>
   </div>
   <div class='ocr_carea' id='block_1_99' title="bbox 223 5169 1817 5246">
    <p class='ocr_par' dir='ltr' id='par_1_99' title="bbox 223 5169 1817 5246">
     <span class='ocr_line' id='line_1_99' title="bbox 223 5169 1817 5246; baseline 0.008 -25"><span class='ocrx_word' id='word_1_817' title='bbox 223 5169 348 5246; x_wconf 78' lang='lat' dir='ltr'><strong>dixit</strong></span> <span class='ocrx_word' id='word_1_818' title='bbox 392 5172 574 5246; x_wconf 76' lang='lat' dir='ltr'><strong>pallia</strong></span> <span class='ocrx_word' id='word_1_819' title='bbox 605 5188 625 5225; x_wconf 91' lang='lat'><strong><em>:</em></strong></span> <span class='ocrx_word' id='word_1_820' title='bbox 654 5169 779 5225; x_wconf 80' lang='lat' dir='ltr'><strong>sunt</strong></span> <span class='ocrx_word' id='word_1_821' title='bbox 827 5174 967 5246; x_wconf 87' lang='lat' dir='ltr'><strong>enim</strong></span> <span class='ocrx_word' id='word_1_822' title='bbox 1017 5169 1195 5230; x_wconf 78' lang='lat' dir='ltr'><strong>vestes</strong></span> <span class='ocrx_word' id='word_1_823' title='bbox 1234 5180 1460 5246; x_wconf 71' lang='lat' dir='ltr'><strong>propria:</strong></span> <span class='ocrx_word' id='word_1_824' title='bbox 1490 5194 1712 5245; x_wconf 79' lang='lat' dir='ltr'><strong>crassae,</strong></span> <span class='ocrx_word' id='word_1_825' title='bbox 1760 5188 1817 5234; x_wconf 91' lang='lat' dir='ltr'><strong>ut</strong></span> 
     </span>
    </p>
   </div>
   <div class='ocr_carea' id='block_1_100' title="bbox 223 5240 1815 5323">
    <p class='ocr_par' dir='ltr' id='par_1_100' title="bbox 223 5240 1815 5323">
     <span class='ocr_line' id='line_1_100' title="bbox 223 5240 1815 5323; baseline 0.009 -32"><span class='ocrx_word' id='word_1_826' title='bbox 223 5240 536 5323; x_wconf 73' lang='lat' dir='ltr'><strong>chlamydes</strong></span> <span class='ocrx_word' id='word_1_827' title='bbox 568 5243 924 5323; x_wconf 39' lang='grc' dir='ltr'><strong>διέθει-παιδὶ,</strong></span> <span class='ocrx_word' id='word_1_828' title='bbox 960 5246 1131 5323; x_wconf 81' lang='lat' dir='ltr'><strong>inquit</strong></span> <span class='ocrx_word' id='word_1_829' title='bbox 1155 5240 1398 5323; x_wconf 57' lang='lat' dir='ltr'><strong>Nobilius</strong></span> <span class='ocrx_word' id='word_1_830' title='bbox 1426 5250 1477 5301; x_wconf 89' lang='lat' dir='ltr'><strong>in</strong></span> <span class='ocrx_word' id='word_1_831' title='bbox 1510 5240 1725 5323; x_wconf 79' lang='lat' dir='ltr'><strong>sclioliis</strong></span> <span class='ocrx_word' id='word_1_832' title='bbox 1750 5251 1815 5304; x_wconf 91' lang='lat' dir='ltr'><strong>ad</strong></span> 
     </span>
    </p>
   </div>
   <div class='ocr_carea' id='block_1_101' title="bbox 222 5309 1748 5388">
    <p class='ocr_par' dir='ltr' id='par_1_101' title="bbox 222 5309 1748 5388">
     <span class='ocr_line' id='line_1_101' title="bbox 222 5309 1748 5388; baseline 0.009 -30"><span class='ocrx_word' id='word_1_833' title='bbox 222 5309 531 5388; x_wconf 64' lang='lat' dir='ltr'><strong>versionem</strong></span> <span class='ocrx_word' id='word_1_834' title='bbox 568 5309 718 5363; x_wconf 73' lang='lat' dir='ltr'><strong>LXX</strong></span> <span class='ocrx_word' id='word_1_835' title='bbox 734 5329 750 5388; x_wconf 89' lang='lat'><strong>_:</strong></span> <span class='ocrx_word' id='word_1_836' title='bbox 778 5312 880 5365; x_wconf 91' lang='lat' dir='ltr'><strong>hoc</strong></span> <span class='ocrx_word' id='word_1_837' title='bbox 908 5309 1049 5367; x_wconf 78' lang='lat' dir='ltr'><strong>enini</strong></span> <span class='ocrx_word' id='word_1_838' title='bbox 1080 5316 1291 5388; x_wconf 78' lang='lat' dir='ltr'><strong>videtur</strong></span> <span class='ocrx_word' id='word_1_839' title='bbox 1313 5317 1487 5388; x_wconf 74' lang='lat' dir='ltr'><strong>valere</strong></span> <span class='ocrx_word' id='word_1_840' title='bbox 1519 5320 1748 5388; x_wconf 66' lang='grc' dir='ltr'><strong>χλαίνας.</strong></span> 
     </span>
    </p>
   </div>
   <div class='ocr_carea' id='block_1_102' title="bbox 290 5380 1816 5449">
    <p class='ocr_par' dir='ltr' id='par_1_102' title="bbox 290 5380 1816 5449">
     <span class='ocr_line' id='line_1_102' title="bbox 290 5380 1816 5449; baseline 0.008 -18"><span class='ocrx_word' id='word_1_841' title='bbox 290 5381 362 5448; x_wconf 88' lang='lat' dir='ltr'><strong>(c)</strong></span> <span class='ocrx_word' id='word_1_842' title='bbox 400 5380 485 5434; x_wconf 82' lang='lat' dir='ltr'><strong>Ita</strong></span> <span class='ocrx_word' id='word_1_843' title='bbox 520 5382 868 5449; x_wconf 84' lang='lat' dir='ltr'><strong>reposuimus</strong></span> <span class='ocrx_word' id='word_1_844' title='bbox 897 5398 962 5436; x_wconf 87' lang='lat' dir='ltr'><strong>ex</strong></span> <span class='ocrx_word' id='word_1_845' title='bbox 991 5400 1089 5437; x_wconf 90' lang='lat' dir='ltr'><strong>ms.</strong></span> <span class='ocrx_word' id='word_1_846' title='bbox 1121 5385 1304 5439; x_wconf 91' lang='lat' dir='ltr'><strong>codice</strong></span> <span class='ocrx_word' id='word_1_847' title='bbox 1328 5380 1628 5439; x_wconf 76' lang='lat' dir='ltr'><strong>Viennensi.</strong></span> <span class='ocrx_word' id='word_1_848' title='bbox 1684 5388 1816 5443; x_wconf 83' lang='lat' dir='ltr'><strong>Vide</strong></span> 
     </span>
    </p>
   </div>
   <div class='ocr_carea' id='block_1_103' title="bbox 219 5450 1756 5521">
    <p class='ocr_par' dir='ltr' id='par_1_103' title="bbox 219 5450 1756 5521">
     <span class='ocr_line' id='line_1_103' title="bbox 219 5450 1756 5521; baseline 0.007 -21"><span class='ocrx_word' id='word_1_849' title='bbox 219 5460 280 5500; x_wconf 84' lang='lat' dir='ltr'><strong>ea</strong></span> <span class='ocrx_word' id='word_1_850' title='bbox 299 5464 429 5521; x_wconf 63' lang='lat' dir='ltr'><strong>qua;</strong></span> <span class='ocrx_word' id='word_1_851' title='bbox 460 5450 791 5521; x_wconf 52' lang='lat' dir='ltr'><strong>praecedunt</strong></span> <span class='ocrx_word' id='word_1_852' title='bbox 811 5458 863 5503; x_wconf 91' lang='lat' dir='ltr'><strong>et</strong></span> <span class='ocrx_word' id='word_1_853' title='bbox 892 5453 1305 5521; x_wconf 90' lang='lat' dir='ltr'><strong>subsequuntur.</strong></span> <span class='ocrx_word' id='word_1_854' title='bbox 1338 5455 1474 5509; x_wconf 83' lang='lat' dir='ltr'><strong>Ante</strong></span> <span class='ocrx_word' id='word_1_855' title='bbox 1502 5466 1618 5509; x_wconf 91' lang='lat' dir='ltr'><strong>erat</strong></span> <span class='ocrx_word' id='word_1_856' title='bbox 1648 5457 1756 5510; x_wconf 85' lang='lat' dir='ltr'><strong>tibi.</strong></span> 
     </span>
    </p>
   </div>
   <div class='ocr_carea' id='block_1_104' title="bbox 287 5517 1807 5595">
    <p class='ocr_par' dir='ltr' id='par_1_104' title="bbox 287 5517 1807 5595">
     <span class='ocr_line' id='line_1_104' title="bbox 287 5517 1807 5595; baseline 0.006 -25"><span class='ocrx_word' id='word_1_857' title='bbox 287 5519 367 5589; x_wconf 79' lang='grc' dir='ltr'><strong>(ά)</strong></span> <span class='ocrx_word' id='word_1_858' title='bbox 408 5517 589 5595; x_wconf 57' lang='lat' dir='ltr'><strong>LXX,</strong></span> <span class='ocrx_word' id='word_1_859' title='bbox 651 5517 836 5595; x_wconf 60' lang='lat' dir='ltr'><strong>Mulier</strong></span> <span class='ocrx_word' id='word_1_860' title='bbox 874 5517 1420 5595; x_wconf 52' lang='lat' dir='ltr'><strong>fortis.__&quot;l“heodotio,</strong></span> <span class='ocrx_word' id='word_1_861' title='bbox 1471 5527 1807 5595; x_wconf 79' lang='lat' dir='ltr'><strong>fortitudinis.</strong></span> 
     </span>
    </p>
   </div>
   <div class='ocr_carea' id='block_1_105' title="bbox 218 5585 1544 5663">
    <p class='ocr_par' dir='ltr' id='par_1_105' title="bbox 218 5585 1544 5663">
     <span class='ocr_line' id='line_1_105' title="bbox 218 5585 1544 5663; baseline 0.005 -24"><span class='ocrx_word' id='word_1_862' title='bbox 218 5585 609 5663; x_wconf 62' lang='lat' dir='ltr'><strong>Symmachus,</strong></span> <span class='ocrx_word' id='word_1_863' title='bbox 647 5585 993 5663; x_wconf 63' lang='lat' dir='ltr'><strong>abundantiae.</strong></span> <span class='ocrx_word' id='word_1_864' title='bbox 1030 5591 1278 5663; x_wconf 63' lang='lat' dir='ltr'><strong>Vulgata,</strong></span> <span class='ocrx_word' id='word_1_865' title='bbox 1304 5585 1544 5663; x_wconf 73' lang='lat' dir='ltr'><strong>diligens.</strong></span> 
     </span>
    </p>
   </div>
   <div class='ocr_carea' id='block_1_106' title="bbox 285 5658 1813 5732">
    <p class='ocr_par' dir='ltr' id='par_1_106' title="bbox 285 5658 1813 5732">
     <span class='ocr_line' id='line_1_106' title="bbox 285 5658 1813 5732; baseline 0.005 -22"><span class='ocrx_word' id='word_1_866' title='bbox 285 5658 370 5732; x_wconf 87' lang='lat' dir='ltr'><strong>(e)_</strong></span> <span class='ocrx_word' id='word_1_867' title='bbox 398 5658 1003 5732; x_wconf 55' lang='lat' dir='ltr'><strong>Manuscripticodices</strong></span> <span class='ocrx_word' id='word_1_868' title='bbox 1030 5658 1201 5732; x_wconf 77' lang='lat' dir='ltr'><strong>Vatic.</strong></span> <span class='ocrx_word' id='word_1_869' title='bbox 1227 5670 1281 5715; x_wconf 91' lang='lat' dir='ltr'><strong>et</strong></span> <span class='ocrx_word' id='word_1_870' title='bbox 1301 5658 1477 5731; x_wconf 72' lang='lat' dir='ltr'><strong>Vien.,</strong></span> <span class='ocrx_word' id='word_1_871' title='bbox 1504 5673 1813 5732; x_wconf 84' lang='lat' dir='ltr'><strong>temperante</strong></span> 
     </span>
    </p>
   </div>
   <div class='ocr_carea' id='block_1_107' title="bbox 222 5723 1450 5800">
    <p class='ocr_par' dir='ltr' id='par_1_107' title="bbox 222 5723 1450 5800">
     <span class='ocr_line' id='line_1_107' title="bbox 222 5723 1450 5800; baseline 0.003 -19"><span class='ocrx_word' id='word_1_872' title='bbox 222 5723 443 5795; x_wconf 62' lang='lat' dir='ltr'><strong>Domino</strong></span> <span class='ocrx_word' id='word_1_873' title='bbox 462 5723 727 5797; x_wconf 66' lang='lat' dir='ltr'><strong>gratiam.</strong></span> <span class='ocrx_word' id='word_1_874' title='bbox 762 5726 999 5798; x_wconf 87' lang='lat' dir='ltr'><strong>Utraque</strong></span> <span class='ocrx_word' id='word_1_875' title='bbox 1032 5728 1191 5786; x_wconf 90' lang='lat' dir='ltr'><strong>lectio</strong></span> <span class='ocrx_word' id='word_1_876' title='bbox 1218 5740 1450 5800; x_wconf 88' lang='lat' dir='ltr'><strong>recepta.</strong></span> 
     </span>
    </p>
   </div>
   <div class='ocr_carea' id='block_1_108' title="bbox 1488 4509 1982 4579">
    <p class='ocr_par' dir='ltr' id='par_1_108' title="bbox 1488 4509 1982 4579">
     <span class='ocr_line' id='line_1_108' title="bbox 1488 4509 1982 4579; baseline 0.006 -16"><span class='ocrx_word' id='word_1_877' title='bbox 1488 4509 1515 4548; x_wconf 70' lang='grc' dir='ltr'><strong>ι’</strong></span> <span class='ocrx_word' id='word_1_878' title='bbox 1546 4509 1687 4566; x_wconf 91' lang='lat' dir='ltr'><strong>Psal.</strong></span> <span class='ocrx_word' id='word_1_879' title='bbox 1715 4528 1898 4579; x_wconf 78' lang='lat' dir='ltr'><strong>cxxvr,</strong></span> <span class='ocrx_word' id='word_1_880' title='bbox 1932 4512 1982 4566; x_wconf 82' lang='lat'><strong>5.</strong></span> 
     </span>
    </p>
   </div>
   <div class='ocr_carea' id='block_1_109' title="bbox 1154 4579 2234 4645">
    <p class='ocr_par' dir='ltr' id='par_1_109' title="bbox 1154 4579 2234 4645">
     <span class='ocr_line' id='line_1_109' title="bbox 1154 4579 2234 4645; baseline 0.009 -20"><span class='ocrx_word' id='word_1_881' title='bbox 1154 4590 1177 4625; x_wconf 74' lang='grc' dir='ltr'><em>ε</em></span> <span class='ocrx_word' id='word_1_882' title='bbox 1203 4579 1391 4633; x_wconf 82' lang='lat' dir='ltr'><strong>Matth.</strong></span> <span class='ocrx_word' id='word_1_883' title='bbox 1417 4597 1538 4642; x_wconf 86' lang='lat' dir='ltr'><strong>xxv,</strong></span> <span class='ocrx_word' id='word_1_884' title='bbox 1570 4579 1654 4633; x_wconf 73' lang='grc'><strong>15.</strong></span> <span class='ocrx_word' id='word_1_885' title='bbox 1729 4580 1757 4618; x_wconf 68' lang='lat' dir='ltr'><strong>h</strong></span> <span class='ocrx_word' id='word_1_886' title='bbox 1788 4582 1971 4635; x_wconf 84' lang='lat' dir='ltr'><strong>Matth.</strong></span> <span class='ocrx_word' id='word_1_887' title='bbox 2023 4598 2093 4645; x_wconf 79' lang='lat' dir='ltr'><strong>v1,</strong></span> <span class='ocrx_word' id='word_1_888' title='bbox 2150 4581 2234 4635; x_wconf 85' lang='lat' dir='ltr'><strong>l9.</strong></span> 
     </span>
    </p>
   </div>
   <div class='ocr_carea' id='block_1_110' title="bbox 1767 4651 2161 4717">
    <p class='ocr_par' dir='ltr' id='par_1_110' title="bbox 1767 4651 2161 4717">
     <span class='ocr_line' id='line_1_110' title="bbox 1767 4651 2161 4717; baseline -0.003 -13"><span class='ocrx_word' id='word_1_889' title='bbox 1767 4661 1803 4687; x_wconf 80' lang='grc' dir='ltr'><strong>ιη</strong></span> <span class='ocrx_word' id='word_1_890' title='bbox 1833 4651 1971 4705; x_wconf 83' lang='lat' dir='ltr'><strong>Psal.</strong></span> <span class='ocrx_word' id='word_1_891' title='bbox 2000 4668 2086 4717; x_wconf 84' lang='lat' dir='ltr'><strong>xc,</strong></span> <span class='ocrx_word' id='word_1_892' title='bbox 2112 4652 2161 4704; x_wconf 87' lang='lat'><strong>7.</strong></span> 
     </span>
    </p>
   </div>
   <div class='ocr_carea' id='block_1_111' title="bbox 1574 4719 2096 4786">
    <p class='ocr_par' dir='ltr' id='par_1_111' title="bbox 1574 4719 2096 4786">
     <span class='ocr_line' id='line_1_111' title="bbox 1574 4719 2096 4786; baseline 0.004 -15"><span class='ocrx_word' id='word_1_893' title='bbox 1574 4729 1594 4754; x_wconf 73' lang='grc'><strong><em>⁸</em></strong></span> <span class='ocrx_word' id='word_1_894' title='bbox 1627 4719 1809 4773; x_wconf 86' lang='lat' dir='ltr'><strong>Matth.</strong></span> <span class='ocrx_word' id='word_1_895' title='bbox 1842 4737 1986 4786; x_wconf 82' lang='lat' dir='ltr'><strong>xvtu,</strong></span> <span class='ocrx_word' id='word_1_896' title='bbox 2010 4721 2096 4774; x_wconf 76' lang='lat'><strong>20.</strong></span> 
     </span>
    </p>
   </div>
   <div class='ocr_carea' id='block_1_112' title="bbox 2065 4512 2856 4579">
    <p class='ocr_par' dir='ltr' id='par_1_112' title="bbox 2065 4512 2856 4579">
     <span class='ocr_line' id='line_1_112' title="bbox 2065 4512 2856 4579; baseline 0 -13"><span class='ocrx_word' id='word_1_897' title='bbox 2065 4525 2085 4551; x_wconf 69' lang='grc' dir='ltr'><strong><em>ο</em></strong></span> <span class='ocrx_word' id='word_1_898' title='bbox 2117 4512 2275 4567; x_wconf 88' lang='lat' dir='ltr'><strong>Prov.</strong></span> <span class='ocrx_word' id='word_1_899' title='bbox 2292 4530 2439 4579; x_wconf 81' lang='lat' dir='ltr'><strong>xxxi,</strong></span> <span class='ocrx_word' id='word_1_900' title='bbox 2459 4512 2546 4575; x_wconf 68' lang='grc'><strong>22,</strong></span> <span class='ocrx_word' id='word_1_901' title='bbox 2564 4528 2670 4566; x_wconf 85' lang='lat' dir='ltr'><strong>sec.</strong></span> <span class='ocrx_word' id='word_1_902' title='bbox 2696 4512 2856 4566; x_wconf 80' lang='lat' dir='ltr'><strong>LXX.</strong></span> 
     </span>
    </p>
   </div>
   <div class='ocr_carea' id='block_1_113' title="bbox 2318 4582 3221 4648">
    <p class='ocr_par' dir='ltr' id='par_1_113' title="bbox 2318 4582 3221 4648">
     <span class='ocr_line' id='line_1_113' title="bbox 2318 4582 3221 4648; baseline 0.002 -14"><span class='ocrx_word' id='word_1_903' title='bbox 2318 4582 2520 4635; x_wconf 80' lang='lat' dir='ltr'><strong>iProv.</strong></span> <span class='ocrx_word' id='word_1_904' title='bbox 2573 4598 2718 4646; x_wconf 86' lang='lat' dir='ltr'><strong>xxxl,</strong></span> <span class='ocrx_word' id='word_1_905' title='bbox 2768 4582 2856 4648; x_wconf 79' lang='lat'><strong>3|,</strong></span> <span class='ocrx_word' id='word_1_906' title='bbox 2904 4597 3012 4635; x_wconf 88' lang='lat' dir='ltr'><strong>sec.</strong></span> <span class='ocrx_word' id='word_1_907' title='bbox 3063 4582 3221 4637; x_wconf 79' lang='lat' dir='ltr'><strong>LXX.</strong></span> 
     </span>
    </p>
   </div>
   <div class='ocr_carea' id='block_1_114' title="bbox 2238 4650 3226 4719">
    <p class='ocr_par' dir='ltr' id='par_1_114' title="bbox 2238 4650 3226 4719">
     <span class='ocr_line' id='line_1_114' title="bbox 2238 4650 3226 4719; baseline 0.001 -15"><span class='ocrx_word' id='word_1_908' title='bbox 2238 4662 2263 4687; x_wconf 79' lang='grc' dir='ltr'><strong>ι·</strong></span> <span class='ocrx_word' id='word_1_909' title='bbox 2294 4652 2359 4706; x_wconf 89' lang='lat' dir='ltr'><strong>IV</strong></span> <span class='ocrx_word' id='word_1_910' title='bbox 2412 4652 2658 4719; x_wconf 9' lang='lat' dir='ltr'><strong>Regrvt,</strong></span> <span class='ocrx_word' id='word_1_911' title='bbox 2710 4650 2761 4704; x_wconf 74' lang='lat'><strong>2.</strong></span> <span class='ocrx_word' id='word_1_912' title='bbox 2839 4660 2863 4685; x_wconf 78' lang='grc' dir='ltr'><strong><em>ο</em></strong></span> <span class='ocrx_word' id='word_1_913' title='bbox 2895 4650 3019 4705; x_wconf 87' lang='lat' dir='ltr'><strong>Lev.</strong></span> <span class='ocrx_word' id='word_1_914' title='bbox 3073 4668 3124 4717; x_wconf 85' lang='lat' dir='ltr'><strong>x,</strong></span> <span class='ocrx_word' id='word_1_915' title='bbox 3176 4652 3226 4706; x_wconf 83' lang='lat' dir='ltr'><strong>l.</strong></span> 
     </span>
    </p>
   </div>
   <div class='ocr_carea' id='block_1_115' title="bbox 2179 4720 2579 4784">
    <p class='ocr_par' dir='ltr' id='par_1_115' title="bbox 2179 4720 2579 4784">
     <span class='ocr_line' id='line_1_115' title="bbox 2179 4720 2579 4784; baseline 0.003 -11"><span class='ocrx_word' id='word_1_916' title='bbox 2179 4724 2195 4758; x_wconf 73' lang='grc' dir='ltr'>ί</span> <span class='ocrx_word' id='word_1_917' title='bbox 2231 4720 2357 4776; x_wconf 93' lang='lat' dir='ltr'><strong>Luc.</strong></span> <span class='ocrx_word' id='word_1_918' title='bbox 2394 4737 2501 4784; x_wconf 78' lang='lat' dir='ltr'><strong>xvi,</strong></span> <span class='ocrx_word' id='word_1_919' title='bbox 2527 4721 2579 4775; x_wconf 82' lang='grc'><strong>’5.</strong></span> 
     </span>
    </p>
   </div>
   <div class='ocr_carea' id='block_1_116' title="bbox 2931 4513 3499 4578">
    <p class='ocr_par' dir='ltr' id='par_1_116' title="bbox 2931 4513 3499 4578">
     <span class='ocr_line' id='line_1_116' title="bbox 2931 4513 3499 4578; baseline 0.009 -12"><span class='ocrx_word' id='word_1_920' title='bbox 2931 4514 2955 4549; x_wconf 67' lang='grc'><strong>(³</strong></span> <span class='ocrx_word' id='word_1_921' title='bbox 2984 4513 3143 4567; x_wconf 91' lang='lat' dir='ltr'><strong>Prov.</strong></span> <span class='ocrx_word' id='word_1_922' title='bbox 3171 4530 3263 4578; x_wconf 85' lang='lat' dir='ltr'><strong>xu,</strong></span> <span class='ocrx_word' id='word_1_923' title='bbox 3296 4514 3347 4568; x_wconf 80' lang='grc'><strong>4.</strong></span> <span class='ocrx_word' id='word_1_924' title='bbox 3427 4526 3451 4554; x_wconf 74' lang='grc' dir='ltr'><strong><em>ο</em></strong></span> <span class='ocrx_word' id='word_1_925' title='bbox 3480 4517 3499 4571; x_wconf 88' lang='lat' dir='ltr'><strong>l</strong></span> 
     </span>
    </p>
   </div>
   <div class='ocr_carea' id='block_1_117' title="bbox 3300 4583 3497 4641">
    <p class='ocr_par' dir='ltr' id='par_1_117' title="bbox 3300 4583 3497 4641">
     <span class='ocr_line' id='line_1_117' title="bbox 3300 4583 3497 4641; baseline 0.036 -7"><span class='ocrx_word' id='word_1_926' title='bbox 3300 4585 3315 4634; x_wconf 71' lang='grc' dir='ltr'><strong>ἱ</strong></span> <span class='ocrx_word' id='word_1_927' title='bbox 3356 4583 3497 4641; x_wconf 85' lang='lat' dir='ltr'><strong>Psal.</strong></span> 
     </span>
    </p>
   </div>
   <div class='ocr_carea' id='block_1_118' title="bbox 3302 4654 3491 4710">
    <p class='ocr_par' dir='ltr' id='par_1_118' title="bbox 3302 4654 3491 4710">
     <span class='ocr_line' id='line_1_118' title="bbox 3302 4654 3491 4710; baseline 0.042 -8"><span class='ocrx_word' id='word_1_928' title='bbox 3302 4664 3329 4702; x_wconf 85' lang='lat' dir='ltr'><strong><em>P</em></strong></span> <span class='ocrx_word' id='word_1_929' title='bbox 3360 4654 3491 4710; x_wconf 87' lang='lat' dir='ltr'><strong>Luc.</strong></span> 
     </span>
    </p>
   </div>
   <div class='ocr_carea' id='block_1_119' title="bbox 1995 4831 3497 4903">
    <p class='ocr_par' dir='ltr' id='par_1_119' title="bbox 1995 4831 3497 4903">
     <span class='ocr_line' id='line_1_119' title="bbox 1995 4831 3497 4903; baseline 0 -17"><span class='ocrx_word' id='word_1_930' title='bbox 1995 4836 2060 4903; x_wconf 77' lang='lat' dir='ltr'><strong>(f)</strong></span> <span class='ocrx_word' id='word_1_931' title='bbox 2102 4833 2197 4888; x_wconf 91' lang='lat' dir='ltr'><strong>Ms.</strong></span> <span class='ocrx_word' id='word_1_932' title='bbox 2248 4835 2429 4903; x_wconf 72' lang='lat' dir='ltr'><strong>codex</strong></span> <span class='ocrx_word' id='word_1_933' title='bbox 2468 4832 2774 4898; x_wconf 86' lang='lat' dir='ltr'><strong>Vaticanus,</strong></span> <span class='ocrx_word' id='word_1_934' title='bbox 2819 4831 2887 4884; x_wconf 84' lang='lat' dir='ltr'><strong>ad</strong></span> <span class='ocrx_word' id='word_1_935' title='bbox 2926 4833 3176 4900; x_wconf 82' lang='lat' dir='ltr'><strong>propositi</strong></span> <span class='ocrx_word' id='word_1_936' title='bbox 3203 4832 3277 4903; x_wconf 83' lang='lat' dir='ltr'><strong>tui</strong></span> <span class='ocrx_word' id='word_1_937' title='bbox 3311 4831 3497 4900; x_wconf 79' lang='lat' dir='ltr'><strong>juncta</strong></span> 
     </span>
    </p>
   </div>
   <div class='ocr_carea' id='block_1_120' title="bbox 1921 4902 3265 4970">
    <p class='ocr_par' dir='ltr' id='par_1_120' title="bbox 1921 4902 3265 4970">
     <span class='ocr_line' id='line_1_120' title="bbox 1921 4902 3265 4970; baseline -0.002 -14"><span class='ocrx_word' id='word_1_938' title='bbox 1921 4902 2246 4957; x_wconf 87' lang='lat' dir='ltr'><strong>sententiam.</strong></span> <span class='ocrx_word' id='word_1_939' title='bbox 2273 4902 2369 4955; x_wconf 88' lang='lat' dir='ltr'><strong>Ms.</strong></span> <span class='ocrx_word' id='word_1_940' title='bbox 2408 4902 2561 4968; x_wconf 61' lang='lat' dir='ltr'><strong>Reg,</strong></span> <span class='ocrx_word' id='word_1_941' title='bbox 2593 4903 2751 4954; x_wconf 83' lang='lat' dir='ltr'><strong>ad....</strong></span> <span class='ocrx_word' id='word_1_942' title='bbox 2778 4902 2962 4970; x_wconf 86' lang='lat' dir='ltr'><strong>juncta</strong></span> <span class='ocrx_word' id='word_1_943' title='bbox 2991 4902 3265 4970; x_wconf 75' lang='lat' dir='ltr'><strong>sententia.</strong></span> 
     </span>
    </p>
   </div>
   <div class='ocr_carea' id='block_1_121' title="bbox 1993 4968 3490 5043">
    <p class='ocr_par' dir='ltr' id='par_1_121' title="bbox 1993 4968 3490 5043">
     <span class='ocr_line' id='line_1_121' title="bbox 1993 4968 3490 5043; baseline -0.001 -18"><span class='ocrx_word' id='word_1_944' title='bbox 1993 4972 2502 5043; x_wconf 82' lang='lat' dir='ltr'><strong>(g)__Manuscriptus</strong></span> <span class='ocrx_word' id='word_1_945' title='bbox 2523 4972 2698 5043; x_wconf 83' lang='lat' dir='ltr'><strong>codex</strong></span> <span class='ocrx_word' id='word_1_946' title='bbox 2722 4968 2873 5025; x_wconf 81' lang='lat' dir='ltr'><strong>Vien.</strong></span> <span class='ocrx_word' id='word_1_947' title='bbox 2904 4979 2958 5025; x_wconf 89' lang='lat' dir='ltr'><strong>et</strong></span> <span class='ocrx_word' id='word_1_948' title='bbox 2985 4971 3112 5025; x_wconf 89' lang='lat' dir='ltr'><strong>edit.</strong></span> <span class='ocrx_word' id='word_1_949' title='bbox 3147 4968 3321 5034; x_wconf 88' lang='lat' dir='ltr'><strong>Grin.,</strong></span> <span class='ocrx_word' id='word_1_950' title='bbox 3350 4972 3490 5039; x_wconf 82' lang='lat' dir='ltr'><strong>[ene-</strong></span> 
     </span>
    </p>
   </div>
   <div class='ocr_carea' id='block_1_122' title="bbox 1920 5040 2681 5110">
    <p class='ocr_par' dir='ltr' id='par_1_122' title="bbox 1920 5040 2681 5110">
     <span class='ocr_line' id='line_1_122' title="bbox 1920 5040 2681 5110; baseline -0.003 -16"><span class='ocrx_word' id='word_1_951' title='bbox 1920 5040 2031 5095; x_wconf 47' lang='lat' dir='ltr'><strong>rat.‘</strong></span> <span class='ocrx_word' id='word_1_952' title='bbox 2066 5040 2303 5110; x_wconf 87' lang='lat' dir='ltr'><strong>Utraque</strong></span> <span class='ocrx_word' id='word_1_953' title='bbox 2332 5042 2492 5095; x_wconf 84' lang='lat' dir='ltr'><strong>lectio</strong></span> <span class='ocrx_word' id='word_1_954' title='bbox 2521 5041 2681 5094; x_wconf 91' lang='lat' dir='ltr'><strong>bona.</strong></span> 
     </span>
    </p>
   </div>
   <div class='ocr_carea' id='block_1_123' title="bbox 1994 5108 3493 5179">
    <p class='ocr_par' dir='ltr' id='par_1_123' title="bbox 1994 5108 3493 5179">
     <span class='ocr_line' id='line_1_123' title="bbox 1994 5108 3493 5179; baseline 0.001 -17"><span class='ocrx_word' id='word_1_955' title='bbox 1994 5112 2069 5179; x_wconf 85' lang='grc' dir='ltr'><strong>(Ιι)</strong></span> <span class='ocrx_word' id='word_1_956' title='bbox 2110 5111 2185 5164; x_wconf 87' lang='lat' dir='ltr'><strong>Ita</strong></span> <span class='ocrx_word' id='word_1_957' title='bbox 2218 5108 2635 5164; x_wconf 80' lang='lat' dir='ltr'><strong>emendavimus</strong></span> <span class='ocrx_word' id='word_1_958' title='bbox 2682 5126 2748 5164; x_wconf 85' lang='lat' dir='ltr'><strong>ex</strong></span> <span class='ocrx_word' id='word_1_959' title='bbox 2783 5125 2883 5166; x_wconf 91' lang='lat' dir='ltr'><strong>ms.</strong></span> <span class='ocrx_word' id='word_1_960' title='bbox 2928 5109 3112 5164; x_wconf 90' lang='lat' dir='ltr'><strong>codice</strong></span> <span class='ocrx_word' id='word_1_961' title='bbox 3159 5108 3312 5163; x_wconf 88' lang='lat' dir='ltr'><strong>Vien.</strong></span> <span class='ocrx_word' id='word_1_962' title='bbox 3357 5108 3493 5163; x_wconf 87' lang='lat' dir='ltr'><strong>Ante</strong></span> 
     </span>
    </p>
   </div>
   <div class='ocr_carea' id='block_1_124' title="bbox 1920 5180 2700 5247">
    <p class='ocr_par' dir='ltr' id='par_1_124' title="bbox 1920 5180 2700 5247">
     <span class='ocr_line' id='line_1_124' title="bbox 1920 5180 2700 5247; baseline -0.003 -13"><span class='ocrx_word' id='word_1_963' title='bbox 1920 5190 2038 5234; x_wconf 87' lang='lat' dir='ltr'><strong>erat</strong></span> <span class='ocrx_word' id='word_1_964' title='bbox 2065 5182 2345 5233; x_wconf 77' lang='lat' dir='ltr'><strong>suscitavit.</strong></span> <span class='ocrx_word' id='word_1_965' title='bbox 2388 5180 2520 5233; x_wconf 88' lang='lat' dir='ltr'><strong>Vide</strong></span> <span class='ocrx_word' id='word_1_966' title='bbox 2550 5194 2700 5247; x_wconf 88' lang='lat' dir='ltr'><strong>seqq.</strong></span> 
     </span>
    </p>
   </div>
   <div class='ocr_carea' id='block_1_125' title="bbox 1990 5246 3485 5319">
    <p class='ocr_par' dir='ltr' id='par_1_125' title="bbox 1990 5246 3485 5319">
     <span class='ocr_line' id='line_1_125' title="bbox 1990 5246 3485 5319; baseline -0.002 -17"><span class='ocrx_word' id='word_1_967' title='bbox 1990 5251 2051 5319; x_wconf 87' lang='lat' dir='ltr'><strong>(i)</strong></span> <span class='ocrx_word' id='word_1_968' title='bbox 2095 5250 2187 5303; x_wconf 90' lang='lat' dir='ltr'><strong>Ms.</strong></span> <span class='ocrx_word' id='word_1_969' title='bbox 2224 5250 2353 5317; x_wconf 86' lang='lat' dir='ltr'><strong>Reg.</strong></span> <span class='ocrx_word' id='word_1_970' title='bbox 2381 5264 2498 5303; x_wconf 91' lang='lat' dir='ltr'><strong>cum</strong></span> <span class='ocrx_word' id='word_1_971' title='bbox 2524 5248 2678 5302; x_wconf 88' lang='lat' dir='ltr'><strong>editis</strong></span> <span class='ocrx_word' id='word_1_972' title='bbox 2695 5257 2951 5319; x_wconf 88' lang='lat' dir='ltr'><strong>quatuor,</strong></span> <span class='ocrx_word' id='word_1_973' title='bbox 2971 5264 3181 5319; x_wconf 86' lang='lat' dir='ltr'><strong>pacem;</strong></span> <span class='ocrx_word' id='word_1_974' title='bbox 3210 5246 3485 5300; x_wconf 87' lang='lat' dir='ltr'><strong>mendose.</strong></span> 
     </span>
    </p>
   </div>
   <div class='ocr_carea' id='block_1_126' title="bbox 1921 5318 3249 5388">
    <p class='ocr_par' dir='ltr' id='par_1_126' title="bbox 1921 5318 3249 5388">
     <span class='ocr_line' id='line_1_126' title="bbox 1921 5318 3249 5388; baseline -0.003 -16"><span class='ocrx_word' id='word_1_975' title='bbox 1921 5318 2018 5373; x_wconf 86' lang='lat' dir='ltr'><strong>Ms.</strong></span> <span class='ocrx_word' id='word_1_976' title='bbox 2052 5319 2227 5381; x_wconf 91' lang='lat' dir='ltr'><strong>Vien.,</strong></span> <span class='ocrx_word' id='word_1_977' title='bbox 2261 5336 2438 5388; x_wconf 88' lang='lat' dir='ltr'><strong>pacem</strong></span> <span class='ocrx_word' id='word_1_978' title='bbox 2468 5319 2676 5388; x_wconf 76' lang='lat' dir='ltr'><strong>silentii,</strong></span> <span class='ocrx_word' id='word_1_979' title='bbox 2708 5336 2738 5388; x_wconf 86' lang='lat' dir='ltr'><strong>a</strong></span> <span class='ocrx_word' id='word_1_980' title='bbox 2766 5320 2899 5371; x_wconf 87' lang='lat' dir='ltr'><strong>mari</strong></span> <span class='ocrx_word' id='word_1_981' title='bbox 2921 5318 3249 5388; x_wconf 81' lang='lat' dir='ltr'><strong>declinantes.</strong></span> 
     </span>
    </p>
   </div>
   <div class='ocr_carea' id='block_1_127' title="bbox 1986 5386 3483 5457">
    <p class='ocr_par' dir='ltr' id='par_1_127' title="bbox 1986 5386 3483 5457">
     <span class='ocr_line' id='line_1_127' title="bbox 1986 5386 3483 5457; baseline -0.004 -14"><span class='ocrx_word' id='word_1_982' title='bbox 1986 5388 2051 5457; x_wconf 88' lang='lat' dir='ltr'><strong>(j)</strong></span> <span class='ocrx_word' id='word_1_983' title='bbox 2092 5390 2181 5442; x_wconf 88' lang='lat' dir='ltr'><strong>Sic</strong></span> <span class='ocrx_word' id='word_1_984' title='bbox 2221 5386 2413 5455; x_wconf 91' lang='lat' dir='ltr'><strong>ubique</strong></span> <span class='ocrx_word' id='word_1_985' title='bbox 2443 5388 2569 5455; x_wconf 84' lang='lat' dir='ltr'><strong>legit</strong></span> <span class='ocrx_word' id='word_1_986' title='bbox 2599 5386 2849 5441; x_wconf 85' lang='lat' dir='ltr'><strong>Paulinus</strong></span> <span class='ocrx_word' id='word_1_987' title='bbox 2870 5396 3073 5442; x_wconf 90' lang='lat' dir='ltr'><strong>noster.</strong></span> <span class='ocrx_word' id='word_1_988' title='bbox 3106 5386 3346 5453; x_wconf 84' lang='lat' dir='ltr'><strong>Vulgata,</strong></span> <span class='ocrx_word' id='word_1_989' title='bbox 3382 5386 3483 5438; x_wconf 83' lang='lat' dir='ltr'><strong>nisi</strong></span> 
     </span>
    </p>
   </div>
   <div class='ocr_carea' id='block_1_128' title="bbox 1921 5458 2326 5511">
    <p class='ocr_par' dir='ltr' id='par_1_128' title="bbox 1921 5458 2326 5511">
     <span class='ocr_line' id='line_1_128' title="bbox 1921 5458 2326 5511; baseline 0.007 -4"><span class='ocrx_word' id='word_1_990' title='bbox 1921 5467 1973 5507; x_wconf 86' lang='lat' dir='ltr'><strong>ut</strong></span> <span class='ocrx_word' id='word_1_991' title='bbox 1995 5458 2326 5511; x_wconf 84' lang='lat' dir='ltr'><strong>accendatur.</strong></span> 
     </span>
    </p>
   </div>
   <div class='ocr_carea' id='block_1_129' title="bbox 1991 5526 2655 5594">
    <p class='ocr_par' dir='ltr' id='par_1_129' title="bbox 1991 5526 2655 5594">
     <span class='ocr_line' id='line_1_129' title="bbox 1991 5526 2655 5594; baseline 0.002 -16"><span class='ocrx_word' id='word_1_992' title='bbox 1991 5526 2069 5594; x_wconf 86' lang='lat' dir='ltr'><strong>(k)</strong></span> <span class='ocrx_word' id='word_1_993' title='bbox 2110 5526 2204 5579; x_wconf 86' lang='lat' dir='ltr'><strong>Ms.</strong></span> <span class='ocrx_word' id='word_1_994' title='bbox 2240 5526 2417 5591; x_wconf 90' lang='lat' dir='ltr'><strong>Vien.,</strong></span> <span class='ocrx_word' id='word_1_995' title='bbox 2448 5526 2655 5580; x_wconf 85' lang='lat' dir='ltr'><strong>resistit.</strong></span> 
     </span>
    </p>
   </div>
   <div class='ocr_carea' id='block_1_130' title="bbox 2018 5595 2873 5663">
    <p class='ocr_par' dir='ltr' id='par_1_130' title="bbox 2018 5595 2873 5663">
     <span class='ocr_line' id='line_1_130' title="bbox 2018 5595 2873 5663; baseline 0 -16"><span class='ocrx_word' id='word_1_996' title='bbox 2018 5596 2057 5663; x_wconf 83' lang='grc' dir='ltr'><strong>Ι)</strong></span> <span class='ocrx_word' id='word_1_997' title='bbox 2099 5595 2195 5648; x_wconf 90' lang='lat' dir='ltr'><strong>Ms.</strong></span> <span class='ocrx_word' id='word_1_998' title='bbox 2229 5595 2395 5649; x_wconf 88' lang='lat' dir='ltr'><strong>codex</strong></span> <span class='ocrx_word' id='word_1_999' title='bbox 2428 5595 2602 5658; x_wconf 89' lang='lat' dir='ltr'><strong>Vien.,</strong></span> <span class='ocrx_word' id='word_1_1000' title='bbox 2633 5596 2873 5649; x_wconf 80' lang='lat' dir='ltr'><strong>conserti.</strong></span> 
     </span>
    </p>
   </div>
   <div class='ocr_carea' id='block_1_131' title="bbox 1989 5596 3487 5735">
    <p class='ocr_par' dir='ltr' id='par_1_131' title="bbox 1989 5596 3487 5735">
     <span class='ocr_line' id='line_1_131' title="bbox 2018 5596 2873 5663; baseline 0 -16"><span class='ocrx_word' id='word_1_1001' title='bbox 2018 5596 2057 5663; x_wconf 83' lang='grc' dir='ltr'><strong>Ι)</strong></span> <span class='ocrx_word' id='word_1_1002' title='bbox 2099 5596 2195 5648; x_wconf 91' lang='lat' dir='ltr'><strong>Ms.</strong></span> <span class='ocrx_word' id='word_1_1003' title='bbox 2229 5596 2395 5649; x_wconf 88' lang='lat' dir='ltr'><strong>codex</strong></span> <span class='ocrx_word' id='word_1_1004' title='bbox 2428 5596 2602 5658; x_wconf 89' lang='lat' dir='ltr'><strong>Vien.,</strong></span> <span class='ocrx_word' id='word_1_1005' title='bbox 2633 5596 2873 5649; x_wconf 80' lang='lat' dir='ltr'><strong>conserti.</strong></span> 
     </span>
     <span class='ocr_line' id='line_1_132' title="bbox 1989 5596 3487 5735; baseline 0.003 -19"><span class='ocrx_word' id='word_1_1006' title='bbox 1989 5596 2085 5735; x_wconf 50' lang='grc' dir='ltr'><strong>ἕνη)</strong></span> <span class='ocrx_word' id='word_1_1007' title='bbox 2124 5663 2201 5719; x_wconf 90' lang='lat' dir='ltr'><strong>lta</strong></span> <span class='ocrx_word' id='word_1_1008' title='bbox 2222 5680 2320 5721; x_wconf 87' lang='lat' dir='ltr'><strong>ms.</strong></span> <span class='ocrx_word' id='word_1_1009' title='bbox 2350 5665 2519 5721; x_wconf 80' lang='lat' dir='ltr'><strong>codex</strong></span> <span class='ocrx_word' id='word_1_1010' title='bbox 2549 5665 2727 5721; x_wconf 86' lang='lat' dir='ltr'><strong>Vien..</strong></span> <span class='ocrx_word' id='word_1_1011' title='bbox 2758 5679 2876 5719; x_wconf 88' lang='lat' dir='ltr'><strong>cum</strong></span> <span class='ocrx_word' id='word_1_1012' title='bbox 2904 5660 3060 5719; x_wconf 88' lang='lat' dir='ltr'><strong>editis</strong></span> <span class='ocrx_word' id='word_1_1013' title='bbox 3081 5663 3331 5730; x_wconf 70' lang='lat' dir='ltr'><strong>Quatuor.</strong></span> <span class='ocrx_word' id='word_1_1014' title='bbox 3365 5660 3487 5729; x_wconf 62' lang='lat' dir='ltr'><strong>Alii,</strong></span> 
     </span>
    </p>
   </div>
   <div class='ocr_carea' id='block_1_132' title="bbox 1916 5734 2057 5789">
    <p class='ocr_par' dir='ltr' id='par_1_132' title="bbox 1916 5734 2057 5789">
     <span class='ocr_line' id='line_1_133' title="bbox 1916 5734 2057 5789; baseline 0.014 -2"><span class='ocrx_word' id='word_1_1015' title='bbox 1916 5734 2018 5787; x_wconf 80' lang='lat' dir='ltr'><strong>vita</strong></span> <span class='ocrx_word' id='word_1_1016' title='bbox 2028 5774 2042 5789; x_wconf 92' lang='lat'><strong>.</strong></span> <span class='ocrx_word' id='word_1_1017' title='bbox 2056 5756 2057 5759; x_wconf 43' lang='grc' dir='ltr'><strong>η</strong></span> 
     </span>
    </p>
   </div>
  </div>
