3994 6180
493 300 593 360 391

1620 295 1676 351 S.
1723 293 1990 352 PAULINI
2026 293 2275 350 NOLANI
2311 291 2614 351 EPISCOPI

3641 295 3744 355 592

492 427 610 469 rum
640 411 935 482 indigemus
965 429 977 465 :
1010 411 1136 482 quia
1157 411 1278 482 quis
1306 419 1397 465 aut
1426 408 1639 464 inutiles
1661 408 1926 462 conducet
1945 422 2069 478 ope-
2095 415 2143 472 Α
2171 407 2484 475 ignorantia:
2527 414 2686 462 nocte
2724 405 2943 476 depulsa
2967 446 2982 472 ,
3029 414 3088 461 et
3134 408 3362 477 caligine
3397 406 3745 466 dubitationis

491 504 702 566 rarius,
748 510 840 558 aut
885 502 1087 556 tribuet
1134 517 1252 556 non.
1288 500 1628 571 petentibus?
1676 513 2074 566 nonnumquam

493 603 705 660 tamen,
752 595 844 663 qui
886 608 1044 662 agros
1073 593 1261 661 inopes
1287 599 1340 645 et
1370 590 1600 644 incultos
1625 589 1854 654 habent,
1885 589 2076 657 despe-

490 688 623 742 ratis
652 687 718 739 ab
747 699 850 755 ope
874 685 958 738 vel
985 699 1144 736 manu
1172 698 1268 737 sua
1299 681 1558 736 fructibus
1586 696 1709 751 spes
1738 695 1926 735 omnes
1948 693 2074 736 suas

492 778 558 831 ad
587 777 784 832 auxilia
832 774 1011 828 divina
1054 779 1408 837 convertunt;
1451 781 1505 825 et
1533 786 1674 840 saepe
1703 778 1897 825 eventu
1919 769 2072 837 juxta

494 867 652 921 iidem
691 865 951 935 prmstito,
996 870 1381 932 compensante
1420 861 1750 930 diligentiam
1789 859 2069 928 religione,

491 971 628 1025 quos
655 956 824 1010 solers
851 953 1060 1008 cultura
1087 952 1356 1020 deseruit,
1387 951 1474 1020 pia
1503 960 1628 1006 vota
1653 950 1928 1019 juverunt.

562 1049 614 1102 7.
655 1046 817 1102 Orate
846 1060 992 1115 ergo,
1027 1053 1086 1098 ut
1113 1045 1368 1098 Dominus
1397 1043 1757 1112 omnipotens,
1783 1043 1875 1111 qui
1903 1043 2075 1110 posuit

490 1141 706 1209 ﬂumina
747 1141 800 1192 in
839 1138 1126 1201 desertum,
1174 1142 1453 1190 convertat
1498 1135 1703 1186 aridam
1745 1143 1984 1188 nostram
2017 1135 2072 1188 in

489 1232 655 1284 exitus
685 1244 934 1300 aquarum
966 1238 1021 1291 8;
1064 1225 1327 1294 percutiat
1359 1233 1413 1278 et
1441 1224 1796 1294 interrumpat
1822 1225 2071 1279 duritiam

490 1321 667 1376 cordis
717 1321 885 1374 nostri
910 1361 925 1386 ,
973 1326 1030 1372 ut
1058 1319 1198 1372 hanc
1233 1332 1448 1386 quoque
1476 1325 1681 1386 petram
1711 1325 1989 1371 convertat
2017 1318 2071 1371 in

488 1419 734 1480 stagnum
761 1423 911 1478 aqua:
942 1407 988 1461 ι).
1022 1407 1195 1475 Atque
1224 1408 1426 1460 utinam
1459 1407 1549 1460 illo
1577 1421 1675 1460 nos
1705 1421 1829 1460 rore
1854 1421 2071 1475 resper-

489 1511 581 1572 gat
612 1513 660 1569 ε,
689 1518 796 1571 quo
841 1501 967 1554 illud
1015 1499 1296 1570 mysticum
1330 1499 1408 1568 (a)
1439 1498 1492 1552 in
1539 1513 1664 1552 area
1710 1497 1880 1551 vellus
1923 1495 2067 1552 fecit.

489 1591 598 1645 ltos
645 1591 742 1659 (V.
768 1589 881 1645 not.
909 1589 1031 1660 191)
1080 1591 1221 1643 enim
1266 1588 1357 1657 qui
1401 1588 1467 1642 ab
1497 1588 1586 1643 illo
1614 1596 1729 1652 est,
1760 1587 1962 1643 sanitas
1987 1596 2071 1642 est

487 1683 660 1736 nobis.
691 1680 883 1747 Orate,
917 1681 1161 1749 inquam,
1193 1687 1252 1733 ut
1282 1679 1549 1734 hortulum
1579 1687 1820 1734 nostrum
1846 1679 2068 1734 introire

2175 499 2436 552 abstersa.
2496 497 2651 563 Quod
2679 513 2802 552 cum
2830 512 2973 567 saepe
3012 498 3144 553 alias
3168 513 3266 567 per
3293 513 3512 554 munera
3541 499 3745 569 episto-

2175 588 2346 642 larum
2369 597 2578 642 tuarum
2602 588 2734 642 mihi
2760 587 3013 643 donatum
3036 589 3316 652 senserim,
3347 596 3457 642 tum
3479 590 3746 660 przecipuo

2175 679 2280 734 isto
2327 680 2624 734 recentium
2670 680 2968 734 litterarum
3016 681 3233 744 libello,
3285 681 3438 750 cujus
3471 683 3602 736 mihi
3636 691 3744 738 tam

2173 779 2356 838 gratus
2383 785 2544 840 quam
2572 770 2763 839 dignus
2807 772 3039 839 portitor
3079 770 3179 824 fuit
3207 771 3287 825 vir
3312 773 3625 826 benedictus
3650 771 3748 828 Do-

2173 862 2303 916 mini
2345 861 2507 917 frater
2547 869 2733 917 noster
2759 861 2988 928 Quintus
3019 862 3114 934 (V.
3153 872 3266 918 not.
3299 862 3422 932 I95)
3466 864 3741 930 diaconus,

2172 952 2263 1021 qui
2293 952 2451 1020 longo
2478 952 2692 1020 quidem
2721 961 3069 1022 posteaquam
3095 954 3158 1006 ad
3189 953 3381 1007 Urbem
3411 963 3634 1009 venerat
3661 955 3745 1009 iu-

2172 1042 2416 1108 tervallo,
2449 1057 2569 1096 cum
2599 1057 2666 1096 eo
2688 1040 2841 1109 juxta
2860 1042 3154 1096 solemnem
3174 1059 3351 1098 meum
3373 1060 3600 1112 morem,
3625 1055 3748 1115 post

2172 1131 2373 1186 Pascha
2403 1132 2630 1197 Domini,
2663 1147 2760 1202 pro
2789 1133 3152 1202 apostolorum
3182 1143 3236 1188 et
3264 1121 3557 1206 martyrum
3587 1152 3746 1191 vene-

2170 1223 2382 1277 ratione
2408 1222 2714 1287 venissem,
2765 1222 3193 1277 benedictionem
3241 1226 3351 1278 oris
3399 1226 3474 1278 tui
3517 1225 3746 1280 reddidit

2173 1313 2344 1368 nobis.
2404 1313 2785 1368 Verumtamen
2829 1315 3116 1369 obliterato
3162 1315 3306 1384 quod
3334 1317 3608 1371 nesciente
3634 1333 3721 1372 tne

2171 1403 2354 1458 Romae
2381 1414 2748 1460 consumserat
2780 1416 3048 1476 tempore,
3081 1409 3478 1463 recentissimus
3506 1409 3638 1462 mihi
3665 1410 3748 1463 vi-

2169 1511 2260 1551 sus
2289 1503 2372 1550 est
2400 1511 2428 1549 a
2451 1504 2743 1566 conspectu
2774 1505 2897 1562 tuo,
2931 1497 3004 1551 ita
3036 1506 3094 1551 ut
3121 1506 3248 1552 tunc
3273 1499 3451 1552 statim
3480 1515 3603 1554 eum
3628 1515 3660 1554 a
3689 1508 3745 1555 te

2169 1588 2298 1641 mihi
2327 1589 2533 1642 venisse
2553 1588 2641 1642 vix
2661 1587 2958 1651 crederem,
2991 1604 3112 1643 cum
3139 1589 3366 1659 primum
3393 1590 3659 1655 videbam,
3686 1599 3746 1645 et

2168 1693 2289 1732 cum
2319 1678 2447 1731 mihi
2485 1677 2700 1746 plenum
2729 1677 2949 1732 odorem
2978 1679 3257 1733 suavitatis
3299 1687 3402 1734 tua:
3430 1680 3481 1733 in
3511 1681 3747 1749 eloquiis

487 1772 734 1846 dignatus
757 1812 774 1837 ,
821 1786 1109 1841 exsurgere
1155 1772 1460 1840 aquilonem
1507 1772 1710 1841 iubeat,
1741 1781 1797 1826 et
1825 1782 2062 1827 austrum
2099 1767 2142 1826 Β
2170 1769 2274 1822 tuis
2294 1768 2525 1823 caelestis
2547 1768 2798 1835 unguenti
2821 1769 3063 1823 castitate
3083 1768 3439 1838 fragrantibus
3461 1771 3743 1826 ollerebat.

485 1861 672 1916 venire
704 1859 760 1926 ἀ,
803 1861 997 1929 quibus
1047 1874 1207 1914 auras
1248 1860 1438 1914 vitales
1484 1859 1788 1916 alllantibus
1825 1863 2066 1930 germina

485 1961 671 2006 nostra
711 1953 987 2006 vivescunt
1019 1951 1112 2022 (V.
1142 1967 1230 2020 ep.
1257 1951 1344 2016 24,
1374 1968 1428 2005 ιι.
1458 1950 1567 2022 18).
1615 1951 1719 2007 Sed
1750 1961 1804 2008 et
1832 1954 1877 2010 si
1906 1955 1952 1986 "
1983 1955 2064 2009 vi-

485 2057 640 2096 neam
669 2057 820 2095 suam
847 2041 1146 2109 ingressus,
1187 2040 1437 2095 arborem
1479 2049 1718 2095 nostram
1747 2043 1863 2097 sine
1890 2041 2064 2099 fructu

486 2133 791 2195 invenerit,
845 2138 1032 2200 parcat
1077 2129 1352 2195 excidere;
1403 2138 1458 2184 et
1505 2132 1868 2186 misericordia
1915 2132 2066 2187 diffe-

486 2233 654 2289 reute,
688 2222 871 2278 credat
900 2222 1148 2290 agricola:
1177 2223 1552 2277 intervenienti
1575 2266 1590 2289 ,
1619 2225 1710 2294 qui
1739 2232 2066 2294 extorquen-

484 2317 608 2370 dum
652 2315 927 2382 diligentia
973 2329 1069 2367 sua
1111 2314 1340 2368 fructum
1364 2315 1431 2368 de
1457 2316 1627 2369 sterili
1657 2316 1880 2371 ficulnea
1909 2318 2064 2386 polli-

484 2412 635 2459 cetur
667 2414 713 2458 ο.
743 2403 942 2458 Potens
962 2410 1043 2458 est
1066 2403 1206 2457 enim
1231 2403 1344 2472 ipse
1369 2403 1641 2470 Dominus,
1665 2407 1750 2475 qui
1770 2407 2066 2477 interpellat

483 2514 576 2567 pro
605 2496 830 2565 peccatis
873 2495 1062 2547 nostris
1087 2535 1102 2560 ,
1146 2501 1200 2548 et
1227 2494 1311 2564 qui
1355 2502 1501 2548 uocat
1542 2513 1603 2549 ea
1631 2512 1744 2567 qua:
1772 2512 1875 2551 non
1903 2508 2020 2552 sunt
2043 2540 2058 2564 ,

485 2595 744 2657 tamquam
790 2600 905 2654 quw
953 2585 1061 2636 sint
1090 2583 1132 2648 τ,
1166 2584 1343 2639 facere
1389 2593 1444 2639 et
1489 2585 1555 2640 de
1599 2588 1755 2641 nobis
1797 2588 1980 2655 egenis
2007 2595 2063 2643 et

483 2677 647 2730 aridis
676 2676 921 2729 arborem
955 2673 1295 2734 fructuosam,
1329 2684 1383 2730 et
1404 2676 1636 2730 animam
1661 2677 1873 2731 inanem
1902 2677 2062 2748 adipe

484 2766 633 2819 verbi
661 2766 742 2820 sui
771 2751 1042 2833 tamquam
1070 2765 1303 2835 cophino
1335 2768 1590 2821 stercoris
1609 2768 1868 2837 opimare.
1920 2768 2058 2835 Quia

482 2855 739 2924 scriptum
778 2862 890 2908 est:
928 2855 1003 2908 De
1047 2855 1212 2923 ipsius
1249 2855 1420 2922 gratia
1459 2855 1789 2926 pinguescent
1819 2857 1897 2929 (ὁ)
1928 2859 2060 2928 ﬁnes

485 2945 583 3018 (V.
613 2953 728 2998 not.
764 2943 888 3012 192)
923 2944 1108 2998 deserti
1132 2955 1176 2998 ε.
1209 2943 1485 3014 Cophinus
1523 2955 1700 3000 autem
1742 2948 1829 3003 hic
1856 2957 2061 3003 sterco-

483 3039 576 3104 ris,
617 3039 707 3108 qui
735 3035 801 3091 de
831 3037 1000 3092 sterili
1031 3037 1260 3091 fertilem
1301 3039 1548 3092 arborem
1572 3037 1724 3104 facit,
1757 3039 2062 3109 specialiter

2168 1857 2365 1913 Fateor
2393 1865 2570 1912 tamen
2598 1859 2917 1912 venerandae
2947 1859 3286 1913 unanimitati
3328 1868 3429 1914 tua:
3452 1903 3468 1928 ,
3508 1877 3613 1916 non
3637 1877 3746 1931 po-

2168 1951 2331 2003 tuisse
2351 1964 2439 2002 me
2465 1949 2713 2002 volumen
2745 1949 2914 2018 ipsum
2934 1989 2949 2014 ,
2976 1950 3156 2002 statim
3187 1957 3244 2003 ut
3272 1964 3602 2020 acceperam,
3631 1950 3751 2006 Ro-

2165 2057 2266 2094 mm
2311 2041 2508 2108 legere.
2562 2038 2746 2093 Tanta:
2790 2040 2933 2093 enim
2975 2040 3083 2094 illic
3110 2039 3277 2093 turba:
3304 2049 3494 2105 erant,
3546 2048 3602 2094 ut
3631 2057 3747 2096 non

2166 2147 2380 2202 possem
2418 2147 2610 2185 munus
2643 2138 2788 2184 tuum
2816 2130 3097 2197 diligenter
3126 2130 3386 2199 inspicere
3408 2171 3424 2196 ,
3465 2139 3520 2185 et
3547 2146 3612 2184 eo
3639 2172 3655 2199 ,
3686 2139 3749 2186 ut

2164 2221 2470 2291 cupiebam,
2501 2219 2740 2290 perfrui;
2773 2221 2977 2276 scilicet
3002 2229 3058 2274 ut
3086 2220 3417 2289 perlegerem
3442 2219 3666 2288 jugiter,
3695 2222 3748 2277 si

2164 2311 2342 2382 legere
2372 2313 2672 2383 cmpissem.
2713 2312 2897 2382 Itaque
2919 2355 2934 2380 ,
2980 2322 3038 2366 ut
3067 2311 3180 2366 fieri
3205 2313 3376 2376 solet,
3423 2328 3610 2366 secura
3641 2328 3748 2366 ex-

2163 2404 2496 2475 Spectatione
2525 2403 2756 2458 convivii
2783 2404 3068 2473 prteparati
3094 2445 3108 2471 ,
3139 2402 3310 2458 avida:
3338 2404 3464 2458 licet
3492 2405 3506 2436 '
3541 2405 3747 2459 mentis

2163 2495 2396 2550 esuriem
2425 2493 2686 2548 refrenavi
2714 2535 2728 2559 ,
2760 2502 2816 2549 ct
2843 2510 2937 2564 spe
2965 2503 3113 2549 certa
3141 2495 3413 2565 capienda:
3439 2495 3749 2550 saturitatis

2165 2592 2308 2662 (eum
2349 2589 2400 2642 in
2431 2603 2589 2642 manu
2616 2597 2856 2643 tenerem
2886 2602 3052 2658 panes
3077 2587 3330 2642 desiderii
3370 2589 3474 2642 mei
3502 2588 3557 2642 in
3587 2589 3748 2644 volu-

2163 2677 2308 2732 mine
2337 2677 2665 2741 devorando,
2697 2678 2838 2748 quod
2868 2687 3055 2748 postea
3086 2679 3293 2732 voranti
3323 2679 3452 2733 mihi
3480 2687 3535 2733 et
3563 2679 3615 2733 in
3648 2693 3750 2734 ore

2162 2775 2219 2822 et
2242 2769 2294 2821 in
2323 2777 2511 2822 ventre
2534 2768 2895 2823 dulcissimum
2917 2766 3034 2838 fuit)
3068 2767 3358 2822 inhiantem
3389 2768 3444 2820 in
3473 2766 3624 2822 favos
3655 2768 3749 2822 lit-

2163 2867 2401 2913 terarum
2431 2867 2639 2912 tuarum
2668 2858 2844 2926 gulam
2874 2857 3030 2912 facile
3058 2858 3308 2926 suspendi
3326 2898 3341 2923 ,
3390 2857 3564 2912 donec
3593 2855 3748 2914 Urbe

2164 2949 2536 3019 proﬁciscerer
2561 2991 2574 3016 ,
2624 2958 2680 3003 et
2720 2949 3166 3018 interponendum
3205 2947 3269 3002 ad
3309 2948 3518 3003 itineris
3542 2947 3748 3002 stativa

2166 3039 2307 3093 diem
2331 3077 2346 3102 ,
2397 3054 2556 3108 quem
2587 3039 2638 3092 in
2668 3038 2866 3107 Oppido
2904 3037 3193 3092 Formiano
3219 3037 3531 3104 habuimus,
3565 3043 3747 3092 totum

483 3128 613 3183 mihi
641 3128 852 3181 videtur
878 3126 1151 3179 humilitas
1179 3127 1463 3195 spiritalis,
1507 3141 1612 3195 qua
1641 3130 2062 3184 contribulantes
2089 3126 2134 3188 C
2168 3130 2291 3184 huic
2322 3129 2472 3198 operi
2504 3129 2864 3198 manciparem
2887 3170 2902 3196 ,
2958 3138 3018 3182 ut
3043 3129 3096 3183 in
3123 3129 3326 3183 deliciis
3367 3128 3608 3197 epistola:
3639 3137 3750 3183 tua!

483 3234 578 3273 cor
604 3227 846 3272 nostrum
869 3217 1201 3286 pmnitudine
1231 3221 1513 3287 printerita:
1540 3221 1805 3285 vanitatis,
1837 3237 2062 3277 evacua-

485 3323 603 3362 qus
629 3308 830 3372 inania,
863 3318 917 3360 et
946 3322 1160 3362 succum
1187 3308 1398 3361 virtutis
1425 3309 1796 3378 accipimus”,
1828 3327 1951 3379 qua,
1974 3312 2063 3381 qui

485 3399 737 3468 operibus
763 3397 982 3466 justitize
1004 3397 1214 3450 steriles
1233 3412 1467 3464 eramus,
1489 3399 1760 3452 reddimur
1786 3401 2060 3456 fructuosi.

484 3489 692 3544 Bonum
739 3501 868 3555 ergo
917 3488 1072 3542 nobis
1116 3487 1317 3541 intrare
1367 3488 1420 3541 in
1466 3503 1711 3544 recessus
1750 3502 1980 3557 nostros,
2011 3501 2067 3547 et

484 3579 766 3637 humiliare
814 3581 867 3635 in
911 3579 1152 3648 jejunio,
1198 3594 1305 3648 quo
1341 3579 1691 3648 jejunatur“
1727 3581 2067 3652 ah0peribus

483 3673 847 3741 tenebrarum,
898 3674 1129 3727 animam
1167 3681 1404 3726 nostram
1431 3691 1442 3725 :
1481 3682 1537 3727 ut
1565 3673 1632 3727 ab
1660 3673 1819 3743 hujus
1847 3675 2064 3729 humili-

486 3765 611 3818 tatis
641 3770 902 3829 stercore,
933 3779 1052 3833 qute
1080 3764 1262 3820 seculo
1291 3763 1428 3828 vilis,
1461 3763 1573 3818 Deo
1595 3779 1717 3819 cara
1746 3772 1846 3830 est,
1895 3765 2066 3833 eriga-

486 3866 571 3910 tur
599 3869 695 3924 per
716 3870 836 3909 eum
867 3855 958 3924 qui
987 3857 1197 3909 suscitat
1235 3855 1298 3908 de
1339 3863 1478 3908 terra
1523 3856 1746 3925 inapem,
1778 3864 1826 3909 et
1855 3856 1918 3910 de
1938 3867 2067 3910 ster-

482 3961 600 4000 core
621 3946 770 4016 erigit
799 3962 1074 4015 pauperem
1108 3943 1154 3997 δ.
1197 3944 1377 3999 Gratia
1410 3945 1503 3998 Dei
1530 3947 1827 4000 vobiscum.

978 4035 1307 4089 EPISTULA
1338 4038 1354 4056 ‘
1385 4035 1546 4088 XLV.

483 4124 958 4198 264Angustino
989 4125 1184 4192 gratias
1215 4139 1370 4198 agens
1400 4138 1492 4198 pro
1535 4122 1686 4198 libro_
1726 4125 1825 4198 eel‘
1848 4127 2066 4195 epistola

549 4191 763 4271 ad'ipso'
788 4191 1037 4271 recepta}.
1079 4191 1599 4271 prosequitnrnlau‘des
1630 4191 2064 4271 Melanimisenio-

559 4260 671 4324 ris,
719 4269 771 4334 et
810 4260 949 4334 unici
986 4260 1096 4329 ejus
1136 4261 1233 4334 filii
1279 4260 1560 4334 Publicola:
1602 4279 1763 4334 nuper
1803 4265 2062 4334 defuncti;
2153 4281 2158 4287 ‘

557 4331 806 4382 nonnulla
835 4331 1090 4382 disserens
1122 4331 1184 4382 de
1224 4335 1401 4400 futura
1445 4330 1499 4382 in
1537 4333 1674 4384 cwlis
1714 4330 1917 4387 actione
1945 4335 2065 4388 bea-

555 4411 719 4454 torum
747 4409 859 4469 post
891 4401 1334 4454 resurrectionem.
1870 4402 1876 4408 ’

553 4493 751 4548 Sancto
777 4493 979 4547 Domini
1002 4493 1328 4557 beatissimo,
1353 4503 1407 4549 et
1431 4495 1584 4549 unice
1609 4496 1761 4550 nobis
1782 4499 2060 4565 unanimo,
2096 4481 2140 4537 ί)

485 4599 550 4640 ac
576 4586 866 4639 venerabili
899 4585 1069 4655 patri,
1090 4584 1288 4658 fratri,
1322 4588 1581 4653 magistro
1612 4585 1919 4644 AUGUSTINO
1949 4591 2066 4660 epi-

485 4690 668 4744 scopo,
703 4673 965 4727 PMTLINUS
993 4682 1048 4728 et
1074 4673 1343 4728 Tnsnasnt
1369 4684 1702 4744 peccatores.

445 4769 452 4794 '-
557 4764 607 4816 1.
655 4768 893 4822 Lucerna
939 4779 1153 4832 semper
1226 4775 1308 4820 est
1426 4764 1640 4834 pedibus
1687 4768 1816 4820 meis
1859 4767 2063 4823 verbum

487 4863 646 4920 tuum,
673 4863 721 4906 et
743 4854 912 4907 lumen
932 4855 1127 4907 semitis
1148 4855 1273 4906 meis
1309 4835 1350 4907 ί.
1403 4853 1481 4908 Ita
1510 4856 1950 4928 quotiescumque
1979 4860 2066 4913 lit-

487 4952 630 4997 teras
666 4943 987 4996 beatissimze
1029 4943 1330 4996 sanctitatis
1367 4951 1472 4997 tua:
1518 4946 1724 5014 accipio
1747 4985 1763 5010 ,
1814 4947 2065 5002 tenebras

488 5035 804 5104 insipientia:
834 5049 966 5088 mea:
994 5034 1184 5088 discuti
1213 5036 1386 5089 sentio
1411 5075 1426 5100 ,
1458 5044 1513 5090 et
1549 5037 1704 5105 quasi
1731 5038 1954 5109 collyrio
1991 5039 2063 5110 (ο)

486 5126 860 5182 declarationis
889 5125 1084 5190 infuso,
1115 5126 1282 5179 oculis
1305 5127 1496 5181 mentis
1517 5142 1650 5181 mea:
1673 5128 1854 5196 purius
1879 5129 2057 5196 video,

559 5233 583 5257 οι
615 5219 754 5274 Psal.
786 5236 891 5285 ενι,
921 5220 990 5273 55
1014 5227 1068 5272 et
1094 5217 1182 5271 55.
1262 5219 1287 5258 δ
1313 5218 1483 5272 Exod.
1511 5235 1639 5285 xvtl,
1669 5219 1721 5272 6.

1803 5231 1822 5256 ι·
1854 5219 2026 5277 Judic.
2061 5239 2137 5286 vr,
2170 5222 2258 5275 57.
2334 5219 2360 5256 ά
2393 5219 2652 5282 ϐαηιαν,
2709 5220 2795 5274 16.

2167 3219 2496 3289 spiritalibus
2524 3220 2590 3274 ab
2620 3220 2766 3273 omni
2795 3222 2954 3291 265
2985 3220 3111 3274 hcce
3146 3225 3395 3274 curarum
3425 3227 3482 3273 et
3506 3216 3748 3274 suffoca-

2165 3315 2314 3368 tione
2344 3313 2616 3367 turbarum
2648 3312 2781 3366 liber
2806 3313 3068 3381 epularer.

2237 3405 2290 3460 2.
2331 3403 2467 3470 Quid
2496 3419 2623 3473 ergo
2651 3404 2868 3458 humilis
2910 3411 2966 3457 et
3007 3411 3253 3457 terrenus
3289 3399 3645 3471 respondeam
3677 3401 3748 3458 ad

2167 3499 2305 3553 hanc
2343 3499 2659 3567 sapientiam
2683 3536 2698 3562 ,
2742 3512 2860 3565 qua:
2889 3495 3009 3548 data
3036 3501 3117 3548 est
3147 3494 3239 3548 tibi
3267 3493 3496 3563 desuper
3517 3531 3534 3555 ,
3579 3507 3749 3561 quam

2169 3589 2262 3644 hic-
2283 3589 2509 3641 mundus
2534 3602 2640 3640 non
2670 3585 2848 3654 capit,
2891 3593 2948 3638 et
2985 3599 3146 3653 quam
3175 3585 3195 3614 '
3225 3599 3385 3638 nemo
3413 3584 3588 3653 sapit,
3641 3585 3748 3642 nisi

2165 3681 2427 3750 sapientia
2456 3677 2551 3732 Dei
2577 3678 2806 3746 sapiens,
2838 3684 2892 3730 et
2918 3675 3012 3730 Dei
3039 3675 3201 3729 verbo
3223 3674 3524 3742 eloquens?
3552 3671 3750 3744 Itaque

2165 3773 2289 3842 quia
2334 3771 2759 3840 experimentum
2788 3768 2959 3822 habeo
2985 3765 3182 3821 Christi
3219 3767 3272 3820 in
3313 3774 3365 3819 te
3392 3765 3663 3834 loquentis
3698 3777 3748 3833 ι,

2165 3868 2218 3920 in
2230 3865 2338 3918 Deo
2355 3862 2576 3918 laudabo
2601 3859 2899 3917 sermonesk
2927 3869 3066 3925 tuos,
3092 3869 3148 3914 et
3169 3877 3273 3913 non
3299 3856 3482 3912 timebo
3503 3874 3534 3910 a
3557 3859 3750 3913 timore

2165 3969 2423 4013 nocturno
2457 3954 2499 4021 ι,
2545 3958 2668 4024 quia
2698 3954 2926 4010 docuisti
2956 3969 3040 4006 me
3082 3954 3132 4006 in
3163 3952 3349 4021 spiritu
3380 3951 3620 4006 veritatis
3650 3967 3748 4004 sa-

2166 4049 2318 4103 lubre
2343 4047 2363 4079 ³
2394 4046 2705 4100 moderandi
2737 4047 2786 4098 in
2818 4043 3053 4099 occiduis
3078 4043 3392 4096 mortalibus
3418 4042 3580 4096 animi
3604 4050 3750 4096 tem-

2169 4147 2562 4210 peramentum,
2592 4152 2699 4206 quo
2729 4145 2783 4188 et
2813 4136 2955 4188 illam
2985 4135 3197 4188 beatam
3228 4143 3452 4187 matrem
3483 4143 3538 4187 et
3563 4134 3747 4187 aviam

2167 4231 2447 4286 Melaniam
2472 4227 2680 4283 flevisse
2705 4228 2972 4282 carnalem
3003 4225 3206 4279 obitum
3238 4225 3378 4278 unici
3405 4224 3494 4279 lilii
3535 4223 3752 4295 (Publi-

2165 4319 2340 4390 colaa),
2373 4318 2638 4373 taciturno
2665 4315 2879 4385 quidem
2901 4315 3049 4379 fletu,
3081 4329 3187 4366 non
3215 4322 3389 4368 tamen
3415 4314 3560 4368 sicco
3579 4330 3608 4367 a
3627 4331 3752 4368 ma-

2169 4410 2335 4464 ternis
2376 4408 2628 4478 lacrymis
2652 4406 2839 4460 dolore
2867 4404 3066 4458 vidisti.
3117 4403 3280 4472 Cujus
3305 4404 3524 4472 quidem
3555 4405 3756 4461 mode-

2167 4509 2278 4555 stas
2305 4507 2359 4554 et
2387 4511 2578 4566 graves
2605 4497 2866 4566 lacrymas
2887 4534 2902 4558 ,
2953 4495 3089 4548 sicut
3125 4494 3347 4563 pr0pior
3373 4494 3458 4548 vel
3486 4495 3752 4562 :equalior

2167 4591 2357 4646 animm
2383 4590 2498 4658 ejus
2525 4589 2762 4657 spiritus,
2794 4587 2952 4640 altius
2975 4585 3300 4649 intellexisti,
3331 4594 3388 4640 et
3409 4584 3660 4655 perfecta:
3693 4588 3751 4642 in

2165 4681 2381 4736 Christo
2409 4680 2616 4734 femina:
2641 4717 2656 4742 ,
2689 4679 2834 4731 salva
2867 4677 3035 4730 virilis
3073 4676 3235 4729 animi
3265 4675 3576 4731 fortitudine
3599 4717 3615 4740 ,
3649 4694 3753 4733 cor

2166 4779 2467 4826 maternum
2496 4770 2562 4824 de
2590 4769 2768 4824 cordis
2797 4769 2873 4823 tui
2901 4768 3247 4822 similitudine
3276 4769 3467 4823 melius
3490 4783 3558 4822 ex
3585 4783 3753 4838 aequo

2167 4870 2310 4916 statu
2347 4860 2740 4930 contemplatus
2768 4874 2827 4912 es
2849 4899 2864 4920 ,
2897 4866 2955 4912 ut
2977 4873 3094 4912 eam
3125 4858 3352 4927 primum
3382 4872 3480 4926 pro
3509 4858 3754 4915 naturali

2169 4950 2454 5005 affectione
2480 4957 2798 5019 permotam,
2827 4949 3018 5002 deinde
3048 4963 3208 5002 causa
3237 4947 3448 5018 potiore
3477 4963 3753 5017 compun-

2167 5051 2306 5097 ctam
2334 5040 2542 5094 flevisse
2570 5041 2940 5108 perspiceres;
2989 5054 3094 5092 non
3132 5045 3239 5091 tam
3268 5037 3395 5091 illud
3427 5039 3752 5103 humanum,

2168 5129 2312 5202 quod
2342 5129 2553 5184 unicum
2585 5129 2748 5183 filium
2778 5129 3084 5184 conditione
3111 5128 3320 5181 mortali
3351 5127 3665 5182 defunctum
3691 5126 3753 5182 in

2875 5227 2896 5254 ε
2933 5218 3060 5272 Luc.
3113 5234 3226 5280 xm,
3273 5217 3325 5270 8.
3408 5217 3424 5255 ί
3460 5218 3614 5272 Rom.
3670 5234 3753 5287 tv,

651 5291 842 5369 ξιξειιι.
895 5304 1038 5369 thv,
1082 5289 1167 5354 I5,
1211 5305 1318 5344 sec.
1368 5287 1532 5342 Psalt.
1585 5289 1738 5342 Itotn.
1815 5287 1841 5326 ¹ι
1871 5289 2011 5344 Psal.
2061 5308 2186 5358 cxu,
2221 5291 2271 5345 7.
2317 5289 2502 5345 iPsal.
2533 5305 2712 5351 cxvnt.
2738 5288 2855 5343 ltl5.
2900 5299 2914 5337 ι
2954 5289 2998 5343 ιι
3017 5287 3141 5343 Cor.
3175 5304 3286 5354 xm,
3315 5289 3369 5343 5.
3430 5289 3618 5343 IlPsal.
3649 5303 3754 5354 ιν,

488 5361 579 5414 11.
656 5357 674 5396 1
709 5358 850 5413 Psal.
880 5375 965 5421 xc,
997 5357 1049 5412 5.

560 5461 579 5479 '
618 5450 761 5505 Alias
789 5450 878 5513 Μ,
909 5465 1026 5519 qua:
1055 5459 1234 5505 autem
1258 5449 1326 5502 45
1346 5457 1480 5514 erat,
1513 5465 1654 5504 nunc
1683 5450 1732 5502 5.
1766 5449 1976 5520 Scripta
2001 5451 2209 5506 videtur
2235 5465 2376 5505 anno
2404 5448 2526 5513 408,
2555 5448 2642 5505 die
2672 5447 2738 5500 15
2764 5447 2907 5504 Maii.

557 5560 633 5630 (a)
673 5560 752 5630 Ms
803 5559 980 5630 Viam,
1006 5577 1158 5614 arena.

555 5627 630 5710 (ὁ)
671 5629 751 5710 Ita
776 5631 826 5710 in
856 5629 1125 5710 P‘sallerijs
1151 5629 1318 5710 veteri
1341 5638 1394 5683 et
1423 5627 1685 5710 Rotuauo,
1717 5627 1856 5697 apud
1885 5627 1941 5683 S.
1965 5628 2052 5710 lli-

484 5697 682 5770 larium
705 5709 756 5754 et
784 5700 840 5752 S.
872 5701 1220 5770 Augustinum
1244 5700 1294 5752 in
1316 5699 1702 5770 connucitario
1730 5700 2053 5770 superpsal-

485 5781 604 5825 mus
625 5807 642 5835 ,
673 5769 744 5824 ita
784 5778 842 5825 ut
869 5766 1077 5846 ρι’όόρη
1103 5769 1382 5826 videantur
1410 5768 1601 5836 legisse
1622 5766 1750 5841 ὅροι.
1813 5766 2055 5836 Vulgata,

2165 5562 2399 5632 speciosa
2412 5561 2618 5615 deserti.
2642 5560 2781 5632 _Vide
2807 5568 2920 5617 not.
2954 5560 3070 5616 192.

2242 5634 2313 5700 (c)
2349 5630 2437 5685 Sic
2465 5630 2805 5700 emendatum
2840 5648 2907 5685 ex
2939 5648 3034 5685 ms.
3078 5631 3264 5686 codice
3300 5631 3752 5690 Phimarconensi

2166 5708 2222 5820 ft
2240 5701 2366 5779 edit.
2397 5699 2600 5756 Bcned.
2631 5699 2916 5756 Verissime
2961 5701 3138 5757 lectio.
3189 5701 3328 5757 Ante
3365 5709 3481 5756 erat
3510 5700 3750 5756 delecta-

2187 5786 2338 5822 tonis.
