3994 6180
298 280 400 331 31ιό

1684 274 2013 330 EPISTULA
2054 274 2208 329 XLV.

3448 276 3551 332 594

294 387 538 461 priescnti
561 386 743 442 seculo
767 384 1050 449 amisisset,
1066 399 1227 454 quam
1248 382 1390 453 quod
1411 382 1797 454 propemodum
1820 383 1872 436 in
1901 388 1949 444 Α
2047 385 2099 439 4.
2140 384 2268 451 Quze
2295 400 2419 439 vero
2446 394 2568 455 post
2590 388 3036 443 resurrectionem
3065 389 3241 444 carnis
3269 389 3321 444 in
3352 388 3443 444 illo
3465 402 3551 444 se-

291 478 521 534 scculari
550 478 785 531 vanitate
812 484 1158 546 prmventum,
1187 476 1313 543 quia
1346 475 1572 529 necdum
1602 474 1750 528 illum
1778 474 1872 528 de—

289 577 536 624 seruerat
555 569 850 624 Senatoritc
869 569 1146 636 dignitatis
1169 569 1409 632 ambitio,
1442 584 1549 622 non
1569 568 1721 636 juxta
1749 583 1873 622 san-

289 671 429 716 ctam
471 669 720 715 votorum
770 675 991 715 suorum
1037 662 1315 716 avaritiam
1361 663 1621 729 cogitaret
1665 676 1872 716 assum-

290 763 423 819 tum,
456 762 515 806 ut
542 753 609 806 de
644 753 1011 807 conversionis
1038 753 1207 820 gloria
1238 753 1523 807 transisset
1552 752 1618 807 ad
1646 752 1871 820 gloriam

286 843 697 897 resurrectionis
721 884 737 907 ,
784 858 1124 898 communem
1156 858 1277 896 cum
1321 851 1491 896 matre
1519 842 1758 910 requiem
1787 857 1874 896 co-

288 948 586 1000 ronamque
615 941 871 1001 capturus
894 973 909 997 ,
961 934 1005 987 si
1036 933 1088 987 in
1118 934 1281 1001 hujus
1326 933 1493 988 seculi
1532 933 1641 987 vita
1682 932 1872 988 matris

288 1023 537 1091 exemplo
566 1037 779 1075 saccum
809 1030 965 1090 togte,
995 1029 1050 1078 et
1071 1023 1455 1079 monasterium
1477 1024 1705 1089 senatui,
1736 1038 1872 1093 prte-

293 1113 523 1168 tulisset.

356 1204 410 1258 5.
456 1203 835 1258 Verumtamen
892 1203 1032 1258 idem
1073 1205 1174 1270 vir,
1224 1212 1284 1259 ut
1324 1213 1484 1260 antea
1515 1204 1592 1276 (a)
1624 1206 1875 1263 retulisse

289 1309 373 1350 me
395 1301 525 1362 puto
546 1294 816 1348 sanctitati
838 1301 962 1360 tum,
996 1296 1077 1348 his
1098 1295 1350 1364 operibus
1378 1296 1733 1366 locupletatus
1761 1298 1877 1352 abs-

290 1390 477 1451 cessit,
534 1392 593 1438 ut
622 1395 877 1439 materna:
905 1385 1218 1440 humilitatis
1264 1386 1625 1454 nobilitatem,
1653 1387 1698 1442 si
1728 1396 1875 1443 veste

292 1496 397 1534 non
428 1480 676 1549 gesserit,
711 1485 889 1531 tamen
919 1485 1099 1530 mente
1129 1477 1455 1545 praetulerit;
1494 1476 1565 1530 ita
1595 1477 1737 1531 enim
1784 1492 1870 1531 se-

290 1573 521 1627 cundum
548 1571 766 1626 verbum
790 1569 1003 1623 Domini
1024 1568 1168 1623 mitis
1196 1569 1436 1623 moribus
1466 1568 1564 1623 fuit
1591 1577 1646 1624 et
1691 1570 1870 1625 humi-

290 1662 352 1715 lis
373 1662 539 1717 corde
570 1670 618 1723 η,
652 1670 709 1715 ut
738 1675 842 1714 non
865 1658 1134 1713 immerito
1162 1656 1413 1713 credatur
1442 1659 1692 1715 introisse
1713 1660 1764 1714 in
1794 1675 1876 1714 re-

1975 475 2096 527 culo
2121 475 2401 528 beatorum
2431 477 2605 530 futura
2626 480 2695 531 sit
2723 478 2862 532 actio
2893 479 2992 549 (g),
3023 486 3080 531 tu
3104 494 3191 533 me
3220 480 3553 547 interrogare

1974 565 2223 631 dignatus
2272 582 2350 622 es.
2400 566 2469 620 At
2515 583 2616 638 ego
2654 568 2721 623 de
2750 570 2997 638 priesenti
3017 569 3139 621 vitae
3168 584 3299 623 mea:
3326 578 3471 624 statu
3494 577 3557 625 et

1976 658 2288 724 magistrum
2316 667 2371 713 et
2397 660 2661 715 medicum
2690 662 2982 730 spiritalem
3010 660 3253 722 consulo,
3277 670 3336 714 ut
3354 660 3556 717 doceas

1976 761 2061 800 me
2090 746 2265 802 facere
2288 749 2595 805 voluntates
2616 750 2731 814 Dei,
2759 752 2862 806 tuis
2885 752 3116 819 vestigiis
3138 751 3413 806 ambulare
3431 759 3556 821 post

1973 835 2264 901 Christum,
2300 847 2355 893 et
2384 841 2455 911 (Ii)
2493 850 2667 895 morte
2696 843 2795 895 ista
2826 841 3129 909 evangelica
3160 842 3309 911 prius
3359 841 3552 902 emori,

1973 938 2078 992 qua
2134 928 2403 981 carnalem
2460 930 2843 984 resolutionem
2871 932 3168 986 voluntario
3200 930 3555 1001 prmvenimus

1974 1031 2200 1071 excessu
2230 1036 2240 1069 :
2277 1036 2381 1073 non
2414 1020 2582 1085 obitu,
2617 1022 2711 1076 sed
2736 1024 2999 1078 sententia
3028 1024 3340 1078 recedentes
3366 1024 3432 1077 ab
3453 1023 3557 1076 hu-

1969 1104 2061 1173 jus
2110 1109 2276 1162 seculi
2307 1111 2435 1177 vita,
2467 1127 2584 1181 quae
2630 1120 2739 1166 tota
2776 1115 3124 1168 tentationum
3149 1115 3327 1182 plena,
3359 1112 3461 1177 vel,
3495 1118 3555 1166 ut

1978 1204 2034 1248 tu
2062 1197 2346 1265 aliquando
2377 1200 2443 1253 ad
2472 1217 2556 1255 me
2586 1201 2793 1256 locutus
2816 1218 2895 1269 es,
2930 1211 3039 1256 tota
3072 1204 3294 1257 tcntatio
3325 1211 3423 1257 est.
3446 1199 3554 1256 Uti-

1975 1302 2099 1342 nam
2129 1303 2257 1358 ergo
2285 1290 2363 1345 sic
2390 1290 2685 1358 dirigantur
2711 1294 2811 1347 viae
2839 1308 2970 1347 mete
3015 1302 3136 1362 post
3183 1294 3403 1361 vestigia
3440 1300 3553 1356 tua,

1976 1387 2036 1433 ut
2056 1381 2303 1450 exemplo
2333 1390 2425 1436 tuo
2445 1384 2659 1438 solvens
2679 1384 3102 1439 calceamentum
3133 1393 3286 1438 vetus
3310 1384 3376 1437 de
3402 1383 3553 1452 pedi-

1974 1469 2075 1525 bus
2102 1470 2124 1502 '
2145 1472 2296 1538 meis,
2325 1472 2650 1543 disrumpam
2686 1475 2894 1529 vincula
2925 1490 3063 1539 mea,
3096 1482 3150 1528 et
3189 1475 3321 1528 liber
3374 1473 3555 1528 exsul-

1977 1568 2085 1615 tem
2107 1561 2173 1615 ad
2196 1563 2509 1617 currendam
2532 1564 2703 1628 viam;
2730 1579 2837 1632 quo
2868 1565 3067 1634 possim
3090 1565 3302 1634 assequi
3328 1574 3556 1618 mortem

1978 1649 2157 1715 istam,
2186 1666 2290 1721 qua
2321 1660 2379 1706 tu
2408 1662 2649 1708 mortuus
2679 1669 2737 1708 es
2784 1654 2909 1709 huic
2952 1655 3155 1720 seculo,
3187 1662 3244 1707 ut
3271 1655 3421 1708 vivas
3447 1654 3557 1708 Deo

292 1754 465 1821 quiem
482 1752 710 1813 Domini,
733 1749 988 1814 Quoniam
1002 1758 1119 1802 sunt
1134 1750 1363 1820 reliquie:
1380 1752 1573 1804 homini
1586 1743 1873 1820 paciﬁcob,
1907 1746 1951 1807 Β
1980 1742 2033 1793 in
2061 1740 2275 1796 Christo
2294 1743 2508 1797 vivente
2532 1744 2581 1796 in
2608 1752 2679 1807 te,
2706 1743 2857 1811 cujus
2878 1752 2931 1797 et
2956 1760 3101 1798 mors
3129 1752 3183 1797 et
3211 1745 3314 1797 vita
3353 1744 3406 1797 in
3434 1758 3557 1796 cor-

294 1851 338 1895 et
360 1844 614 1894 mansueti
644 1841 973 1910 possidebunt
1001 1847 1193 1892 terram
1227 1851 1271 1904 ε,
1298 1841 1556 1909 plorentes
1584 1839 1692 1893 Deo
1720 1842 1773 1893 in
1797 1856 1877 1894 re-

291 1932 436 2000 gione
456 1933 678 1984 vii-orum
696 1927 720 1967 ἀ
734 1970 747 1982 .
768 1930 899 1983 Nam
921 1936 1067 1983 certe
1082 1936 1136 1982 et
1159 1929 1286 1982 illud
1311 1929 1552 1998 Apostoli
1578 1945 1685 1983 non
1707 1930 1879 1985 solum

291 2020 448 2073 tacito
481 2020 676 2073 mentis
721 2017 935 2083 alfectu,
967 2018 1061 2072 sed
1082 2026 1136 2071 et
1160 2019 1465 2087 conspicuis
1486 2019 1561 2084 (ὁ)
1595 2019 1879 2087 religiosus

291 2108 529 2177 implevit
556 2107 765 2173 ofliciis,
798 2115 855 2163 ut
874 2123 997 2162 cum
1022 2116 1163 2163 esset
1186 2109 1417 2163 altorum
1448 2110 1608 2178 hujus
1636 2112 1801 2165 seculi
1827 2112 1879 2165 in

292 2198 476 2251 ordine
494 2206 547 2252 et
562 2198 767 2251 honore
788 2198 1125 2265 collega,non
1149 2207 1328 2253 tamen
1350 2208 1408 2253 ut
1422 2200 1684 2267 gloriosus
1698 2209 1877 2272 teme,

292 2287 393 2340 alta
414 2295 690 2355 saperete,
713 2288 804 2341 sed
818 2287 1082 2342 uthristi
1112 2287 1379 2356 perfectus
1402 2290 1641 2343 imitator
1673 2290 1881 2345 humili-

293 2376 387 2428 bus
416 2377 765 2438 consentiret,
798 2384 853 2429 et
880 2384 993 2429 tota
1018 2376 1177 2430 etiam
1200 2376 1284 2432 die
1313 2378 1553 2433 misereri
1572 2387 1626 2433 et
1648 2395 1882 2434 commo-

294 2465 415 2518 dare
445 2465 762 2533 persisteret
781 2462 822 2517 τ.
842 2463 993 2519 Unde
1017 2474 1071 2519 et
1089 2482 1261 2520 semen
1296 2468 1457 2537 266
1485 2467 1596 2537 ejus
1619 2477 1798 2539 potens
1824 2471 1880 2523 in

296 2567 427 2609 terra
461 2566 486 2604 ε
522 2556 719 2611 factum
746 2568 850 2619 est,
877 2557 1015 2611 inter
1042 2572 1138 2612 eos
1159 2559 1249 2626 qui
1280 2558 1352 2628 (ε)
1403 2559 1476 2611 dii
1521 2562 1679 2629 fortes
1727 2568 1880 2615 terra:

296 2648 505 2699 nimium
525 2648 709 2700 elevati
736 2656 856 2700 sunt
882 2644 909 2682 ιι
936 2664 948 2699 :
982 2655 1040 2701 ut
1060 2648 1221 2703 etiam
1244 2648 1309 2703 de
1330 2649 1641 2703 beatissima
1665 2648 1878 2703 familia:

296 2751 357 2791 ac
384 2737 576 2790 domus
604 2737 722 2804 ejus
752 2737 1059 2791 visitatione
1090 2748 1332 2792 sanctum
1363 2739 1598 2793 hominis
1627 2740 1878 2794 meritum

296 2827 581 2880 reveletur.
634 2826 932 2893 Generatio,
984 2828 1174 2897 inquit,
1224 2838 1478 2883 rectorum
1506 2829 1872 2884 benedicetur.

296 2917 461 2986 gloria
503 2934 610 2971 non
641 2918 871 2984 caduca;
903 2927 951 2972 et
983 2920 1172 2973 divitia:
1200 2935 1307 2973 non
1336 2920 1576 2976 labentes
1627 2922 1680 2975 in
1728 2930 1878 2977 domo

296 3009 435 3077 ejus;
467 3010 545 3076 (ά)
576 3011 739 3065 domo
769 3026 886 3081 qum
907 3012 1200 3067 aediﬁcatur
1229 3012 1281 3066 in
1320 3014 1489 3078 caelis,
1539 3032 1646 3070 non
1697 3018 1879 3072 labore

1982 1845 2115 1899 pore
2137 1840 2249 1897 tuo,
2274 1840 2328 1886 et
2367 1833 2550 1900 corde,
2582 1842 2637 1887 et
2666 1848 2759 1887 ore
2786 1835 3157 1901 cognoscitur;
3185 1835 3309 1902 quia
3338 1849 3445 1887 non
3475 1848 3557 1887 sa~

1981 1919 2060 1989 pit
2107 1934 2201 1973 cor
2248 1928 2396 1974 tuum
2447 1928 2681 1987 terrena,
2732 1938 2830 1977 nec
2869 1939 2930 1977 os
2957 1931 3104 1976 tuum
3133 1923 3369 1991 loquitur
3396 1937 3557 1991 opera

1980 2010 2287 2076 hominum;
2337 2012 2433 2067 sed
2485 2014 2705 2067 verbum
2754 2013 2951 2068 Christi
2999 2014 3234 2067 abundat
3263 2014 3315 2067 in
3343 2021 3558 2082 pectore

1981 2111 2075 2157 tuo
2113 2102 2152 2168 ί,
2177 2113 2231 2158 et
2251 2103 2480 2175 Spiritus
2508 2108 2745 2161 veritatis
2769 2106 3055 2160 ellunditur
3077 2107 3131 2160 in
3153 2107 3329 2173 lingua
3356 2113 3445 2159 tua
3467 2121 3559 2161 su-

1982 2195 2133 2263 perni
2164 2192 2393 2249 ﬂuminis
2416 2196 2618 2265 impetu
2648 2197 2919 2251 ltetilicans
2939 2197 3211 2251 civitatem
3242 2196 3336 2250 Dei
3360 2198 3405 2249 i.

2053 2284 2104 2339 ὅ.
2146 2284 2273 2352 Quae
2294 2295 2472 2342 autem
2500 2288 2670 2342 virtus
2690 2289 2829 2343 hanc
2859 2290 2908 2343 in
2941 2289 3094 2343 nobis
3122 2289 3283 2343 eﬂicit
3307 2297 3558 2355 mortem,

1982 2376 2082 2431 nisi
2102 2376 2300 2431 caritas
2328 2393 2446 2447 quze
2468 2380 2618 2449 fortis
2647 2388 2722 2433 est
2748 2389 2803 2431 ut
2831 2396 2969 2434 mors
3003 2377 3070 2433 l‘?
3099 2380 3255 2449 267
3286 2378 3375 2433 Sic
3417 2378 3559 2433 enim

1981 2469 2234 2524 obliterat
2281 2470 2435 2525 nobis
2489 2478 2543 2525 et
2590 2472 2807 2541 perimit
2832 2472 2935 2525 hoc
2974 2470 3233 2537 seculum,
3266 2478 3323 2524 ut
3345 2470 3560 2539 impleat

1982 2559 2172 2613 mortis
2200 2560 2447 2615 effectum
2477 2577 2572 2631 per
2601 2561 2849 2615 allectum
2874 2559 3091 2626 Christi,
3117 2560 3170 2614 in
3216 2574 3376 2628 quem
3425 2575 3559 2614 con-

1981 2650 2143 2715 versi,
2174 2652 2464 2705 avertimur
2484 2653 2550 2706 ab
2580 2652 2682 2706 hoc
2702 2651 2924 2716 mundo,
2966 2660 3019 2706 et
3041 2652 3124 2706 cui
3156 2652 3414 2714 viventes,
3446 2666 3561 2704 mo-

1980 2740 2149 2794 rimur
2202 2742 2269 2795 ab
2298 2742 2581 2797 elementis
2626 2742 2784 2810 hujus
2810 2741 3014 2796 mundi.
3040 2742 3148 2797 Nec
3178 2751 3449 2811 tamquam
3477 2741 3561 2795 vi-

1982 2838 2169 2885 ventes
2206 2832 2259 2885 in
2289 2846 2477 2886 eorum
2524 2840 2815 2900 conspectu
2848 2832 2909 2899 (ἱ)
2946 2832 3167 2897 visuque
3198 2831 3262 2901 tji
3307 2831 3555 2885 decerni-

1981 2934 2101 2972 mus
2132 2916 2149 2955 ι
2174 2935 2188 2984 ;
2212 2919 2334 2986 quia
2364 2919 2542 2988 portio
2573 2927 2756 2973 nostra
2786 2934 2932 2973 mors
2960 2918 3156 2973 Christi
3186 2927 3285 2983 est,
3340 2917 3490 2987 cujus
3528 2933 3562 2973 a

1982 3010 2207 3066 mortuis
2227 3012 2676 3066 resurrectionem
2701 3026 2807 3065 non
2825 3011 3269 3081 apprehendimus
3295 3011 3347 3064 in
3367 3010 3558 3078 gloria,

296 3116 569 3163 manuum,
600 3100 694 3154 sed
724 3117 945 3170 operum
968 3104 1272 3157 sanctitate.
1298 3103 1401 3158 Sed
1432 3121 1587 3159 cesso
1624 3107 1774 3175 plura
1813 3108 1878 3163 de
1907 3110 1951 3172 C
1982 3103 2083 3159 nisi
2133 3111 2363 3157 mortem
2410 3104 2565 3170 hujus
2594 3102 2647 3155 in
2697 3118 2854 3157 cruce
2882 3101 3215 3157 mortiﬁcatis
3237 3101 3488 3156 membris
3508 3108 3564 3156 et
3600 3148 3605 3151 .

298 3190 556 3243 memoria
582 3200 687 3243 tam
717 3191 893 3245 dilecti
927 3193 1056 3245 mihi
1080 3207 1237 3260 quam
1265 3194 1445 3248 devoti
1473 3194 1687 3252 Christo
1716 3198 1885 3252 homi-

298 3280 380 3333 nis
411 3295 687 3345 enarrare,
719 3298 839 3336 cum
869 3289 924 3335 et
954 3283 1191 3351 pristinis
1219 3284 1409 3339 litteris
1436 3301 1542 3340 non
1573 3303 1743 3355 pauca
1789 3305 1881 3342 su-

296 3386 393 3439 per
436 3386 505 3425 eo
561 3388 811 3427 narrasse
858 3389 945 3427 me
982 3382 1229 3444 reputem
1258 3375 1299 3441 ⁸,
1349 3384 1403 3431 et
1431 3378 1561 3431 nihil
1594 3380 1794 3449 possim
1818 3382 1885 3435 de

296 3462 453 3515 beata
484 3461 643 3528 hujus
672 3462 765 3516 lilii
794 3471 988 3532 matre,
1031 3473 1087 3519 et
1115 3473 1423 3520 sanctorum
1456 3470 1527 3536 (e)
1558 3471 1674 3539 pari
1704 3471 1884 3526 radice

297 3568 596 3620 ramorum,
626 3553 855 3609 Melanio
887 3556 980 3625 (V.
1006 3565 1120 3611 not.
1153 3557 1277 3623 158)
1311 3560 1501 3613 melius
1528 3569 1619 3614 aut
1648 3563 1885 3616 sanctius

297 3642 615 3710 praidicare,
646 3659 806 3712 quam
836 3648 1094 3701 sanctitas
1126 3656 1211 3701 tua
1245 3649 1294 3702 in
1318 3665 1436 3703 eam
1469 3650 1664 3719 profari
1695 3661 1748 3706 ct
1772 3654 1883 3707 dis-

296 3741 491 3801 putare
533 3734 749 3802 dignata
798 3743 910 3800 est;
945 3746 1002 3789 ut
1028 3737 1151 3804 quia
1190 3753 1291 3807 ego
1338 3749 1588 3809 peccator
1614 3740 1884 3796 immunda

297 3824 438 3879 labia
462 3826 686 3890 habens,
713 3827 841 3881 nihil
870 3827 1087 3896 dignum
1121 3830 1265 3897 loqui
1297 3839 1599 3899 potueram,
1653 3841 1712 3887 ut
1762 3834 1882 3889 lon-

296 3916 535 3983 ginquus
562 3931 591 3969 a
613 3918 817 3972 meritis
838 3916 961 3972 ﬁdei
985 3918 1120 3987 ejus,
1153 3921 1450 3989 animmque
1494 3925 1804 3989 virtutibus;
1830 3935 1885 3980 tu

297 4005 389 4059 ille
410 4006 494 4059 vir
522 4005 742 4072 Christi,
769 4008 961 4063 doctor
982 4011 1048 4080 (ί)
1080 4009 1243 4065 lsracl
1275 4011 1327 4064 in
1354 4011 1592 4067 Ecclesia
1619 4015 1882 4084 veritatis,

295 4105 629 4163 procurante
684 4098 736 4150 in
789 4099 979 4153 melius
1036 4101 1127 4154 Dei
1158 4103 1347 4167 gratia,
1380 4104 1650 4171 pararcris
1678 4105 1888 4174 dignior

294 4191 410 4238 tam
430 4185 604 4239 virilis
631 4186 682 4239 in
711 4186 924 4242 Christo
953 4191 1143 4243 animm
1173 4192 1513 4261 prtcdicator,
1538 4195 1625 4263 qui
1656 4204 1710 4249 ct
1738 4212 1888 4251 men-

295 4285 410 4330 tem
441 4276 563 4344 ejus
579 4276 756 4331 divina
780 4280 976 4334 virtute
1005 4280 1285 4346 firmatam,
1310 4293 1367 4337 ut
1388 4284 1517 4347 dixi,
1544 4287 1732 4355 spiritu
1762 4304 1888 4358 pro-

292 4367 456 4434 piore
478 4368 839 4437 conspiceres,
893 4379 950 4424 et
993 4373 1211 4427 mixtam
1242 4390 1362 4428 cum
1392 4377 1588 4431 virtute
1631 4379 1885 4448 pietatem

292 4458 524 4526 eloquio
552 4458 797 4528 digniore
825 4461 1090 4517 laudares.

366 4579 395 4607 η
430 4569 628 4624 Matth.
665 4587 735 4631 χι,
765 4571 851 4625 29.

932 4572 958 4646 ξ’
990 4573 1126 4646 Psal.
1160 4594 1350 4646 xxxvi,
1394 4580 1484 4635 57.

288 4639 361 4693 26
386 4658 401 4699 :
441 4639 569 4694 Psal
596 4656 701 4701 cx1.
729 4641 781 4694 5.

862 4642 1050 4715 βᾼΡεειΙ.
1072 4662 1180 4715 exi,
1212 4648 1264 4700 2.
1339 4642 1373 4686 ἰι
1397 4649 1534 4704 Psal.
1563 4669 1701 4715 XLVI,
1729 4653 1815 4709 10.

363 4821 453 4892 (α)
480 4817 560 4875 Ita
588 4837 688 4876 ms.
713 4822 1174 4880 Phimarconensis
1201 4829 1371 4883 codex
1410 4837 1463 4883 et
1502 4831 1630 4886 edit.
1685 4832 1883 4889 Bened.

288 4892 471 4957 Alias,
506 4894 658 4945 retuli
680 4910 744 4946 ex
771 4904 884 4947 voto
907 4898 1198 4952 sanctitatis
1229 4908 1346 4953 tuae.

348 4961 724 5083 liiggiiieedit.
746 4963 947 5018 Bened.
972 4964 1068 5020 Ed.
1096 4965 1280 5031 Rosv.,
1312 4969 1587 5041 religiosis.
1614 4969 1885 5036 Sacchin.,

286 5048 679 5223 ζέιὲἷῖἔξῖἀὶω
706 5117 808 5156 vox
838 5103 911 5156 dii
934 5118 1001 5158 ex
1027 5104 1156 5159 edit.
1209 5107 1410 5163 Bened.
1444 5125 1562 5164 cum
1594 5125 1721 5164 mss.
1764 5110 1885 5165 cod.

286 5178 527 5225 collata.

363 5241 456 5307 (ά)
494 5236 570 5293 Ita
593 5239 720 5294 edit.
755 5240 952 5297 Bened.
980 5243 1117 5299 Ante
1139 5256 1253 5300 erat
1278 5247 1477 5301 domus.

362 5316 442 5375 (et
480 5308 641 5363 Juxta
673 5327 775 5364 ms.
808 5314 1049 5368 codicem
1108 5314 1612 5373 Phimarconensem
1661 5327 1714 5373 et
1758 5319 1886 5373 edit.

284 5378 515 5434 Bened.
529 5382 932 5453 einemlavinius
951 5386 1086 5451 pari.
1110 5385 1243 5440 Vera
1268 5388 1445 5453 lectio,
1468 5404 1586 5443 cuin
1609 5397 1731 5442 ante
1753 5398 1895 5443 esset

286 5460 472 5524 patre.
523 5448 643 5524 Sic"
663 5449 917 5524 Paulinus
945 5448 1129 5524 noster
1156 5457 1310 5524 epist.
1344 5457 1412 5509 32
1434 5448 1503 5510 ad
1534 5456 1810 5521 Severum,
1836 5475 1889 5511 n.

290 5517 384 5584 Π,
421 5535 557 5595 pars
601 5517 877 5595 Ceremia;
906 5532 962 5577 et
984 5523 1140 5595 epist.
1176 5517 1242 5577 l8
1270 5527 1335 5579 ad
1365 5526 1694 5595 Victi-icium,
1728 5517 1806 5580 η(
1834 5526 1887 5591 5,

285 5605 428 5663 pare
468 5587 774 5663 liasdzasio,
806 5601 852 5642 et
875 5601 923 5644 te
951 5587 1217 5648 amborum
1247 5596 1511 5663 magistro.

366 5666 381 5720 (
393 5662 456 5728 fi
481 5655 606 5728 llmc
627 5674 732 5712 vox
755 5660 951 5715 inserta
971 5678 1039 5717 ex
1058 5664 1293 5721 editione
1313 5655 1509 5721 Bened.
1535 5665 1623 5722 Sic
1642 5665 1892 5724 Paulinus

286 5726 401 5799 epJ
425 5727 504 5779 50
533 5726 598 5779 ad
625 5728 864 5791 Angust.,
891 5748 945 5783 n.
977 5731 1031 5784 2.

597 5820 867 5879 ΡΑτιιοι..
918 5823 1059 5884 LXI

1982 3194 2227 3250 sensibus
2273 3193 2447 3247 carnis
2485 3194 2753 3247 imitemur
2776 3204 2843 3259 m;
2893 3192 3087 3269 ut'jam
3120 3209 3223 3247 non
3255 3201 3435 3247 nostra
3466 3208 3559 3247 vo-

1983 3286 2186 3340 luntate
2210 3285 2469 3351 vivamus,
2497 3285 2590 3339 sed
2614 3284 2753 3338 illius
2774 3284 2923 3354 cujus
2946 3284 3191 3340 voluntas
3213 3282 3563 3339 sanctificatio

1983 3386 2166 3432 nostra
2218 3386 2321 3442 est,
2379 3385 2434 3431 et
2474 3377 2564 3449 qui
2588 3377 2709 3431 ideo
2728 3393 2826 3446 pro
2852 3377 3004 3431 nobis
3024 3383 3268 3430 mortuus
3295 3384 3376 3429 est
3397 3384 3450 3429 et
3478 3390 3565 3429 re.

1984 3470 2234 3535 surrexit,
2268 3478 2325 3521 ut
2347 3468 2460 3536 jam
2492 3484 2597 3522 non
2622 3469 2797 3531 nobis,
2828 3466 2922 3521 sed
2953 3467 3028 3520 illi
3059 3468 3317 3529 vivamus,
3349 3466 3438 3534 qui
3468 3482 3564 3534 pro

1986 3561 2139 3613 nobis
2162 3568 2400 3612 mortuus
2423 3565 2505 3612 est
2527 3566 2579 3612 et
2607 3558 2922 3623 resurrexit,
2945 3566 2999 3610 et
3024 3556 3169 3609 dedit
3197 3554 3350 3609 nobis
3378 3555 3565 3623 pignus

1984 3650 2415 3721 repromissionis
2443 3665 2550 3703 sua:
2572 3648 2775 3719 Spiritu
2802 3663 2919 3710 suo,
2946 3648 3084 3700 sicut
3111 3648 3300 3715 pignus
3320 3646 3442 3699 vitae
3462 3660 3564 3698 no-

1985 3752 2108 3798 stra:
2137 3743 2311 3812 posuit
2342 3742 2393 3794 in
2417 3740 2567 3794 caelis
2596 3740 2648 3792 in
2672 3754 2900 3807 corpore
2927 3753 3046 3802 suo,
3078 3737 3220 3806 quod
3248 3745 3331 3792 est
3356 3747 3517 3806 caput
3543 3738 3565 3769 ⁸

1986 3832 2227 3903 corporis
2248 3830 2436 3885 nostri.
2468 3828 2619 3884 Unde
2647 3845 2787 3883 nunc
2810 3830 3143 3898 exspectatio
3168 3838 3350 3883 nostra
3381 3829 3566 3883 Domi-

1988 3939 2085 3976 nus
2107 3930 2188 3976 est
2213 3930 2261 3984 η,
2286 3928 2340 3975 et
2366 3919 2663 3975 substantia
2693 3933 2809 3987 qum
2830 3919 2896 3972 ab
2926 3918 3040 3987 ipso
3070 3918 3207 3973 facta
3230 3927 3306 3972 est
3332 3919 3473 3988 apud
3495 3919 3567 3989 ip-

1988 4028 2125 4075 sum,
2149 4020 2203 4064 et
2224 4011 2274 4063 in
2306 4009 2442 4078 ipso,
2467 4017 2522 4063 et
2546 4022 2642 4078 per
2670 4007 2861 4077 ipsum,
2887 4003 2962 4075 (Ιί)
2992 4006 3083 4075 qui
3105 4006 3467 4063 conformatus
3487 4017 3570 4063 est

1988 4100 2200 4169 corpori
2229 4099 2544 4152 humilitatis
2587 4107 2808 4164 nostra},
2843 4106 2899 4151 ut
2929 4112 3027 4151 nos
3053 4096 3415 4152 conformaret
3442 4114 3567 4154 cor-

1989 4190 2107 4260 pori
2135 4190 2317 4257 gloria:
2344 4204 2470 4251 suae,
2503 4196 2557 4242 et
2578 4203 2761 4243 secum
2786 4189 2838 4242 in
2867 4188 3172 4243 cmlestibus
3200 4189 3490 4244 collocaret
3519 4197 3567 4243 ο.

1991 4280 2281 4351 Propterea
2304 4288 2357 4334 et
2384 4281 2472 4348 qui
2504 4280 2649 4349 digni
2680 4279 2877 4333 fuerint
2899 4281 3001 4333 vita
3028 4288 3252 4349 :eterna,
3306 4288 3463 4334 erunt
3514 4281 3567 4335 in

1990 4375 2158 4443 gloria
2203 4374 2351 4441 regni
2381 4372 2517 4441 ejus,
2569 4380 2627 4425 ut
2666 4388 2785 4425 cuni
2836 4371 2952 4440 ipso
2972 4371 3100 4435 sint,
3124 4372 3261 4425 sicut
3282 4372 3569 4441 Apostolus

1920 4468 1963 4523 Ι)
1989 4471 2084 4536 ait,
2114 4478 2167 4523 ct
2190 4484 2311 4523 cum
2342 4467 2456 4536 ipso
2478 4472 2748 4527 maneant,
2780 4465 2916 4517 sicut
2956 4473 3010 4517 et
3040 4464 3153 4531 ipse
3205 4463 3462 4519 Dominus
3499 4466 3567 4519 ad

1563 4592 1586 4619 ο
1611 4583 1798 4638 Matth.
1854 4603 1903 4651 ν,
1934 4588 1984 4638 ιι.
2062 4583 2089 4621 ἀ
2121 4583 2259 4638 Psal.
2291 4599 2429 4647 cxw,
2454 4583 2506 4637 9.

290 4653 361 4693 ’ΖΟ
386 4658 401 4699 ;
441 4653 569 4694 rsat
596 4656 701 4701 cx1,
729 4653 781 4694 ξ).
862 4654 887 4689 8
914 4653 1050 4698 I'sal.
1077 4662 1180 4711 cxi,
1212 4653 1264 4700 2.
1351 4653 1373 4686 ιι
1398 4653 1534 4704 Psal.
1563 4669 1701 4715 XLVI,
1729 4653 1815 4709 10.

290 4710 467 4764 LXX.
550 4708 569 4748 ι
604 4710 721 4767 Col.
754 4727 807 4778 ιι,
840 4712 928 4767 20.
1003 4724 1041 4751 ω
1070 4714 1089 4767 1
1119 4717 1303 4773 Thess.
1336 4737 1417 4783 iv,
1445 4722 1495 4774 '5.
1572 4730 1599 4759 ιι
1628 4721 1765 4778 Psal.
1799 4742 1880 4779 xx:

1992 4656 2061 4709 ul.
2094 4672 2168 4719 m,
2198 4653 2280 4706 16.

1987 4743 2029 4791 l,
2076 4725 2128 4778 8.
2208 4725 2278 4778 o|

2587 4592 2609 4620 e
2640 4582 2797 4636 Rom.
2852 4596 2951 4642 xu,
2998 4577 3084 4631 16.
3167 4576 3352 4633 ῖΡεειΙ.
3384 4596 3566 4648 xxxvi,

2364 4652 2375 4702 i
2430 4652 2570 4707 Psal.
2619 4669 2759 4714 xcv,
2813 4649 2862 4703 5.
2944 4648 2965 4686 κ
2997 4649 3151 4704 Cant.
3192 4665 3299 4713 vni,
3355 4650 3405 4714 6,
3453 4667 3564 4707 sec,

2208 4733 2231 4760 ο
2261 4725 2278 4778 |
2308 4723 2494 4778 Thess.
2530 4740 2597 4786 iv,
2627 4722 2713 4775 16.

2066 4838 2139 4905 (gl
2164 4835 2528 4903 Expunximus
2555 4848 2763 4905 vocem,
2795 4842 2992 4905 nostra,
3024 4846 3141 4905 qua:
3171 4832 3357 4887 aberat
3404 4850 3434 4887 a
3464 4850 3563 4890 ms.

1993 4902 2176 4961 codice
2206 4902 2649 4975 Phimarconensi
2672 4913 2725 4956 et
2753 4903 2879 4975 edit.
2913 4902 3133 4965 Bened.,
3153 4912 3205 4956 et
3226 4917 3345 4971 quae
3373 4919 3566 4975 perpe-

1994 4992 2106 5029 ram
2134 4975 2427 5029 addebatur
2456 4974 2507 5026 in
2529 4974 2762 5027 editione
2791 4971 2951 5025 Rosv.

2066 5046 2140 5112 (Ii)
2183 5046 2271 5099 Sic
2318 5060 2415 5097 ms.
2471 5044 2639 5097 codex
2686 5043 2947 5096 Phimarc.
2973 5053 3027 5097 et
3048 5043 3173 5095 edit.
3204 5043 3400 5097 Benedt
3431 5042 3570 5100 Vide

1995 5129 2144 5183 seqq.
2182 5114 2279 5168 Ed.
2309 5114 2496 5180 Rosv.,
2527 5122 2739 5166 mortem
2770 5112 2921 5166 istan;
2950 5113 3312 5183 evangelicum.
3382 5176 3387 5181 η

2068 5186 2129 5254 (i)
2160 5184 2255 5254 Ms.
2288 5183 2579 5254 Phimarc.,
2610 5199 2819 5254 usuque.

2070 5251 2134 5323 (jl
2168 5253 2345 5308 Editio
2368 5253 2555 5315 Rosv.,
2585 5251 2921 5317 decernimur,
2967 5251 3123 5307 male.
3157 5251 3571 5308 Emendavimus

1996 5338 2062 5377 ex
2091 5323 2220 5377 edit.
2254 5323 2449 5377 Bened.
2480 5324 2816 5387 decernimus,
2835 5331 2889 5375 et
2909 5323 2987 5376 sic
3008 5323 3287 5390 legendum
3306 5339 3320 5387 ;
3340 5323 3568 5385 respici-

1998 5403 2082 5446 tur
2121 5394 2261 5446 enim
2293 5393 2440 5447 locus
2468 5393 2534 5447 ad
2562 5391 2766 5462 coloss.
2798 5409 2853 5450 ιι.
2886 5408 2937 5445 v.
2986 5391 3055 5446 20
3085 5410 3098 5445 :
3146 5392 3205 5446 Si
3234 5409 3355 5462 ergo
3384 5394 3571 5445 mortui

1995 5464 2115 5515 estis
2145 5478 2257 5516 cum
2282 5463 2479 5516 Christo
2502 5461 2564 5535 ab
2592 5461 2851 5535 elementis
2876 5462 3024 5535 hujus
3048 5463 3242 5535 mandi,
3261 5461 3382 5531 quid
3404 5462 3570 5513 adhuc

1998 5541 2255 5601 tamquam
2282 5535 2497 5586 viventes
2525 5534 2577 5585 in
2602 5532 2791 5601 mundo
2814 5532 3083 5586 decernitis
3102 5532 3127 5584 ?

2071 5599 2144 5667 (κ)
2177 5600 2252 5654 lta
2281 5602 2406 5656 edit.
2434 5602 2630 5657 Bened.
2657 5610 2711 5655 et
2732 5599 2984 5655 l’aulinus
3013 5602 3167 5669 epist.
3203 5600 3286 5663 Η,
3312 5616 3365 5654 n.
3399 5599 3451 5653 2.
3504 5599 3572 5652 At

1998 5669 2127 5723 edit.
2156 5669 2339 5735 Rosv.,
2364 5674 2446 5742 qui
2468 5674 2818 5742 conformatus
2848 5682 2922 5725 est
2947 5671 3146 5738 corpori
3168 5670 3348 5739 gloriie
3368 5686 3494 5735 suat,
3516 5678 3571 5723 ut

1999 5755 2189 5806 secum,
2219 5747 2320 5796 etc.

3186 5832 3253 5890 13
