3988 6176
450 331 557 384 395

1576 328 1629 381 S.
1676 324 1945 379 PAULINI
1988 323 2234 377 NOLANI
2278 320 2576 373 EPISCOPI
3602 318 3689 372 596

452 443 663 497 Patrem
700 443 872 497 dixit:
949 442 1076 495 Volo
1125 448 1179 491 ut
1228 439 1311 491 ubi
1369 454 1460 507 ego
1510 455 1643 503 sum,
1702 446 1748 488 et
1796 437 1872 488 illi
1921 436 2023 487 sint
2054 441 2098 496 Α
2130 449 2262 487 voce
2284 440 2541 502 perpetua
2564 428 2909 483 concinentes
2931 427 3149 481 dicant:
3199 424 3446 488 Sanctus,
3486 442 3691 493 sanctus,

449 552 643 588 mecum
678 544 725 587 η.

518 646 568 699 6.
599 647 725 701 Sine
746 647 908 701 dubio
938 647 1039 700 hoc
1055 645 1183 699 illud
1204 652 1304 711 est,
1329 644 1471 712 quod
1496 644 1547 696 in
1578 640 1805 696 Psalmis
1827 641 2024 694 habes:

452 734 595 788 Beati
625 736 709 803 qui
737 734 968 787 habitant
993 736 1045 787 in
1074 734 1226 787 domo
1271 742 1376 796 tua,
1435 734 1487 785 in
1528 732 1702 784 secula
1744 730 2030 783 seculorum

449 825 733 879 laudabunt
763 836 809 879 te
839 825 884 879 δ.
913 824 1048 878 Ριιιο
1077 832 1255 877 autem
1287 822 1424 876 hanc
1471 821 1828 874 laudationem
1880 818 2028 873 voci-

449 918 547 971 bus
576 918 968 973 concinentium
991 930 1109 970 esse
1131 913 1514 984 premendam;
1540 912 1641 966 etsi
1670 911 2028 965 immutabun-

451 1016 538 1060 tur
565 1016 871 1061 sanctorum
899 1004 1289 1073 resurgentium
1314 1018 1562 1072 corpora,
1595 1010 1653 1055 ut
1680 1002 1785 1054 sint
1813 1000 1951 1054 sicut
1979 1006 2034 1052 et

449 1097 661 1152 Domini
683 1114 877 1168 corpus
898 1106 1023 1167 post
1051 1096 1501 1151 resurrectionem
1525 1093 1792 1163 apparuit,
1818 1092 1871 1145 in
1923 1106 2032 1160 quo

450 1190 634 1258 utique
662 1189 1072 1244 resurrectionis
1099 1188 1347 1242 humana:
1375 1186 1493 1239 viva
1520 1186 1694 1252 imago
1742 1182 2029 1253 praefulsit;

450 1286 511 1331 ut
531 1278 786 1331 Dominus
813 1278 1056 1346 ipse,qui
1078 1278 1130 1330 in
1153 1291 1382 1345 corpore
1413 1276 1547 1344 ipso,
1574 1289 1681 1343 quo
1713 1288 1899 1343 passus
1921 1271 2033 1325 fue-

454 1378 537 1421 rat
577 1377 630 1422 et
658 1376 1050 1433 resurrexerat,
1081 1367 1232 1435 quasi
1262 1366 1536 1436 speculum
1566 1361 2035 1431 contemplationis

451 1460 697 1514 omnibus
725 1458 899 1514 fuerit.
927 1460 1027 1525 Qui
1056 1460 1242 1526 utique
1264 1474 1385 1513 cum
1415 1459 1468 1511 in
1499 1455 1688 1511 eadem
1718 1469 1900 1516 carne,
1929 1468 2032 1523 qua

450 1560 695 1605 mortuus
741 1558 795 1604 et
842 1552 1084 1620 sepultus
1139 1551 1333 1614 fuerat,
1365 1548 1760 1611 resurrexisset,
1795 1545 2034 1601 omnium

451 1643 628 1696 omnia
660 1642 834 1697 officia
856 1645 874 1674 ⁷
899 1643 1262 1696 membrorum
1291 1656 1545 1710 expressa
1595 1640 1763 1694 oculis
1792 1649 1845 1692 et
1892 1638 2036 1691 auri-

451 1738 550 1789 bus
592 1736 866 1789 hominum
922 1750 1063 1803 sepe
1115 1734 1192 1803 (a)
1246 1734 1441 1787 collata
1498 1731 1757 1786 exhibuit.
1806 1729 1960 1795 Quod
1989 1729 2034 1783 si

2132 534 2341 579 sanctus
2392 522 2647 575 Dominus
2696 518 2831 573 Deus
2891 517 3124 573 Sabaoth
3160 515 3201 582 τ,
3246 526 3301 571 et
3345 517 3539 585 reliqua
3586 535 3690 588 qua:

2133 614 2293 669 nosti.

2203 727 2253 779 7.
2287 725 2401 781 lloc
2422 734 2502 780 est
2524 738 2650 791 ergo
2665 708 2824 792 ‘quod
2869 736 3071 790 egenus
3100 729 3157 775 et
3177 735 3379 791 pauper
3398 737 3494 790 ego
3523 722 3604 777 ille
3623 724 3696 777 in-

2132 818 2332 887 sipiens
2353 823 2408 870 et
2436 814 2691 886 parvulus
2723 822 2864 877 tuus,
2892 827 3052 881 quem
3075 820 3134 865 ut
3161 827 3320 865 verus
3347 813 3553 881 sapiens
3576 814 3698 869 ferre

2132 906 2426 973 consuesti,
2451 919 2582 972 rogo
2613 912 2671 958 ut
2697 918 2783 957 me
2804 903 3086 957 scientiam
3113 902 3195 954 vel
3226 902 3528 971 opinionem
3552 919 3698 972 super

2133 998 2233 1053 hac
2262 1007 2406 1051 tuam
2437 997 2654 1062 doceas,
2697 995 2822 1063 quia
2866 994 2981 1048 scio
3032 1000 3083 1047 te
3130 992 3483 1047 illuminatum
3527 995 3701 1063 spiritu

2134 1089 2476 1144 revelationis
2505 1087 2572 1141 ab
2602 1087 2718 1155 ipso
2737 1086 2875 1140 duce
2900 1094 2955 1139 et
2984 1082 3130 1138 fonte
3152 1084 3499 1153 sapientium,
3531 1092 3585 1138 ut
3606 1086 3700 1139 sic-

2136 1190 2197 1235 ut
2221 1180 2493 1251 przeterita
2515 1177 2837 1246 cognovisti,
2871 1185 2924 1231 et
2965 1177 3248 1246 prmsentia
3276 1175 3445 1244 vides,
3464 1174 3535 1229 ita
3556 1178 3703 1231 etiam

2135 1268 2204 1324 de
2231 1268 2422 1323 futuris
2442 1268 2673 1321 :estimes
2707 1268 2748 1297 ¹³
2788 1265 2916 1334 quid
2946 1280 3171 1320 censeas
3198 1266 3266 1320 de
3292 1266 3376 1320 his
3424 1267 3703 1321 caelestium

2135 1369 2525 1424 creaturarum,
2552 1360 2637 1413 vel
2664 1360 2827 1413 etiam
2857 1374 3018 1427 super
3046 1359 3213 1413 coalos
3244 1359 3297 1413 in
3321 1368 3605 1428 conspectu
3624 1360 3705 1412 Al-

2136 1453 2327 1509 tissimi
2350 1452 2645 1519 agentium,
2667 1451 2889 1504 vocibus
2910 1450 3271 1518 sempiternis,
3298 1451 3489 1519 quibus
3509 1449 3704 1504 tandem

2138 1543 2355 1611 organis
2406 1541 2796 1610 exprimantur.
2842 1537 3095 1604 Quamvis
3143 1540 3284 1593 enim
3314 1539 3615 1608 Apostolus
3636 1538 3708 1593 di-

2138 1633 2330 1699 cendo,
2353 1633 2411 1686 Si
2442 1632 2631 1702 linguis
2652 1630 2955 1701 angelorum
2982 1630 3164 1701 loquar
3187 1640 3233 1693 κ,
3251 1631 3524 1700 proprium
3539 1645 3709 1699 quem-

2138 1724 2257 1777 dam
2290 1724 2410 1777 illos
2438 1738 2547 1776 sua:
2579 1729 2803 1782 natume,
2833 1721 2940 1788 vel,
2974 1730 3031 1774 ut
3054 1724 3125 1775 ita
3148 1722 3397 1787 dixerim,
3426 1723 3593 1791 gentis
3621 1722 3706 1774 ha-

448 1828 611 1880 etiam
642 1827 836 1893 angeli,
865 1841 1093 1893 quorum
1123 1824 1437 1892 simpliciter
1480 1822 1732 1892 spiritalis
1761 1831 1843 1876 est
1880 1836 2033 1874 crea-
2070 1803 2110 1860 Β
2140 1814 2267 1868 bere
2322 1827 2626 1867 sermonem
2673 1810 2994 1877 ostenderit,
3025 1819 3176 1866 tanto
3206 1812 3455 1865 humanis
3483 1812 3710 1866 sensibus

446 1926 588 1983 tura,
614 1918 819 1986 linguas
849 1919 1048 1973 habere
1071 1917 1338 1982 dicuntur,
1387 1916 1580 1984 quibus
1617 1916 1801 1982 utique
1847 1912 2034 1967 laudes

458 2005 686 2061 Domino
711 2008 945 2061 creatori
970 2015 1208 2071 cantant,
1241 2015 1297 2060 et
1325 2006 1525 2074 gratias
1555 2006 1758 2061 referre
1805 2020 1912 2059 non
1940 2003 2037 2058 de-

450 2096 669 2161 sinunt,
728 2105 931 2164 quanto
982 2097 1152 2165 magis
1194 2096 1494 2160 hominum,
1520 2096 1621 2149 etsi
1643 2094 1903 2164 spiritalia
1928 2093 2037 2162 jam

450 2196 575 2255 post
596 2188 1042 2241 resurrectionem
1073 2202 1319 2256 corpora,
1352 2186 1691 2241 manentibus
1720 2195 1897 2241 tamen
1926 2186 2038 2253 glo-

452 2278 669 2332 rilicata:
691 2279 868 2333 carnis
890 2279 1137 2333 omnibus
1163 2278 1440 2346 membris,
1471 2286 1525 2333 et
1544 2292 1641 2346 per
1670 2278 1851 2332 omnia
1879 2292 2041 2331 mem-

454 2367 547 2420 bra
578 2366 763 2421 formis
809 2376 864 2421 et
911 2368 1146 2421 numeris
1201 2368 1330 2431 suis,
1362 2376 1416 2422 et
1444 2368 1654 2434 linguas
1683 2366 1957 2423 habebunt
1986 2365 2039 2419 in

454 2458 639 2510 oribus
661 2458 789 2519 suis,
823 2465 879 2511 et
920 2458 1113 2525 linguis
1141 2457 1423 2513 elfantibus
1451 2458 1654 2512 dabunt
1681 2472 1863 2521 voces,
1919 2457 2035 2527 qui;

455 2548 551 2600 bus
580 2546 787 2600 divinas
815 2546 1020 2611 laudes,
1050 2548 1133 2602 vel
1162 2564 1417 2602 sensuum
1443 2562 1665 2602 suorum
1694 2546 2040 2615 gaudiorum-

455 2651 559 2703 que
576 2636 797 2689 affectus
820 2638 980 2706 2.33
1005 2652 1099 2705 per
1122 2639 1281 2691 verba
1304 2636 1659 2706 depromant?
1688 2635 1849 2690 Forte
1877 2636 2043 2689 etiam

456 2727 557 2780 hoc
586 2726 769 2793 gratiae
795 2727 1087 2795 glorimque
1120 2732 1138 2757 ⁸
1177 2729 1491 2797 apposituro
1542 2728 1741 2782 sanctis
1780 2728 1890 2781 suis
1933 2727 2041 2781 Do-

455 2815 623 2883 mino,
648 2815 699 2868 in
726 2817 920 2871 seculis
949 2817 1099 2885 regni
1123 2817 1224 2881 sui,
1258 2827 1317 2870 ut
1346 2825 1497 2872 tanto
1521 2817 1821 2887 potioribus
1848 2816 2044 2884 linguis

453 2917 507 2961 et
530 2907 748 2961 vocibus
774 2916 987 2974 canant,
1011 2917 1210 2977 quanto
1238 2910 1303 2963 ad
1328 2910 1626 2964 beatiorem
1656 2920 1903 2964 naturam
1924 2925 2043 2964 cor-

455 3014 641 3067 porum
664 2998 819 3053 beata
843 2999 1214 3055 immutatione
1254 3005 1273 3033 θ
1302 3000 1661 3071 profecerint,
1693 3010 1751 3055 ut
1776 3002 1827 3054 in
1850 3016 2044 3070 corpo-

455 3088 601 3142 ribus
626 3088 737 3156 jam
765 3089 1095 3159 spiritalibus
1150 3092 1448 3156 constituti,
1494 3091 1605 3160 jam
1656 3090 1879 3145 forsitan
1934 3107 2042 3145 non

455 3176 723 3243 humanis,
748 3178 842 3233 sed
872 3179 975 3233 illis
1004 3180 1257 3247 angelicis
1277 3190 1439 3249 atque
1466 3180 1794 3246 coelestibus,
1852 3182 2040 3251 quales
2067 3161 2111 3221 (ἶ

458 3269 745 3336 ApOstolus
766 3269 968 3322 audivit
996 3270 1046 3322 in
1074 3270 1350 3337 paradiso,
1394 3272 1732 3325 sermonibus
1784 3272 2042 3339 eloquan-

458 3373 542 3414 tur
569 3373 610 3411 ο.
644 3359 710 3411 Ει
743 3358 816 3430 (b)
850 3361 969 3415 ideo
1004 3362 1044 3392 ¹⁰
1083 3362 1307 3415 forsitan
1354 3363 1557 3417 homini
1599 3362 1895 3418 ineffabiles
1948 3379 2043 3419 eos

458 3466 735 3505 sermones
762 3452 923 3506 fuisse
953 3460 1178 3506 testatus
1204 3462 1303 3516 est,
1329 3453 1452 3521 quia
1494 3454 1710 3518 sanctis,
1744 3455 1884 3509 inter
1911 3454 2043 3508 alias

458 3542 797 3608 praemiorum
828 3543 1054 3612 species,
1079 3543 1189 3612 jam
1214 3560 1365 3598 nova:
1393 3544 1583 3613 lingua:
1612 3554 1885 3614 parantur.
1914 3544 2045 3611 Qui-

459 3636 556 3687 bus
584 3633 785 3688 idcirco
817 3635 1121 3690 hominibus
1145 3636 1302 3703 hujus
1328 3636 1495 3691 seculi
1522 3636 1697 3690 adhuc
1742 3636 1819 3689 uti
1850 3638 1889 3666 “
1923 3650 2031 3689 non

462 3726 601 3791 licet,
632 3734 690 3778 ut
704 3725 814 3794 jam
840 3726 920 3780 his
940 3726 1121 3793 glorim
1142 3742 1248 3781 suae
1269 3726 1687 3795 congruentibus
1717 3726 2047 3781 immortales

463 3817 765 3885 loquantur,
802 3815 870 3869 de
898 3817 1092 3885 quibus
1120 3817 1319 3872 dictum
1350 3825 1433 3872 est
1459 3834 1475 3871 :
1507 3816 1716 3871 Etenim
1746 3816 2046 3870 clamabunt

462 3918 510 3959 et
540 3907 779 3976 hymnum
808 3907 977 3961 dicent
1007 3906 1033 3944 ά
1066 3925 1076 3960 :
1111 3908 1463 3977 proculdubio
1512 3909 1564 3961 in
1595 3908 1921 3970 cmlestibus,
1955 3907 2047 3962 ubi

463 4013 585 4050 cum
632 3996 859 4052 Domino
901 4005 1077 4060 erunt,
1129 4004 1184 4050 et
1208 3997 1596 4049 delectabantur
1620 3999 1675 4051 in
1723 3998 2047 4050 abundantia

464 4090 605 4157 pacis
634 4089 673 4118 ι’
707 4098 754 4153 ε,
803 4086 1095 4154 gaudentes
1134 4086 1184 4138 in
1216 4094 1509 4155 conspectu
1538 4086 1738 4153 throni,
1771 4090 2046 4143 mittentes

465 4185 591 4230 ante
636 4177 799 4246 pedes
848 4175 984 4243 Agni
1014 4183 1227 4243 pateras
1251 4184 1305 4229 et
1352 4191 1602 4239 coronas,
1630 4188 1684 4231 et
1713 4188 1967 4233 canentes
1996 4180 2045 4233 ei

466 4272 733 4326 canticum
764 4285 979 4334 novum,
1010 4269 1281 4338 aggregati
1302 4270 1482 4325 choris
1503 4271 1836 4339 angelorum,
1876 4273 2045 4327 virtu-

468 4372 601 4424 tum,
635 4360 1081 4425 dominationum,
1116 4360 1430 4414 thronorum
1448 4403 1462 4428 ,
1491 4371 1550 4415 ut
1577 4370 1630 4415 et
1658 4362 1755 4431 ipsi
1786 4378 1905 4417 cum
1928 4364 2050 4418 che-

470 4452 642 4505 rubim
674 4460 834 4520 atque
856 4451 1145 4521 serapbim,
1176 4459 1231 4505 et
1259 4459 1489 4520 quatuor
1516 4452 1618 4507 illis
1638 4454 1954 4511 animalibus
1971 4456 2045 4525 (ε)

547 4626 572 4653 τι
600 4616 792 4673 Johan.
827 4636 951 4683 xm,
991 4619 1079 4674 Ἡ.

1156 4618 1183 4658 ιτ
1215 4619 1353 4675 Psal.
1386 4636 1581 4674 Lxxxm
1606 4662 1619 4684 ,
1653 4619 1702 4673 5.

473 4704 554 4756 vt,
589 4688 642 4741 5.

722 4688 949 4744 BlCor.
983 4706 1110 4755 xui,
1144 4690 1191 4742 Ι.

548 4821 628 4891 (a)
653 4820 750 4891 Ms.
774 4820 1036 4891 Phimarc.
1063 4828 1116 4891 et
1138 4819 1262 4891 edit.
1295 4820 1512 4880 Bened.,
1535 4823 1769 4874 collatus.

547 4890 621 4959 (ὁ)
652 4890 727 4944 lta
779 4890 906 4944 edit.
940 4890 1139 4943 Bened.
1186 4890 1377 4943 Deerat
1397 4891 1589 4943 homini
1620 4892 1671 4943 in
1702 4893 1829 4944 edit.
1866 4892 2050 4958 Rosv.,

476 4965 529 5018 in
556 4976 669 5031 qua
688 4959 809 5031 inde
838 4975 936 5029 pro
961 4961 1098 5013 ideo.

545 5028 613 5101 (ἐι
647 5028 956 5083 Addidimus
975 5044 1039 5083 ex
1061 5028 1187 5083 edit.
1218 5028 1413 5083 Bened.
1464 5046 1581 5083 rore
1606 5040 1847 5099 perpetua
1878 5034 2051 5085 conci-

474 5111 671 5158 nentes.

550 5170 739 5243 (d)ASic
757 5168 1100 5243 emcndamus
1129 5183 1317 5243 erms.
1346 5167 1784 5225 Phimarconensi
1816 5180 1869 5225 et
1916 5171 2047 5225 edit.

480 5240 677 5296 Bened.
707 5240 845 5293 Ante
872 5246 987 5292 erat
1013 5240 1067 5291 in
1096 5240 1255 5293 caelis.

552 5316 626 5377 (e)
669 5310 745 5363 Ex
776 5308 1212 5363 Phimarconensi
1242 5308 1430 5364 codice
1469 5310 1617 5365 locus
1642 5319 1937 5366 correctus.
1961 5309 2051 5365 Sic

478 5383 606 5437 edit.
631 5378 827 5452 Bened.
856 5379 993 5452 Ante
1022 5386 1136 5432 erat
1164 5381 1282 5447 quia
1311 5381 1365 5431 in
1392 5380 1486 5452 hoc
1508 5381 1733 5434 membro
1770 5382 1823 5435 in
1850 5398 1950 5452 quo
1980 5388 2053 5433 est

476 5455 612 5507 vocis
642 5450 879 5520 ofﬁcium,
914 5446 1047 5501 Deus
1079 5446 1420 5523 posSit_etiant
1441 5451 1493 5501 in
1518 5468 1730 5520 corpore
1758 5446 2055 5523 angelorum

480 5539 656 5573 creare
684 5534 961 5581 sermones,
994 5528 1041 5571 et
1062 5535 1207 5571 voces
1238 5520 1466 5589 linguam
1490 5522 1740 5574 vocaverit
1760 5562 1772 5585 ,
1800 5520 2056 5576 mendose

482 5592 721 5644 omnino.
756 5590 885 5642 Vide
916 5603 1030 5657 quae
1059 5598 1446 5657 prmcesserunt
1484 5606 1536 5643 n.
1571 5590 1621 5643 6.

558 5662 624 5729 (ί)
654 5659 719 5730 ld
737 5667 836 5730 est,
863 5661 980 5730 fecit
1004 5660 1262 5729 festinatio
1289 5662 1544 5713 exactoris
1568 5670 1624 5712 ut
1652 5660 1846 5713 scheda
1875 5659 2056 5728 potius

485 5727 657 5781 litui-is
677 5729 845 5781 obsita
864 5727 941 5783 sit
968 5727 1126 5797 quam
1156 5730 1399 5796 epistola.
1433 5730 1569 5782 Edit.
1592 5730 1810 5792 Bened.,
1839 5727 2053 5797 nimiam

486 5797 864 5865 festinationem
893 5796 1079 5853 scheda
1106 5802 1222 5870 fecit
1248 5818 1263 5853 :
1304 5801 1445 5854 nullo
1474 5816 1650 5855 sensa.
1696 5800 1894 5854 Auctor
1924 5796 2063 5851 Gal-‘

1786 4632 1805 4658 ε
1837 4620 1876 4674 Il
1906 4621 2032 4677 Cor.
2068 4640 2168 4690 xu,
2202 4625 2252 4677 ιι.

2138 1910 2193 1956 et
2220 1901 2444 1969 eloquiis
2471 1900 2736 1965 altiorem,
2765 1908 2967 1968 quanto
2996 1900 3109 1969 ipsa
3139 1900 3453 1968 angelorum
3484 1908 3710 1954 creatura

2140 2000 2196 2047 et
2215 1994 2373 2047 statio
2392 1992 2707 2046 mortalibus
2728 1992 2804 2061 (d)
2828 1992 3017 2045 incolis
3038 2000 3091 2044 et
3113 1992 3345 2045 terrenis
3368 1992 3574 2045 sedibus
3592 2005 3712 2059 pra:-

2140 2091 2246 2137 stat
2280 2101 2291 2134 :
2322 2090 2560 2137 attamen
2590 2083 2813 2136 forsitan
2837 2082 3042 2149 lingvas
3071 2082 3389 2148 angelorum
3413 2098 3508 2151 pro
3525 2081 3713 2149 generi-

2143 2176 2240 2229 bus
2262 2189 2453 2228 vocum
2478 2181 2641 2242 atque
2670 2188 2979 2228 sermonum
3009 2173 3227 2240 dixerit,
3256 2174 3399 2229 sicut
3418 2182 3471 2227 et
3489 2173 3553 2227 de
3598 2174 3712 2227 cha-

2142 2265 2421 2318 rismatum
2452 2264 2718 2317 varietate
2747 2263 3033 2327 disserens,
3062 2264 3201 2317 inter
3231 2262 3382 2317 dona
3436 2264 3710 2332 gratiarum

2144 2362 2391 2408 numerat
2416 2366 2614 2421 genera
2636 2354 2966 2422 linguarum,
3002 2357 3185 2422 utique
3213 2355 3325 2409 hoc
3347 2354 3400 2408 in
3421 2354 3568 2422 signo
3611 2368 3717 2406 esse

2143 2441 2470 2510 significans,
2498 2443 2640 2513 quod
2670 2444 2958 2498 multarum
3010 2445 3248 2512 gentium
3302 2459 3547 2499 sermone
3588 2441 3716 2510 loqui

2142 2534 2365 2601 singulis
2386 2534 2695 2588 donaretur.
2722 2534 2829 2589 Sed
2852 2543 2907 2588 et
2928 2550 3031 2589 vox
3076 2534 3169 2589 Dei
3216 2550 3367 2604 stupe
3411 2534 3477 2588 ad
3520 2542 3717 2588 sanctos

2144 2625 2337 2679 emissa
2358 2624 2424 2678 de
2450 2625 2609 2687 nube,
2661 2624 2897 2679 ostendit
2933 2640 3091 2695 posse
3130 2625 3409 2693 loquelam
3455 2640 3569 2680 esse
3616 2625 3717 2679 sine

2146 2716 2346 2783 lingua.
2377 2715 2655 2784 Siquidem
2685 2716 2863 2783 lingua
2892 2717 3137 2786 corporis
3176 2715 3483 2771 membrum
3531 2716 3595 2769 sit
3634 2730 3719 2783 pu-

2145 2810 2323 2865 sillum
2349 2810 2509 2881 269
2536 2818 2591 2864 et
2620 2825 2890 2878 magnum.
2916 2810 3021 2865 Sed
3075 2812 3213 2864 forte
3241 2826 3318 2865 ex
3348 2811 3449 2866 hoc
3500 2812 3627 2879 ipso,
3654 2808 3717 2876 (e)

2145 2904 2270 2971 quia
2296 2905 2348 2956 in
2373 2906 2475 2958 hoc
2501 2904 2747 2958 membro
2760 2904 2908 2958 vocis
2926 2901 3164 2958 ofﬁcium
3187 2904 3339 2959 Deus
3360 2904 3554 2975 posuit,
3573 2904 3717 2957 etiam

2148 2995 2481 3064 incorporem
2513 2995 2826 3063 angelorum
2858 3002 3120 3049 creaturae
3147 3010 3437 3050 sermones
3488 3002 3540 3049 et
3579 3007 3721 3046 voces

2148 3085 2382 3153 linguam
2409 3086 2705 3149 vocaverit,
2729 3086 2865 3140 sicut
2887 3084 3164 3154 Scriptura
3198 3086 3409 3141 assolet
3463 3084 3567 3138 Deo
3602 3096 3722 3149 quo-

2143 3192 2266 3246 que,
2300 3176 2593 3232 secundum
2622 3178 2829 3245 species
2876 3177 3274 3245 operationum,
3335 3178 3549 3231 nomina
3598 3172 3719 3227 assio

2144 3280 2309 3334 gnare
2333 3266 2719 3321 membrorum.
2752 3266 2855 3320 Ora
2879 3284 2976 3338 pro
3006 3268 3181 3331 nobis,
3215 3275 3271 3321 et
3299 3267 3437 3323 doce
3467 3282 3581 3321 nos.

2214 3358 2266 3411 8.
2294 3357 2479 3412 Frater
2501 3366 2685 3413 noster
2714 3360 3023 3413 carissimus
3052 3368 3108 3413 et
3132 3359 3481 3414 dulcissimus
3509 3357 3717 3424 Quintus

2144 3467 2304 3520 quam
2332 3450 2482 3505 tarde
2512 3451 2578 3504 ad
2608 3466 2707 3505 nos
2730 3459 2935 3505 remeat
2962 3466 2993 3504 a
3023 3451 3195 3515 vobis,
3230 3459 3351 3506 tam
3378 3452 3485 3505 cito
3529 3466 3559 3504 a
3587 3447 3726 3503 nobis

2146 3540 2213 3595 ad
2234 3557 2331 3596 vos
2352 3541 2534 3595 redire
2565 3540 2783 3595 festinat
2814 3560 2825 3594 :
2860 3542 3173 3596 instantiam
3204 3557 3345 3597 vero
3375 3543 3489 3611 ejus
3516 3542 3566 3595 in
3592 3540 3724 3593 litte-

2145 3634 2219 3688 ris
2241 3633 2519 3703 exigendis
2547 3642 2602 3688 et
2632 3633 2745 3689 hinc
2780 3634 2824 3664 ¹⁸
2851 3634 3079 3703 epistola
3103 3634 3278 3688 lituris
3318 3650 3482 3704 quam
3506 3631 3729 3688 versibus

2146 3727 2386 3781 crebrior
2408 3727 2643 3795 loquitur
2674 3744 2685 3778 :
2729 3726 3136 3781 commemorati
3167 3729 3448 3782 exactoris
3484 3728 3551 3797 (ί)
3580 3723 3729 3778 nimia

2145 3814 2419 3870 festinatio
2447 3817 2701 3871 schedam
2731 3816 2875 3871 fecit.
2904 3816 3036 3871 Nam
3068 3816 3238 3886 pridie
3259 3816 3387 3873 idus
3408 3815 3574 3871 Maias
3600 3812 3731 3871 venit

2147 3906 2214 3961 ad
2243 3922 2340 3961 nos
2371 3914 2427 3961 ut
2462 3908 2721 3977 rescripta
2763 3914 2991 3977 peteret,
3024 3916 3079 3962 et
3134 3906 3315 3962 idibus
3358 3916 3484 3963 ante
3536 3912 3727 3962 sextam

2148 3996 2343 4050 dimitti
2388 3996 2637 4051 obtinuit.
2668 3998 2857 4052 Videte
2880 4012 3010 4067 ergo
3036 4006 3214 4052 utrum
3244 4014 3371 4053 eum
3394 3995 3729 4054 commenda-

2148 4089 2318 4143 verim
2363 4089 2447 4143 vel
2479 4090 2843 4144 accusaverim
2876 4089 3182 4159 bujusmodi
3213 4090 3548 4145 testimonio.
3581 4087 3731 4141 Forte

2150 4180 2314 4245 enim,
2343 4181 2450 4235 imo
2480 4182 2594 4235 sine
2622 4182 2784 4236 dubio
2814 4181 3097 4237 laudabilis
3126 4182 3299 4249 magis
3323 4197 3488 4250 quam
3512 4176 3733 4249 culpabi-

2149 4271 2214 4326 lis
2238 4270 2586 4340 iudicabitur,
2617 4272 2709 4340 qui
2739 4288 2769 4325 a
2794 4272 3051 4339 tenebris,
3083 4271 3229 4341 quod
3256 4273 3312 4327 in
3340 4269 3734 4342 comparatione

2148 4363 2314 4417 vestri
2341 4364 2552 4418 luminis
2580 4379 2781 4429 sumus,
2801 4362 3094 4432 iustissime
3114 4362 3458 4419 refestinavit
3478 4362 3547 4418 ad
3570 4361 3733 4416 lucem

2152 4473 2323 4512 suam.

2331 4625 2355 4661 ά
2389 4625 2526 4680 Psal.
2563 4642 2717 4688 wa,
2760 4623 2845 4677 14.
2927 4634 2949 4661 ο
2983 4623 3123 4679 Psal.
3158 4638 3340 4691 xxxvr,
3377 4624 3463 4677 11.
3549 4622 3566 4659 ί
3601 4620 3734 4674 Psal.

2160 4826 2276 4880 licm
2297 4827 2559 4898 versionis
2587 4826 2936 4898 epistolarum
2967 4825 3022 4898 S.
3051 4824 3331 4898 Augustini
3378 4842 3479 4898 pro
3499 4826 3738 4898 schedam

2160 4897 2530 4964 reponendum
2558 4896 2880 4951 existimavit
2905 4896 3168 4949 schedium
3214 4896 3409 4951 contra
3441 4896 3600 4951 ﬁdem
3630 4911 3740 4949 om-

2159 4966 2304 5018 nium
2357 4967 2637 5028 codicum;
2668 4966 2762 5020 sed
2800 4981 3102 5034 perperam.
3148 4965 3246 5019 Hic
3292 4968 3441 5020 enim
3488 4966 3742 5035 accipitur

2157 5036 2345 5088 sc/teda
2374 5052 2473 5105 pro
2511 5037 2696 5091 charta
2727 5051 2821 5089 seu
2844 5036 3023 5089 libello
3056 5045 3500 5104 extemporaneo,
3532 5052 3636 5089 non
3657 5050 3739 5105 sa:

2156 5107 2224 5157 tis
2246 5103 2502 5175 expolito,
2550 5105 2847 5174 cujusmodi
2876 5114 3001 5160 sunt
3039 5121 3172 5174 quas
3194 5103 3470 5175 tamquam
3494 5103 3739 5175 relecturi

2156 5173 2483 5243 reponimus.
2526 5173 2660 5229 Vide
2689 5175 2908 5241 Quintil.
2934 5177 2968 5229 l.
3001 5192 3035 5241 ι,
3056 5173 3202 5244 ίοειρ.
3231 5173 3408 5239 18,ἐι
3448 5175 3673 5228 Martial.
3699 5173 3736 5225 l.

2156 5260 2224 5316 iv.
2256 5246 2365 5300 Nec
2385 5246 2743 5316 admittendus
2764 5254 3014 5316 putamus
3033 5246 3287 5316 quasdam
3316 5246 3462 5316 illius
3492 5246 3742 5316 interpre-

2159 5315 2225 5367 tis
2239 5317 2606 5384 correctiones
2636 5316 2702 5369 ad
2726 5311 2783 5370 SI
2817 5315 3024 5369 Paulini
3050 5311 3211 5384 epist.
3254 5332 3329 5378 ιιι,
3359 5315 3412 5379 2,
3443 5315 3486 5380 1,
3519 5330 3589 5379 'v,
3613 5312 3663 5377 2,
3687 5311 3738 5375 5,

2158 5383 2285 5438 etS.
2320 5386 2596 5454 Augustini
2628 5402 2713 5454 ep.
2747 5384 2832 5450 9|,
2860 5402 2913 5439 ιι.
2935 5385 2984 5449 5,
3005 5383 3125 5439 cum
3149 5386 3230 5438 his
3260 5387 3311 5438 in
3344 5386 3480 5438 locis
3508 5385 3737 5452 optimus

2159 5454 2408 5511 editionis
2437 5464 2633 5509 nostra:
2659 5457 2728 5508 sit
2751 5471 2957 5517 sensus,
2988 5457 3079 5524 qui
3126 5455 3370 5509 codicum
3422 5454 3738 5524 auctoritate

2163 5523 2394 5580 fulcitur.
2424 5525 2689 5579 Praeterea
2722 5524 2863 5593 quod
2886 5526 2951 5579 ad
2995 5522 3348 5593 praenotatqu
3390 5522 3632 5593 epistolae
3680 5534 3731 5593 ιιι

2164 5542 2394 5580 ιιιιριιιιι.
2428 5542 2689 5579 t’twterca
2761 5542 2863 5579 uoa
2886 5542 2951 5579 au
2995 5542 3348 5593 praenmatum
3390 5542 3632 5592 epistola:
3680 5542 3731 5572 ιιι

2164 5594 2336 5667 locum
2386 5604 2623 5667 spectat,
2670 5542 2771 5648 viil.
2798 5596 2980 5667 epist.
3020 5594 3107 5667 29.
3161 5611 3214 5647 n.
3270 5594 3318 5654 7,
3356 5594 3445 5646 ubi
3473 5588 3733 5667 consimili

2160 5659 2432 5783 locutione
2477 5666 2541 5721 dc
2590 5659 3149 5720 lacuaria—sacerdote
3200 5678 3362 5733 agens
3411 5664 3575 5716 utitur
3601 5659 3733 5712 Pau-

2182 5748 2315 5783 "HIS.

2182 5748 2315 5786 IDUS.
