3988 6176
259 375 322 430 97

259 381 322 430 97

225 381 255 433 5
539 466 902 525 EPISTULA
930 465 1078 522 XCV
1109 463 1252 537 (AL.
1297 461 1476 529 CCL).

434 577 712 617 AUGUSTINI
751 577 818 614 AD
857 572 1118 612 PAULINUI
1159 571 1227 608 ΕΤ
1260 569 1581 607 THERASIAM.

227 635 524 706 Augustinus
553 631 803 700 superiori
833 624 1403 706 epistolterespondeas
1433 625 1542 693 agit
1571 624 1633 704 de
1663 638 1800 706 pra:-

283 692 441 758 simtis
464 704 580 756 vitae
601 692 758 763 statu,
784 715 875 752 nec
905 714 1007 751 non
1047 696 1110 748 de
1137 692 1386 766 qualitate
1414 692 1645 762 corporis
1676 692 1800 766 bea-

206 789 211 814 'v
289 785 472 837 torum,
522 772 680 841 deque
710 767 1053 823 membrorum
1099 763 1281 834 ofﬁciis
1323 771 1437 834 post
1465 763 1801 816 resurrectio-

209 845 217 887 l
287 860 426 897 nem.

208 941 214 972 τ
289 929 460 997 (Hanc
487 927 770 997 epistolam
796 927 974 995 legere
1001 933 1084 980 est
1112 931 1259 980 tome
1289 921 1523 990 XXXIII,
1545 921 1650 977 col.
1678 921 1803 986 551,

225 1009 414 1054 nostra:
447 998 811 1066 Patrologim.)

707 1084 1040 1140 EPISTOLA
1080 1086 1095 1106 ⁶
1134 1083 1314 1138 XLVI.

223 1180 374 1252 275
403 1178 541 1233 Petit
567 1179 742 1252 doceri
769 1177 1233 1252 Grmcasl_itterasa
1262 1173 1479 1252 Ru/ﬁno.
1512 1172 1726 1252 Fatetur
1749 1189 1802 1226 se

285 1244 383 1304 ἱιοῖι
407 1258 541 1301 recte
554 1249 863 1301 Clementem
892 1248 1121 1300 vertisse.
1161 1244 1400 1298 Postulat
1428 1244 1800 1312 expositionmn

287 1320 524 1373 versiculi
556 1319 613 1370 Η
650 1319 834 1381 capitis
865 1332 988 1370 XLIX
1012 1314 1285 1369 Geneseos.

285 1411 551 1466 PADLINUS
580 1411 820 1464 Rurrrno
847 1408 998 1462 fratri
1021 1408 1271 1462 salutem.

292 1502 447 1556 LVel
460 1503 649 1554 breves
663 1501 815 1554 nobis
830 1499 897 1552 ab
911 1497 1258 1552 unanimitate
1282 1503 1369 1548 tua
1382 1495 1590 1555 litteras,
1611 1508 1804 1560 magno

227 1592 500 1658 refrigerio
523 1600 664 1656 sunt,
690 1590 844 1644 sicuti
869 1590 920 1642 in
937 1587 1158 1656 penuria
1177 1585 1458 1640 ﬁuviorum
1482 1584 1806 1652 agersiticns

225 1667 350 1738 rore
372 1690 677 1746 recreatur;
711 1681 849 1735 unde
866 1679 1092 1734 retectos
1119 1692 1219 1731 nos
1241 1676 1484 1746 quamvis
1502 1675 1651 1729 brevi
1693 1674 1805 1742 epi-

224 1774 353 1827 stola
374 1782 487 1838 tua,
513 1779 747 1824 attamen
770 1778 880 1836 tua,
905 1784 1002 1838 per
1027 1783 1252 1838 puerum
1273 1766 1636 1821 communium
1659 1764 1797 1817 ﬁlio-

226 1877 334 1914 rum
358 1860 620 1913 fatemur:
653 1858 742 1913 sed
773 1867 947 1912 tamen
977 1873 1161 1911 rursus
1190 1854 1431 1920 allectus,
1460 1854 1584 1923 quia
1611 1855 1798 1908 etiam-

228 1969 345 2008 num
373 1968 515 2006 nunc
545 1967 642 2005 vos
671 1951 725 2005 in
753 1959 887 2007 :Bstu
921 1945 1327 2011 sollicitudinis,
1369 1954 1425 2001 et
1454 1946 1659 2000 incerto
1690 1961 1808 2000 mo-

231 2061 423 2109 rarum,
458 2044 683 2097 Romam
713 2043 821 2112 peti
844 2041 1142 2111 judieastis.
1175 2039 1277 2094 Det
1309 2039 1466 2094 nobis
1490 2037 1745 2092 Dominus
1776 2052 1805 2091 a

232 2135 451 2188 Domino
478 2133 735 2187 laetiﬁcari
765 2132 1162 2202 quamprimum
1212 2131 1279 2185 de
1308 2137 1434 2185 actu
1473 2137 1685 2192 nostro,
1749 2135 1809 2181 ut

232 2225 359 2278 sicut
388 2224 562 2277 anxiis
577 2224 954 2292 compatimur,
983 2223 1055 2276 ita
1077 2220 1508 2288 congaudeamus
1527 2219 1808 2283 hilaritati,

234 2322 281 2366 et
307 2315 626 2382 incipiamus
675 2323 850 2368 tamen
880 2329 1100 2383 sperare
1129 2314 1361 2366 lructum
1390 2311 1685 2381 prmsentiae
1716 2324 1810 2364 ve-

232 2413 364 2469 strm,
388 2406 433 2459 si
461 2420 559 2460 vos
587 2406 720 2459 certi
750 2419 869 2459 esse
915 2404 981 2459 de
1009 2413 1189 2459 vestra
1228 2403 1517 2466 sententia,
1566 2401 1652 2455 vel
1698 2399 1809 2455 Do-

236 2496 357 2549 mini
375 2495 518 2550 circa
549 2511 646 2550 vos
666 2495 882 2564 placito,
914 2495 1204 2563 coeperitis.

297 2584 351 2638 2.
389 2584 552 2649 Sane,
586 2585 732 2654 quod
760 2586 1051 2640 admonere
1079 2585 1315 2653 dignaris
1345 2583 1538 2639 atlectu
1568 2584 1679 2647 illo,
1703 2597 1810 2652 quo

231 2692 325 2731 nos
347 2678 484 2732 sicut
513 2685 567 2731 te
597 2676 792 2745 diligis,
819 2685 878 2730 ut
905 2677 1137 2731 studium
1167 2676 1221 2730 in
1250 2675 1465 2730 Grzccas
1495 2676 1698 2730 litteras
1725 2684 1810 2728 at-

232 2771 424 2824 tentius
469 2785 702 2837 sumam,
735 2769 966 2823 libenter
1009 2769 1251 2838 accipio:
1295 2768 1390 2822 sed
1437 2768 1661 2837 implere
1705 2783 1812 2821 non

238 2860 415 2925 valeo,
467 2861 572 2915 nisi
602 2861 741 2914 forte
761 2861 1022 2916 desideria
1055 2876 1171 2914 mea
1203 2861 1422 2928 adjuvet
1444 2859 1725 2925 Dominus,
1755 2868 1813 2913 ut

231 2951 430 3005 diutius
467 2952 745 3006 consortio
785 2959 880 3007 tuo
917 2951 1179 3021 perfruar.
1211 2950 1344 3004 Nam
1385 2950 1658 3021 quomodo
1686 2966 1814 3020 pro-

231 3041 424 3096 fectum
452 3057 650 3113 capere
671 3051 862 3112 potero
891 3043 1152 3096 sermonis
1184 3042 1386 3108 ignoti,
1419 3041 1574 3112 275
1604 3042 1648 3095 si
1677 3041 1814 3095 desit

232 3145 258 3182 ει
280 3145 391 3198 quo
408 3131 650 3198 ignorata
671 3132 979 3187 condiscant
997 3133 1020 3184 ?
1038 3131 1210 3186 Credo
1231 3133 1372 3186 enim
1397 3131 1447 3184 in
1465 3130 1814 3184 translatione

1565 350 1891 405 EPISTOI.A
1933 347 2156 404 XLVIII.

1828 468 1877 522 A

3387 347 3494 401 2598

1976 460 2128 514 simul
2165 459 2397 528 exposcit
2420 458 2644 528 reliquas
2672 457 3045 528 benedictione:
3072 456 3488 528 patriarcharum

1977 525 2250 611 cmplicari,
2267 540 2330 611 Aut.
2357 525 2628 611 Desiderio
2639 525 2951 611 presltytero
2979 527 3142 595 possit
3165 526 3485 596 satisfacere.

1987 595 2115 653 Vide
2145 599 2418 668 epistolam
2443 597 2531 661 45,
2559 613 2614 650 n.
2639 595 2672 650 5
2693 607 2742 649 et
2763 595 2815 649 4.

1977 687 2241 742 Pauunus
2263 687 2414 742 fratri
2443 686 2682 742 Κωτικο
2707 685 2953 740 salutem.

1980 779 2029 832 l.
2072 777 2187 834 Etsi
2223 778 2486 833 incertum
2534 778 2663 832 mihi
2703 776 2828 831 fecit
2875 775 3013 832 ﬁlius
3058 777 3314 842 Cerealis,
3347 774 3496 845 quod

1907 871 1974 925 ad
2004 879 2058 924 te
2081 878 2426 940 perrecturus
2447 869 2588 925 foret
2616 871 2669 924 in
2719 878 2961 939 tempore
2989 884 3096 938 quo
3142 870 3209 924 ad
3250 880 3494 924 sanctum

1909 959 2126 1013 Petrum
2148 959 2437 1013 revertitur
2461 977 2473 1012 :
2509 968 2687 1014 tamen
2717 975 2813 1028 per
2841 974 2962 1013 eum
2991 959 3080 1026 qui
3110 974 3263 1028 teque
3288 967 3409 1014 tuus
3434 975 3497 1014 ac

1908 1057 2093 1105 noster
2137 1057 2241 1116 est,
2273 1064 2383 1104 non
2430 1051 2671 1104 scribere
2699 1050 2812 1115 tibi,
2862 1058 2970 1102 tam
3001 1051 3267 1119 culpabile
3316 1052 3493 1114 nobis,

1907 1153 2068 1208 quam
2093 1138 2187 1192 tibi
2210 1139 2362 1193 triste
2383 1138 2615 1194 futurum
2633 1139 3006 1208 judicavimus.
3031 1142 3216 1211 Itaque
3238 1143 3495 1197 chartulae

1908 1228 2192 1291 damnum,
2225 1229 2270 1282 si
2294 1237 2348 1283 te
2377 1228 2517 1283 forte
2540 1245 2648 1282 non
2678 1229 2930 1292 vidisset,
2961 1245 3119 1299 quam
3147 1231 3329 1296 ofﬁcii,
3356 1233 3496 1287 sicut

1908 1318 2196 1382 credimus,
2229 1318 2273 1372 si
2297 1325 2349 1372 te
2379 1319 2596 1384 viseret,
2628 1327 2988 1388 praeoptantes
3017 1335 3316 1390 capessere,
3348 1339 3496 1378 com-

1907 1406 2150 1460 misimus
2187 1407 2475 1475 epistolam
2501 1407 2657 1460 istam
2690 1424 2796 1461 non
2827 1410 2992 1473 casui,
3020 1409 3113 1463 sed
3135 1409 3276 1464 ﬁdei.
3304 1410 3494 1467 Credi-

1907 1513 2027 1550 mus
2053 1497 2196 1550 cnim
2215 1497 2267 1549 in
2291 1496 2519 1551 Domino
2541 1498 2872 1566 dirigendam
2894 1499 2960 1553 ad
2989 1509 3041 1555 te
3063 1501 3203 1554 viain
3230 1504 3496 1558 sermonis

1908 1602 1973 1641 ac
1995 1588 2088 1640 lilii
2119 1587 2309 1651 nostri,
2340 1588 2466 1655 quia
2491 1587 2920 1643 desiderantibus
2941 1589 3142 1643 bonum
3172 1592 3350 1646 omnia
3378 1608 3496 1661 pro-

1908 1679 2103 1733 cedent
2130 1679 2182 1731 in
2213 1678 2599 1750 bonum(Rom.
2626 1694 2736 1741 vnt,
2770 1677 2856 1744 98;
2885 1678 2986 1731 vid.
3015 1678 3154 1733 idem
3178 1680 3229 1733 in
3253 1681 3410 1750 epist.
3437 1681 3493 1747 5,

1908 1785 1962 1823 ιι.
1991 1769 2078 1838 9);
2130 1769 2398 1826 desiderat
2425 1770 2566 1826 enim
2591 1777 2664 1833 te,
2697 1777 2955 1837 quantum
2993 1771 3157 1824 debes
3202 1772 3500 1828 desiderari

1909 1861 1977 1916 ab
1999 1860 2327 1929 intelligente
2353 1860 2692 1917 commodum
2723 1875 2877 1913 suum
2907 1858 2975 1913 de
3003 1861 3277 1915 consortio
3299 1863 3394 1917 tui.
3427 1863 3496 1917 Et

1908 1951 2030 2006 ideo
2051 1966 2316 2020 przesumo
2339 1951 2464 2020 quia
2485 1949 2776 2005 secundum
2795 1946 2951 2002 ﬁdem
2974 1964 3038 2004 ac
3059 1950 3314 2018 pietatem
3343 1967 3495 2006 suam

1909 2039 2201 2095 salvabitur
2229 2040 2282 2092 in
2309 2039 2465 2094 bonis
2485 2039 2806 2093 desiderium
2836 2036 2981 2105 ejus,
3033 2046 3088 2092 et
3115 2041 3394 2107 perveniet
3425 2043 3494 2096 ad

1911 2141 1993 2201 te,
2022 2143 2076 2189 et
2127 2143 2300 2189 tecum
2351 2135 2606 2199 manebit,
2641 2143 2696 2188 et
2746 2133 3104 2200 geminabitur
3148 2133 3302 2187 nobis
3352 2134 3495 2203 apud

1911 2225 2192 2281 Dominum
2222 2227 2276 2281 in
2301 2228 2450 2282 vobis
2471 2228 2703 2281 salutare
2733 2226 3067 2296 praesidium;
3097 2243 3217 2280 cum
3249 2230 3407 2298 276
3434 2239 3492 2284 et

1913 2318 2007 2372 tibi
2030 2327 2138 2372 tam
2159 2320 2331 2374 bonus
2360 2318 2520 2386 ﬁlius,
2563 2334 2763 2384 comes,
2807 2317 3129 2387 discipulus,
3162 2318 3376 2384 adjutor
3401 2333 3492 2374 ac-

1912 2413 2153 2477 cesserit,
2187 2421 2242 2467 et
2270 2421 2328 2466 tu
2353 2412 2429 2466 illi
2458 2421 2614 2482 pater
2642 2426 2706 2466 ac
2745 2411 2997 2478 magister
3039 2410 3213 2464 omnis
3241 2409 3370 2464 boni
3400 2411 3497 2467 do-

1913 2511 2072 2559 natus
2094 2519 2124 2558 a
2150 2505 2377 2559 Domino
2395 2547 2409 2572 ,
2441 2504 2507 2558 ad
2535 2503 2807 2559 efﬁcacem
2849 2502 3153 2557 orationum
3193 2503 3496 2572 potentiam

1913 2594 2056 2649 vires
2100 2595 2286 2664 gratiae
2329 2594 2583 2664 spiritalis
2625 2592 2910 2647 addideris.
2960 2590 3122 2646 Nobis
3149 2599 3359 2656 autem,
3391 2588 3499 2646 etsi

1913 2701 2013 2756 pro
2044 2693 2135 2738 tua
2181 2685 2404 2740 caritate
2431 2683 2739 2754 prmsumtio
2793 2682 2882 2746 sit,
2912 2681 3036 2750 quia
3066 2688 3404 2734 remeaturns
3427 2680 3493 2734 ad

1885 2774 2206 2842 ~Orientem,
2223 2791 2332 2830 non
2362 2775 2500 2830 feres
2528 2773 2813 2827 invisitatis
2834 2771 2987 2826 nobis
3012 2771 3197 2835 abire;
3230 2778 3410 2824 tamen
3429 2771 3498 2825 de

1914 2868 2149 2938 peccatis
2176 2868 2374 2922 nostris
2403 2875 2577 2920 metus
2606 2872 2708 2928 est,
2741 2879 2807 2917 ne
2835 2863 3044 2916 etiamsi
3095 2870 3203 2915 tam
3232 2863 3386 2915 nobis
3415 2862 3491 2914 vi-

1914 2963 2055 3028 cina,
2075 2959 2180 3014 ﬁlia
2203 2959 2490 3030 Babylonis
2517 2957 2592 3028 (id
2611 2965 2683 3010 est
2700 2955 2892 3018 Roma;
2917 2954 3019 3007 vid.
3045 2953 3200 3022 epist.
3233 2952 3386 3013 29m.
3406 2951 3495 3020 I5)

1915 3063 2139 3109 avertat.
2168 3053 2344 3120 Quare
2367 3052 2591 3106 Domino
2619 3047 2883 3104 desideria
2906 3053 3087 3101 nostra
3113 3060 3177 3099 ac
3205 3053 3326 3099 vota
3340 3044 3494 3098 man-

1923 3145 2128 3208 damus,
2163 3159 2231 3198 ne
2259 3140 2555 3197 secundum
2583 3138 2830 3193 meritum
2882 3135 3054 3199 nobis,
3086 3135 3180 3189 sed
3206 3134 3495 3188 secundum

228 3196 395 3275 sancti
433 3196 736 3276 Clementis
765 3220 858 3287 (V.
893 3229 1004 3275 not.
1036 3220 1138 3273 195
1158 3225 1194 3288 ),
1225 3229 1420 3290 pneter
1448 3220 1578 3274 alias
1625 3220 1810 3288 ingenii

1925 3236 2247 3291 desiderium
2268 3234 2446 3300 faciat,
2479 3239 2535 3287 et
2556 3231 2748 3300 dirigat
2776 3227 2842 3282 ad
2870 3244 2967 3282 nos
2993 3228 3136 3281 viam
3167 3234 3312 3280 tuam
3340 3226 3392 3278 in
3415 3225 3494 3279 via

227 3313 329 3366 mei
361 3313 721 3378 defectiones,
753 3314 890 3368 hanc
933 3320 988 3368 te
1024 3313 1358 3384 potissimum
1381 3312 1660 3382 imperitia:
1679 3327 1812 3366 mea:

226 3407 508 3473 penuriam
529 3407 922 3473 considerasse,
959 3405 1101 3476 quod
1131 3404 1331 3474 aliqua,
1357 3405 1410 3457 in
1439 3403 1631 3472 quibus
1657 3403 1812 3456 intel-

221 3499 388 3568 ligere
417 3501 503 3556 vel
550 3501 855 3569 exprimere
900 3500 1062 3554 verba
1091 3516 1197 3553 non
1222 3499 1405 3568 potui,
1445 3513 1607 3552 sensu
1634 3498 1813 3566 potius

220 3595 565 3661 apprehenso
599 3591 696 3661 (γ.
730 3598 844 3645 ηοῑ.
878 3590 980 3646 196
1006 3598 1043 3655 ),
1077 3591 1246 3652 vel,ut
1276 3590 1452 3643 verius
1479 3589 1674 3652 dicam,
1697 3588 1812 3656 opi-

219 3690 342 3735 nata
375 3681 767 3736 transtulerim.
795 3681 912 3746 Quo
941 3681 1109 3748 magis
1138 3694 1272 3748 egeo
1297 3677 1665 3733 misericordia
1692 3676 1811 3744 Dei,

215 3780 272 3825 nt
295 3773 612 3842 pleniorem
644 3772 773 3826 mibi
805 3772 881 3825 tui
913 3772 1124 3840 copiam
1153 3762 1371 3835 tribuat,
1404 3769 1526 3838 quia
1547 3783 1644 3838 pro
1673 3767 1812 3822 divi-

213 3864 299 3918 tiis
328 3866 442 3918 erit
475 3864 720 3934 pauperi,
757 3872 814 3917 ut
853 3864 1018 3918 micas
1065 3878 1094 3917 a
1127 3862 1304 3917 divitis
1334 3876 1517 3916 mensa
1538 3861 1812 3924 cadentes,

210 3957 372 4010 avido
407 3957 646 4011 famelici
679 3956 855 4010 cordis
884 3971 1008 4018 ore,
1042 3955 1310 4022 colligere.

274 4047 331 4102 5.
361 4048 423 4102 In
460 4055 712 4117 tempore
740 4061 894 4113 sane,
923 4062 1030 4115 quo
1050 4047 1246 4115 scripta
1276 4047 1390 4100 lucc
1417 4045 1809 4108 scribebantur,

204 4141 407 4195 cecidit
423 4139 530 4196 sub
553 4139 743 4204 oculis,
778 4139 1016 4193 incidens
1043 4138 1318 4208 proposita
1344 4137 1590 4200 lectione,
1617 4137 1815 4206 capitu-

201 4231 312 4286 lum
347 4232 497 4286 illud
525 4247 591 4285 ex
619 4229 816 4284 Genesi
845 4245 951 4298 quo
979 4228 1141 4284 Judas
1169 4245 1196 4282 a
1219 4227 1385 4284 Jacob
1413 4229 1745 4283 benedieitur
1764 4238 1811 4282 ο.

201 4321 268 4375 Ει
317 4324 458 4392 quia
506 4321 769 4375 Dominus
816 4319 1322 4389 opportunissimam
1378 4318 1516 4370 hanc
1571 4317 1813 4380 occasio-

199 4427 326 4466 nem
370 4412 636 4475 dederat,
687 4410 904 4479 pulsare
950 4416 1074 4478 post
1118 4417 1328 4478 tempus
1354 4407 1496 4461 fores
1533 4405 1709 4460 cordis
1735 4405 1814 4459 tui

199 4504 431 4572 placuit.
461 4501 617 4569 Ergo
641 4499 687 4555 si
709 4515 797 4553 me
826 4513 994 4575 amas,
1020 4499 1182 4553 immo
1210 4499 1334 4566 quia
1364 4497 1591 4551 multum
1624 4511 1772 4550 amas
1798 4536 1813 4559 ,

1918 3327 2066 3396 pacis
2094 3343 2202 3381 suae
2233 3344 2245 3378 :
2278 3325 2402 3395 quia
2433 3339 2541 3378 non
2571 3322 2907 3377 ambulantes
2937 3321 2991 3374 in
3020 3335 3105 3385 ea,
3131 3318 3180 3372 in
3212 3318 3497 3387 reprobnm

1914 3434 2129 3474 sensum
2159 3417 2396 3472 damnati
2422 3426 2566 3482 sunt,
2593 3431 2695 3470 nec
2722 3421 2774 3468 te
2799 3411 3104 3466 desiderare
3131 3417 3425 3464 merentur.

1986 3511 2037 3564 2.
2070 3509 2214 3565 Sane
2244 3509 2649 3579 importunitate
2678 3519 2782 3574 qua
2810 3503 3006 3557 ostium
3040 3510 3186 3555 tuum
3211 3499 3295 3554 vel
3321 3499 3498 3553 media

1915 3610 2074 3656 nocte
2097 3601 2310 3670 pulsare
2335 3597 2610 3663 consuevi,
2627 3594 2852 3663 repulsa:
2873 3600 3020 3645 metu
3034 3587 3099 3643 ad
3119 3588 3496 3642 verecundiam

1916 3702 1970 3747 et
2001 3692 2218 3746 modum
2275 3687 2580 3758 postulandi
2626 3691 2863 3744 coactus,
2897 3696 3037 3734 nunc
3083 3680 3186 3732 hoc
3237 3679 3380 3732 circa
3410 3692 3496 3732 me

1917 3782 2117 3849 negotii
2147 3779 2243 3832 tibi
2273 3776 2458 3839 trado,
2493 3783 2551 3829 ut
2578 3772 2983 3828 benedictiones
3007 3767 3286 3823 duodecim
3327 3768 3495 3836 patri-

1915 3873 2214 3934 archarum,
2242 3868 2392 3937 cujus
2413 3866 2523 3936 jam
2555 3863 2874 3934 principium
2903 3859 3052 3924 mihi,
3083 3857 3323 3926 exposita
3354 3857 3494 3912 circa

1915 3973 2202 4032 personam
2231 3956 2380 4012 Jutlze
2419 3955 2725 4025 prophetia,
2755 3950 3041 4020 triplici,ut
3055 3947 3262 4016 jussum
3284 3959 3388 4014 est,
3417 3947 3500 3999 in-

1919 4049 2301 4121 terpretatione
2325 4044 2643 4114 conscriptis
2664 4042 2868 4112 paginis
2893 4038 3125 4104 edidisti,
3148 4053 3244 4108 per
3264 4037 3500 4106 reliquos

1918 4141 2056 4197 ﬁlios
2085 4139 2422 4194 distributam
2450 4135 2684 4203 digneris
2711 4147 2981 4203 exponere
3006 4149 3021 4195 ;
3067 4138 3125 4184 ut
3167 4130 3281 4199 ipse
3322 4144 3418 4198 per
3449 4138 3501 4181 te

1917 4233 2041 4288 tiam
2061 4230 2305 4286 conscius
2325 4227 2588 4291 veritatis,
2613 4234 2670 4281 et
2697 4238 2904 4293 magna:
2924 4222 3106 4291 gratiae
3127 4236 3190 4276 ac
3213 4219 3382 4273 laudis
3408 4235 3502 4272 an-

1919 4337 2091 4380 torem
2111 4324 2362 4384 habeam;
2395 4321 2440 4374 si
2468 4321 2552 4374 his
2579 4318 2671 4388 qui
2694 4319 2760 4373 de
2788 4331 2874 4370 me
2902 4328 3062 4384 supra
3086 4328 3171 4367 me
3193 4313 3348 4382 (forte
3375 4311 3499 4363 add.

1918 4417 2222 4486 opinantes.
2262 4413 2478 4466 Videtur
2516 4411 2715 4483 aliquid
2769 4408 3006 4475 deesse),
3058 4416 3281 4478 propter
3322 4407 3504 4475 operis

1929 4513 1942 4573 (
1963 4511 2098 4580 forte
2126 4507 2248 4559 add.
2283 4501 2790 4568 difﬁcultatemwid.
2821 4515 2908 4569 ep.
2935 4499 3023 4563 45,
3055 4515 3108 4552 ιι.
3132 4498 3166 4551 5
3195 4497 3323 4559 e14,
3347 4495 3502 4559 et50,

198 4608 332 4662 rogo
365 4601 434 4648 ut
465 4591 684 4646 scribas
713 4590 861 4653 mihi,
895 4597 954 4644 ut
984 4589 1233 4658 intelligis
1275 4589 1444 4659 ipsam
1485 4587 1810 4658 patriarcha-

1923 4620 1976 4656 n.
2009 4599 2077 4656 15
2096 4612 2112 4669 )
2161 4597 2547 4653 consulendum
2601 4608 2689 4648 me
2725 4600 3075 4662 putaverunt,
3118 4590 3296 4644 divina
3322 4590 3504 4658 potius

195 4699 314 4736 rum
347 4679 833 4738 benedictionem.
866 4677 932 4732 Et
959 4679 1002 4732 si
1029 4693 1133 4747 qua
1163 4679 1278 4748 ipse
1307 4679 1411 4732 scis
1443 4678 1494 4731 in
1542 4678 1620 4732 eis
1649 4678 1814 4732 ardua
1921 4705 1978 4749 οι
2017 4701 2108 4748 mo
2138 4692 2350 4762 spiritu,
2397 4703 2558 4758 quam
2589 4687 2658 4742 de
2708 4701 2830 4740 meo
2861 4700 3021 4739 sensu
3070 4684 3251 4753 inepta
3281 4697 3504 4752 ηεροη-

196 4789 386 4839 sensu,
413 4781 481 4828 et
516 4771 680 4838 digna
706 4769 1189 4838 eognitione,scire
1213 4785 1297 4824 me
1313 4769 1444 4824 velis
1476 4787 1487 4821 :
1514 4769 1817 4838 specialiter
1921 4787 2098 4840 deam.

197 4872 385 4929 tamen
420 4862 505 4916 de
539 4858 776 4928 capitulo
806 4859 897 4912 illo
937 4859 989 4912 in
1019 4874 1127 4926 quo
1154 4859 1260 4922 ait,
1289 4860 1525 4930 Alligans
1572 4858 1641 4910 ad
1668 4860 1816 4911 vitem

196 4953 400 5021 pullum
424 4966 618 5014 suum,
645 4959 695 5002 et
720 4949 789 5000 ad
820 4952 895 5016 (a)
927 4951 1146 5002 cilicium
1176 4950 1372 5017 pullum
1414 4949 1576 5002 asinw
1611 4963 1719 5000 sua:
1750 4947 1773 4984 ι’
1799 4965 1812 5010 ;

193 5045 314 5112 quis
344 5057 500 5098 suus
544 5040 616 5093 sit
653 5037 847 5107 pullus,
888 5037 972 5091 vel
1009 5038 1128 5106 quis
1176 5039 1337 5092 asine
1386 5037 1672 5106 pullus?et
1723 5053 1818 5091 cur

189 5147 321 5187 suus
337 5133 413 5187 ad
430 5132 643 5193 vitem,
667 5129 830 5181 asinae
845 5143 978 5182 vero
1000 5128 1174 5196 pullus
1201 5128 1265 5180 ad
1294 5128 1523 5181 cilicium
1539 5126 1819 5195 alligetur?

184 5285 186 5287 ι
724 5215 1058 5272 EPISTOLA
1085 5221 1123 5241 ··
1155 5217 1354 5274 xcvn.

195 5317 410 5391 Ruﬁno
443 5313 735 5371 Cerealem
749 5311 1094 5365 commendat.
1112 5309 1251 5364 Petit
1274 5312 1326 5364 in
1359 5311 1576 5363 transitu
1593 5310 1820 5363 risitari:

261 5421 291 5450 ι
326 5410 486 5466 Gen.
528 5421 688 5461 xux.
765 5403 792 5442 1³
831 5402 965 5457 Gen.
999 5419 1146 5471 xux,
1180 5402 1263 5468 ll,
1292 5402 1446 5470 juxta
1479 5401 1637 5455 LXX.

263 5507 281 5524 '
323 5504 494 5558 Alias
529 5498 612 5550 47
639 5515 653 5562 ;
681 5511 800 5566 qua:
821 5502 998 5548 autem
1025 5493 1256 5566 “ierat,
1292 5508 1433 5547 nunc
1460 5492 1490 5544 7
1516 5501 1575 5566 _e_t
1594 5491 1891 5566 8.~Sc_ripta
1912 5492 2290 5566 circaannum
2315 5487 2436 5542 408.

267 5577 308 5597 ⁸·
353 5575 526 5629 Alias
562 5559 826 5636 487,’qu-.e
854 5563 1122 5636 aeterni“
1163 5571 1296 5627 erat,
1330 5577 1472 5616 nunc
1503 5561 1590 5614 46.
1639 5559 1852 5636 Scripta
1892 5576 2034 5615 anno

263 5648 335 5667 '“
382 5646 572 5699 Circa
633 5629 827 5689 ann'nm
871 5633 994 5687 409.
1045 5632 1214 5686 Porro
1267 5648 1386 5700 quae
1429 5641 1545 5686 erat
1582 5633 1738 5700 epist.
1767 5629 1878 5699 ’48,
1919 5629 2172 5684 nunc“.

265 5718 361 5737 “”
394 5695 551 5769 Ἠυξ
609 5707 872 5761 adscitum
919 5719 988 5758 ex
1034 5702 1193 5770 Greg.
1225 5695 1425 5756 Turon.
1457 5695 1654 5756 Hister.
1693 5695 1880 5756 Franc.
1912 5701 2002 5754 lib.
2031 5716 2085 5762 ιι,
2117 5712 2233 5766 cap.
2269 5695 2352 5750 15.

2385 4845 2739 4904 EPISTOLzE
2873 4845 3076 4899 XLVIII

2599 4954 2975 4994 resonenruu.

2107 5034 2308 5088 Laudat
2337 5032 2716 5086 illustrissimos
2747 5031 2826 5082 sui
2855 5028 3014 5081 seculi
3040 5028 3323 5096 episc0p0s.

1998 5127 2052 5180 Si
2079 5125 2220 5180 enim
2249 5124 2348 5176 hos
2369 5122 2550 5175 videas
2575 5120 2764 5188 dignos
2811 5117 3037 5172 Domino
3069 5115 3392 5180 sacerdotes,
3421 5114 3502 5166 vel

1928 5215 2282 5285 Exsuperium
2333 5211 2558 5276 Tolosae,
2599 5209 2683 5263 vel
2738 5207 3070 5277 Simplicium
3126 5205 3374 5271 Viennte,
3422 5202 3504 5255 vel

1935 5306 2231 5362 Amandum
2262 5301 2576 5370 Burdigalm,
2609 5301 2694 5354 vel
2742 5300 3125 5368 Diogenianum
3170 5294 3509 5364 Αιὺίεπννρι

266 5810 351 5878 (α)
379 5806 468 5878 ιω
494 5794 1031 5878 _S._.Ambrosit_nnnet
1058 5792 1115 5878 S:
1145 5791 1496 5878 etigystinum
1523 5791 1824 5878 legeqe‘an:

963 5800 1031 5875 .et
1058 5792 1115 5875 S:
1145 5791 1496 5875 gilgystinum
1523 5791 1824 5875 legeqe‘anf
2033 5790 2330 5874 Cyprianus
2524 5807 2536 5843 ι
2595 5793 2852 5875 adversus
2881 5793 3114 5866 Indicos,
3165 5801 3234 5854 ad
3272 5802 3499 5861 Italicam.

197 5859 356 5934 mist
386 5859 685 5932 Nobilius
727 5868 783 5922 in
809 5863 1024 5921 scholiis
1053 5863 1120 5918 ad
1157 5860 1316 5924 Lxx,
1341 5877 1440 5931 pro
1473 5876 1578 5930 quo
1608 5859 1750 5914 Lxx
1771 5869 1824 5917 ct

1923 5860 2106 5916 Grzecc
2133 5869 2194 5931 τῇ
2220 5860 2357 5922 ἕλικι,
2390 5859 2629 5925 Vulgata,
2663 5863 2740 5914 ad
2760 5866 2922 5918 riam.
