3994 6180
459 363 564 415 399

1588 359 1640 415 S.
1683 357 1953 413 PAULlNl
1992 357 2239 412 NOLANI
2281 357 2579 413 EPISCOPI

3623 357 3717 412 490

458 471 775 544 Dynamium
795 470 1134 541 Engolismse,
1158 470 1240 526 vel
1262 470 1638 525 Venerandum
1663 470 1933 535 Arvernis,
1960 470 2044 524 vel
2074 476 2123 533 Α
2148 471 2337 525 mortis
2365 485 2523 539 quam
2567 470 2688 524 vita:
2727 468 3055 538 cupidiorem
3073 507 3087 533 ,
3148 465 3416 538 finemque
3444 482 3714 539 pinnarum

456 563 724 617 Alethium
748 564 843 634 (at.
868 562 1149 632 Alithium)
1174 561 1452 627 Cadurcis,
1478 561 1563 614 vel
1594 576 1732 614 nunc
1759 558 2040 630 Pegasium

452 653 800 722 Petragoriis;
824 662 1111 722 utcumque
1139 668 1198 707 se
1226 653 1426 706 habent
1452 651 1616 706 seculi
1646 652 1807 716 mala,
1837 651 2043 706 videbis

452 748 698 818 profecto
744 747 1082 817 dignissimos
1130 745 1294 801 totius
1339 743 1458 799 fidei
1516 744 1899 813 religionisque
1947 760 2039 799 cu-

453 840 660 896 stodes.

950 924 1281 981 EPISTULA
1309 927 1328 947 ⁶
1356 924 1539 979 XLIX.

450 1021 609 1144 2v
664 1019 920 1073 Describit
971 1019 1200 1088 ingentia
1252 1015 1523 1081 miracula,
1556 1032 1647 1085 per
1701 1030 1817 1084 qua:
1870 1029 2035 1067 aenea:

575 1091 765 1144 alaius.
818 1098 993 1144 postea
1059 1088 1230 1141 Victor
1276 1086 1591 1144 nominatus,
1639 1101 1703 1138 ea:
1756 1085 2034 1144 naufragio

575 1085 765 1161 algius,
816 1085 1230 1167 postea_;l'ictor
1276 1086 1591 1148 nominatus,
1639 1101 1703 1138 ea:
1732 1085 2034 1167 lnaufragio

519 1155 850 1215 senatus—est
870 1175 888 1211 :
919 1167 967 1211 et
990 1156 1283 1211 Macarium
1311 1163 1481 1225 rogat,
1510 1162 1565 1206 ut
1592 1155 1825 1209 eumdem
1855 1155 1958 1212 iam
1986 1163 2036 1205 et

519 1241 793 1300 patronum
814 1229 922 1299 ejus
950 1224 1392 1283 Secundinianum
1414 1224 1477 1277 ab
1506 1225 1768 1280 hominum
1788 1227 2034 1294 importu-

519 1301 683 1352 nitate
708 1309 929 1352 tueatur.

520 1386 765 1441 chanto
796 1385 887 1453 ιγ.
922 1393 1033 1439 not.
1070 1383 1193 1451 197)
1225 1386 1304 1453 (α)
1330 1384 1611 1438 ΡΑυιιΝυε.

525 1478 577 1531 1.
619 1476 794 1546 Opera
826 1476 1037 1530 Domini
1059 1474 1344 1546 prwdicare
1374 1475 1715 1544 honoriﬁcum
1744 1482 1816 1527 est
1845 1482 1891 1537 ll;
1918 1487 2036 1541 quae

452 1570 581 1623 mihi
606 1584 770 1623 causa
809 1567 966 1636 hujus
1009 1566 1250 1637 epistola:
1291 1565 1431 1620 fuit:
1466 1566 1590 1634 quia
1642 1562 2037 1633 patrisfamilias

449 1661 623 1732 hujus,
648 1676 808 1731 quem
837 1659 905 1714 ad
936 1659 1343 1713 unanimitatem
1390 1666 1535 1711 tuam
1586 1670 1903 1726 prosequor,
1934 1654 2034 1709 Se-

450 1753 755 1808 cundiniani
797 1752 1105 1819 negotium,
1134 1759 1193 1804 ut
1221 1750 1505 1820 probabis,
1534 1765 1643 1804 non
1692 1756 1872 1818 potest
1918 1748 2035 1803 sine

2144 561 2333 614 animae
2363 561 2510 615 exitu
2540 559 2951 625 desiderantem,
3000 559 3306 615 misericors
3347 567 3405 613 et
3442 559 3720 615 miserator

2143 646 2401 707 Domitius
2429 652 2576 706 adire
2602 652 2866 715 cominus,
2888 659 2943 704 et
2962 650 3113 704 verbi
3132 650 3253 705 cibo
3273 650 3513 704 animare
3538 650 3720 720 digna-

2142 748 2228 796 tus
2256 749 2355 796 est.
2390 740 2577 795 Refert
2619 741 2732 811 ipse
2760 740 2934 795 adhuc
2960 740 3262 811 lacrymans
3288 738 3600 795 felicitatem
3630 755 3721 809 pe-

2140 833 2293 887 riculi
2323 834 2428 901 sui,
2458 847 2556 887 nec
2583 832 2699 887 sine
2720 831 2968 902 lacrymis
2995 831 3172 886 cordis
3198 838 3255 885 et
3280 830 3476 898 gaudio
3505 830 3721 900 spiritus

2139 925 2311 979 audiri
2334 932 2531 995 potest,
2553 923 2979 994 utcompellatus
3004 922 3235 977 adeunte
3261 922 3497 988 Christo,
3512 930 3572 975 ut
3593 938 3721 976 con-

2138 1012 2368 1069 fortatus
2396 1014 2647 1068 hortante
2676 1014 2765 1077 sit,
2798 1022 2856 1067 ut
2880 1012 3126 1067 arborem
3166 1012 3347 1081 jussus
3398 1012 3651 1067 inciderit
3678 1012 3718 1075 ⁸.

2138 1119 2299 1173 quam
2320 1104 2493 1159 excidi
2522 1105 2574 1157 in
2600 1118 2666 1159 eo
2694 1111 2934 1173 tempore
2956 1103 3250 1158 remedium
3273 1103 3422 1157 navis
3447 1111 3599 1167 erat;
3630 1102 3724 1158 sed

2136 1193 2278 1263 quod
2299 1194 2452 1247 multi
2476 1203 2637 1263 atque
2650 1194 2957 1249 validissimi
2977 1194 3093 1249 sine
3115 1209 3215 1249 suo
3236 1201 3293 1249 et
3313 1194 3461 1248 navis
3480 1194 3723 1264 periculo

2137 1283 2313 1339 facere
2337 1285 2422 1339 vix
2470 1293 2695 1355 possunt
2724 1287 2772 1351 ⁸,
2811 1286 2958 1341 solus
2986 1295 3039 1340 et
3081 1285 3271 1341 debilis
3317 1287 3556 1357 arripere
3614 1302 3722 1341 non

2136 1376 2359 1443 audens,
2394 1376 2485 1430 Dei
2514 1376 2680 1429 verbo
2710 1391 2871 1431 ausus
2910 1385 3010 1431 est.
3043 1375 3132 1432 Bis
3160 1384 3385 1443 tantum,
3414 1386 3469 1432 et
3507 1378 3723 1445 leviter,

2135 1475 2195 1518 ut
2213 1480 2243 1519 a
2272 1465 2425 1520 senili
2449 1482 2609 1520 manu
2639 1474 2810 1521 tactus
2830 1468 2999 1536 magis
3026 1481 3186 1537 quam
3215 1468 3353 1522 ictus
3375 1468 3570 1533 securi,
3606 1482 3723 1521 ma-

2136 1558 2220 1613 lus
2249 1559 2321 1613 ita
2351 1559 2615 1629 prosilivit
2642 1574 2672 1613 a
2698 1559 2945 1626 vulnere,
2991 1567 3050 1613 ut
3078 1559 3235 1628 longe
3265 1568 3417 1613 extra
3446 1574 3645 1614 navem
3669 1561 3723 1615 in

2135 1652 2306 1707 undas
2327 1651 2597 1721 expulsus,
2626 1659 2743 1705 tuto
2767 1650 3041 1705 ceciderit.
3069 1650 3270 1706 Deinde
3290 1651 3452 1706 variis
3475 1651 3572 1722 (V.
3608 1660 3722 1707 not.

2137 1743 2284 1813 199),
2315 1752 2375 1798 ιιι
2402 1745 2605 1798 marina
2630 1743 2857 1813 jactatio
2886 1753 2941 1799 et
2969 1745 3173 1800 navalis
3214 1745 3493 1800 instructio
3522 1746 3724 1815 poscit,

446 1844 657 1899 Domini
684 1844 853 1911 gloria
882 1853 935 1898 et
966 1842 1122 1897 laude
1166 1841 1392 1896 narrari.
1426 1842 1576 1897 Sicut
1621 1842 1765 1897 enim
1813 1841 1948 1895 dixit
1977 1841 2029 1895 in
2062 1833 2106 1894 Β
2135 1836 2346 1902 ofliciis,
2370 1852 2492 1892 cum
2523 1845 2616 1890 aut
2636 1844 2914 1892 artemone
2934 1838 3131 1892 armari
3153 1838 3457 1907 oportebat,
3480 1845 3577 1892 aut
3603 1853 3729 1893 sen-

448 1933 766 2003 Evangelio:
793 1932 953 1987 Pater
971 1950 1110 1987 meus
1136 1932 1302 1985 adhuc
1326 1941 1586 2003 operatur,
1601 1932 1755 2002 etlego
1783 1949 1966 2003 operor
1982 1930 2033 1999 δ,

450 2027 521 2082 ita
578 2037 634 2082 et
688 2044 830 2083 nunc
881 2026 1006 2081 facit
1059 2046 1071 2080 :
1118 2039 1292 2095 neque
1330 2023 1526 2079 desinit
1566 2023 1740 2079 bonus
1774 2024 2035 2080 Dominus

449 2119 608 2173 fidem
639 2127 878 2173 nostram
908 2118 1242 2172 evidentibus
1272 2115 1514 2170 veritatis
1561 2129 1670 2168 suae
1700 2114 1938 2169 excitare
1964 2129 2029 2169 ac

449 2223 573 2263 vere
620 2222 918 2277 provocare
969 2207 1323 2261 documentis.
1360 2205 1545 2274 Itaque
1597 2203 1651 2258 in
1689 2203 1933 2270 diversis,
1976 2211 2035 2257 ut

448 2303 709 2371 scriptum
738 2309 827 2355 est
871 2310 917 2363 ι’,
944 2299 1270 2367 argumentis
1310 2312 1574 2366 apparens
1614 2296 1770 2351 nobis
1797 2295 2033 2350 salvator

450 2396 607 2458 Deus,
633 2402 776 2447 terra
805 2392 1045 2461 marique
1075 2406 1173 2461 pro
1206 2392 1360 2445 nobis
1385 2398 1660 2459 operatur,
1711 2397 1767 2443 et
1793 2387 1938 2457 quod
1977 2388 2033 2443 in

447 2487 665 2553 singulis
693 2487 821 2554 agit,
849 2486 1138 2539 multorum
1170 2482 1290 2538 ﬁdei
1311 2484 1574 2553 salutique
1593 2491 1865 2552 procurat.
1898 2482 2033 2538 Vide

448 2579 589 2631 enim
617 2592 780 2646 quam
822 2575 1133 2630 admirabile
1159 2584 1215 2630 et
1239 2576 1578 2645 praedicabile
1602 2592 1739 2645 opus
1768 2575 1855 2641 sit,
1888 2575 2033 2645 quod

450 2666 601 2723 Iesus
646 2665 902 2721 Dominus
933 2666 984 2719 in
1018 2681 1124 2719 uno
1153 2680 1282 2719 sene
1311 2681 1431 2720 cum
1461 2666 1665 2733 angelis
1694 2665 1804 2720 suis
1832 2666 2032 2720 sanctis

448 2770 698 2832 operatus
724 2768 826 2814 est.
846 2757 973 2813 Haec
1000 2758 1143 2812 enim
1173 2773 1331 2812 causa
1358 2766 1441 2813 est
1467 2758 1757 2827 supradicti
1787 2757 1950 2812 amici
1975 2764 2033 2811 et

448 2855 624 2908 fratris
650 2854 821 2908 nostri
852 2856 889 2919 ¹,
921 2854 1013 2922 qui
1043 2860 1125 2907 est
1148 2852 1228 2905 vir
1269 2852 1321 2906 in
1351 2850 1566 2907 Christo
1615 2850 1806 2907 fidelis.
1840 2851 2031 2906 llieme

442 2940 721 3013 superiore
754 2943 1062 3012 compulsus
1088 2942 1139 2995 in
1169 2940 1438 3010 Sardinia,
1462 2957 1582 2997 cum
1605 2943 1801 2998 ceteris
1832 2943 2030 3013 quippe

447 3033 808 3101 naviculariis,
841 3031 1167 3087 invcltendas
1198 3032 1464 3087 tiscalibus
1490 3033 1697 3087 horreis
1725 3032 1902 3101 fruges
1924 3033 2026 3087 mi-

447 3124 666 3179 nisterio
692 3125 917 3193 propria:
947 3124 1096 3176 navis
1125 3122 1385 3192 accipere,
1412 3140 1517 3177 non
1546 3130 1857 3193 exspectato
1888 3131 2026 3176 tem-

447 3231 576 3285 pore
605 3215 746 3269 soliti
769 3222 1103 3269 commeatus
1129 3213 1224 3282 (γ.
1248 3223 1361 3267 ηοι.
1391 3213 1457 3265 64
1485 3223 1539 3267 et
1570 3212 1717 3281 198),
1747 3221 1873 3267 ante
1897 3213 2035 3266 testi-

444 3322 567 3361 vam
598 3305 910 3373 temperiem
926 3312 1175 3357 onustum
1207 3303 1474 3371 navigium
1491 3302 1542 3356 vi
1568 3302 1780 3372 publica
1811 3311 2036 3370 urgente

426 3384 671 3463 fdimisit.
695 3394 863 3459 lllico,
886 3404 944 3446 ut
966 3394 1097 3446 mihi
1126 3393 1328 3458 retulit,
1354 3392 1408 3446 in
1422 3391 1671 3460 proximo
1686 3388 1823 3446 freto
1846 3400 2034 3447 exorta

458 3482 769 3542 tempestas,
794 3482 994 3527 temere
1014 3471 1081 3525 de
1103 3479 1258 3542 portu
1271 3472 1499 3527 solutam
1520 3474 1804 3528 multarum
1822 3477 2036 3531 navium

455 3563 700 3626 classem,
744 3577 774 3614 a
829 3561 1070 3616 cursibus
1126 3560 1405 3615 destinatis
1453 3560 1687 3623 retorsit,
1722 3570 1775 3614 ct
1801 3560 1957 3628 fregit
1985 3562 2036 3614 in

454 3653 658 3707 littore.
703 3651 873 3720 Hujus
904 3666 1095 3706 navem
1125 3652 1177 3705 in
1232 3650 1464 3720 quodam
1505 3649 1621 3717 ejus
1667 3650 1851 3704 insulae
1896 3651 2036 3718 loco,

453 3756 613 3810 quem
655 3740 722 3794 ad
766 3739 1020 3795 Pulvinos
1049 3748 1273 3806 vocant,
1308 3754 1375 3794 ne
1428 3738 1672 3792 similiter
1717 3735 2035 3804 illideretur,

453 3831 702 3885 anchoris
720 3829 941 3886 fundare
957 3832 1136 3887 conati
1157 3837 1281 3886 sunt
1310 3847 1323 3882 :
1347 3829 1439 3884 sed
1463 3827 1653 3882 hiemis
1673 3826 1909 3896 ejusdem
1932 3829 2038 3882 vio-

452 3922 612 3979 lentia
671 3924 1106 3991 prwvalescente,
1167 3920 1535 3989 rumpentibus
1570 3920 1816 3987 vinculis,
1862 3927 2037 3972 nauta:

451 4014 691 4067 exterriti
726 4012 1037 4080 scaphulam
1064 4013 1083 4041 ¹
1112 4010 1467 4074 demiserunt;
1500 4009 1584 4062 vel
1608 4017 1667 4061 ut
1694 4010 1813 4061 navi
1846 4008 2036 4062 fortius

452 4103 787 4157 continendae
817 4101 1089 4156 renovatis
1112 4109 1165 4153 et
1186 4101 1344 4153 altius
1370 4100 1620 4153 stabilitis
1649 4100 1899 4154 anchoris
1919 4100 2035 4155 sub-

452 4196 715 4255 venirent,
748 4193 913 4245 velut
941 4191 1166 4258 scipsos,
1198 4190 1242 4243 si
1274 4198 1515 4258 possent,
1548 4203 1579 4243 a
1608 4189 1919 4244 discrimine
1941 4205 2033 4243 na—

453 4284 530 4337 vis
553 4284 843 4352 eriperent.
875 4280 981 4336 Sed
1029 4281 1149 4334 illos
1194 4281 1374 4334 statim
1416 4295 1537 4334 cum
1587 4280 1758 4348 fragili
1790 4278 2032 4349 perfugio

451 4373 665 4428 lembuli
689 4373 710 4403 ³
739 4374 819 4427 sui
850 4372 1138 4442 arripuisse
1167 4371 1219 4425 in
1248 4372 1499 4441 scopulos
1537 4373 1771 4440 procella
1815 4373 2028 4435 dicitur,

452 4474 505 4517 ct
531 4464 822 4534 superfusis
851 4463 1100 4517 fluctibus
1127 4462 1388 4517 obruisse.
1421 4460 1591 4515 Unum
1633 4476 1699 4515 ex
1748 4462 1893 4514 omni
1933 4477 2031 4515 nu-

2138 1929 2306 1983 tinam
2359 1928 2564 1999 depleri
2615 1929 2709 2000 (id
2736 1938 2832 1993 est,
2864 1930 3112 1999 vacuari,
3154 1929 3465 1998 exhauriri)
3497 1944 3729 1985 necesse

2136 2029 2277 2088 erat,
2306 2021 2526 2076 nomine
2556 2020 2787 2076 Victoris
2830 2030 3049 2076 vocatus
3076 2036 3107 2075 a
3151 2021 3398 2085 Domino,
3443 2021 3731 2091 porrigere

2136 2121 2343 2167 tantum
2385 2115 2565 2184 specie
2610 2115 2803 2182 agendi
2826 2130 3041 2169 manum
3081 2114 3147 2169 ad
3175 2114 3471 2184 quamlibet
3498 2129 3729 2184 operam

2128 2203 2419 2273 jubebatur
2451 2206 2467 2274 (
2496 2204 2553 2258 γ.
2586 2220 2671 2274 ep.
2707 2204 2757 2272 5,
2792 2223 2845 2259 n.
2885 2204 3005 2273 16).
3058 2206 3172 2260 Νοη
3212 2206 3355 2260 enim
3382 2206 3435 2260 in
3460 2206 3638 2261 multa
3676 2214 3730 2262 et

2134 2295 2281 2347 varia
2311 2295 2454 2349 circa
2484 2296 2626 2350 hunc
2654 2311 2836 2351 senem
2872 2296 3193 2350 mirabilitun
3222 2296 3525 2351 divinorum
3547 2299 3730 2366 gratia

2133 2384 2237 2439 hoc
2263 2399 2478 2454 quoque
2503 2385 2596 2439 Dei
2618 2402 2812 2440 munus
2850 2387 3280 2456 praetereundum
3310 2386 3543 2454 videtur,
3576 2387 3731 2458 quod

2133 2478 2295 2531 etiam
2324 2493 2520 2532 nomen
2548 2478 2771 2547 accepit,
2797 2492 2903 2548 quo
2924 2493 3067 2532 nunc
3089 2487 3145 2533 et
3169 2480 3576 2547 regeneratione
3598 2495 3733 2536 oen-

2132 2582 2300 2639 setur,
2326 2580 2380 2627 et
2407 2573 2474 2627 ab
2502 2571 2813 2628 hominibus
2830 2573 2975 2628 etab
2996 2572 3201 2642 angelis
3229 2573 3513 2628 scribitur:
3544 2574 3731 2643 genti-

2132 2664 2247 2719 litio
2271 2665 2412 2720 enim
2438 2665 2590 2734 signo
2614 2664 2831 2734 Valgius
2858 2667 3173 2733 vocabatur,
3213 2667 3305 2735 qui
3344 2682 3487 2722 nunc
3531 2666 3733 2721 Victor

2132 2771 2163 2810 a
2193 2756 2419 2811 Domino
2469 2756 2678 2822 dicitur,
2731 2765 2786 2813 et
2814 2768 2895 2813 est
2934 2760 3109 2813 victor
3138 2759 3193 2812 in
3224 2758 3447 2812 Domino
3469 2799 3484 2823 ,
3520 2758 3619 2826 qui
3656 2757 3732 2814 illi

2131 2857 2315 2918 aptum
2349 2849 2414 2904 ad
2457 2865 2618 2919 Opera
2658 2866 2753 2906 sua
2792 2852 3020 2921 idipsum
3051 2866 3247 2906 nomen
3282 2851 3569 2921 imposuit;
3597 2853 3732 2920 quia

2130 2940 2380 2996 videlicet
2406 2953 2462 2995 et
2490 2942 2542 2995 in
2564 2942 2697 2995 mari
2726 2941 2793 2996 de
2823 2942 3229 3011 tempestatibus
3249 2951 3407 3011 atque
3435 2941 3730 3011 naufragio

2131 3048 2227 3103 per
2244 3032 2565 3102 adjutorium
2585 3032 2801 3099 Christi,
2833 3042 2887 3089 et
2915 3051 3084 3104 nuper
3112 3036 3163 3088 in
3187 3043 3327 3089 terra
3352 3050 3448 3104 per
3474 3034 3729 3103 ejusdem

2131 3125 2356 3191 gratiam
2411 3123 2478 3177 de
2528 3124 2764 3193 peccatis
2810 3132 2866 3180 et
2910 3124 3129 3180 diabolo
3154 3124 3536 3195 triumphavit;
3569 3125 3730 3180 vide-

2059 3208 2106 3271 C
2135 3214 2259 3268 licet
2283 3221 2343 3268 ut
2364 3222 2508 3268 totus
2537 3215 2588 3267 in
2616 3212 2832 3269 Christo
2862 3215 3156 3282 novandus,
3180 3230 3354 3285 neque
3383 3216 3438 3269 in
3471 3215 3725 3279 nomine,

2137 3322 2313 3376 neque
2358 3307 2409 3361 in
2466 3306 2686 3362 homine
2711 3308 2881 3362 veteri
2923 3315 3277 3378 permaneret.

2207 3397 2260 3451 '5.
2301 3396 2431 3450 Mira
2453 3395 2580 3451 fides
2600 3402 2657 3451 et
2676 3396 2958 3452 ineﬂ'abilis
2977 3399 3150 3468 pietas
3165 3396 3376 3453 Domini
3395 3394 3725 3460 Salvatoris,

2141 3476 2232 3547 qui
2259 3489 2463 3537 senem,
2494 3473 2539 3528 si
2569 3472 2707 3527 forte
2739 3488 2929 3528 somno
2971 3474 3120 3542 piger
3145 3473 3341 3528 lentius
3387 3477 3451 3527 ad
3482 3488 3729 3541 gerenda

2140 3571 2508 3632 consurgeret,
2539 3571 2593 3617 et
2619 3563 2769 3617 molli
2791 3579 2952 3617 manu
2977 3575 3101 3619 ante
3127 3567 3480 3635 praepalpans,
3505 3583 3575 3623 ne
3606 3578 3730 3627 tre-

2139 3654 2294 3723 pidus
2322 3650 2728 3723 expergeﬁeret,
2762 3654 3005 3709 vellicata
3052 3655 3248 3711 blande
3284 3657 3518 3711 auricula
3547 3663 3731 3717 susci-

2142 3745 2290 3809 tivit,
2316 3758 2437 3799 cum
2467 3743 2540 3815 (b)
2582 3744 2772 3799 leviter
2810 3746 3054 3801 adnitens
3082 3761 3252 3801 senex
3276 3763 3305 3801 a
3334 3749 3508 3818 primo
3534 3753 3730 3809 statim

2140 3845 2336 3888 conatu
2358 3849 2456 3890 suo
2483 3834 2726 3890 manibus
2748 3836 3002 3904 angelicis
3028 3852 3114 3892 res
3133 3836 3349 3893 etfeetas
3367 3840 3596 3895 videret.
3621 3842 3729 3900 Vix

2139 3924 2417 3979 rudentem
2439 3925 2592 3994 quasi
2611 3924 2864 3980 ducturus
2887 3928 3154 3995 attigerat,
3172 3943 3292 3983 cum
3315 3929 3489 3984 velum
3512 3932 3730 3990 videret

2132 4015 2242 4085 jam
2273 4016 2609 4070 exsinuatum
2639 4016 2693 4071 in
2722 4026 2913 4072 contos
2937 4033 3063 4073 suos
3096 4038 3108 4071 :
3139 4030 3429 4090 supparum
3468 4021 3565 4092 (γ.
3600 4032 3725 4079 not.

2136 4106 2260 4176 200)
2292 4108 2487 4171 stabat,
2509 4108 2624 4161 vela
2655 4109 2805 4163 navis
2834 4107 3078 4163 faciebat.
3106 4110 3255 4178 Aqua
3284 4110 3432 4165 rimis
3460 4112 3615 4167 navis
3632 4128 3731 4170 ac-

2136 4206 2289 4267 cepta
2319 4211 2561 4265 mergere
2590 4205 2888 4251 tentaverat
2912 4215 2924 4251 :
2952 4206 3006 4252 et
3034 4207 3155 4267 post
3178 4214 3341 4253 unum
3369 4200 3456 4254 vel
3485 4201 3728 4257 alterum

2134 4288 2313 4342 brevis
2341 4288 2657 4342 sentinaculi
2680 4288 2926 4342 haustum
2950 4289 3173 4343 humore
3195 4290 3289 4359 (γ.
3322 4298 3435 4345 not.
3467 4290 3595 4361 201)
3626 4294 3730 4348 de-

2134 4378 2353 4443 stricte,
2386 4378 2688 4445 siccataque
2736 4378 2857 4431 navi
2887 4378 3029 4447 quod
3077 4387 3261 4447 ageret
3304 4394 3411 4434 non
3460 4380 3724 4450 habebat,

2134 4479 2355 4539 stupens
2375 4469 2608 4523 laborem
2629 4469 2729 4524 sibi
2758 4470 2873 4523 sine
2900 4469 3082 4523 labore
3106 4471 3363 4540 praecerpi
3384 4472 3427 4536 ⁷,
3451 4480 3507 4525 et
3534 4480 3726 4528 actum

452 4572 600 4610 mero
648 4568 931 4611 nautarum
977 4571 1161 4610 senem
1208 4555 1526 4610 seminando
1577 4554 1906 4623 deputatum,
1949 4555 2032 4608 vel
2060 4557 2112 4617 D
2136 4561 2298 4631 279
2324 4575 2478 4614 suum
2509 4559 2715 4613 occulta
2749 4574 2909 4612 manu
2930 4560 3208 4628 prmveniri
3234 4577 3246 4612 :
3275 4561 3319 4614 si
3345 4560 3483 4615 bene
3504 4563 3724 4618 occulta

452 4656 595 4703 metu
626 4650 987 4715 immemores,
1014 4648 1096 4702 vel
1126 4656 1183 4700 ut
1228 4648 1387 4701 vilem
1420 4646 1652 4699 animam
1679 4653 2029 4698 contemnen-

452 4749 551 4799 tes.
578 4741 902 4807 relinquunt.
955 4737 1162 4791 Interea
1193 4737 1445 4792 destituta
1475 4736 1651 4789 nautis
1680 4742 1735 4788 et
1781 4734 2031 4789 anchoris

453 4831 600 4883 navis
625 4827 864 4881 aufertur
902 4828 954 4880 in
985 4827 1226 4897 pelagus.

517 4920 570 4973 ἓ.
613 4919 786 4973 Senex
818 4919 929 4986 ille,
951 4919 1041 4987 qui
1069 4919 1336 4972 nescierat
1374 4932 1432 4971 se
1460 4917 1726 4984 relictum,
1757 4924 1815 4970 ut
1834 4914 2026 4984 jactari

451 5011 694 5078 volvique
720 5010 907 5074 sensit,
939 5009 1005 5062 ab
1029 5009 1216 5063 intimo
1238 5008 1390 5062 navis
1404 5009 1566 5078 278
1589 5008 1831 5076 emergit,
1855 5020 2021 5059 vacua

450 5106 645 5170 omnia,
673 5119 819 5158 mare
853 5103 1105 5171 undique,
1136 5111 1190 5156 et
1212 5104 1441 5173 undique
1469 5104 1662 5158 coelum
1693 5104 1832 5158 videt
1864 5121 1875 5155 :
1900 5117 2022 5158 cum

451 5203 503 5248 et
552 5203 751 5247 metum
778 5204 831 5248 et
858 5194 1154 5262 periculum
1182 5194 1379 5250 misero
1426 5193 1661 5248 solitudo
1707 5193 2019 5257 cumularet,

448 5302 542 5340 sex
589 5285 702 5339 dies
752 5295 804 5339 et
834 5293 1019 5339 noctes
1042 5285 1256 5353 jejunus
1286 5285 1581 5340 condidit“.
1615 5285 1848 5340 Fuerunt
1877 5289 2019 5344 enim

451 5378 523 5432 illi
571 5380 813 5447 lacryma:
849 5394 1006 5446 panes
1048 5377 1130 5429 die
1176 5394 1236 5429 ac
1264 5386 1412 5430 nocte
1454 5376 1519 5430 d:
1558 5386 1667 5430 tum
1708 5377 1880 5447 ipsum
1909 5380 2021 5448 jam

519 5500 543 5527 ι
586 5489 721 5543 Tob.
779 5504 870 5542 xu.
922 5486 973 5541 7.
1050 5485 1077 5524 ιι
1114 5483 1308 5539 Johan.
1342 5503 1391 5553 v,
1430 5488 1513 5541 l7.
1595 5499 1619 5525 ο
1650 5487 1833 5543 Actor.
1886 5508 1936 5554 t,
1974 5491 2024 5544 5.

2103 5489 2129 5528 τι
2170 5488 2309 5543 Psal.
2351 5485 2534 5547 κυνὶ.

2134 4650 2347 4712 dicitur,
2400 4664 2519 4719 qua:
2549 4656 2656 4702 tam
2702 4649 3041 4718 perspicuum
3086 4650 3377 4718 pnestabat
3430 4651 3721 4709 auxilium.

2133 4737 2237 4793 Sed
2267 4753 2367 4793 nec
2405 4738 2506 4809 ipsi
2552 4748 2867 4808 operatores
2910 4738 3241 4808 simplicibus
3289 4740 3723 4797 innocentissimi

2130 4831 2274 4885 senis
2300 4830 2468 4884 oculis
2492 4828 2971 4885 subtrahebantur:
2998 4844 3121 4882 nam
3141 4844 3283 4898 stepe
3299 4830 3427 4883 vidit
3453 4839 3722 4899 armatos,

2134 4920 2380 4975 videlicet
2407 4919 2473 4973 de
2496 4919 2733 4973 exercitu
2764 4919 2904 4985 cmli,
2954 4919 3150 4972 milites
3177 4919 3445 4974 excubare
3472 4921 3718 4988 navigio,

2129 5022 2183 5066 et
2211 5017 2401 5065 cuncta
2429 5008 2627 5063 nautici
2657 5008 2890 5062 muneris
2910 5008 3298 5063 administrare.
3332 5008 3439 5063 Nec
3466 5024 3597 5064 sane
3620 5025 3719 5064 na-

2131 5116 2251 5156 vem
2280 5100 2424 5153 illam
2447 5100 2547 5153 nisi
2569 5098 2741 5166 angeli
2763 5107 2937 5152 nautae
2958 5098 3240 5164 decebant,
3262 5099 3347 5154 cui
3375 5099 3722 5167 gubernacu-

2134 5195 2237 5247 lum
2260 5200 2375 5247 erat
2397 5191 2580 5245 mundi
2608 5190 2951 5258 gubernator.
2976 5189 3093 5260 Ipse
3113 5191 3254 5245 enim
3284 5191 3541 5244 Dominus
3570 5206 3722 5246 nunc

2130 5299 2230 5341 suo
2257 5282 2406 5335 vultu
2433 5295 2707 5340 coruscus,
2733 5287 2791 5333 ut
2815 5279 2868 5332 in
2890 5278 3209 5350 Apocalypsi
3243 5289 3263 5315 θ
3286 5279 3629 5341 describitur,
3657 5288 3719 5333 et

2131 5392 2285 5433 coma
2307 5373 2567 5443 fulgidus;
2601 5387 2740 5426 nunc
2760 5373 3081 5430 confessoris
3101 5381 3155 5426 et
3183 5372 3341 5426 amici
3362 5372 3441 5427 sui
3464 5410 3479 5435 ,
3507 5370 3713 5426 domini

2616 5494 2639 5522 ι’
2679 5486 2847 5553 Apoc.
2878 5500 2915 5548 ι,
2944 5482 3029 5536 ιιι.

523 5586 535 5603 ·
573 5581 717 5636 Alias
744 5579 834 5643 56,
863 5593 981 5647 qua:
1009 5588 1186 5632 autem
1213 5578 1279 5631 49
1309 5586 1443 5642 erat,
1493 5593 1633 5633 nunc
1679 5578 1920 5647 Append.
1958 5581 2005 5632 1.
2047 5579 2255 5650 Scripta
2277 5593 2417 5632 anno
2454 5576 2575 5639 409,
2600 5583 2690 5629 aut
2719 5584 2858 5644 post.

517 5674 595 5739 (α)
633 5673 722 5727 Sic
748 5673 911 5725 editio
939 5670 1088 5725 Grin.
1120 5671 1188 5723 At
1218 5686 1314 5724 ms.
1344 5668 1505 5739 _Reg.
1538 5669 1751 5723 Paulini
1779 5667 2020 5739 Epistola

452 5737 853 5804 “Mammium,
890 5749 941 5795 et
976 5743 1103 5795 edit.
1148 5739 1301 5806 Bad.,
1331 5737 1491 5793 Grav.
1524 5748 1576 5793 ct
1603 5740 1791 5793 Schot.
1820 5737 2023 5791 addunt

456 5812 508 5861 in
526 5826 622 5877 qua
645 5812 706 5863 de
732 5814 867 5864 senis
900 5812 1173 5881 naufragio
1200 5810 1446 5879 stupenda
1475 5820 1654 5862 narrat
1680 5808 1949 5863 miracula.

2200 5672 2272 5737 (b)
2297 5668 2374 5725 Ita
2397 5667 2681 5723 ms.codex
2711 5664 2906 5733 Regius
2934 5678 3055 5719 cum
3086 5661 3241 5717 editis
3261 5660 3411 5717 Grin.
3435 5670 3490 5717 et
3517 5660 3701 5716 Schot.

2130 5739 2269 5795 Editi
2302 5749 2429 5808 tres,
2458 5739 2658 5791 leniter.
