3988 6176
294 251 388 306 401

1663 246 1994 304 EPISTOLA
2033 246 2213 303 XLIX.

3464 252 3583 308 402

290 360 415 424 mei,
444 359 749 415 communis
770 358 983 430 patroni
1005 357 1099 430 (V.
1124 365 1237 413 not.
1264 356 1351 428 16)
1372 355 1562 412 Felicis
1592 372 1687 412 ore
1713 372 1877 412 vene-
1904 362 1952 418 Α
1978 367 2027 410 et
2055 373 2249 427 pauper
2291 373 2405 410 sum
2432 374 2524 428 ego
2558 369 2603 422 ρ,
2634 366 2687 412 et
2735 361 2900 429 {actus
2953 377 3065 414 sum
3103 360 3289 416 similis
3335 361 3573 431 pelicane

289 450 473 505 rabilis
502 451 558 505 in
584 451 746 520 puppi
770 450 1011 513 sedebat,
1041 450 1178 504 sicut
1208 449 1424 504 nautico
1445 464 1546 504 usu
1574 448 1789 513 dicitur,
1817 448 1882 502 ad

290 552 559 608 temones,
588 542 675 597 vel
703 543 887 612 potius
907 556 1007 611 pro
1055 541 1360 595 temonibus
1390 542 1430 606 ⁸,
1462 554 1598 609 quos
1636 554 1758 594 cum
1788 554 1887 594 an-

290 633 470 689 choris
499 632 702 703 pariter
733 640 790 687 et
823 633 1003 688 nautis
1031 632 1082 685 in
1114 631 1205 686 illo
1234 630 1493 699 naufrago
1515 630 1697 685 littore
1739 630 1889 684 navis

290 724 546 779 amiserat
578 741 592 777 :
626 724 817 779 infelix
843 723 1093 786 feliciter,
1146 731 1203 776 ut
1237 738 1335 791 pro
1388 721 1599 777 amissis
1641 720 1890 775 omnibus

291 816 418 870 viris
443 824 501 870 et
524 816 689 870 armis
717 817 850 879 suis,
881 827 973 869 aut
1002 814 1214 868 Domini
1240 823 1552 885 martyrem,
1583 821 1675 868 aut
1707 814 1888 868 Domi-

293 919 420 959 num
469 903 725 974 martyris
772 903 1063 958 obtineret.
1097 903 1291 957 Narrat
1341 903 1538 971 gaudio
1588 903 1893 974 lacrymans

294 1008 459 1048 senex
486 1009 545 1048 se
571 992 641 1047 ad
670 993 841 1063 ipsius
862 992 1026 1063 pedes
1055 1009 1197 1048 nunc
1226 992 1456 1058 Domini,
1483 1009 1622 1048 nunc
1641 992 1892 1062 martyris

295 1084 666 1152 gubernantis,
691 1084 792 1138 sibi
820 1084 1038 1140 solitum
1069 1084 1371 1154 procubare
1398 1088 1441 1152 θ,
1466 1084 1630 1139 etiam
1659 1083 1889 1137 familia-

298 1175 406 1228 rius
452 1175 574 1244 ipso
618 1174 940 1243 allectante,
989 1175 1043 1229 in
1090 1175 1315 1243 genibus
1343 1190 1557 1244 quoque
1599 1191 1662 1231 ac
1689 1175 1893 1229 sinibus

299 1265 465 1335 sacris
486 1264 729 1331 beatum,
748 1272 799 1319 et
828 1264 1099 1320 afflatibus
1118 1265 1312 1319 divinis
1332 1266 1559 1321 odorum
1587 1268 1628 1297 ²⁰
1649 1266 1891 1321 reclinati

301 1354 496 1423 capitis
524 1354 776 1423 pulvinar
802 1355 1072 1410 habuisse.

372 1442 423 1495 4.
466 1442 781 1498 Dubitemus
809 1460 952 1499 nunc
999 1445 1424 1513 patriarcharum
1455 1445 1603 1501 sinus
1648 1446 1894 1504 ﬁdelibus

301 1534 352 1589 in
381 1532 598 1588 Christo
620 1535 791 1590 servis
818 1544 1027 1604 patere,
1058 1550 1177 1589 cum
1225 1535 1490 1590 immensa
1538 1536 1654 1605 ejus
1682 1538 1893 1593 bonitas

298 1627 461 1681 etiam
495 1627 947 1681 catechumenum
980 1637 1106 1681 tunc
1137 1628 1298 1682 istum
1329 1629 1411 1683 vel
1441 1645 1559 1694 suo,
1604 1630 1689 1684 vel
1718 1632 1892 1686 sancti

1990 449 2300 513 solitudinis,
2324 452 2454 503 sicut
2477 452 2778 521 nycticoraa:
2807 452 2901 523 (V.
2919 462 3032 506 not.
3059 452 3182 519 203)
3211 456 3264 508 in
3288 454 3581 516 domicilio,

1990 548 2045 594 et
2065 541 2139 593 ita
2168 540 2221 593 in
2246 541 2367 593 navi
2397 556 2518 595 mea
2540 542 2672 594 sicut
2709 558 2892 611 passer
2920 544 3099 595 unicus
3129 560 3280 613 super
3311 553 3490 597 tectum
3520 554 3573 598 (ι.

1991 631 2196 684 Audiuit
2220 631 2487 698 Dominus,
2516 640 2564 685 et
2589 633 2829 686 misertus
2853 642 2930 687 est
2959 634 3089 703 ejus,
3121 642 3175 686 et
3190 633 3334 687 misit
3354 634 3575 702 angelos

1992 724 2045 777 in
2072 724 2298 778 circuitu
2346 723 2481 793 ejus,
2512 734 2562 778 et
2590 726 2760 796 {actus
2790 734 2866 779 est
2901 727 2954 777 in
2984 726 3202 778 salutem
3244 724 3285 755 “
3317 734 3360 777 ι’.
3397 723 3572 794 Impe-

1992 815 2121 867 ravit
2151 814 2409 884 procellaz,
2433 824 2481 868 et
2508 816 2648 868 stetit
2678 816 2728 868 in
2761 832 2942 869 auram
2967 822 3012 868 ⁸.
3046 813 3312 885 Increpuit
3339 830 3499 877 mare,
3525 821 3577 867 et

1993 906 2242 959 siluerunt
2262 906 2447 974 [luctus
2467 906 2597 975 ejus,
2624 913 2678 960 et
2696 905 2908 959 deduxit
2934 921 3049 958 eum
3074 906 3127 958 in
3151 907 3296 976 aquis
3324 904 3494 958 multis
3527 905 3576 968 ί.

1992 998 2241 1052 videntem
2270 1014 2427 1068 opera
2451 996 2724 1052 Dominiet
2748 998 3005 1051 mirabilia
3021 998 3132 1069 ejus
3162 1014 3214 1051 tn
3244 994 3505 1066 profundo
3520 1004 3569 1050 “.

2017 1088 2213 1142 Cibavit
2233 1105 2348 1142 eum
2377 1087 2529 1158 adipe
2573 1089 2839 1159 frumenti,
2891 1097 2947 1144 et
2973 1089 3311 1157 colloquente
3334 1086 3581 1148 Christo,

1994 1180 2145 1248 quasi
2175 1180 2239 1233 de
2262 1189 2427 1247 petra,
2457 1179 2609 1234 melle
2627 1188 2891 1233 saturatus
2920 1188 2996 1233 est
3034 1190 3081 1233 ν.
3108 1179 3366 1249 Respexit
3394 1178 3573 1232 humi-

1996 1271 2122 1337 lem,
2160 1272 2252 1339 qui
2280 1270 2459 1325 beavit
2504 1284 2767 1340 pauperes
2799 1270 2988 1339 spiritu
3020 1279 3065 1322 ι.
3110 1269 3351 1323 Flentem
3383 1265 3576 1321 affatus

1996 1368 2097 1427 est,
2128 1360 2221 1429 qui
2242 1361 2489 1430 promisit
2527 1360 2833 1428 lugentibus
2880 1360 3327 1414 consolationem.
3371 1357 3438 1411 Et
3482 1356 3577 1425 qui

1995 1450 2355 1507 esurientibus
2393 1458 2449 1504 et
2467 1450 2772 1505 sitientibus
2796 1450 3059 1520 justitiam
3102 1450 3438 1504 saturitatem
3460 1447 3572 1512 dat,

1996 1541 2110 1609 ipse
2137 1540 2281 1595 hunc
2305 1536 2663 1603 deﬁcientem,
2698 1541 2788 1609 qui
2816 1540 2989 1611 panis,
3020 1548 3073 1593 et
3097 1539 3328 1608 justitia,
3376 1546 3431 1592 et
3457 1540 3576 1592 fons

1996 1631 2117 1684 vitae
2145 1639 2244 1695 est,
2276 1629 2343 1685 de
2370 1630 2564 1700 seipse
2589 1630 2815 1699 irrigans
2837 1630 3011 1700 pavit;
3039 1644 3139 1683 nec
3162 1629 3265 1682 alia
3284 1628 3440 1681 istum
3462 1627 3577 1696 pie-

298 1717 400 1781 sui,
431 1716 629 1772 foverit
670 1717 896 1786 gremio.
923 1718 1057 1772 Nam
1085 1728 1142 1774 et
1186 1720 1239 1773 in
1281 1729 1469 1775 sancto
1497 1736 1594 1776 suo
1625 1722 1737 1792 ipse
1765 1723 1895 1777 ade-
1925 1727 1969 1787 B
2000 1728 2129 1785 tate,
2159 1735 2320 1789 quam
2346 1736 2560 1775 omnem
2596 1721 2871 1775 hominem
2904 1722 2954 1775 in
2987 1722 3144 1787 hujus
3172 1719 3357 1773 mundi
3388 1719 3577 1789 pelago

299 1819 403 1879 rat,
428 1813 523 1881 qui
565 1812 718 1879 dixit,
771 1821 830 1866 ut
868 1813 1039 1879 nosti,
1072 1813 1139 1867 ad
1171 1812 1383 1867 Patrem
1418 1832 1430 1866 :
1463 1814 1576 1886 Ego
1606 1816 1894 1871 claritatem

300 1920 455 1974 quam
486 1903 676 1956 dedisti
698 1904 844 1970 mihi,
875 1904 994 1957 dedi
1015 1905 1110 1967 eis,
1140 1914 1196 1957 ut
1221 1921 1377 1959 unum
1402 1907 1525 1973 sint,
1555 1907 1707 1959 sicuti
1733 1915 1780 1958 et
1802 1924 1894 1960 nos

299 2011 458 2049 unum
482 2013 664 2049 sumus
710 1997 771 2050 ³³.
803 1995 916 2067 Ego
944 1998 996 2050 in
1028 1999 1121 2059 eis,
1174 2006 1223 2050 et
1255 2007 1304 2050 tu
1333 2001 1387 2050 in
1417 2015 1497 2051 me
1528 2006 1572 2050 ⁸.
1606 1996 1673 2051 Ει
1703 1998 1894 2052 iterum

296 2085 367 2140 ad
412 2086 713 2155 apostolos,
749 2086 799 2140 in
829 2086 1022 2155 quibus
1052 2087 1303 2142 universo
1331 2088 1545 2157 corpori
1585 2103 1683 2142 suo
1712 2087 1846 2141 dixit
1879 2106 1890 2140 :

299 2174 437 2230 Ecce
462 2194 559 2248 ego
587 2176 842 2231 vobiscum
864 2194 977 2231 sum
1022 2177 1256 2233 omnibus
1289 2178 1463 2233 diebus
1493 2196 1651 2251 usque
1675 2180 1745 2233 ad
1773 2196 1896 2232 con-

298 2270 697 2322 summationem
724 2270 883 2323 seculi
927 2268 973 2323 δ.
1004 2268 1156 2336 Quod
1184 2270 1426 2339 quotidie
1465 2271 1621 2326 nobis
1655 2271 1707 2325 in
1735 2286 1895 2325 manu

299 2360 393 2431 (γ.
422 2369 541 2415 not.
574 2359 699 2431 202)
730 2370 786 2415 et
813 2363 1182 2432 apostolorum
1230 2379 1452 2419 suorum
1494 2372 1548 2419 et
1575 2372 1892 2436 martyrum,

297 2463 565 2522 aperante
609 2456 913 2524 conspicuis
957 2457 1247 2511 virtutibus
1288 2457 1550 2526 potentia,
1579 2458 1791 2527 probat,
1838 2466 1897 2511 ut

290 2546 587 2601 credamus
612 2545 707 2600 Dei
729 2545 920 2601 Filium
949 2554 1004 2601 et
1033 2547 1318 2601 Dominum
1347 2555 1588 2602 nostrum
1617 2545 1799 2602 Jesum
1827 2562 1894 2602 ex

295 2635 703 2707 resurrectione
762 2644 1098 2691 mortuorum
1152 2645 1471 2705 regnantem
1519 2637 1575 2691 in
1634 2636 1784 2693 oculis
1829 2636 1896 2693 ad

297 2724 583 2779 dexteram
614 2723 788 2780 Patris
822 2734 866 2791 ο,
889 2727 1116 2780 vivorum
1145 2742 1264 2783 esse
1290 2725 1592 2795 Dominum,
1621 2744 1724 2781 non
1754 2744 1895 2781 mor-

300 2826 505 2870 tuorum
536 2813 585 2870 ά.
618 2814 759 2887 Ergo
800 2832 921 2871 cum
952 2826 1008 2871 et
1034 2817 1207 2872 sancti
1251 2819 1335 2872 sui
1362 2817 1685 2873 confessoris
1722 2817 1900 2885 efﬁgie

296 2922 484 2962 senem
514 2913 738 2961 nautam
780 2906 1015 2973 fovebat,
1046 2908 1159 2977 ipse
1183 2908 1372 2963 aderat
1399 2906 1452 2962 in
1483 2918 1670 2963 sancto
1699 2924 1816 2973 suo,
1843 2915 1899 2962 et

296 2996 501 3052 fessum
533 3006 699 3066 atque
738 2997 1042 3067 depositum
1072 2997 1284 3052 blandis
1312 2998 1581 3053 mulcebat
1610 2998 1892 3068 alloquiis;

2002 1811 2362 1879 volutantem,
2393 1810 2574 1865 dedita
2624 1810 2765 1866 Patri
2798 1826 2965 1880 usque
3012 1811 3078 1865 ad
3120 1813 3295 1866 crucis
3347 1818 3575 1862 mortem

2000 1900 2199 1969 pietate
2223 1901 2505 1956 miseratus
2534 1908 2647 1966 est;
2676 1902 2798 1969 quia
2820 1902 3065 1956 videlicet
3090 1917 3225 1955 unus
3262 1902 3425 1954 homo
3454 1900 3575 1953 uni-

1997 1992 2268 2048 versitatis
2305 1991 2506 2061 portio,
2536 2000 2590 2047 et
2613 1992 2930 2047 universitas
2959 1992 3116 2045 unius
3144 1990 3315 2046 forma
3344 1990 3576 2044 hominis

1998 2091 2050 2135 et
2075 2097 2235 2135 causa
2257 2091 2360 2138 CSL

2069 2173 2120 2225 6.
2160 2172 2401 2242 Denique
2444 2189 2550 2227 non
2580 2173 2750 2228 solum
2780 2188 2972 2227 navem
2996 2174 3058 2236 ’⁸,
3095 2173 3188 2227 sed
3237 2172 3408 2242 ipsum
3436 2186 3575 2241 quo-

1998 2279 2123 2334 que,
2146 2263 2298 2332 cujus
2318 2278 2478 2318 causa
2500 2279 2687 2318 navem
2710 2265 2977 2329 tuebatur,
3001 2278 3209 2331 regens,
3240 2263 3366 2317 etin
3392 2277 3459 2317 eo
3476 2262 3579 2317 (ιιι.

1998 2362 2146 2409 creta
2170 2354 2247 2425 (id
2261 2364 2336 2408 est
2361 2354 2600 2426 diversa};
2632 2354 2736 2408 vid.
2756 2370 2840 2425 ep.
2875 2353 2961 2417 50,
2989 2371 3041 2407 η.
3072 2354 3158 2423 15)
3190 2353 3365 2408 carnis
3386 2360 3439 2407 et
3464 2353 3575 2422 spi-

2000 2447 2134 2501 ritus
2163 2446 2335 2501 ofﬁcia
2366 2446 2702 2517 dispensans,
2747 2454 2909 2501 noctu
2938 2461 3187 2501 securum
3214 2445 3577 2514 requiescere,

1998 2540 2087 2595 die
2112 2539 2337 2609 vigilare
2357 2540 2646 2595 sollicitum
2671 2541 2914 2609 jubebat,
2945 2556 3004 2595 se
3034 2556 3129 2611 pro
3175 2540 3477 2595 dormiente
3500 2540 3578 2594 vi-

1997 2632 2305 2701 gilaturum,
2320 2640 2376 2686 et
2399 2632 2639 2701 vigilanti
2660 2641 3075 2703 cooperaturum
3092 2646 3212 2687 esse
3240 2631 3578 2701 promittens.

2001 2722 2205 2791 Nempe
2235 2723 2382 2776 illum
2412 2724 2466 2778 in
2496 2724 2561 2778 iis
2580 2726 2757 2778 verbis
2798 2724 3011 2779 Domini
3040 2738 3397 2792 recognosces
3422 2721 3580 2777 aﬁ‘ec-

2002 2822 2134 2881 tum,
2166 2829 2274 2883 quo
2304 2831 2521 2885 semper
2548 2816 2623 2870 ita
2648 2830 2797 2885 spem
2825 2824 3067 2871 nostram
3107 2814 3273 2878 fovet,
3300 2822 3358 2867 ut
3376 2812 3579 2867 sollici-

2001 2901 2239 2957 tudinem
2282 2919 2389 2958 non
2438 2904 2680 2958 relaxet:
2711 2904 2783 2958 ita
2812 2902 3033 2957 inﬁrmae
3068 2904 3217 2957 carni
3243 2902 3492 2977 consulit,
3524 2910 3579 2957 ut

2001 2999 2221 3070 spiritus
2248 3008 2528 3069 promptus
2551 3013 2669 3055 esse
2707 3013 2816 3053 non
2845 2997 3072 3051 desinat.
3105 2995 3174 3049 Et
3202 2996 3323 3050 ideo
3343 2996 3420 3050 sic
3450 2995 3578 3049 dor-

296 3102 396 3144 nec
446 3088 624 3155 magis
653 3088 775 3142 cibo
803 3103 965 3157 quam
1013 3089 1177 3143 verbo
1199 3088 1492 3154 reﬁciebat,
1523 3089 1647 3159 quia
1677 3090 1791 3160 ipse
1814 3096 1895 3145 est
1924 3102 1969 3163 ρ
2000 3093 2134 3146 mire
2160 3091 2403 3161 permisit
2422 3091 2534 3145 seni
2558 3091 2719 3154 fesso,
2746 3098 2803 3145 ut
2828 3105 2894 3147 ne
2914 3090 3027 3144 seni
3049 3089 3263 3158 quidem
3285 3094 3340 3143 et
3361 3086 3579 3155 fatigato

294 3195 456 3235 verus
484 3181 660 3250 panis,
685 3182 771 3250 qui
814 3180 876 3233 de
904 3180 1028 3234 εωιο
1054 3180 1317 3234 descendit
1351 3190 1373 3215 ο
1399 3180 1521 3234 dare
1551 3197 1720 3234 escam
1750 3182 1893 3235 omni

293 3272 447 3325 carni
483 3270 529 3325 τ.
564 3270 620 3323 In
650 3271 797 3325 omni
826 3270 969 3325 enim
1012 3270 1230 3324 homine
1268 3286 1404 3340 Opus
1432 3285 1585 3324 suum
1615 3270 1805 3338 diligit,
1837 3280 1894 3325 et

294 3376 537 3425 omnem,
564 3368 825 3429 quantum
869 3359 922 3413 in
952 3359 1069 3428 ipso
1092 3367 1193 3422 est,
1244 3358 1506 3413 hominem
1554 3360 1751 3414 salvum
1775 3360 1893 3429 ﬁeri

294 3453 397 3507 vult
421 3462 446 3500 ε
470 3471 483 3504 ;
510 3454 637 3521 quia
659 3461 875 3505 mortem
901 3468 1003 3506 non
1028 3452 1149 3522 fecit
1172 3451 1297 3505 vita:
1326 3451 1482 3505 dator
1503 3461 1557 3505 et
1586 3451 1692 3505 vita
1716 3459 1888 3517 totus;

292 3562 381 3601 nec
421 3546 634 3601 [celatur
658 3546 713 3598 in
734 3545 1019 3616 perditione
1048 3546 1273 3598 vivorum
1294 3542 1350 3610 h;
1374 3544 1465 3613 qui
1499 3543 1703 3598 mavult
1731 3544 1892 3598 mise—

294 3638 583 3693 ricordiam
604 3651 763 3707 quam
785 3636 1106 3692 sacriﬁcium
1136 3634 1177 3702 ί,
1206 3652 1303 3691 nec
1324 3649 1583 3705 personas
1610 3635 1810 3705 accipit
1841 3637 1859 3687 1'
1874 3653 1887 3701 ;

293 3728 381 3796 qui
412 3726 548 3783 fecit
575 3742 785 3795 omnes,
836 3726 933 3783 sed
961 3743 1060 3798 pro
1086 3728 1293 3782 meritis
1322 3726 1557 3797 judicat;
1589 3729 1710 3799 quia
1748 3727 1888 3782 Deus

295 3820 456 3893 iudex
481 3830 580 3874 est.

359 3911 416 3965 5.
463 3911 708 3982 Denique
748 3928 855 3967 non
909 3913 985 3967 illi
1014 3913 1101 3968 hic
1129 3912 1197 3968 de
1246 3912 1554 3968 calamitate
1599 3911 1885 3982 naufragii,

290 4022 475 4077 neque
496 4006 563 4061 de
590 4007 742 4061 senio
764 4016 818 4061 et
865 4016 1105 4075 egestate
1143 4014 1306 4061 nauta
1340 4006 1498 4061 vilior
1543 4006 1707 4077 280
1748 4005 1886 4073 fuit;

289 4098 381 4151 sed
444 4096 509 4150 iis
550 4097 801 4151 omnibus
842 4098 906 4165 η,
935 4098 1130 4167 quibus
1158 4113 1281 4153 eum
1311 4105 1365 4153 et
1392 4098 1525 4152 socii
1552 4104 1885 4167 spreverant,

286 4186 567 4242 Christum
597 4187 786 4252 movit,
818 4196 876 4242 et
916 4189 1121 4242 viscera
1165 4187 1343 4242 divina
1392 4188 1684 4243 concussit.
1738 4185 1888 4240 Oculi

286 4282 438 4334 enim
464 4280 573 4350 ejus
599 4295 812 4348 semper
840 4280 895 4333 in
919 4297 1195 4350 pauperem
1224 4281 1521 4348 respiciunt.
1554 4274 1802 4332 Profecto
1832 4285 1887 4331 et

286 4374 378 4428 iste
418 4389 611 4442 pauper
630 4374 890 4439 clamavit,
922 4382 971 4425 et
993 4370 1246 4425 Dominus
1267 4371 1529 4426 exaudivit
1567 4386 1683 4423 eum
1710 4367 1759 4423 ιι.
1786 4366 1884 4423 Cui

1996 3185 2114 3239 sine
2166 3182 2419 3251 vigilandi
2466 3184 2685 3251 negotio
2732 3183 3076 3239 securitatem
3125 3181 3453 3245 remitteret;
3511 3194 3579 3233 ne

1994 3274 2200 3330 scilicet
2248 3274 2614 3329 resolveretur
2643 3274 2694 3328 in
2721 3288 2941 3328 somnos
2981 3274 3201 3337 intertes,
3236 3280 3291 3325 et
3319 3270 3580 3339 inciperet

1992 3384 2100 3423 non
2131 3368 2305 3423 solum
2329 3381 2577 3437 corpore,
2601 3366 2696 3422 sed
2726 3376 2780 3421 et
2807 3373 2986 3420 mente
3005 3363 3263 3418 dormire.
3286 3360 3440 3429 Quod
3468 3375 3579 3415 me-

1994 3469 2151 3515 tuens
2203 3459 2424 3528 quidam
2464 3466 2683 3513 sanctus
2738 3458 2808 3511 ait
2844 3475 2855 3509 :
2891 3455 3143 3510 Illumina
3196 3453 3371 3508 oculos
3417 3467 3579 3515 meos,

1992 3548 2232 3613 Domine,
2258 3566 2322 3601 ne
2344 3564 2587 3619 umquam
2623 3545 2943 3601 obdormiam
2973 3545 3048 3616 (α)
3076 3546 3131 3598 in
3160 3552 3376 3597 mortem
3407 3552 3455 3594 7.
3484 3541 3579 3595 Vi-

1992 3639 2113 3694 cina
2142 3639 2284 3693 enim
2327 3638 2487 3691 morti
2516 3636 2663 3691 labes
2698 3643 2780 3688 est
2804 3643 2986 3703 torpor
3013 3630 3426 3688 animorum.Et
3452 3638 3578 3684 tunc

1992 3731 2126 3785 dicet
2146 3728 2384 3782 inimicus
2415 3744 2431 3779 :
2463 3725 2723 3779 I’rtevalui
2741 3725 2987 3777 adversus
3009 3739 3124 3776 eum
3162 3722 3267 3786 ’,εἰ
3298 3727 3352 3775 et
3380 3722 3579 3775 mentis

1992 3819 2181 3874 oculos
2200 3831 2420 3871 somnus
2433 3814 2777 3884 oppresserit.
2795 3811 3244 3881 Recognoscimus
3259 3825 3386 3879 ergo
3403 3811 3588 3881 ipsum.

1992 3908 2105 3963 seni
2136 3905 2390 3970 adfuisse,
2440 3904 2531 3973 qui
2579 3903 2714 3957 dixit
2765 3900 3176 3957 dormitantibus
3227 3901 3369 3955 suis:
3412 3902 3573 3971 281

2001 3996 2241 4067 Vigilate,
2274 4003 2325 4047 et
2369 4002 2535 4060 orate,
2559 4002 2614 4046 ut
2661 4008 2764 4046 non
2788 3992 3003 4046 veniatis
3032 3992 3085 4044 in
3126 3992 3462 4044 tentatiouem
3494 3998 3572 4053 αις

1991 4088 2248 4142 etiterum
2274 4084 2613 4152 vigilantibus
2640 4084 2737 4149 ait,
2750 4083 2861 4153 jam
2885 4083 3089 4138 scilicet
3116 4082 3470 4137 excitatorum
3494 4083 3573 4135 vi-

1990 4193 2119 4247 gore
2148 4192 2369 4233 securus
2398 4194 2410 4230 :
2444 4175 2678 4229 Dormite
2715 4178 2849 4247 jam,
2881 4185 2929 4229 et
2966 4177 3265 4248 requiescite
3307 4174 3388 4229 δι’.
3420 4174 3574 4241 Quod

1989 4269 2205 4340 quidem
2230 4284 2337 4323 non
2360 4269 2530 4337 magis
2556 4267 2623 4322 de
2648 4283 2911 4338 corporeo
2940 4284 3131 4322 somno
3174 4284 3332 4339 quam
3368 4268 3434 4322 de
3457 4268 3576 4324 ﬁdei

1990 4362 2452 4417 firmitatedietum
2472 4361 2598 4415 alibi
2613 4361 2790 4427 docet,
2812 4362 3025 4417 dicens:
3059 4362 3366 4417 Constantes
3396 4372 3588 4427 estote,.

285 4466 516 4521 forsitan
551 4466 619 4519 ad
647 4464 979 4535 precandum
1007 4465 1169 4518 etiam
1200 4478 1361 4518 voces
1400 4461 1743 4531 propheticas
1780 4458 1885 4512 Do-
1913 4463 1964 4523 D
1987 4456 2108 4527 quia
2129 4470 2223 4524 ego
2250 4455 2345 4507 vici
2368 4452 2611 4507 mundum
2646 4462 2723 4506 οο.
2750 4452 2889 4507 Vera
2918 4453 3061 4507 enim
3092 4453 3321 4508 hominis
3349 4452 3463 4507 haec
3489 4468 3593 4508 re--

284 4558 472 4611 minus
494 4567 547 4611 et
564 4557 679 4625 ipsa
694 4557 916 4626 periculi
932 4570 1093 4609 causa
1116 4554 1418 4616 dictaverit,
1445 4562 1502 4605 ut
1522 4550 1782 4605 clamaret
1799 4549 1843 4581 ¹³
1867 4568 1878 4601 :

288 4646 509 4701 Salvum
547 4664 629 4700 me
669 4649 752 4717 [ac
776 4689 790 4714 ,
835 4645 974 4699 Deus
1008 4688 1023 4713 ,
1071 4645 1315 4717 quoniam
1358 4646 1681 4698 intraverunt
1735 4656 1882 4713 aqua:

292 4756 447 4811 usque
473 4740 544 4793 ad
571 4744 803 4795 animam
829 4758 1018 4795 meam.
1050 4740 1175 4795 Veni
1204 4742 1257 4795 in
1298 4739 1625 4794 altitudinem
1646 4740 1805 4792 maris
1837 4736 1879 4802 ι,

293 4848 391 4884 non
412 4850 499 4886 me
519 4832 779 4903 demerget
802 4842 1079 4902 tempestas
1100 4848 1266 4903 aquae,
1298 4849 1459 4903 neque
1487 4828 1760 4885 absorbent
1804 4846 1885 4884 me

293 4921 608 4992 profundum
638 4933 697 4975 ω.
741 4922 855 4977 Cito
893 4925 1139 4994 anticipet
1188 4922 1673 4978 memisericordia
1717 4929 1807 4975 tua
1833 4930 1880 4985 υ,

293 5013 604 5081 priusquam
648 5014 844 5084 inﬁgar
888 5015 943 5067 in
973 5014 1095 5067 limo
1141 5013 1406 5084 profundi,
1439 5021 1493 5068 et
1521 5022 1704 5085 urgeat
1732 5027 1885 5082 super

295 5119 373 5157 me
392 5114 574 5173 puteus
602 5122 659 5159 os
692 5122 841 5159 suum
888 5114 935 5159 ο.
984 5103 1200 5175 Respice
1224 5107 1277 5158 in
1306 5122 1404 5168 me,
1437 5105 1680 5174 quoniam
1704 5103 1883 5157 unicus

367 5246 393 5275 ⁸
416 5238 608 5293 Johan.
644 5256 769 5303 xvn,
801 5238 890 5292 9.2.
966 5238 992 5277 ιι
1018 5239 1208 5295 Matth.
1241 5257 1427 5304 xxvnt,
1461 5238 1549 5292 20.

299 5306 385 5361 41.
466 5308 484 5346 ΐ
528 5307 668 5363 Psal.
706 5325 904 5372 cxxxv,
934 5308 1022 5364 25.

301 5376 389 5446 15;
416 5376 541 5433 Luc.
576 5396 665 5443 xx,
695 5379 781 5431 2|.
860 5379 1036 5434 lIPsal.
1065 5397 1252 5446 χχχιιι,
1276 5381 1323 5435 ’7.

301 5443 335 5497 3
364 5448 521 5501 etlﬁ.
599 5460 625 5497 P
666 5447 805 5504 Psal.
838 5466 984 5517 xxxv,
1010 5451 1092 5504 l6.
1170 5462 1196 5500 (ι
1236 5443 1375 5505 Psal.
1400 5466 1468 5516 Cl,
1503 5450 1533 5501 ’1
1555 5458 1609 5504 et
1633 5448 1687 5501 8.

304 5531 385 5587 ev,
427 5517 505 5587 9.7
552 5527 578 5587 ξι
620 5518 762 5573 Psal.
793 5536 898 5587 cvi,
937 5520 1023 5572 21.
1100 5530 1127 5558 ν
1168 5522 1305 5575 Psal.
1331 5537 1492 5585 Lxxx,
1519 5519 1604 5573 17.

305 5583 392 5640 41.
460 5586 525 5625 λδδ
549 5584 706 5653 Ibid.,
732 5588 819 5643 45.
885 5583 954 5629 ὀε
985 5589 1177 5645 Johan.
1204 5608 1314 5657 xvr,
1346 5591 1433 5646 55.

374 5722 455 5794 (α)
482 5723 566 5781 Sic
611 5740 713 5781 ms.
749 5725 879 5798 Reg.
925 5742 1045 5783 cum
1075 5727 1195 5785 cdd.
1229 5726 1381 5795 Bai,
1412 5726 1575 5783 Grav.
1617 5733 1691 5797 et
1718 5721 1870 5779 Grin.

1631 5250 1651 5276 ε
1670 5236 1835 5290 Marc.
1872 5249 1979 5293 xvr,
2008 5229 2093 5284 19.
2172 5226 2197 5266 ἀ
2226 5227 2413 5282 Matth.
2441 5244 2571 5291 xxii,
2605 5228 2707 5293 32;
2734 5227 2898 5282 Marc.
2932 5243 3023 5291 xu,
3053 5225 3142 5279 27.

1102 5321 1126 5357 κ
1166 5309 1350 5364 lTim.
1386 5302 1444 5374 ιι,
1492 5308 1545 5361 4.
1622 5305 1649 5344 ιι
1688 5308 1825 5375 Sap.
1850 5302 2001 5375 1,7l5.

1410 5367 1574 5433 lPsal.
1601 5367 1945 5443 va111,2,'5.
2002 5382 2039 5407 η’
2065 5369 2405 5443 Psal.}.xviu,
2427 5368 2517 5443 l6.
2574 5378 2599 5405 η
2624 5368 2771 5443 Psal.
2790 5383 3011 5443 Lxxvin,
3036 5367 3088 5419 8.

1766 5437 1785 5484 ι²
1829 5443 1971 5497 Psal.
2005 5457 2147 5505 χχιχ,
2176 5440 2232 5491 11
2270 5455 2283 5498 ;
2320 5437 2463 5493 Psal.
2497 5455 2683 5503 xxxm,
2708 5438 2761 5493 8.

1683 5526 1706 5553 κ
1745 5514 1934 5569 Matth.
1977 5529 2036 5577 v,
2066 5510 2120 5565 5.
2195 5519 2223 5559 γ
2260 5507 2399 5565 Psal.
2433 5525 2540 5577 xu,
2579 5510 2665 5564 M.

1513 5588 1569 5627 ad
1605 5587 1740 5657 Eph.
1774 5602 1828 5647 ιι,
1865 5583 1952 5637 ιι.

1990 4550 2143 4618 quies
2167 4557 2267 4613 est,
2287 4549 2329 4602 si
2353 4546 2454 4602 ﬁde
2478 4556 2755 4615 constans,
2776 4556 2831 4602 et
2856 4546 3078 4601 victoria
3108 4544 3305 4601 Chris‘ti
3334 4547 3400 4601 ab
3428 4546 3572 4601 omni

1990 4639 2147 4696 hoste
2172 4654 2415 4703 securus,
2446 4654 2582 4707 pace
2611 4638 2863 4693 unanime
2891 4635 3223 4706 perfruatur;
3271 4636 3393 4708 Ipse
3439 4638 3574 4692 enim

1989 4732 2133 4803 quies
2170 4740 2349 4784 nostra
2372 4727 2572 4798 d“,.qui
2617 4744 2719 4798 pax
2750 4728 2904 4783 nobis
2925 4735 3025 4793 est,
3058 4726 3256 4797 quippe
3294 4743 3393 4797 pro
3423 4728 3575 4782 nobis

1988 4822 2176 4891 vigilat
2197 4831 2254 4875 ut
2270 4821 2575 4889 requiescat
2602 4821 2654 4875 in
2675 4819 2848 4885 nobis,
2881 4827 2937 4874 et
2959 4818 3051 4889 qui
3069 4834 3209 4874 nunc
3236 4818 3455 4888 vigilare
3477 4835 3575 4872 nos

1988 4928 2088 4982 pro
2111 4912 2292 4980 quiete
2319 4920 2581 4981 perpetua
2603 4910 2788 4979 jubet-

2059 5004 2109 5056 7.
2138 5002 2254 5072 lpse
2291 5001 2548 5057 Dominus
2576 5002 2690 5056 haec
2717 5000 2905 5055 eadem
2932 5000 3149 5070 pietatis
3189 5016 3299 5054 sua:
3326 5012 3571 5059 munera,

1985 5110 2103 5166 qua:
2130 5102 2247 5150 toto
2285 5093 2401 5148 vult
2427 5094 2513 5163 agi
2540 5092 2759 5159 mundo,
2786 5092 2837 5147 in
2867 5092 2972 5147 hoc
2998 5106 3127 5147 sene
3157 5107 3263 5146 uno
3304 5103 3462 5158 agere
3490 5086 3571 5140 di-

3221 5234 3244 5262 °
3270 5222 3460 5277 Johan.
3492 5236 3567 5287 vi,

2660 5292 2913 5351 i'Matth.
2948 5314 3077 5358 xxu,
3124 5294 3188 5347 16
3214 5313 3227 5357 ;
3253 5292 3416 5350 Marc.
3467 5305 3564 5355 xu,

3167 5376 3189 5399 υ
3214 5362 3351 5416 Psal.
3382 5376 3564 5424 vam,

2842 5448 2863 5475 ε
2894 5428 3035 5491 Psal.
3068 5432 3275 5496 cv1,29.
3362 5436 3373 5465 ι
3420 5428 3561 5483 Psal.

2745 5520 2766 5546 ι
2796 5508 2953 5573 lbid.,
2999 5505 3048 5559 5.
3128 5515 3185 5541 οη
3202 5500 3388 5556 Matth.
3414 5515 3561 5566 xxvr,

2088 5299 2097 5336 ί
2145 5298 2334 5353 Matth.
2383 5314 2457 5365 ις,
2493 5299 2577 5352 ιδ.

1982 5717 2189 5786 Graece,
2228 5721 2297 5779 εἰς
2323 5720 2552 5775 θάνατον.
2588 5715 2732 5772 Edd.
2782 5714 2943 5771 Rosv.
2977 5718 3030 5767 et
3052 5708 3261 5777 Sehot.,
3294 5706 3346 5760 in
3370 5716 3554 5764 morte.
