3994 6180
437 277 538 329 ωδ

1559 271 1614 326 S.
1657 270 1929 325 PAULlNl
1970 269 2218 324 NOIANI
2258 267 2555 324 EPISCOPI

3592 271 3689 324 49$

430 394 621 455 gnatus
639 392 743 453 est,
767 399 887 440 cum
914 385 1279 441 blandimento
1308 398 1547 475 severus,
1580 397 1679 436 nec
1721 382 1836 434 sine
1865 380 2015 475 freno
2048 388 2089 440 Α
2121 402 2298 455 “cium
2328 416 2580 470 puppem,
2616 400 2869 455 fabulosis
2912 403 3102 457 “ueris
3147 414 3512 471 sacravemm,
3545 414 3698 475 atque

431 477 640 531 timoris
661 476 963 544 indulgens,
1003 489 1187 530 aurem
1218 474 1386 540 vellit,
1411 481 1472 528 ut
1498 487 1745 527 somnum
1775 471 2016 539 corporis

431 574 738 629 excuteret;
790 566 963 619 sinum
1010 566 1269 634 praebuit,
1314 572 1373 619 ut
1418 564 1653 632 quietem
1704 570 2015 630 perpetuam

432 656 779 711 ininiStraret.
808 654 1006 721 Viginti
1040 662 1148 709 tres
1176 654 1289 708 dies
1316 654 1481 707 homo
1512 668 1618 706 non
1660 651 1817 705 modo
1848 666 1877 703 a
1909 659 2019 704 ter-

431 745 523 809 ris,
549 745 643 800 sed
664 752 719 798 et
739 745 805 799 ab
827 745 1132 799 hominibus
1160 745 1430 809 exclusus,
1460 743 1699 799 omnium
1729 750 2015 797 ventorum

432 832 748 899 ludibrium,
782 834 959 888 omnis
986 843 1142 889 terra:
1172 833 1285 904 (Sic
1314 849 1480 889 carm.
1513 833 1604 900 21,
1634 849 1685 886 v.
1710 832 1833 903 222)
1866 834 2017 887 exsul

429 925 627 979 diversi
656 926 817 980 maris
860 926 1075 994 hospes,
1109 934 1163 979 et
1201 941 1388 980 exsors
1416 926 1626 994 generis
1675 925 1894 978 humani
1950 924 2012 989 “,

428 1017 570 1070 inter
597 1016 788 1071 ﬂuctus
817 1026 871 1071 et
898 1018 1103 1071 belluas
1133 1017 1296 1070 maris
1340 1017 1393 1069 in
1438 1030 1572 1083 vago
1602 1017 1843 1069 erratica:
1866 1016 2017 1070 navis

429 1107 686 1175 hospitio,
711 1106 950 1175 jejuniis,
983 1106 1156 1170 senio,
1189 1107 1381 1160 timore
1409 1105 1702 1169 confectus,
1727 1120 1909 1173 QUIBSO
1940 1112 2012 1167 te,

429 1195 689 1265 numquid
728 1204 920 1250 natura
947 1211 1041 1249 sua
1070 1195 1415 1264 perduravit?
1442 1195 1539 1248 Cui
1570 1210 1697 1264 ergo
1727 1194 2014 1248 obscurum

429 1286 500 1339 sit
523 1286 690 1340 Deum
720 1286 773 1340 in
800 1287 893 1341 illo
924 1286 1123 1340 fuisse?
1144 1285 1277 1339 Eum
1302 1285 1416 1339 dixi
1443 1287 1628 1351 Deum,
1660 1288 1743 1355 qui
1774 1287 1900 1355 facit
1919 1287 2017 1339 mi-

430 1377 620 1431 rabilia
658 1380 797 1433 solus
823 1388 879 1443 ας
912 1379 1003 1447 qui
1032 1388 1178 1432 vocat
1206 1395 1267 1432 ea
1295 1394 1408 1445 qua:
1441 1395 1543 1431 nou
1574 1388 1712 1442 sunt,
1754 1386 2014 1448 tamquam

429 1485 543 1538 qua:
570 1470 675 1522 sint
705 1468 759 1535 b;
790 1469 941 1537 cujus
964 1483 1067 1538 ope
1095 1468 1291 1523 enabat
1321 1476 1433 1522 toto
1454 1468 1604 1521 navis
1631 1475 1838 1522 secreta
1868 1467 2016 1536 pela-

430 1573 516 1625 go,
544 1568 599 1615 et
641 1560 895 1615 invisibili
934 1560 1295 1627 gubernatore
1322 1560 1477 1627 quasi
1515 1575 1706 1627 vacua,
1738 1569 1792 1614 et
1837 1568 2015 1614 tamen

429 1651 576 1718 gravi
606 1652 747 1705 mole
775 1666 832 1706 se
861 1665 1211 1720 promovens,
1244 1650 1437 1705 clausis
1464 1651 1603 1704 intra
1625 1665 1864 1705 cameras
1892 1665 2017 1706 suas

2120 492 2282 544 etiam
2307 506 2445 545 nunc
2477 490 2530 543 in
2559 490 2696 544 coelo
2726 489 2906 544 videre
2935 505 2993 544 se
3014 491 3258 555 credunt,
3286 500 3340 546 et
3367 493 3505 547 inter
3534 503 3707 551 astro-

2116 595 2235 632 rum
2260 580 2457 635 choros
2488 579 2809 632 numerant?
2839 578 2947 633 Nec
2977 580 3186 635 minore
3213 580 3481 636 dementia
3513 586 3709 639 veetri-

2116 686 2233 725 cem
2256 670 2505 725 draconis
2525 669 2796 739 Epidauro
2818 671 2857 700 "
2884 685 3095 735 navem,
3121 671 3374 726 illudente
3396 672 3536 741 ipso,
3565 673 3708 741 cujus

2118 761 2195 829 (a)
2227 770 2569 831 corporatum
2595 761 2911 830 phantasma
2939 770 3222 830 vexerunt,
3245 772 3516 833 serpente,
3556 780 3708 819 vene-

2117 854 2344 907 rantur?

2187 948 2237 1001 9.
2271 947 2378 1003 Sed
2407 946 2669 1016 fugiamus
2699 962 2728 999 a
2763 946 2898 1001 [ictis
2926 955 2981 1000 et
3001 945 3209 1013 alienis,
3232 960 3407 1014 neque
3430 945 3708 1001 mendacia

2117 1046 2171 1093 et
2197 1053 2402 1093 venena
2454 1037 2796 1107 pereuntium
2846 1045 3045 1089 nostra:
3093 1036 3337 1089 veritatis
3375 1036 3565 1091 lumini
3615 1037 3709 1089 mi-

2115 1144 2379 1183 sceamus.
2406 1128 2541 1183 Sunt
2588 1127 2743 1181 nobis
2770 1135 2968 1181 nostra:
3008 1141 3190 1191 naves,
3226 1135 3282 1180 ut
3331 1126 3523 1197 dignus
3572 1128 3706 1182 veris

2116 1226 2169 1271 et
2212 1218 2520 1274 domesticis
2547 1225 2764 1271 utamur
2803 1215 3082 1284 exemplis.
3124 1214 3394 1270 Habemus
3430 1226 3485 1269 et
3530 1231 3707 1270 arcam

2117 1311 2230 1367 Noe
2255 1310 2301 1365 ἀ.
2332 1311 2601 1366 Habemus
2629 1319 2685 1365 et
2710 1325 2902 1364 navem
2931 1309 3119 1363 Tharsi
3146 1319 3191 1375 °,
3222 1325 3521 1378 navemque
3550 1310 3708 1365 Thar-

2116 1402 2287 1456 sensis
2319 1400 2361 1455 ί.
2393 1400 2500 1456 Sed
2528 1401 2614 1455 illa
2634 1441 2647 1465 ,
2679 1400 2746 1455 de
2793 1415 2897 1468 qua
2930 1400 3024 1453 Dei
3071 1398 3349 1467 fugitivum
3390 1401 3704 1470 prophetam

2119 1492 2262 1546 ultor
2290 1500 2343 1546 et
2372 1499 2554 1546 custos
2582 1497 2735 1545 cetus
2765 1490 2977 1558 excepit
3023 1488 3115 1557 (ν.
3153 1497 3264 1544 ηοῑ.
3296 1490 3419 1555 204)
3440 1533 3456 1557 ,
3488 1500 3706 1546 eatenus

2117 1582 2240 1636 huic
2294 1581 2413 1635 navi
2461 1579 2762 1649 comparari
2806 1586 3009 1647 potest,
3052 1587 3316 1645 quatenus
3344 1589 3472 1633 ante
3514 1588 3707 1634 sortem

2117 1671 2418 1742 periclitata
2462 1678 2546 1726 est
2592 1680 2664 1723 σε
2712 1669 2870 1724 tertia
2918 1684 3048 1723 vero
3096 1670 3247 1723 navis
3294 1669 3543 1738 exemplo
3593 1685 3707 1724 meo

430 1741 648 1795 homine
676 1756 797 1795 cum
847 1740 1103 1810 frugibus,
1134 1741 1284 1795 velut
1310 1740 1401 1795 illa
1440 1741 1640 1795 diluvio
1682 1741 1789 1796 feta
1832 1742 2016 1795 mundi
2053 1760 2091 1817 Β
2121 1740 2368 1829 ξοπιεηιη
2413 1761 2573 1827 hinc,
2604 1759 2746 1830 quod
2795 1759 3096 1829 apostolum
3140 1768 3196 1813 ει
3223 1767 3516 1830 martyrem
3546 1760 3706 1826 vexit,

430 1833 721 1887 seminibus
769 1848 912 1899 arca,
955 1832 1153 1888 fluebat
1182 1835 1221 1865 ¹⁷
1248 1845 1305 1899 ο;
1335 1848 1436 1888 nec
1463 1850 1571 1889 uno
1618 1835 1751 1890 mari
1787 1834 2011 1904 jactata,

430 1938 647 1977 cursum
675 1939 796 1977 cum
818 1926 1226 1993 tempestatibus
1256 1925 1575 1980 immutavit.

501 2012 553 2065 8.
582 2011 764 2067 Primo
805 2013 872 2067 ad
902 2012 1099 2069 Urbem
1147 2023 1286 2081 acta,
1315 2014 1543 2071 Romani
1572 2025 1759 2085 portus
1786 2018 2012 2087 pharum

430 2107 560 2161 vidit
586 2126 599 2159 ε
632 2106 823 2161 deinde
846 2105 1193 2177 Campaniam
1231 2108 1404 2176 longis
1433 2108 1689 2165 tractibus
1719 2109 1867 2178 legit,
1893 2125 2011 2163 mu-

432 2199 661 2266 tatisque
689 2198 1005 2263 turbinibus,
1040 2199 1090 2251 in
1116 2196 1307 2254 Africae
1348 2200 1529 2254 littora
1558 2202 1907 2255 transvolavit
1934 2212 2013 2255 at-

432 2304 536 2357 que
555 2288 622 2341 ab
652 2288 780 2356 ipsis
799 2302 980 2341 rursus
1009 2287 1246 2356 abrepta,
1280 2287 1516 2342 Siciliam
1545 2291 1882 2357 transcurrit,
1911 2290 2015 2345 cir-

431 2393 491 2431 ca
523 2392 681 2446 quam
711 2378 921 2431 concita
943 2386 998 2431 et
1018 2377 1277 2433 verticosa
1307 2378 1529 2443 crebris,
1555 2388 1613 2433 ut
1639 2377 1835 2445 ferunt,
1866 2380 2013 2435 insu-

433 2470 499 2522 lis
527 2469 682 2534 freta,
714 2479 769 2523 et
798 2470 1130 2539 periculosos
1149 2470 1310 2524 etiam
1339 2472 1438 2525 sub
1467 2472 1824 2539 gubernatore
1860 2474 2014 2528 navi-

431 2562 531 2616 bus
560 2575 749 2615 cursus
790 2561 929 2615 inter
970 2561 1221 2628 ambages
1250 2568 1305 2614 et
1347 2561 1526 2616 obices
1562 2563 1855 2618 insularum
1906 2573 2013 2620 tam

431 2650 638 2705 directo
676 2650 882 2705 otiosus
928 2665 1092 2705 senex
1123 2649 1491 2721 inofl‘ensoque
1537 2654 1748 2721 navigio
1777 2658 2016 2724 praeteri-

432 2741 529 2807 vit,
556 2748 615 2794 ut
642 2740 793 2807 quasi
821 2740 1002 2794 divina
1031 2741 1198 2804 navis,
1229 2749 1281 2795 et
1310 2742 1549 2798 immisso
1578 2743 1831 2799 divinitus
1858 2746 2016 2815 spiri-

431 2839 488 2883 tu
517 2830 748 2900 sapiens,
781 2845 876 2884 sua
901 2838 1091 2900 sponte
1121 2832 1357 2886 cavenda
1388 2832 1599 2899 vitaret,
1627 2835 1896 2903 sequenda
1921 2851 2015 2905 pe-

431 2930 591 2989 teret,
614 2931 667 2976 et
693 2922 893 2977 utiliter
921 2916 984 2977 ac
1011 2923 1180 2992 perite
1217 2938 1315 2992 per
1342 2925 1676 2979 necessarios
1706 2925 1882 2980 obitus
1922 2923 2016 2980 fle-

430 3022 694 3081 cteretur;
743 3014 1000 3083 vigesimo
1045 3014 1259 3069 demum
1305 3014 1467 3069 tertio
1515 3016 1556 3046 ¹⁸
1582 3014 1699 3080 die,
1725 3016 2015 3069 miserante

2116 1864 2444 1925 propterque
2490 1854 2664 1923 ipsum
2694 1862 2748 1907 et
2794 1852 2847 1905 in
2902 1853 3018 1922 ipso
3047 1851 3321 1906 Christum
3368 1852 3597 1920 recepit,
3628 1852 3707 1906 vel

2114 1964 2237 2003 cum
2268 1946 2345 2000 illi
2393 1952 2562 2000 totam
2588 1943 2838 2014 periturae
2866 1942 3017 1997 navis
3045 1939 3441 1995 multitudinem
3475 1940 3701 1995 redona-

2114 2038 2191 2090 vit
2221 2039 2265 2068 "
2296 2034 2345 2089 ιι.

2187 2130 2274 2183 10.
2310 2129 2679 2198 Pr0ponamus
2717 2140 2847 2196 ergo
2878 2125 3031 2179 nobis
3053 2124 3253 2189 animo,
3286 2131 3343 2178 et
3378 2132 3567 2178 mente
3589 2137 3703 2178 cer-

2115 2238 2304 2276 namus
2333 2221 2752 2292 pulcherrimum
2800 2219 2962 2273 divini
2994 2218 3176 2288 operis
3203 2218 3591 2287 Spectaculum,
3635 2220 3706 2271 vi-

2115 2313 2305 2369 dentes
2348 2328 2542 2367 navem
2580 2327 2741 2366 unam
2784 2310 2852 2365 de
2880 2310 3169 2365 multarum
3198 2307 3413 2362 navium
3435 2309 3705 2362 omnium-

2115 2421 2221 2475 que
2250 2413 2533 2459 nautarum
2560 2402 2838 2472 naufragio
2865 2410 3097 2472 raptam,
3123 2415 3231 2454 uno
3260 2414 3389 2454 sene
3426 2400 3602 2453 maria
3630 2399 3707 2454 di-

2114 2511 2270 2551 versa
2295 2490 2651 2565 peragrante;
2673 2494 2841 2548 solam
2879 2493 2933 2546 in
2980 2491 3192 2561 pelago,
3222 2498 3276 2544 et
3305 2490 3358 2542 in
3406 2504 3476 2543 ea
3520 2490 3709 2544 solum.

2114 2584 2233 2640 Jam
2258 2586 2347 2640 illa
2375 2586 2530 2640 nobis
2558 2600 2680 2639 arca
2710 2584 2893 2638 diluvii
2918 2590 3043 2637 ante
3073 2581 3276 2643 oculos,
3300 2579 3562 2635 Ecclesim
3584 2581 3707 2634 ima-

2114 2692 2203 2747 go,
2234 2677 2534 2731 versabitur
2556 2675 2622 2741 ",
2647 2690 2808 2744 super
2834 2674 3019 2728 orbem
3046 2672 3347 2725 demersum
3379 2686 3490 2723 una
3519 2670 3706 2738 ubique

2115 2766 2289 2822 diffusi
2341 2767 2502 2821 maris
2558 2765 2693 2821 facie
2738 2764 2782 2832 ί,
2826 2765 2965 2818 inter
3014 2762 3208 2817 effusas
3253 2761 3373 2815 coeli
3423 2769 3487 2815 et
3536 2759 3705 2831 abyssi

2116 2872 2282 2927 aquas
2307 2857 2476 2911 solide
2506 2856 2553 2886 "‘
2586 2863 2701 2910 toto
2742 2856 2988 2908 innatans
3014 2850 3233 2916 mundo,
3264 2850 3417 2918 cujus
3439 2851 3547 2905 ista
3579 2852 3705 2904 ima-

2115 2952 2292 3021 ginem
2321 2951 2502 3004 multis
2531 2948 2703 3003 modis
2726 2948 2779 3002 in
2808 2947 3025 3003 modulo
3054 2946 3260 3000 minore
3289 2945 3548 3011 gestavit.
3580 2944 3704 2999 Nam

2118 3047 2175 3093 ut
2206 3040 2293 3093 illa
2323 3040 2665 3107 omnigenum
2713 3038 2976 3105 seminum
3023 3037 3065 3101 i,
3096 3038 3173 3092 sic
3200 3046 3253 3092 et
3282 3037 3386 3090 ista
3431 3036 3704 3089 variarum

429 3105 537 3201 jam
569 3106 796 3201 Domino
828 3108 892 3173 ιο,
925 3105 1083 3201 finem
1106 3115 1538 3201 errorumatque
1564 3106 1934 3201 discrimian
1961 3107 2013 3160 in
2042 3121 2087 3181 C
2120 3132 2276 3201 plena
2302 3105 2509 3199 frugum
2536 3129 2653 3196 fuit,
2695 3131 2781 3186 cui
2826 3138 3021 3199 prteter
3062 3146 3199 3184 onus
3242 3128 3520 3199 publicum
3558 3128 3704 3197 plura

430 3196 657 3251 Lucanis
684 3197 923 3264 positura
954 3196 1240 3250 littoribus.
1274 3196 1475 3262 Quibus
1503 3198 1878 3267 propinquanti
1902 3196 2011 3250 Do-

429 3288 607 3342 minus
633 3296 883 3350 aeternus,
914 3296 974 3340 ut
1022 3288 1287 3341 indefessa
1334 3288 1451 3357 ejus
1500 3289 1711 3343 bonitas
1735 3303 1902 3356 usque
1947 3287 2014 3342 ad

430 3377 718 3430 terminum
754 3386 1017 3446 suscepta:
1050 3377 1151 3431 sibi
1180 3378 1533 3445 navigationis
1572 3388 1887 3448 operaretur
1915 3381 2015 3434 mi-

428 3468 619 3522 rabilia
640 3482 755 3533 sua,
782 3467 942 3523 tacito
970 3483 1080 3523 suae
1099 3468 1475 3537 adspirationis
1497 3470 1751 3525 instinctu
1771 3471 2013 3540 compul-

428 3574 517 3613 sos
546 3575 576 3613 a
625 3559 806 3613 littore
834 3558 888 3612 in
930 3558 1137 3614 duabus
1180 3560 1437 3615 naviculis
1477 3561 1773 3630 piscatores
1802 3561 2015 3615 obviam

428 3653 591 3713 misit,
623 3652 712 3720 qui
744 3666 935 3706 navem
959 3654 1118 3722 282
1142 3652 1280 3707 hanc
1310 3653 1520 3707 eminus
1548 3653 1862 3722 conspicati,
1899 3654 2011 3722 pri-

428 3758 517 3797 mo
548 3750 767 3811 aspectu
796 3742 965 3798 territi
986 3742 1296 3811 refugerunt
1324 3787 1340 3811 ,
1372 3744 1583 3813 plenam
1613 3745 1757 3799 enim
1786 3753 2015 3799 armato-

426 3849 568 3900 rum,
594 3844 648 3889 et
675 3833 895 3888 liburnze
920 3834 1166 3889 atmulam
1196 3835 1297 3890 sibi
1319 3837 1485 3890 visam
1526 3835 1625 3905 ipsi
1650 3844 1837 3906 postea
1864 3844 2013 3890 retu-

427 3924 607 3977 lerunt
638 3941 649 3976 :
682 3923 875 3978 deinde
914 3925 1122 3992 magnis
1150 3933 1204 3978 et
1224 3941 1366 3995 saepe
1393 3927 1634 3995 repetitis
1677 3928 1820 3981 senis
1844 3928 2014 3982 nostri

427 4016 649 4068 vocibus
677 4015 961 4082 aliquando
997 4020 1251 4079 revocati,
1278 4018 1488 4072 ratione
1514 4034 1695 4072 secum
1727 4020 1926 4085 habita,
1960 4031 2015 4075 et

426 4115 619 4172 agente
648 4106 726 4160 sic
755 4106 1002 4170 Domino,
1036 4107 1167 4159 nihil
1206 4108 1308 4160 sibi
1348 4108 1415 4160 ab
1456 4123 1518 4160 ea
1548 4109 1669 4161 navi
1699 4109 2009 4177 timendum,

426 4195 479 4250 in
510 4212 669 4265 quam
698 4204 1040 4262 vocarentur,
1069 4196 1465 4251 intellexerunt.
1491 4198 1783 4254 Accessere
1802 4201 2014 4269 navigio

426 4302 761 4356 vacuumque
784 4288 1039 4341 militibus
1068 4303 1206 4355 esse,
1228 4287 1372 4356 quod
1400 4288 1558 4356 longe
1585 4290 1837 4359 stipatum
1866 4291 2014 4345 vide-

426 4385 568 4443 rant,
601 4377 687 4431 vix
709 4378 823 4431 seni
853 4378 1197 4446 contestanti,
1219 4386 1275 4432 et
1303 4394 1523 4434 ascensa
1551 4380 1594 4411 ²⁰
1624 4381 1837 4435 tandem
1865 4382 2008 4447 navi,

2116 3222 2280 3276 etiam
2304 3220 2369 3275 de
2398 3220 2675 3289 stipendiis
2702 3228 2759 3275 et
2784 3220 3007 3290 peculiis
3033 3221 3191 3290 233
3216 3219 3445 3273 nauticis
3475 3218 3701 3273 inerant.

2115 3310 2210 3364 Illa
2239 3325 2395 3364 unam
2421 3309 2675 3364 familiam
2699 3311 2764 3363 ad
2788 3311 2999 3379 generis
3021 3310 3239 3364 humani
3262 3310 3663 3379 reparationem
3687 3325 3700 3359 :

2117 3410 2171 3455 et
2194 3401 2295 3454 ista
2319 3416 2479 3454 unum
2501 3400 2774 3454 hominem
2798 3400 2863 3453 ad
2886 3401 3174 3455 multorum
3207 3400 3363 3455 fidem
3384 3401 3541 3453 vexit
3560 3398 3605 3452 k.
3627 3399 3701 3453 llli

2115 3490 2261 3559 pacis
2275 3506 2483 3544 ramum
2494 3490 2740 3544 columba
2753 3489 2945 3545 detulit
2962 3488 2976 3527 ι
3001 3508 3012 3543 :
3028 3490 3153 3545 huic
3164 3505 3348 3559 pacem
3367 3490 3555 3558 Agnus
3566 3491 3704 3545 exhi—

2114 3579 2248 3634 buit.
2264 3580 2430 3645 Illam,
2448 3581 2498 3634 in
2517 3581 2799 3649 imaginem
2825 3581 2995 3635 sancti
3018 3580 3267 3649 Spiritus,
3283 3580 3395 3634 ales
3411 3581 3697 3634 intravitm:

2114 3684 2166 3728 et
2189 3674 2344 3740 hanc,
2370 3690 2466 3743 per
2487 3674 2773 3741 imaginem
2802 3672 3125 3728 confessoris
3146 3672 3245 3737 sui,
3262 3670 3513 3726 Chris’tus
3535 3686 3702 3727 acces-

2115 3765 2201 3817 sit.
2238 3764 2605 3832 Respiciamus
2632 3771 2687 3817 et
2712 3761 2863 3817 Iona:
2901 3778 3121 3825 navem,
3156 3763 3386 3830 largiore
3415 3762 3560 3817 hanc
3587 3777 3700 3816 mu-

2116 3870 2245 3910 nere
2271 3856 2485 3909 virtutis
2506 3855 2743 3923 ejusdem
2775 3863 3041 3908 servatam
3068 3854 3387 3920 videbimus,
3418 3861 3473 3909 et
3503 3854 3702 3923 majore

2116 3946 2394 4000 miraculo.
2420 3945 2512 3999 Illa
2565 3946 2707 3998 enim
2754 3945 3004 3999 omnibus
3051 3946 3211 3999 salvis
3249 3953 3443 4023 praeter
3490 3960 3697 3999 unum:

2116 4039 2213 4093 ista
2244 4040 2489 4093 omnibus
2514 4040 2750 4105 amissis,
2782 4054 2888 4093 uno
2928 4047 3198 4102 manente,
3225 4044 3436 4090 servata
3464 4045 3571 4090 est.
3599 4034 3701 4090 Sed

2114 4138 2169 4183 et
2201 4138 2375 4183 cetum
2405 4129 2554 4182 illum
2578 4129 2852 4198 propheta:
2880 4128 3109 4182 viventis
3160 4128 3452 4181 innocuum
3482 4134 3701 4182 vorato-

2116 4233 2226 4272 rem
2254 4216 2463 4272 videtur
2483 4218 2597 4272 lizec
2624 4218 2774 4272 navis
2813 4218 3015 4271 imita'a
3035 4259 3049 4283 ,
3083 4233 3204 4272 cum
3233 4232 3386 4287 aeque
3416 4225 3700 4276 utero.suo

2114 4307 2348 4362 clausum
2376 4308 2652 4361 hominem
2683 4322 2778 4376 per
2806 4307 2968 4361 maris
2998 4308 3105 4360 alta
3132 4307 3426 4375 gestaverit
3454 4316 3503 4372 η,
3533 4316 3587 4361 et
3614 4307 3702 4360 lit-

2114 4398 2218 4450 tori
2267 4397 2575 4465 exposuerit
2620 4397 2975 4463 incolumem;
3009 4398 3148 4452 sicut
3195 4397 3343 4450 illum
3384 4397 3700 4465 indigestam

426 4470 537 4523 suis
566 4468 734 4524 oculis
762 4468 1121 4524 crediderunt.
1159 4467 1257 4523 Ubi
1296 4478 1542 4539 receptos
1567 4485 1729 4525 senex
1762 4472 2004 4540 prandio,
2040 4485 2087 4543 ι)
2108 4486 2288 4555 jejuna
2334 4488 2524 4558 praeda,
2570 4504 2680 4542 sum
2721 4488 2896 4543 bellua
2933 4488 3096 4557 jussis
3123 4488 3440 4554 singultibus
3463 4488 3531 4541 ab
3553 4501 3703 4555 erga.

426 4561 571 4630 quod
616 4561 788 4632 pridie
833 4560 1014 4631 jussus
1057 4576 1085 4614 a
1116 4559 1342 4616 Domino
1384 4569 1728 4631 prrepararat,
1778 4562 2009 4631 excepit,

424 4650 699 4719 multaque
724 4650 971 4705 mercede
994 4650 1225 4719 copiosis
1254 4651 1571 4704 amissorum
1600 4657 1880 4703 nautarum
1912 4666 2008 4719 pa-

425 4745 580 4799 nibus
609 4744 870 4799 saturavit
895 4752 1057 4810 atque
1086 4743 1327 4797 donavit.
1369 4740 1572 4808 Quibus
1600 4741 1877 4810 stipendiis
1906 4742 2011 4795 lani

425 4834 803 4888 famulantibus
852 4833 1098 4887 lembulis
1139 4833 1250 4887 suis
1277 4833 1426 4902 quasi
1476 4833 1753 4886 emeritam
1800 4836 1948 4901 gravi
1978 4849 2010 4890 e

424 4930 567 4983 bello
596 4938 652 4983 et
679 4929 746 4983 de
766 4930 1061 4983 certamine
1083 4936 1414 4993 coronatam,
1444 4929 1643 4998 quippe
1670 4939 1726 4983 ut
1751 4933 1982 5001 supersti

423 5034 531 5079 tem
560 5023 839 5092 naufragii,
860 5024 1133 5078 victricem
1155 5032 1435 5077 ventorum
1460 5030 1514 5077 et
1542 5021 1793 5079 fluctuum
1818 5040 2010 5080 navem

422 5118 488 5169 ad
515 5124 728 5186 portum
751 5132 904 5171 suum
937 5115 1174 5170 remulco
1187 5124 1456 5183 praeeunte
1477 5115 1761 5170 duxerunt.
1783 5115 1919 5182 Quid
1943 5116 2010 5171 de

422 5212 522 5268 liae
553 5213 675 5266 navi
717 5213 930 5267 fecisset
971 5226 1156 5265 eorum
1188 5211 1417 5277 vanitas,
1446 5211 1537 5279 qui
1566 5226 1749 5265 errore
1791 5226 1879 5277 eo,
1902 5225 2009 5278 quo

422 5304 607 5357 colunt
631 5318 791 5358 omne
812 5302 953 5373 quod
981 5301 1204 5370 lingunt,
1221 5300 1410 5355 factam
1436 5299 1861 5369 Argonautarum
1880 5299 2015 5355 infe-

498 5432 519 5455 '
548 5433 682 5488 Psal.
722 5450 868 5500 LXXI,
897 5434 981 5487 18.
1059 5434 1086 5473 δ
1114 5436 1269 5491 Rom.
1304 5453 1375 5501 Iv,
1412 5436 1496 5487 l7.

424 5519 462 5569 ι,
494 5503 544 5557 4.
622 5505 647 5540 ιι
676 5505 793 5558 Act.
846 5521 1009 5567 xxvu,
1039 5505 1127 5558 24.
1212 5506 1390 5561 iGen.
1440 5522 1531 5571 vu,
1577 5507 1663 5559 ΓΙ.

424 5582 462 5609 ω
492 5574 627 5627 Gen.
652 5591 762 5641 vul,
796 5576 845 5629 9.
923 5585 948 5611 υ
970 5574 1089 5629 Jon.
1124 5593 1181 5643 ιι,
1206 5578 1255 5629 1.

1578 5447 1599 5475 ο
1624 5435 1759 5490 Gen.
1791 5452 1878 5497 vu,
1908 5434 1996 5487 l7.

498 5689 574 5755 (a)
598 5686 676 5741 Ita
700 5707 793 5743 ius.
822 5690 952 5757 Reg.
983 5706 1101 5745 cum
1126 5691 1253 5743 edit.
1280 5688 1466 5743 Schot.
1491 5697 1545 5743 et
1574 5687 1827 5743 Paulinus
1849 5689 2010 5756 epist.

432 5756 498 5809 Hi
542 5758 607 5810 ad
654 5756 967 5825 Joviu:u,i1.
1003 5760 1054 5827 ιι,
1090 5761 1139 5813 in
1193 5761 1412 5826 speciem
1462 5769 1788 5824 corporalem
1841 5759 2007 5812 stultis

2071 5434 2096 5471 ἀ
2123 5434 2256 5488 Gen.
2284 5450 2380 5499 vu,
2416 5431 2500 5485 15.

1743 5510 1755 5553 1
1798 5504 1935 5559 Gen.
1982 5520 2054 5569 vr,
2087 5504 2174 5557 20.

1334 5586 1358 5611 ο
1386 5574 1509 5630 Jon.
1542 5593 1597 5641 ιι,
1624 5576 1682 5627 Η
1708 5594 1723 5641 ;
1755 5574 1944 5629 Matth.
1971 5591 2062 5639 xu,
2084 5574 2174 5628 59.

2076 5686 2089 5698 “
2123 5684 2514 5758 cogitationibus
2544 5687 2767 5758 ﬁngunt.
2802 5684 2943 5742 Edit.
2995 5685 3159 5741 Rosv.
3192 5682 3279 5740 hic
3317 5681 3480 5738 habet
3525 5694 3704 5747 corpo-

2114 4579 2256 4633 stulo
2285 4580 2505 4648 spatiosi
2538 4580 2736 4633 ventris
2776 4593 3056 4633 excussum
3093 4576 3289 4633 refudit
3316 4577 3458 4644 Deo,
3488 4592 3595 4644 quo
3618 4578 3700 4645 ju-

2113 4668 2274 4722 bente
2294 4677 2619 4737 susceperat,
2648 4676 2701 4722 et
2729 4667 2986 4739 mysterio
3012 4667 3301 4721 salutifera:
3329 4667 3593 4736 passionis
3621 4683 3703 4720 ex-

2113 4758 2278 4826 pleto,
2306 4758 2462 4812 tertia
2491 4758 2577 4812 die
2603 4758 2656 4811 in
2686 4772 2835 4825 spem
2863 4757 3276 4812 resurrectionis
3303 4756 3542 4810 evomuit
3568 4764 3615 4809 ο.

2189 4849 2276 4901 Η.
2311 4849 2472 4904 Navis
2500 4864 2630 4903 vero
2671 4848 2811 4902 illius
2847 4850 3001 4902 turba
3049 4848 3254 4902 felicior
3279 4863 3398 4915 qua)
3445 4847 3703 4916 Apostolo

2111 4938 2413 4993 condonata
2436 4947 2520 4993 est
2537 4950 2585 5005 Ρ,
2616 4956 2720 4993 non
2747 4940 2858 4993 suis
2882 4939 3095 5008 quidem
3118 4940 3352 5003 meritis;
3377 4954 3499 4992 nam
3528 4947 3582 4992 et
3606 4938 3703 5006 ipsi

2114 5030 2453 5098 naufragium
2482 5039 2815 5095 meruerunt,
2848 5030 2939 5099 qui
2967 5038 3241 5084 contemto
3266 5030 3509 5099 Apostoli
3537 5029 3716 5084 consi-

2114 5120 2186 5173 lio
2218 5119 2554 5186 navigarant.
2589 5118 2691 5172 Sed
2721 5134 2830 5172 non
2873 5119 3050 5173 minus
3088 5134 3153 5173 ex
3199 5119 3301 5173 hoc
3338 5134 3619 5188 possumus
3648 5119 3700 5171 in

2113 5209 2305 5264 divinis
2330 5210 2586 5279 operibus
2633 5209 2843 5277 navigio
2873 5209 3123 5277 gloriari;
3158 5209 3307 5277 cujus
3334 5210 3464 5263 viris
3509 5222 3699 5278 quam-

2114 5315 2274 5369 quam
2304 5299 2534 5355 defuerit
2562 5301 2753 5355 similis
2783 5299 3095 5368 advocatus,
3127 5308 3306 5353 tamen
3338 5300 3436 5370 ipsi
3467 5301 3519 5353 in
3544 5299 3699 5352 unico

2581 5443 2604 5470 ε
2638 5432 2761 5486 Jon.
2786 5448 2821 5494 ι,
2853 5432 2906 5485 5.
2993 5432 3011 5469 τ
3043 5432 3161 5485 Aet.
3194 5448 3359 5494 xxvu,
3394 5434 3445 5485 6.
3524 5440 3545 5476 ε
3569 5429 3692 5483 Jon.

2251 5503 2276 5540 ἰ
2305 5498 2440 5557 Gen.
2477 5520 2567 5566 vn,
2598 5503 2659 5567 7;
2702 5503 2722 5556 ι
2756 5501 2903 5556 Petr.
2950 5518 3025 5568 nt,
3058 5500 3141 5554 20.
3228 5501 3242 5539 ¹
3279 5500 3411 5557 Gen.
3466 5517 3575 5566 vm,
3611 5498 3691 5550 Η.

2252 5585 2279 5623 ρ
2311 5574 2428 5628 Act.
2460 5590 2623 5638 xxvu,
2655 5572 2743 5626 24.

2118 5775 2203 5812 reu
2212 5774 2257 5811 m
2288 5758 2613 5822 phantasma.
