3988 6176
288 306 391 359 405

1668 297 1992 353 EPISTOLA
2033 296 2207 352 XLIX.

3442 315 3547 366 Mlti

285 430 446 474 nauta
498 419 614 489 ipse
644 418 884 488 Apostoli
934 418 1071 471 Deus
1101 415 1267 471 adfuit
1308 415 1649 483 gubernator,
1682 422 1736 467 et
1763 428 1870 481 quo
1900 420 1946 473 Α
1974 420 2057 466 ret
2084 413 2137 466 in
2163 412 2282 467 sinu
2301 410 2497 466 Christi
2526 428 2629 481 qua
2658 412 2927 471 Johannes
2953 417 3005 471 in
3029 430 3245 487 pectore
3272 424 3551 479 recumbe-

287 507 471 578 (Sacli.
515 509 650 577 forte
679 522 710 560 a
733 507 866 574 quo)
896 520 993 573 pro
1029 504 1185 558 unius
1214 504 1513 557 innocentis
1548 502 1720 556 salute
1760 515 1871 555 me-

286 599 393 654 ruit
414 597 667 661 liberari;
700 596 845 666 quod
874 596 986 661 illa,
1014 609 1134 664 qua:
1161 594 1271 647 Vas
1297 592 1574 648 electionis
1602 593 1655 646 in
1685 591 1871 645 vincu-

286 689 350 742 ‘is
378 688 551 756 prima
581 694 915 755 susceperat,
945 685 1015 739 ob
1038 684 1281 754 Apostoli
1319 692 1668 747 contemtum,
1697 690 1752 735 et
1780 696 1870 735 ca-

285 778 610 848 ptivitatem,
640 776 873 830 carceris
901 776 1127 830 crimine
1149 774 1401 828 damnata
1426 788 1533 828 non
1563 772 1777 827 meruit.
1806 771 1873 824 ll-

285 868 332 920 la
359 880 491 919 vero
518 865 669 917 navis
690 864 887 918 cohors
909 864 1042 917 mihi
1064 863 1273 917 videtur
1298 870 1522 931 propter
1549 861 1731 929 gratia:
1752 875 1870 930 my-

284 956 506 1010 sterium
558 955 805 1019 liberata,
836 963 896 1007 ut
924 954 994 1008 de
1039 954 1317 1021 naufragio
1347 954 1497 1007 navis
1528 953 1605 1022 (α)
1636 952 1795 1005 adita:
1826 954 1871 983 "

284 1048 409 1101 nudi
460 1046 779 1110 evaderent;
812 1046 1037 1111 scilicet,
1068 1054 1127 1100 ut
1168 1060 1263 1100 eos
1292 1061 1323 1099 a
1370 1045 1562 1115 prioris
1609 1045 1788 1106 navis,
1822 1044 1874 1099 id

284 1151 365 1193 est
394 1139 463 1193 ab
493 1138 622 1192 Ada:
673 1139 850 1192 carnis
877 1146 1100 1206 peccato
1147 1137 1401 1193 liberatos
1432 1147 1479 1199 υ,
1512 1144 1567 1191 et
1605 1135 1731 1205 ipsis
1779 1149 1874 1203 per

284 1246 419 1300 quos
444 1230 521 1301 (b)
554 1239 837 1285 evaserant
865 1229 1111 1284 fluctibus
1140 1230 1403 1300 expiatos,
1428 1238 1589 1298 atque
1613 1229 1871 1295 omnium,

284 1336 415 1389 quas
444 1321 499 1374 in
530 1336 679 1375 mare
724 1320 1055 1389 ahjecerant,
1086 1321 1138 1375 id
1166 1331 1248 1375 est
1276 1322 1595 1375 secularium
1639 1322 1873 1374 sarcina-

284 1428 401 1465 rum
451 1412 599 1465 leves
636 1420 692 1466 et
722 1412 875 1466 undis
912 1414 1065 1481 quasi
1112 1414 1348 1483 peccatis
1375 1414 1521 1481 gravi
1566 1422 1622 1466 et
1667 1413 1874 1467 madida

284 1502 484 1556 veteris
512 1502 743 1556 hominis
771 1513 920 1558 veste
947 1503 1199 1569 nudatos,
1226 1505 1431 1571 integra
1452 1511 1509 1557 et
1535 1504 1704 1557 solida
1727 1506 1875 1559 navis

282 1594 570 1663 acciperet,
603 1609 724 1663 qua:
753 1596 966 1665 plenam
1017 1596 1140 1651 ﬁdei
1174 1596 1427 1652 Ecclesia:
1456 1598 1713 1652 exhibens
1761 1598 1872 1653 for-

280 1693 609 1749 mam,tutos
633 1685 686 1739 in
717 1694 928 1755 portum
958 1687 1292 1758 Romamque
1320 1689 1580 1758 pervexit.
1606 1689 1662 1743 ln
1683 1690 1876 1758 quibus

1975 502 2067 556 bat
2090 511 2113 548 8
2131 504 2154 555 ?
2175 502 2413 571 Denique
2434 512 2492 557 ut
2518 519 2713 559 novum
2740 522 2934 562 nomen
2960 510 3243 578 acciperet,
3267 513 3404 567 sicut
3425 516 3557 567 ami-

1976 592 2023 646 ci
2045 591 2157 657 Dei,
2183 607 2320 661 quos
2341 594 2394 647 in
2418 596 2735 663 patriarchis
2755 606 2809 651 et
2832 598 2885 651 in
2907 601 3163 668 apostolis
3185 602 3321 657 bene
3342 609 3482 657 nosti
3502 604 3548 661 δ.

1977 681 2051 737 Te
2102 697 2202 751 ego
2249 685 2411 753 paulo
2466 694 2590 740 ante
2621 688 3049 756 interrogabam,
3083 705 3151 744 an
3199 692 3355 759 hujus
3383 696 3551 761 gratia

1975 774 2182 841 donari,
2214 777 2359 830 omni
2407 778 2563 845 hujus
2587 780 2753 833 seculi
2801 782 2983 849 gloria:
3011 794 3335 852 praeoptares
3364 785 3407 816 't
3432 805 3443 838 :
3474 788 3555 856 ip-

1976 879 2065 918 sos
2094 865 2343 934 equidem
2372 876 2592 921 rectores
2634 869 2814 923 harum
2863 871 3185 926 tenebrarum
3226 874 3265 936 ί,
3298 876 3342 928 si
3372 876 3554 930 videre

1977 962 2304 1021 mereantur,
2335 957 2650 1024 prtelaturos
2678 959 2910 1013 arbitror
2936 961 3299 1017 beatissimam
3329 966 3471 1019 senis
3499 973 3557 1019 et

1977 1044 2150 1113 inopis
2179 1046 2345 1099 nostri
2369 1047 2726 1102 calamitatem
2748 1050 2858 1104 suis
2880 1051 3089 1106 miseris
3109 1053 3470 1119 lelicitatihus,
3503 1062 3560 1110 et

1976 1136 2181 1204 gaudiis
2208 1154 2444 1207 perenne
2466 1139 2721 1207 lugendis.

2050 1229 2133 1280 15.
2168 1228 2385 1294 Quaeras
2425 1229 2669 1295 forsitan,
2701 1232 2895 1300 quibus
2937 1233 3025 1289 hic
3051 1236 3257 1290 meritis
3284 1245 3438 1291 vetus
3464 1252 3558 1290 na-

1978 1320 2083 1372 vita
2131 1334 2342 1387 semper
2389 1320 2441 1373 in
2492 1321 2729 1375 tenebris
2780 1323 3095 1390 ignorantia:
3122 1324 3456 1391 demoratus,
3506 1334 3558 1379 et

1977 1418 2085 1461 tam
2119 1408 2184 1461 ab
2236 1410 2490 1477 cperibus
2534 1409 2750 1479 justitim
2794 1428 2953 1481 quam
2984 1428 3015 1466 a
3066 1414 3289 1468 scientia
3319 1416 3559 1471 veritatis

1979 1499 2183 1552 alienus
2229 1500 2523 1554 obtinuisse
2553 1501 2815 1567 videatur,
2848 1504 2991 1572 quod
3035 1507 3369 1573 paucissimis
3407 1520 3554 1564 certe

1978 1590 2257 1656 operariis,
2275 1605 2594 1658 quamquam
2626 1610 2657 1644 a
2680 1594 2912 1646 custodia
2934 1598 3187 1649 matutina
3208 1615 3364 1669 usque
3390 1602 3444 1653 in
3466 1619 3559 1655 no-

1979 1689 2106 1731 ctem
2139 1682 2153 1729 1
2192 1682 2356 1734 totius
2384 1681 2488 1735 diei
2519 1682 2727 1750 pondus
2753 1693 2806 1736 et
2827 1692 3014 1738 aestum
3045 1688 3393 1744 sustinuerint
3423 1693 3467 1756 ιι,
3491 1694 3561 1749 fa-

282 1777 533 1831 είιηίιίιει·
564 1778 787 1848 mystica
816 1788 1129 1846 argumenta
1159 1782 1473 1834 formantur,
1506 1779 1638 1833 Nam
1668 1789 1872 1834 mutata
1904 1779 1949 1837 Β
1976 1769 2077 1824 cile
2105 1770 2434 1824 conceditur.
2465 1770 2825 1842 Respondebit
2853 1775 2948 1829 tibi
2978 1776 3265 1845 Apostolus
3295 1782 3561 1853 profecto,

281 1868 455 1933 navis,
489 1875 687 1921 novata
739 1869 791 1921 in
837 1867 1051 1924 Christo
1081 1872 1187 1923 vita
1219 1878 1329 1935 est;
1364 1878 1418 1924 et
1456 1878 1643 1939 portus
1690 1870 1877 1926 salutis

282 1957 572 2022 Ecclesiae,
616 1967 751 2014 teste
797 1957 1032 2025 Graecia,
1074 1975 1271 2015 nomen
1308 1969 1392 2014 est
1427 1961 1597 2015 Roma
1645 1961 1871 2016 virtutis.

280 2050 673 2105 Benedicamus
703 2063 831 2117 ergo
859 2050 1028 2105 Deum
1056 2051 1122 2117 “,
1142 2059 1197 2105 et
1226 2052 1538 2105 exsultemus
1565 2053 1619 2105 in
1650 2050 1761 2105 Deo
1783 2069 1875 2106 no-

281 2152 409 2207 stra,
441 2143 528 2213 qui
550 2144 602 2194 in
625 2143 741 2196 altis
782 2141 998 2209 habitat,
1024 2152 1072 2196 et
1093 2143 1305 2196 humilia
1336 2143 1546 2211 respicit
1566 2142 1627 2207 b;
1661 2143 1745 2197 cui
1772 2160 1874 2197 non

282 2234 331 2285 in
354 2232 549 2287 viribus
571 2235 708 2303 equi,
735 2249 893 2303 neque
914 2233 968 2285 in
995 2232 1338 2286 tabernaculis
1361 2232 1431 2301 (ε)
1456 2232 1679 2299 viri,sed
1700 2232 1753 2285 in
1776 2232 1878 2286 hu-

281 2325 498 2379 milibus
527 2333 582 2378 et
612 2323 903 2377 timentibus
936 2341 1051 2377 eum
1089 2324 1461 2394 beneplacitum
1486 2334 1563 2378 est
1606 2334 1661 2389 t‘;
1688 2332 1743 2379 et
1768 2326 1875 2396 qui,

282 2426 338 2470 ut
366 2418 420 2469 in
452 2416 558 2469 isto
586 2416 629 2446 "
653 2416 814 2469 etiam
845 2431 973 2470 sene
1001 2415 1254 2481 ostendit,
1286 2426 1440 2469 sanat
1481 2433 1657 2471 omnes
1683 2419 1877 2471 contri-

282 2514 360 2560 tas
395 2505 553 2559 corde
581 2514 631 2557 et
659 2506 843 2574 alligat
864 2506 1203 2560 contritiones
1233 2523 1408 2559 eorum
1440 2504 1487 2558 ά.

350 2596 443 2652 12.
469 2596 643 2650 Nimis
684 2597 893 2664 garrio,
918 2596 1101 2661 frater,
1134 2597 1339 2661 sentio,
1367 2595 1460 2650 sed
1489 2611 1673 2665 quaeso
1706 2596 1877 2652 adhuc

283 2686 471 2757 paucis
498 2682 643 2738 feras
672 2700 776 2737 me.
801 2684 1136 2752 Interrogare
1164 2686 1309 2739 enim
1338 2685 1499 2757 28"
1541 2683 1676 2753 ibet,
1701 2686 1879 2740 ullane

284 2786 336 2831 te
383 2776 548 2845 hujus
575 2775 744 2831 seculi
779 2776 1071 2843 dignitate,
1102 2790 1262 2844 quam
1308 2776 1410 2830 hac
1453 2774 1547 2830 Dei
1572 2775 1879 2844 dignatione

285 2867 426 2923 afﬁci
468 2868 679 2933 malles,
710 2882 816 2936 qua
844 2882 1011 2922 senex
1040 2867 1138 2922 iste
1168 2868 1479 2937 perfunctus
1522 2868 1637 2922 est?
1665 2868 1880 2922 Beatio-

284 2972 447 3012 resne
492 2958 591 3011 tibi
618 2957 889 3021 videntur,
919 2956 1011 3025 qui
1040 2972 1274 3026 purpura
1302 2957 1527 3025 fulgent,
1555 2957 1644 3025 qui
1668 2970 1877 3025 gemma

285 3051 500 3115 bibunt,
553 3057 679 3117 toga
727 3049 1039 3115 fulciuntur,
1080 3050 1421 3118 palmataque
1462 3050 1778 3118 pinguntur;
1824 3057 1879 3103 et

1976 1859 2100 1925 quia
2132 1861 2240 1912 sine
2269 1862 2563 1929 paenitentia
2597 1872 2714 1915 sunt
2740 1866 2926 1932 gratia:
2952 1873 3000 1918 et
3029 1867 3331 1924 donationes
3373 1872 3469 1927 Dei
3505 1874 3557 1940 l;

1976 1956 2049 2012 et,
2080 1949 2199 2017 quia
2237 1966 2336 2003 non
2366 1967 2430 2003 ex
2464 1950 2700 2017 operibus
2734 1954 3107 2023 justiﬁcabitur
3146 1962 3313 2013 omnis
3343 1980 3463 2018 caro
3496 1976 3560 2021 ω.

1978 2037 2208 2107 Tempus
2236 2047 2314 2092 est
2361 2041 2562 2107 gratite,
2595 2050 2650 2095 et
2695 2040 2825 2098 fides
2853 2045 2918 2098 ad
2942 2044 3203 2113 justitiam
3251 2050 3556 2122 deputatur,

1975 2128 2096 2194 quia
2118 2129 2183 2183 de
2208 2130 2471 2198 lapidibus
2494 2129 2585 2184 ﬁlii
2607 2132 2876 2186 Abraham
2903 2136 3144 2203 quotidie
3165 2143 3490 2198 suscitantur
3508 2155 3556 2201 η.

1978 2216 2132 2271 Nunc
2160 2220 2301 2273 enim
2332 2230 2526 2290 tempus
2548 2227 2828 2291 acceptum,
2864 2241 2998 2278 nunc
3031 2227 3138 2282 dies
3167 2230 3348 2285 salutis
3371 2241 3418 2299 ο,
3450 2251 3559 2304 quo

1975 2312 2123 2380 pacis
2174 2321 2228 2365 et
2275 2312 2446 2366 laudis
2494 2314 2697 2369 hostias
2742 2315 3109 2383 immolamus;
3151 2329 3207 2374 et
3246 2326 3560 2392 sacriﬁcium

1976 2400 2088 2455 Deo
2134 2403 2343 2470 spiritus
2391 2404 2761 2458 contribulatus
2788 2416 2928 2460 estP.
2962 2410 3120 2479 285
3150 2408 3217 2464 Et
3242 2412 3293 2466 in
3342 2415 3561 2473 homine

1978 2496 2231 2565 templum
2264 2497 2357 2551 Dei
2387 2507 2435 2562 τι,
2466 2506 2521 2551 et
2562 2498 2615 2551 in
2646 2499 2808 2553 corde
2837 2500 3078 2556 credenti
3110 2504 3151 2534 ³¹
3183 2506 3433 2561 salutaria
3460 2551 3474 2575 ,
3506 2518 3561 2564 et

1980 2590 2031 2643 in
2059 2589 2329 2645 defmcatis
2358 2591 2669 2659 pectoribus
2695 2600 2877 2647 sancta
2906 2602 3232 2650 sanctorum.
3272 2596 3449 2664 Quare
3475 2606 3561 2672 qui

1978 2701 2067 2737 cor
2096 2684 2174 2755 (ά)
2204 2684 2601 2738 contribulatum
2626 2695 2674 2739 et
2704 2686 3027 2741 humiliatum
3047 2706 3148 2744 non
3174 2694 3369 2761 spernit
3402 2704 3447 2759 τ,
3478 2697 3561 2767 ip-

1978 2790 2037 2829 se
2088 2783 2331 2829 nostrum
2374 2790 2557 2829 senem
2588 2775 2841 2845 placitam
2889 2777 2991 2831 sibi
3028 2781 3360 2837 naturalibus
3406 2784 3561 2841 bonis

1980 2866 2211 2920 hostiam
2241 2866 2294 2919 in
2325 2865 2545 2919 odorem
2573 2867 2852 2921 suavitatis
2878 2870 3084 2938 accepit
3102 2880 3145 2923 '.
3166 2872 3296 2926 Nam
3326 2875 3560 2943 ingenita

1979 2956 2319 3025 simplicitate
2348 2965 2457 3009 tam
2486 2966 2651 3025 purus
2685 2959 2848 3011 animi
2877 2974 3089 3029 semper
3124 2960 3285 3016 fuisse
3309 2962 3561 3033 perhibe-

1980 3054 2084 3109 tur,
2116 3054 2173 3099 ut
2198 3060 2423 3115 peccare
2450 3038 2717 3100 nescierit.
2747 3045 2864 3100 Jam
2896 3048 2947 3101 in
2988 3056 3241 3105 extremae
3271 3053 3444 3107 aetatis
3472 3070 3560 3109 se-

286 3140 603 3195 hominibus
651 3139 1094 3194 commortalibus
1141 3154 1204 3193 ac
1256 3139 1525 3208 plerisque
1572 3139 1882 3194 melioribus
1907 3142 1950 3199 C
1984 3145 2141 3192 necta
2169 3152 2304 3207 puer
2344 3145 2398 3192 et
2426 3138 2628 3192 malitia
2657 3141 2909 3208 parvulus
2942 3140 2987 3207 ί,
3020 3157 3125 3195 non
3155 3143 3325 3197 solum
3355 3147 3561 3212 gratim,

287 3231 633 3284 dominantes
656 3229 1004 3298 cupiditatum
1030 3245 1093 3284 ac
1116 3245 1293 3284 rerum
1315 3245 1532 3283 suarum
1558 3230 1698 3285 servi
1728 3237 1875 3294 sunt;

287 3319 354 3374 de
396 3320 496 3373 Dei
526 3320 834 3373 muneribus
871 3319 1163 3374 insolentes
1204 3319 1347 3383 Deo;
1379 3318 1594 3374 Christo
1627 3330 1876 3387 egentes;

287 3416 522 3480 peccato
566 3409 785 3473 divites;
814 3410 923 3463 vita
971 3409 1210 3474 steriles;
1242 3418 1418 3464 morte
1465 3408 1719 3464 fecundi?
1744 3408 1880 3475 Quid

286 3505 440 3567 huic,
470 3519 675 3574 quaeso,
704 3504 873 3557 obfuit
895 3503 1010 3557 seni
1038 3518 1269 3572 persona
1312 3502 1677 3567 sentinatoris,
1725 3510 1781 3555 et
1826 3501 1880 3555 in

288 3596 474 3650 nautis
503 3595 773 3658 vilissima,
802 3596 954 3664 inops
984 3594 1219 3656 habitus,
1245 3602 1299 3647 et
1320 3601 1587 3647 mastruca
1612 3594 1655 3623 ³⁸
1678 3591 1879 3647 Sardo-

288 3684 450 3737 rum?
473 3682 608 3736 Nam
636 3684 862 3753 pellibus
890 3685 1025 3738 sutis
1064 3683 1413 3745 vestiebatur,
1442 3698 1561 3738 cum
1600 3682 1746 3735 illum
1777 3683 1883 3738 Do-

289 3776 474 3828 minus
500 3776 756 3828 virtutum
774 3818 789 3843 ,
818 3774 930 3828 Rex
953 3775 1157 3844 glorim,
1190 3784 1244 3829 et
1273 3775 1509 3843 alloquio
1536 3789 1635 3829 suo
1664 3774 1879 3841 beabat,

289 3875 337 3919 et
370 3865 710 3920 illuminabat
737 3876 975 3937 aspectu,
1010 3876 1065 3922 et
1091 3867 1295 3936 gremio
1325 3866 1568 3935 sopiebat
1595 3885 1606 3919 :
1639 3865 1881 3936 profecto

289 3965 343 4010 ct
388 3956 444 4009 id
472 3956 643 4023 ipsum
669 3956 722 4009 in
771 3972 836 4010 eo
865 3956 1114 4024 diligens,
1144 3956 1289 4025 quod
1318 3955 1447 4009 Elia:
1497 3956 1729 4011 meloten
1784 3957 1877 4027 (V.

289 4053 415 4099 not.
435 4043 582 4114 206),
616 4053 670 4099 et
694 4046 873 4114 prtevii
898 4044 1161 4102 Johannis
1200 4046 1441 4100 habitum
1475 4054 1621 4102 veste
1650 4048 1879 4115 setigera

290 4134 611 4188 imitabatur
644 4145 688 4189 ε.
722 4134 922 4205 Regem
968 4137 1135 4191 seculi
1165 4136 1347 4191 videre
1387 4136 1624 4205 propius,
1672 4146 1728 4191 et
1766 4138 1882 4205 ejus

288 4226 377 4280 vel
428 4223 707 4282 fastidioso
736 4241 985 4282 sermone
1026 4228 1294 4297 respergi,
1327 4242 1519 4296 magna
1547 4244 1672 4298 pars
1700 4228 1882 4281 mundi

290 4323 406 4369 tam
435 4315 652 4370 beatum
700 4326 875 4387 putat,
907 4326 967 4372 ut
1011 4319 1057 4373 si
1086 4319 1243 4372 aliter
1290 4334 1396 4373 non
1426 4320 1685 4384 obtineat,
1719 4321 1881 4374 etiam

286 4404 508 4459 damnis
536 4414 700 4473 emat,
730 4407 889 4475 idque
917 4410 960 4441 "
986 4408 1227 4477 adeptus,
1256 4425 1360 4463 non
1393 4410 1554 4464 modo
1582 4411 1876 4476 hominum,

1983 3227 2077 3282 sed
2107 3236 2161 3282 et
2186 3228 2380 3282 mentis
2405 3227 2681 3282 infantiam
2711 3232 2866 3297 gerit.
2906 3230 3085 3301 Nuper
3110 3232 3271 3297 enim,
3305 3243 3360 3287 ut
3399 3251 3561 3305 supra

1983 3318 2060 3387 (η.
2090 3318 2145 3387 2)
2188 3318 2319 3381 dixi,
2352 3329 2570 3374 renatus
2599 3320 2652 3375 in
2681 3320 2895 3376 Christo
2938 3330 2994 3376 et
3033 3322 3258 3378 Domino
3288 3325 3564 3382 dedicatus

1980 3418 2082 3473 est,
2115 3425 2212 3479 per
2238 3425 2400 3477 quem
2450 3410 2588 3464 mala
2635 3412 2776 3478 vitae,
2819 3427 2915 3481 per
2941 3428 3099 3481 quem
3143 3430 3310 3484 aquas
3376 3418 3565 3471 mortis

1982 3501 2171 3555 evasit.

2054 3591 2137 3643 lt.
2182 3591 2376 3661 Accipe
2398 3592 2557 3659 igitur
2576 3607 2697 3645 eum
2727 3592 2879 3645 ltetus
2908 3592 2961 3645 in
2992 3592 3240 3656 Domino,
3270 3602 3328 3647 ut
3356 3595 3558 3649 bonum

1983 3681 2181 3737 Christi
2229 3682 2451 3737 odorem
2480 3691 2616 3748 “,vut
2644 3697 2837 3749 agnum
2862 3682 3060 3735 mensis
3089 3697 3370 3747 novorum,
3403 3699 3561 3753 quem

1983 3772 2051 3825 ad
2082 3773 2487 3826 unanimitatem
2516 3780 2679 3836 tuam,
2713 3770 2778 3824 de
2802 3770 2921 3823 rudi
2950 3771 3135 3824 matris
3156 3770 3407 3826 Ecclesia:
3430 3774 3561 3839 fetu,

1984 3862 2378 3916 immaculatum
2429 3860 2691 3915 candente
2736 3860 2923 3914 lanitio
2946 3870 3131 3930 pastor
3158 3862 3333 3930 exigui
3364 3866 3561 3932 gregis,

1982 3952 2077 4007 sed
2106 3952 2280 4019 magni
2302 3951 2539 4021 pignoris
2555 3958 2884 4013 muneratur,
2908 3958 2966 4005 ut
2989 3950 3057 4021 (e)
3083 3953 3297 4005 xenium
3328 3953 3420 4020 (V.
3448 3964 3561 4009 not.

1982 4043 2109 4113 207)
2139 4044 2376 4114 spiritale
2408 4043 2695 4098 transmisi.
2729 4043 2843 4097 Non
2873 4044 3015 4097 enim
3036 4044 3196 4097 alium
3221 4046 3311 4099 tali
3343 4062 3562 4101 munere

1984 4136 2281 4203 digniorem
2309 4135 2511 4203 putavi,
2536 4149 2696 4202 quam
2720 4141 2792 4198 te,
2824 4135 2915 4202 qui
2940 4135 3092 4203 juxta
3133 4134 3225 4188 Dei
3254 4138 3478 4203 gratiam
3509 4146 3565 4193 et

1985 4227 2354 4297 operationem
2392 4226 2539 4280 illum
2568 4234 2623 4280 et
2643 4226 2879 4295 aspicere
2925 4233 2980 4280 et
3007 4227 3279 4296 suscipere
3302 4229 3565 4284 novisses.

1985 4317 2179 4372 Videre
2205 4317 2348 4371 enim
2374 4316 2504 4370 mihi
2534 4315 2719 4370 videor
2736 4330 2839 4384 qua
2856 4316 3232 4384 gratulatione,
3261 4331 3365 4384 qua
3394 4317 3565 4372 adrui-

1986 4411 2215 4474 ratione,
2243 4423 2350 4477 qua
2375 4406 2478 4462 ﬁde
2501 4416 2555 4462 et
2582 4407 2859 4461 auditurus
2884 4406 2952 4461 de
2992 4408 3103 4470 illo,
3135 4416 3190 4461 et
3216 4409 3426 4463 visurus
3478 4410 3565 4479 ip-

286 4495 387 4549 sed
438 4503 494 4549 et
539 4497 621 4551 sui
668 4498 947 4551 immemor
976 4497 1088 4552 ﬁat.
1121 4498 1452 4564 Quantorum
1496 4501 1579 4555 hic
1626 4501 1882 4570 dignitate
1916 4494 1959 4552 D
1986 4517 2104 4556 sum
2148 4502 2244 4569 sis,
2272 4516 2393 4555 cum
2421 4515 2527 4569 quo
2555 4498 2832 4565 navigasse
2878 4500 3113 4565 angelos,
3164 4501 3249 4553 cui
3278 4510 3566 4571 martyrem

285 4583 520 4649 felicior,
550 4600 711 4653 quem
734 4585 851 4641 Rex
879 4604 1064 4658 regum
1092 4589 1411 4643 honoravit?
1432 4600 1752 4658 quantorutu
1783 4610 1879 4646 no-

287 4675 506 4731 bilitate
535 4678 787 4742 nobilior,
817 4694 977 4748 quem
1004 4678 1247 4735 Christus
1278 4683 1526 4750 agnovit?
1556 4690 1877 4750 quantoruni

288 4766 497 4821 divitiis
525 4769 849 4837 opulentior,
882 4771 967 4825 cui
996 4779 1143 4824 tanta
1176 4779 1254 4824 tot
1282 4781 1591 4827 sanctorum
1620 4773 1759 4827 bona
1788 4791 1881 4843 pa-

289 4860 426 4913 riter
454 4860 652 4913 collata
690 4870 841 4923 sunt,
876 4871 933 4916 ut
961 4863 1229 4919 Christum
1274 4864 1479 4919 videret
1508 4867 1644 4920 sicut
1688 4866 1875 4933 Israel,

290 4966 414 5003 cum
440 4951 562 5005 caeli
596 4950 741 5019 Rege
762 4952 1069 5021 loqueretur
1094 4953 1228 5008 facie
1257 4955 1322 5009 ad
1350 4953 1536 5010 faciem
1567 4957 1703 5011 sicut
1728 4955 1877 5028 Moy-

289 5053 380 5094 ses
409 5039 426 5077 ί
453 5058 467 5102 ;
500 5049 555 5094 et
579 5041 765 5095 eadem
794 5044 1180 5111 propemodum
1208 5043 1566 5099 familiaritate
1586 5046 1880 5113 requiesce-

367 5161 390 5187 δ
416 5152 434 5204 l
460 5152 603 5203 l’etr.
638 5167 715 5216 ιιι,
748 5150 832 5203 2l.
911 5152 937 5189 ὶι
970 5151 1108 5204 Psal.
1140 5168 1265 5216 cxu,
1302 5150 1351 5203 5.

290 5220 487 5273 Matth.
521 5237 597 5286 tu,
623 5221 684 5279 4;
714 5222 873 5276 Marc.
905 5239 939 5280 ι.
979 5222 1029 5273 ﬁ.

290 5288 461 5343 Marc.
509 5308 585 5357 ιιι,
640 5290 721 5359 lli.
805 5290 991 5359 iEph.
1061 5308 1132 5354 vi,
1176 5290 1229 5343 2.

292 5368 317 5393 ⁸³
346 5359 540 5412 Matth.
576 5377 651 5424 ιιι,
684 5358 735 5412 9.
816 5372 838 5394 ο
867 5358 911 5414 ll
939 5365 1061 5415 (Lor.
1098 5378 1170 5425 vi,
1199 5359 1249 5412 2.

295 5438 318 5466 ⁸
346 5429 485 5499 Eph.
512 5447 566 5495 ν,
606 5431 657 5483 2.
743 5433 757 5466 ⁸
794 5430 960 5485 lCor.
1026 5448 1130 5495 xw,
1162 5429 1249 5483 20.

371 5544 451 5679 (οζ
482 5545 577 5601 Ms.
612 5546 769 5613 Reg.,
794 5548 1033 5600 addictam

373 5614 428 5679 (b
480 5615 557 5669 Ita
588 5633 687 5670 ins.
736 5616 931 5679 Regius
980 5633 1033 5671 cc

373 5614 451 5682 (ὁ)
480 5615 557 5669 Ita
588 5633 687 5670 ins.
736 5616 931 5685 Regius
980 5617 1167 5671 codex.
1206 5616 1338 5671 Vide
1380 5634 1527 5687 seqq.
1563 5618 1697 5673 Ante
1741 5628 1883 5683 erat,

298 5696 589 5739 evaserunt.

379 5756 451 5826 (ς)
487 5756 651 5822 Alias,
684 5756 843 5811 tibiis.
870 5756 1007 5811 Vide
1035 5765 1148 5812 not.
1179 5756 1302 5813 205.

1310 5289 1504 5345 iPsal.
1557 5308 1734 5355 cxxrx,
1788 5294 1836 5344 ti.

1330 5371 1355 5408 ι’
1390 5359 1522 5413 Psal.
1548 5378 1597 5421 ι..
1638 5361 1716 5414 l9.

1330 5439 1353 5465 ιι
1387 5431 1424 5483 ιι
1456 5433 1576 5485 Cor.
1608 5448 1659 5496 ιι,
1696 5430 1778 5483 «ιδ.

1440 5163 1459 5189 ο
1490 5152 1629 5205 l’sal.
1655 5171 1828 5214 exul,
1876 5153 1957 5215 l0,
1988 5170 2096 5207 sec.
2143 5153 2304 5207 Psalt.
2332 5154 2486 5208 Rom.

1115 5222 1291 5274 [(ien.
1323 5238 1485 5285 χχχιι,
1521 5224 1619 5285 50;
1654 5224 1807 5276 Νιιιιι.
1833 5240 1923 5287 xu,
1956 5225 2006 5276 8.
2088 5234 2110 5269 Β
2140 5223 2261 5277 Joh.
2320 5242 2428 5285 xm,

1118 5331 1132 5348 ,
1176 5290 1229 5343 2.
1310 5289 1504 5345 iPsal.
1557 5308 1734 5348 cxxrx.
1788 5294 1836 5344 ti.
1923 5293 1946 5330 κ
1982 5294 2166 5348 Matth.
2225 5311 2315 5348 xx.
2376 5295 2440 5347 12

1796 5375 1820 5409 (ι
1857 5363 2038 5417 ΙΗΙυι.
2072 5381 2142 5431 \‘t,
2178 5363 2259 5416 16.
2301 5338 2315 5359 ’
2342 5376 2361 5401 τ
2398 5364 2457 5419 Ps

1986 4591 2331 4659 gubernasse,
2353 4606 2511 4659 quem
2539 4591 2591 4643 in
2614 4591 2732 4644 sinu
2764 4589 2961 4644 Christi
2988 4590 3271 4659 dormisse,
3305 4594 3388 4647 cui
3418 4593 3568 4648 Chri-

1985 4690 2126 4736 stum
2156 4696 2338 4735 aurem
2370 4681 2663 4745 vellicasse,
2694 4695 2892 4734 nomen
2936 4680 3252 4750 imposuisse
3283 4692 3569 4753 reputave-

1985 4773 2077 4826 ris.
2101 4771 2297 4826 Fateor
2326 4771 2421 4825 tibi
2443 4769 2781 4826 affectionem
2810 4786 3005 4839 meam,
3035 4772 3159 4827 dum
3191 4775 3411 4829 nimium
3456 4785 3564 4831 tam

1984 4864 2210 4932 insignia
2239 4865 2292 4918 in
2316 4866 2484 4918 nostri
2506 4864 2763 4933 temporis
2783 4862 2999 4918 homine
3020 4864 3113 4919 Dei
3134 4874 3283 4933 gesta
3311 4867 3565 4932 admiror,

1985 4955 2245 5025 etdiligo,
2273 4970 2411 5025 pene
2440 4955 2493 5008 in
2519 4956 2691 5025 ipsum
2721 4970 2901 5009 senem
2932 4954 3094 5010 fuisse
3116 4957 3406 5013 crudelem.
3436 4958 3569 5013 Nam

1988 5056 2096 5099 tam
2118 5045 2329 5100 assidue
2356 5061 2541 5100 aurem
2564 5046 2729 5115 ipsius
2766 5047 3070 5111 retractavi,
3104 5055 3161 5101 ut
3208 5063 3345 5117 pene
3397 5049 3562 5103 detri-

2566 5153 2589 5191 ά
2620 5154 2759 5208 Psal.
2789 5172 2965 5219 cxm,
2996 5156 3049 5209 5.
3130 5168 3150 5194 ε
3184 5158 3247 5210 IV
3274 5158 3401 5225 Reg.
3434 5176 3468 5221 ι,
3498 5160 3565 5219 8;

2633 5224 2654 5261 ¹ι
2688 5226 2821 5279 Gen.
2876 5243 3003 5289 ιιι-ιι,
3044 5225 3103 5290 5,
3149 5239 3202 5280 et
3250 5224 3414 5291 xxxii,
3460 5230 3566 5289 28;

2543 5294 2745 5350 lRom.
2797 5312 2869 5361 xu,
2919 5294 3005 5348 29.
3086 5307 3121 5332 πυ
3157 5298 3310 5351 Rom.
3356 5316 3425 5359 ιιι,
3475 5301 3564 5355 20.

2342 5376 2361 5401 τ
2398 5364 2537 5419 Psal.
2572 5384 2620 5431 ι,
2657 5366 2741 5430 19,
2774 5382 2884 5420 sec.
2920 5364 3085 5419 Psalt.
3123 5368 3276 5419 Rom.
3308 5379 3359 5421 et
3389 5378 3563 5424 vetus.

2088 5234 2110 5269 ϐ
2140 5223 2261 5277 Joh.
2320 5242 2428 5285 xui,
2463 5225 2549 5279 2'5.

2070 5551 2147 5616 (ιι)
2190 5549 2277 5603 Sic
2331 5564 2429 5603 ms.
2481 5548 2648 5619 codex
2680 5550 2907 5619 Regius:
2961 5558 3017 5603 et
3043 5551 3119 5603 sic
3140 5551 3261 5602 alibi
3296 5550 3561 5607 Paulinus.

2002 5620 2130 5673 Vide
2160 5621 2315 5687 epist.
2344 5620 2427 5684 Ml,
2460 5637 2511 5672 ιι.
2539 5618 2589 5671 ri.
2618 5618 2773 5674 Edit.’
2801 5620 2979 5671 llosv..
3012 5622 3303 5671 contritum.

2072 5691 2142 5760 (e)
2174 5689 2270 5745 Ms.
2315 5689 2467 5760 Reg.,
2503 5692 2753 5746 exenium.
2785 5690 2913 5745 Vide
2941 5697 3052 5742 not.
3086 5687 3206 5739 207.
