3994 6180
460 288 559 339 407

1513 287 1568 342 S.
1603 285 1871 340 PAULlNl
1911 283 2158 340 NOLANl
2197 285 2500 342 EPISCOPI
3573 291 3659 347 108

454 404 641 457 vet-im.
673 401 971 457 Voluissem
990 414 1204 470 quoque
1233 356 1314 455 vel
1347 401 1500 454 unius
1525 409 1730 470 partem
1758 400 1902 455 auris
1928 399 2025 453 ab-
2053 402 2104 460 Α
2131 400 2343 453 avarior
2369 398 2506 453 mari
2527 406 2580 452 et
2599 398 2715 454 sine
2742 413 3068 470 myoparone
3116 397 3212 467 (V.
3245 407 3352 454 not.
3399 397 3516 470 211)
3543 401 3670 470 pira-

456 491 719 554 scindere,
744 491 844 545 nisi
865 491 919 545 in
949 490 1041 546 illo
1059 489 1312 558 vulneris,
1334 505 1451 559 qum
1497 491 1628 544 mihi
1656 490 1912 560 pignoris,
1943 504 2031 547 res

457 583 663 639 fuisset.
688 581 804 636 Non
831 582 974 636 enim
1002 581 1140 635 alter
1161 581 1205 612 "
1231 580 1453 636 affectus
1479 581 1724 636 homines
1746 580 1811 635 ad
1840 579 2031 634 Hiero-

455 675 714 745 solymam
766 673 925 743 rapit,
983 673 1084 727 nisi
1131 681 1189 726 ut
1217 673 1354 739 loca,
1386 673 1436 726 in
1465 673 1656 742 quibus
1680 672 2033 742 corporaliter

455 779 691 834 praesens
713 763 809 818 fuit
828 763 1089 828 Christus,
1115 763 1330 816 videant
1358 771 1520 832 atque
1549 763 1878 830 contingant,
1904 777 2030 832 pos-

454 855 666 922 sintque
694 863 748 908 et
776 854 842 908 de
885 869 984 908 suo
1019 853 1193 908 fructu
1220 853 1430 909 edicere
1458 873 1470 907 :
1505 853 1836 908 Introivimus
1862 856 1916 908 in
1947 865 2028 908 ta-

456 943 730 998 bernacula
755 945 886 1015 ejus,
911 953 960 996 et
984 933 1307 998 adoravinzus
1327 944 1410 998 ubi
1431 946 1842 1015 steteruntpedes
1855 946 1966 1015 ejus
1977 953 2025 997 α.

455 1032 786 1102 Quamquam
815 1041 869 1086 et
897 1032 1054 1086 altior
1078 1041 1130 1086 et
1152 1033 1239 1087 hic
1284 1034 1406 1104 (vid.
1440 1041 1552 1088 not.
1583 1033 1708 1100 208)
1731 1034 2030 1089 intellectus

455 1120 738 1185 habeatur,
774 1131 951 1174 tamen
983 1129 1036 1174 et
1062 1121 1288 1189 simplici
1333 1137 1495 1176 sensu
1545 1123 1834 1176 secundum
1883 1123 2028 1177 litte-

455 1225 589 1276 ram,
631 1225 754 1266 cum
778 1225 863 1264 res
891 1212 1146 1280 postulat,
1175 1227 1281 1265 non
1313 1212 1638 1266 abutendum
1687 1221 1769 1266 est
1826 1213 1903 1278 (id
1955 1221 2031 1266 est

455 1301 708 1354 utendum
737 1311 839 1364 est,
865 1317 952 1354 seu
1000 1317 1104 1354 non
1135 1311 1350 1370 oportet
1392 1317 1496 1356 non
1547 1302 1642 1356 uti.
1681 1301 1743 1355 V.
1776 1309 1889 1356 not.
1918 1301 2028 1371 51).

455 1391 510 1445 Si
539 1404 667 1458 ergo
696 1391 943 1458 religiosa
967 1391 1232 1460 cupiditas
1259 1399 1341 1446 est
1387 1391 1501 1446 loca
1527 1392 1708 1446 videre
1736 1392 1789 1445 in
1838 1393 2031 1460 quibus

455 1480 698 1535 Christus
751 1481 1037 1549 ingressus,
1095 1490 1149 1536 et
1196 1497 1383 1551 passus
1429 1490 1529 1545 est,
1555 1490 1610 1536 et
1634 1481 1945 1548 resurrexit,
1977 1490 2032 1536 et

456 1570 597 1624 unde
616 1571 960 1637 conscendit,
989 1580 1043 1626 et
1070 1580 1162 1625 aut
1188 1572 1256 1626 de
1301 1573 1429 1641 ipsis
1470 1572 1605 1626 locis
1628 1572 1879 1639 exiguum
1908 1572 2030 1642 pul-

456 1673 634 1712 verem
664 1658 758 1725 (V.
790 1668 904 1715 not.
927 1660 1072 1730 209),
1097 1669 1190 1716 aut
1209 1662 1275 1716 de
1293 1661 1413 1730 ipso
1432 1663 1605 1716 erucis
1626 1662 1767 1728 ligno
1790 1667 1804 1730 (
1824 1663 1885 1717 V.
1913 1671 2024 1718 not.

2133 491 2294 544 ticam
2319 490 2374 543 in
2402 497 2542 543 terra
2565 502 2730 558 agens
2745 489 3045 558 occupavit,
3063 497 3120 542 et
3145 496 3353 559 captam
3364 489 3633 544 vacuefecit
3652 509 3664 543 :

2131 595 2254 634 nam
2281 580 2443 634 etiam
2469 594 2612 634 nunc
2639 579 2692 632 in
2715 579 2831 648 ipso
2853 579 3034 634 littore
3062 579 3237 633 inanis
3255 586 3454 647 manet,
3475 589 3530 632 ut
3547 579 3673 633 dam-

2131 686 2257 726 num
2281 670 2462 724 oneris
2490 669 2684 724 frustra
2715 670 2769 723 in
2797 669 2986 739 pelago
3030 668 3231 724 servati
3253 677 3307 723 et
3324 669 3378 723 in
3404 676 3537 722 terra
3562 684 3671 737 per-

2128 759 2226 815 diti
2280 751 2633 815 contestetur.
2685 759 2951 829 Deposita:
2972 758 3084 827 jam
3113 774 3255 828 saepe
3297 759 3434 828 apud
3465 758 3673 826 judicem

2129 850 2508 919 provincialem
2536 864 2697 919 super
2718 849 2823 906 hoc
2849 849 3130 904 latrocinio
3158 849 3407 918 querelze,
3434 848 3525 903 sed
3554 847 3675 902 Pha-

2129 955 2224 994 rao
2252 948 2432 994 noster
2458 940 2724 994 induravit
2749 955 2844 995 cur
2869 955 3044 994 suum.
3069 939 3230 996 Forte
3249 948 3306 994 ut
3325 940 3379 994 in
3398 939 3511 1009 ipso
3534 939 3678 994 mira-

2129 1030 2256 1084 bilia
2306 1029 2435 1083 fiant
2466 1047 2479 1082 :
2536 1038 2592 1084 et
2642 1037 2938 1085 conventus
2981 1044 3078 1098 per
3105 1029 3302 1095 ofﬁcia,
3332 1030 3501 1098 primo
3526 1030 3574 1082 vi
3600 1044 3678 1082 re-

2127 1118 2363 1183 bellavit,
2385 1127 2572 1188 postea
2595 1117 2818 1172 Romam
2841 1117 3092 1188 profugit.
3111 1116 3238 1174 Ηωο
3255 1117 3678 1174 Secundinianum

2130 1225 2308 1263 meum
2332 1209 2622 1265 necessitas
2651 1209 2717 1264 ad
2750 1207 2946 1264 Urbem
2985 1218 3040 1263 et
3069 1210 3258 1264 itinere
3285 1217 3496 1264 terreno
3542 1223 3681 1278 pere-

2129 1300 2330 1369 grinari
2356 1314 2476 1355 cum
2503 1315 2602 1355 suo
2629 1301 2788 1356 unico
2817 1308 2980 1355 nauta
3009 1301 3203 1370 coegit.
3237 1300 3350 1355 Non
3379 1299 3578 1369 ambigo
3589 1297 3682 1353 fra-

2130 1397 2268 1444 trem
2296 1401 2537 1445 nostrum
2569 1389 3008 1446 Postbumianum
3056 1398 3112 1445 et
3142 1391 3440 1444 interventu
3485 1398 3591 1454 tuo,
3635 1397 3683 1444 et

2129 1496 2226 1536 sua
2280 1481 2383 1536 ﬁde
2433 1489 2595 1550 atque
2641 1480 2872 1551 justitia,
2909 1481 3376 1537 commovendum.
3402 1479 3568 1546 Quare
3593 1480 3685 1534 hoc

2129 1569 2499 1626 moderamine
2523 1571 2851 1626 intervenire
2869 1571 3142 1636 debemus,
3170 1571 3316 1640 quod
3342 1570 3576 1640 profecto
3617 1569 3679 1639 (ε)

2131 1660 2315 1728 facies,
2345 1661 2448 1716 etsi
2477 1661 2655 1716 nullus
2684 1660 3022 1728 admoneam,
3049 1669 3110 1716 ut
3135 1662 3251 1731 pari
3296 1661 3475 1716 labore
3517 1660 3683 1716 defen-

455 1746 581 1811 210)
609 1747 809 1816 aliquid
836 1749 1024 1803 saltem
1049 1749 1265 1806 festucae
1292 1751 1466 1806 simile
1493 1767 1704 1807 sumere
1731 1762 1786 1807 et
1806 1753 2025 1821 habere,
2059 1757 2100 1815 Β
2127 1753 2222 1807 das
2237 1760 2292 1808 et
2313 1769 2537 1810 excuses
2557 1755 2761 1825 Optimo
2781 1754 3046 1822 Senatori,
3071 1756 3125 1811 id
3139 1765 3243 1825 est,
3263 1756 3558 1812 Christiano
3583 1757 3686 1811 viro

455 1836 758 1892 benedictio
802 1847 911 1904 est,
970 1842 1251 1896 considera
1305 1851 1506 1910 quanto
1529 1843 1700 1911 major
1727 1852 1782 1897 et
1821 1844 2030 1913 plenior

455 1929 624 1995 gratia
650 1931 738 1992 sit,
770 1930 946 1984 vivum
971 1948 1153 1986 senem
1176 1933 1259 1988 vel
1281 1934 1588 1989 testimonio
1615 1936 1806 1989 divina:
1835 1936 2029 1990 verita-

457 2020 522 2073 tis
553 2020 856 2089 inspicere?
878 2022 934 2076 Si
961 2038 1198 2092 pnesc,.e
1221 2027 1330 2078 nati
1354 2024 1401 2092 ι’,
1427 2027 1472 2080 si
1497 2025 1686 2082 fluvius
1705 2029 1956 2097 baptizati
1981 2039 2025 2095 ο,

454 2112 498 2166 si
528 2112 715 2168 hortus
758 2116 962 2169 orantis
1007 2114 1243 2184 Magistri
1272 2115 1320 2182 ά,
1351 2117 1396 2172 si
1426 2119 1621 2172 atrium
1645 2119 1872 2187 judicati
1909 2129 1954 2186 ο,
1984 2123 2029 2175 si

457 2200 704 2255 columna
733 2203 976 2268 districti,
1009 2206 1054 2258 si
1083 2206 1235 2273 spina
1268 2209 1511 2261 eoronati
1545 2208 1588 2273 τ,
1614 2211 1658 2263 si
1687 2210 1886 2278 lignum
1915 2227 2030 2266 sus-

456 2294 610 2361 pensi
638 2303 685 2358 8,
706 2295 752 2347 si
782 2309 970 2348 saxum
999 2298 1194 2365 sepulti
1226 2297 1275 2363 1’,
1309 2301 1469 2370 236
1487 2301 1532 2354 si
1554 2300 1702 2355 locus
1730 2303 2031 2357 resuscitati

457 2385 734 2452 evectique
768 2386 811 2449 ί,
865 2390 1124 2442 memoria
1172 2389 1364 2444 divina:
1417 2392 1686 2460 quondam
1713 2395 2029 2463 praesentiae,

455 2473 775 2537 celebratur,
801 2485 856 2530 et
885 2487 1120 2533 veterem
1143 2482 1424 2535 veritatem
1457 2485 1704 2552 praesenti
1753 2484 1856 2540 fide
1884 2501 2032 2540 com-

457 2565 688 2633 probant
707 2567 758 2620 in
781 2568 942 2623 rebus
962 2571 1226 2626 exanimis
1251 2574 1372 2626 viva
1395 2573 1711 2629 documenta
1726 2615 1742 2640 ,
1772 2590 1932 2644 quam
1956 2591 2034 2631 re-

458 2653 642 2720 ligiose
671 2657 1008 2724 aspiciendus
1035 2669 1117 2714 est
1145 2659 1251 2724 hic,
1300 2676 1459 2730 quem
1488 2664 1683 2733 alloqui
1712 2665 1808 2720 Dei
1855 2681 2032 2722 sermo

460 2743 705 2810 dignatus
733 2755 851 2816 est,
887 2748 972 2811 cui
1005 2764 1062 2804 se
1081 2749 1242 2805 facies
1263 2751 1442 2806 divina
1469 2769 1574 2808 non
1599 2756 1763 2820 texit,
1784 2757 1870 2811 cui
1892 2772 2033 2811 nunc

459 2844 746 2906 martyrem
769 2853 944 2904 suum,
973 2856 1116 2895 nunc
1143 2843 1486 2913 semetipsum
1504 2845 1745 2901 Christus
1765 2848 2029 2914 ostendit;

459 2925 510 2976 in
541 2924 690 2994 cujus
719 2929 931 2984 vivente
961 2937 1102 2984 terra
1129 2931 1391 2988 Dominici
1422 2937 1664 3005 corporis
1684 2937 1922 2992 videmus
1943 2938 2035 2992 im-

455 3029 638 3083 pressa
688 3019 928 3088 vestigia,
987 3022 1031 3078 si
1087 3023 1334 3080 lidelibus
1363 3027 1533 3082 oculis
1560 3035 1615 3082 et
1642 3029 1757 3083 acie
1785 3029 2029 3099 spiritali,

2129 1856 2278 1896 reum
2306 1857 2490 1907 suum;
2519 1843 2592 1897 ita
2621 1851 2679 1898 ut
2702 1844 2938 1914 praedoni
2985 1846 3086 1915 ipsi
3129 1845 3358 1901 sufﬁciat
3385 1846 3687 1916 impunitatis

2129 1931 2354 1997 lucrum,
2381 1933 2536 1989 nobis
2554 1934 2622 1989 ab
2643 1935 2760 2004 ipso
2788 1935 2884 1990 Dei
2912 1950 3132 1991 munera
3159 1939 3401 2008 recipere
3421 1937 3685 1994 contentis.

2700 2023 3032 2081 EPISTOLA
3065 2029 3082 2047 "
3112 2026 3169 2080 L.

2131 2091 2288 2169 287
2300 2091 2602 2169 βαθυξιὶηο
2629 2097 2867 2169 proponit
2896 2097 3202 2169 quaestiones
3230 2098 3441 2169 aliquot,
3487 2100 3686 2169 primum

2199 2159 2263 2235 ile
2290 2159 2542 2235 Psalmis,
2585 2159 2691 2216 tum
2727 2159 2792 2218 de
2814 2159 3080 2235 Apostolo,
3137 2176 3186 2221 et
3219 2167 3291 2221 ad
3319 2159 3608 2223 'ea‘treinum
3633 2170 3688 2223 de

2200 2229 2504 2301 Evangelia.

2200 2315 2380 2372 Carur
2420 2334 2639 2373 rntuuu.
2696 2317 3017 2384 Quaestione:
3069 2340 3135 2379 ex
3180 2323 3584 2379 Psalmis.—l.
3621 2326 3694 2380 De

2133 2412 2334 2480 paucis,
2364 2425 2483 2480 quae
2513 2427 2653 2468 nunc
2675 2413 2787 2481 jam
2817 2416 2882 2468 ad
2903 2430 3092 2471 navem
3114 2426 3370 2474 currente
3413 2418 3689 2474 litterarum

2130 2500 2416 2570 perlatore,
2441 2509 2498 2556 et
2529 2503 2662 2556 mihi
2682 2503 2735 2556 in
2757 2503 2924 2572 ipsius
2953 2505 3297 2562 festinatione
3327 2509 3624 2578 properanti
3641 2509 3688 2564 in

2132 2601 2363 2646 mentem
2392 2601 2670 2659 venerunt,
2705 2608 2773 2648 ne
2811 2595 2928 2649 sine
2955 2596 3240 2652 corollario
3271 2599 3403 2652 mihi
3428 2597 3688 2659 rescribas.

2131 2680 2307 2750 aliqua
2335 2697 2656 2752 proponam.
2681 2683 2808 2750 Quze
2837 2685 2882 2739 si
2912 2683 3048 2740 forte
3076 2686 3252 2741 lucida
3279 2697 3426 2753 sunt,
3480 2698 3533 2742 et
3575 2687 3691 2742 mihi

2135 2771 2380 2826 videntur
2397 2772 2642 2838 obseura,
2666 2788 2825 2829 nemo
2847 2773 3168 2844 prudentum
3193 2776 3545 2846 ﬁliorum,qui
3566 2776 3691 2833 forte

2130 2860 2199 2915 de
2226 2862 2426 2916 nostris
2448 2864 2463 2894 ⁸
2497 2863 2548 2916 in
2568 2863 2698 2917 hora
2730 2865 3062 2920 lectiuncula:
3092 2867 3248 2936 hujus
3276 2869 3422 2923 circa
3449 2877 3502 2924 te
3544 2876 3692 2922 stete-

2133 2951 2261 3017 rint,
2307 2952 2376 3006 de
2428 2953 2732 3024 insipientia
2780 2970 2898 3009 mea
2923 2956 3124 3022 rideat;
3155 2957 3250 3012 sed
3278 2961 3461 3029 potius
3478 2961 3696 3015 benevo-

2134 3040 2297 3095 lentia
2319 3041 2568 3097 fraternae
2594 3044 2832 3098 caritatis
2861 3045 3035 3100 faveat
3057 3046 3397 3116 instruendo,
3429 3058 3485 3103 ut
3511 3047 3694 3104 efliciar

455 3107 599 3176 quod
627 3108 680 3162 in
707 3125 774 3164 eo
803 3112 950 3168 sinus
978 3113 1196 3183 Christi,
1227 3118 1370 3184 quod
1417 3135 1604 3174 manus
1633 3121 1874 3190 contigit,
1904 3137 2027 3191 per-

2133 3131 2425 3186 videntium
2447 3187 2450 3192 ,
2474 3134 2763 3203 particeps,
2809 3142 2866 3189 et
2892 3151 2960 3190 ex
2997 3136 3240 3191 doctrina
3269 3107 3694 3193 tua'illutninatis

455 3196 711 3264 legamus,
744 3209 798 3253 et
844 3203 1113 3265 canitiem,
1145 3219 1265 3273 quae
1292 3223 1432 3277 saepe
1459 3225 1620 3278 super
1647 3211 1857 3266 Domini
1887 3227 2027 3282 genu

453 3286 639 3354 jacuit,
671 3303 809 3357 saepe
831 3290 1041 3346 Domini
1070 3294 1190 3348 sinu
1222 3299 1411 3365 tepuit,
1440 3308 1623 3354 nostra
1677 3317 1838 3356 manu
1889 3317 2030 3371 δεῦρο

455 3376 769 3443 mulcentes,
795 3388 848 3432 ct
877 3381 1167 3438 auriculam
1197 3401 1339 3455 saepe
1365 3389 1663 3458 palpantes,
1683 3405 1845 3459 quam
1865 3393 2028 3447 coele-

453 3473 564 3521 stes
585 3468 734 3538 digiti
758 3475 832 3540 (a)
863 3472 1090 3529 Domino
1123 3477 1339 3546 jocante
1362 3486 1679 3538 traxerunt?

525 3557 611 3611 15.
631 3559 830 3629 Habes,
859 3564 929 3617 mi
959 3563 1124 3620 frater
1153 3570 1254 3636 (ὁ),
1277 3571 1493 3625 xenium
1513 3588 1714 3644 meum,
1736 3575 1835 3631 ede
1857 3577 2029 3646 ipsum

451 3654 640 3722 spiritu
669 3658 928 3726 caritatis,
961 3663 1082 3716 etsi
1107 3662 1444 3733 loquacitatis
1489 3683 1622 3723 meae
1676 3671 2030 3727 amaritudine

455 3751 810 3816 nauseaveris,
843 3751 910 3806 de
937 3754 1108 3821 gratia
1155 3754 1365 3811 Domini
1415 3765 1471 3812 et
1515 3760 1748 3815 caelestis
1787 3761 2029 3817 historiae

451 3839 714 3893 suavitate
742 3836 1008 3896 fastidium
1038 3848 1380 3914 temperabis.
1439 3847 1602 3906 Certo
1657 3860 1835 3906 autem
1891 3853 2024 3919 scio,

449 3930 793 3998 quaesiturum
826 3941 878 3988 te
905 3943 962 3989 et
1006 3936 1431 3995 desideraturum
1461 3943 1680 4011 aliquid,
1731 3959 1838 4013 quo
1884 3946 2026 4001 circa

452 4019 593 4075 hunc
617 4021 884 4077 hominem
900 4039 1155 4081 exerceas
1175 4030 1470 4094 caritatem,
1490 4047 1592 4099 qua
1614 4032 1789 4100 diligis
1811 4034 1854 4066 ⁸³
1873 4034 2028 4089 Chri-

450 4119 610 4166 stum.
643 4113 836 4169 Subest
860 4117 1079 4170 materia
1110 4136 1121 4170 :
1156 4127 1211 4173 tu
1238 4122 1470 4174 studium
1493 4124 1592 4191 piae
1619 4124 1919 4181 devotionis
1944 4127 2025 4180 in-

430 4201 640 4267 -tende;
691 4210 746 4256 et
797 4213 1024 4273 patrono
1069 4206 1225 4274 hujus
1267 4209 1684 4276 Secundiniano,
1715 4215 1803 4269 cui
1833 4231 2023 4272 navem

450 4289 693 4345 Christus
719 4294 1060 4364 omnipotens
1087 4312 1184 4366 pro
1230 4298 1389 4366 hujus
1412 4300 1583 4356 salute
1625 4313 1889 4359 servatam
1912 4305 2024 4374 jam

449 4379 754 4449 desperanti
805 4384 1054 4452 reddidit,
1112 4395 1225 4443 toto
1251 4387 1372 4443 fidei
1402 4398 1503 4443 tua:
1521 4390 1710 4447 effectu
1739 4395 1784 4426 “
1813 4395 2022 4450 adesto.

2129 3222 2395 3277 mentibus
2416 3223 2866 3278 considerantium
2894 3227 3156 3281 mirabilia
3178 3227 3246 3283 de
3272 3228 3396 3299 lege
3412 3229 3628 3284 Domini.

2201 3309 2251 3364 2.
2294 3310 2388 3364 Dic
2407 3325 2535 3380 ergo
2564 3313 2710 3375 mihi,
2736 3313 3018 3370 benedicte
3045 3316 3236 3371 doctor
3259 3316 3447 3383 Israel,
3477 3316 3610 3386 quod
3632 3316 3697 3370 sit

2129 3399 2257 3467 quid
2285 3399 2478 3454 dicitur
2501 3401 2553 3454 in
2583 3403 2787 3470 psalmo
2811 3402 3019 3458 decimo
3032 3405 3254 3474 quinto:
3283 3405 3518 3471 Sanctis,
3544 3406 3694 3477 quiin

2131 3499 2266 3544 terra
2285 3501 2402 3545 sunt
2423 3493 2554 3560 ejus,
2587 3494 2879 3562 miri/ienuit
2920 3511 3094 3548 omnes
3123 3496 3414 3552 voluntates
3438 3514 3555 3552 suas
3574 3498 3696 3550 inter

2128 3584 2265 3638 illos.
2290 3582 2652 3654 Multiplicata:
2679 3595 2798 3639 sunt
2825 3586 2900 3657 (ά)
2942 3588 3269 3657 inﬁrmitates
3308 3605 3506 3654 eorum,
3535 3597 3694 3658 postea

2130 3675 2555 3729 acceleraverunt.
2587 3674 2734 3742 Quos
2759 3677 2834 3729 ait
2861 3679 3115 3731 sanctos?
3142 3679 3232 3748 qui
3263 3679 3318 3732 in
3373 3687 3517 3734 terra
3554 3679 3653 3733 sint
3676 3679 3698 3708 ⁹

2129 3765 2336 3819 sancti?
2367 3764 2502 3819 Num
2523 3765 2643 3820 illos
2670 3764 2898 3829 ludaeos,
2931 3767 3022 3835 qui
3053 3768 3143 3821 tilii
3170 3769 3351 3823 carnis
3381 3769 3620 3832 Abrahze,
3648 3774 3698 3820 et

2131 3871 2239 3910 non
2270 3856 2362 3910 lilii
2383 3857 2812 3925 repromissionis
2834 3859 3188 3913 excluduntur
3213 3875 3242 3913 a
3295 3863 3527 3926 semine,
3566 3857 3697 3929 quod

2129 3949 2182 4002 in
2204 3947 2349 4002 Isaac
2372 3957 2618 4003 vocatum
2641 3952 2760 4003 esti
2787 3950 2809 4001 ?
2837 3949 2962 4004 ldeo
2991 3961 3206 4005 sanctos
3235 3951 3287 4004 in
3337 3960 3484 4006 terra
3509 3951 3555 4016 ι,
3583 3949 3698 4018 quia

2127 4037 2300 4093 sancti
2327 4050 2521 4105 genere
2550 4039 2783 4104 carnali;
2814 4039 2920 4093 vita
2965 4049 3143 4094 autem
3190 4057 3465 4112 sensuque
3510 4040 3700 4096 terreni

2127 4137 2269 4192 sunt,
2301 4130 2425 4197 quia
2453 4135 2665 4183 terrena
2695 4131 2928 4199 sapiunt,
2953 4138 3010 4186 et
3057 4131 3124 4202 (e)
3165 4135 3370 4188 carnali
3414 4135 3696 4189 observan-
3755 4154 3761 4161 ·

2129 4217 2202 4271 tia
2224 4218 2275 4272 in
2295 4224 2561 4272 vetustate
2580 4219 2773 4274 litterae
2794 4229 3204 4285 consenescunt,
3229 4236 3338 4276 non
3363 4229 3702 4278 renascentes

2128 4308 2182 4362 in
2205 4323 2396 4363 novam
2421 4316 2724 4364 creaturam
2759 4308 2810 4374 l;
2839 4311 2964 4379 quia
3007 4323 3114 4365 non
3161 4321 3486 4381 receperunt
3511 4325 3630 4366 eum
3651 4319 3689 4346 ω

2127 4412 2224 4467 per
2248 4412 2406 4467 quem
2427 4407 2606 4454 vetera
2628 4401 2972 4465 transierunt,
3003 4409 3058 4456 et
3079 4401 3215 4457 facta
3243 4411 3368 4457 sunt
3399 4404 3468 4476 (Γ)
3492 4417 3629 4458 nova
3650 4410 3694 4455 π.

449 4469 640 4564 blunus
659 4474 798 4528 enim
827 4474 1024 4531 Christi
1051 4477 1286 4534 adseres.
1320 4479 1397 4535 Ne
1442 4483 1662 4550 patiaris
1691 4484 1883 4539 invidia
1911 4486 2027 4540 dia~
2057 4467 2103 4526 ί)
2127 4489 2216 4544 Sic
2265 4491 2407 4544 enim
2463 4489 2599 4546 forte
2642 4507 2737 4547 eos
2758 4493 2811 4547 in
2839 4494 2943 4549 hoc
2969 4494 3176 4563 psalmo
3196 4467 3431 4550 sanctos
3449 4467 3693 4564 appellat,

448 4560 558 4659 boli
579 4578 674 4631 per
694 4564 963 4622 hominem
994 4569 1293 4640 improbum
1333 4571 1729 4630 Secundiniano
1757 4578 1908 4646 eripi,
1938 4580 2022 4633 vel
2124 4583 2394 4651 quomodo
2423 4591 2477 4636 et
2504 4584 2557 4638 in
2579 4582 2866 4653 Evangelio
2891 4560 3082 4653 jus—tos,
3109 4585 3197 4639 ubi
3218 4584 3350 4641 dicit
3377 4605 3390 4640 :
3429 4560 3551 4641 Non
3593 4585 3698 4640 veni

444 4663 554 4745 jam
582 4661 825 4745 ereptum
859 4659 1042 4725 negari
1066 4663 1208 4727 quod
1239 4661 1313 4715 illi
1342 4662 1409 4717 de
1438 4663 1715 4733 naufragio
1742 4667 2022 4722 redonavit
2121 4687 2300 4726 vocare
2313 4674 2504 4742 justas,
2527 4675 2618 4728 sed
2645 4683 2937 4745 peccatores
2967 4685 2991 4710 υ
3024 4693 3036 4728 :
3071 4675 3122 4729 id
3143 4683 3242 4738 est,
3278 4676 3400 4731 illos
3418 4676 3590 4744 justus
3609 4674 3697 4742 qui

445 4738 605 4794 Deus.
635 4739 955 4800 Procurator
975 4747 1260 4805 Christiani
1290 4753 1387 4806 viri
1415 4754 1594 4809 fratris
1646 4757 1815 4810 nostri
1860 4755 2015 4812 Post-

445 4828 682 4884 lmmiani
711 4846 828 4887 esse
855 4833 1067 4901 dicitur,
1115 4839 1206 4906 qui
1253 4855 1371 4894 eam
1401 4857 1590 4897 navem
1620 4845 1673 4899 in
1694 4843 2018 4901 'Brutiorum

444 4921 642 4986 littore,
670 4939 777 4992 quo
805 4931 1072 4996 possessio
1101 4934 1364 4988 senatoris
1413 4934 1663 5002 adluitur,
1720 4937 2015 5008 adlapsam,

2121 4759 2175 4814 in
2190 4763 2473 4817 sanctitate
2492 4765 2704 4831 generis
2725 4773 2780 4818 et
2800 4764 2978 4819 littera
3000 4764 3130 4832 legis
3151 4765 3469 4833 gloriantur.
3500 4765 3698 4831 Quibus

2123 4851 2350 4907 dicitur:
2385 4852 2562 4908 Nolite
2589 4856 2803 4928 gloriari
2826 4855 2900 4928 (g)
2921 4856 2974 4910 in
2999 4865 3146 4928 patre
3169 4855 3450 4921 Abraham,
3483 4858 3602 4926 quia
3617 4873 3699 4924 po-

2124 4950 2234 4996 tens
2256 4953 2333 4998 est
2354 4943 2494 4999 Deus
2536 4946 2600 5000 de
2643 4946 2895 5017 lapidibus
2941 4950 3055 5002 istis
3099 4951 3326 5003 excitare
3360 4950 3502 5018 ﬁlios
3532 4946 3697 5000 Abrae

513 5033 922 5125 l‘fé‘ffI-ffnfb
954 5041 1032 5125 7.l
1079 5041 1259 5125 hLuc.
1286 5063 1341 5110 ιι,
1379 5049 1454 5125 ᾍΛ
1511 5049 1748 5125 (Matth.
1774 5068 1849 5114 nt,
1875 5054 1959 5125 l5.
2035 5052 2280 5125 ngohan.
2312 5073 2458 5124 xvm,
2493 5059 2542 5112 1.
2623 5070 2646 5097 ε
2678 5059 2839 5113 Marc.
2894 5076 2983 5124 xv,
3028 5061 3114 5114 16.
3198 5061 3216 5100 ἲ
3249 5061 3442 5116 Johan.
3503 5076 3612 5125 3m,
3643 5057 3694 5110 2.

444 5112 468 5199 ξ
497 5100 1042 5199 ³Ι¹ζὴ²¹¹¹λκξξνᾷξ7ςψ¹¹
1079 5113 1239 5199 hiate;
1271 5100 1359 5199 κέ.
1513 5100 1959 5199 __iii5iéi_'g€{,
2025 5100 2870 5193 1Βτοῆῒῖᾇῇίητ1³5³1.”ίῖ”,υὲ›.
2896 5100 2983 5167 “1’
3021 5100 3214 5199 63L",
3249 5100 3471 5185 '13:..."
3498 5100 3694 5185 363m}:

442 5187 480 5237 t,
515 5171 598 5226 11.
677 5184 702 5211 ιι
733 5171 900 5246 Apoc.
927 5197 1034 5246 nt,
1075 5181 1106 5235 ιι
1133 5196 1185 5237 et
1211 5183 1261 5238 5.
1341 5171 1364 5220 δ
1396 5171 1807 5253 Μειῑιπξῆξ-ὤ.

515 5268 534 5284 ⁹
572 5264 716 5322 Alias
745 5268 842 5334 45;
872 5285 991 5339 qna:
1012 5281 1190 5330 autem
1221 5274 1287 5329 50
1312 5286 1446 5343 erat,
1480 5294 1622 5334 nunc
1665 5280 1908 5351 Append.
1963 5282 2014 5336 2.
2049 5282 2258 5352 Scripta
2290 5286 2431 5340 circa
2463 5301 2662 5342 annum
2683 5287 2806 5341 410.

514 5379 592 5459 (_a)
613 5379 711 5459 ξιξ.
735 5383 903 5459 codex
924 5385 1065 5459 Reg.
1084 5402 1210 5459 _cum
1232 5390 1389 5444 editis
1419 5390 1470 5451 2,
1488 5391 1713 5459 jacente,
1749 5394 2019 5459 mendose;

442 5450 585 5529 unde
611 5450 902 5529 Sacclijntts
924 5450 1048 5522 legit
1063 5456 1284 5529 Domini
1306 5450 1519 5529 jacenti.

515 5518 592 5590 (ῡέ)
617 5519 720 5590 Ms.
758 5521 956 5590 Regius
976 5518 1170 5588 codex,
1199 5518 1454 5582 exenimu.

515 5588 585 5667 (te)
616 5588 812 5667 Itams.
843 5588 1013 5655 codex
1043 5595 1262 5664 Regius.
1294 5597 1456 5666 Editi,
1480 5601 1664 5667 facias.

2200 5397 2271 5462 (e)
2303 5395 2424 5451 Mss.
2457 5396 2563 5452 duo
2589 5397 2701 5465 Big.
2736 5399 2937 5452 addunt
2965 5400 3097 5452 ideo.

2199 5469 2268 5546 )
2300 5465 2661 5546 Expunxit'nus
2688 5483 2874 5546 vocem
2903 5470 3099 5534 omnia,
3129 5483 3248 5536 quae
3273 5469 3454 5523 aberat
3480 5483 3510 5520 a
3566 5480 3693 5521 mss.

2131 5534 2166 5588 2
2187 5534 2299 5602 Big.
2323 5545 2375 5588 et
2399 5536 2524 5590 edit.
2553 5537 2749 5591 Bened.
3147 5534 3162 5536 _

2203 5607 2279 5674 (g)
2309 5604 2657 5678 Manuscripti
2677 5606 2784 5664 duo
2804 5607 3018 5665 codices
3058 5607 3343 5678 Bigotiani,
3375 5603 3560 5659 habere
3596 5621 3691 5675 pa-

515 5657 874 5760 ςμ)ηέξςέξιυω
896 5674 977 5720 est
1005 5657 1150 5720 enini
1168 5683 1234 5724 ex
1257 5684 1386 5724 mss.
1411 5657 1682 5726 cedicibtrs
1711 5670 1748 5724 2
1799 5670 1911 5739 Big.
1971 5681 2024 5727 et
2126 5657 2630 5760 tren‘i'Abraltan't.T:

445 5723 572 5778 edit.
596 5724 792 5784 Bened.
