3988 6176
273 315 367 370 ιο9
1696 312 1858 368 ΕΡΙΞἿ

1966 313 2025 367 .A
2062 312 2124 367 L.

3432 320 3535 375 410

273 432 409 483 ἀίει.
443 424 687 491 Quorum
716 421 890 477 forma
938 421 992 476 in
1036 421 1127 477 illo
1156 418 1427 477 Pharisaeo
1456 420 1485 459 δ
1507 424 1849 494 proponitur,
1878 433 1928 490 Α
1955 426 2049 481 sed
2090 436 2146 482 et
2191 427 2589 497 blasphematus
2627 438 2712 483 est
2750 429 2818 487 ab
2867 430 2947 485 eis
2973 446 3091 486 cum
3116 430 3355 488 dicerent
3386 451 3401 487 :
3439 434 3536 491 llic

265 519 601 591 quijustitias
622 533 747 571 suas
776 524 1046 584 tamquam
1073 515 1332 570 nescienti
1355 515 1581 571 Domino
1608 518 1854 573 recolens

267 611 596 682 praedicabat
624 610 676 663 in
698 607 923 677 templo,
959 623 1065 661 non
1095 623 1258 662 orans
1282 616 1343 662 ut
1366 607 1727 675 exaudiretur,
1755 608 1852 663 sed

265 703 489 769 exigens
504 700 659 769 quasi
688 697 925 751 debitum
946 698 1123 752 meriti
1138 714 1236 768 pro
1252 698 1522 768 operibus,
1547 699 1702 754 bonis
1730 701 1852 769 qui-

264 793 411 858 dem,
441 792 536 846 sed
566 791 790 861 ingratis
812 791 954 854 Deo;
984 790 1110 859 quia
1141 792 1283 860 quod
1304 790 1512 859 justitia
1559 790 1856 847 aediﬁcave-

265 896 383 951 rat,
415 886 665 955 superbia
721 885 1032 939 destruebat
1064 903 1076 936 :
1112 899 1210 939 nec
1239 884 1468 954 idipsum
1490 884 1725 949 silentio,
1758 885 1855 940 sed

266 994 403 1033 voce
450 978 758 1042 clamabat,
784 984 843 1030 ut
895 983 1183 1045 appareret
1211 990 1333 1029 eum
1376 991 1485 1030 non
1514 976 1708 1032 divinis
1755 992 1852 1031 au-

267 1070 420 1123 ribus
477 1067 667 1135 loqui,
717 1067 810 1134 qui
840 1066 860 1096 ⁸
889 1073 945 1119 et
997 1066 1065 1119 ab
1105 1064 1414 1119 hominibus
1459 1065 1624 1120 vellet
1662 1067 1853 1120 audiri.

268 1162 445 1227 Atque
473 1158 595 1213 ideo
619 1173 724 1212 non
755 1156 956 1226 placuit
980 1154 1111 1219 Deo,
1144 1156 1267 1225 quia
1287 1156 1534 1225 placebat
1563 1156 1682 1211 sibi.
1713 1158 1857 1223 Quo-

160 1271 174 1287 ο
266 1250 413 1303 niam
442 1248 723 1317 dissipavit
750 1246 1008 1300 Dominus
1037 1260 1159 1300 ossa
1188 1246 1461 1299 hominum
1508 1246 1608 1299 sibi
1637 1247 1856 1315 placen-

266 1339 425 1393 tium.
451 1337 669 1409 Confusi
699 1345 840 1403 sunt,
864 1335 1056 1404 inquit,
1087 1336 1206 1405 quia
1226 1337 1415 1405 sprevit
1439 1335 1557 1390 illos
1584 1346 1631 1401 ε,
1653 1337 1743 1407 qui
1764 1352 1859 1392 cor

266 1429 472 1484 humile
500 1436 557 1483 et
583 1428 1000 1482 contribulatum
1032 1442 1138 1481 non
1168 1426 1372 1495 spernit
1397 1425 1464 1479 4.?

340 1523 506 1594 238
532 1522 585 1575 5.
626 1520 866 1588 Denique
920 1528 975 1574 et
1013 1518 1065 1573 in
1090 1519 1203 1588 ipsa
1225 1516 1494 1587 Evangelii
1524 1521 1776 1590 parabola
1808 1530 1856 1590 θ,

265 1625 376 1683 qua
398 1613 648 1684 pharistei
677 1621 731 1667 et
754 1612 1027 1682 publicani
1047 1625 1275 1680 persona
1316 1609 1610 1675 confertur,
1642 1613 1860 1667 eviden-

266 1712 354 1760 ter
378 1702 615 1759 ostendit
643 1701 758 1773 ipse
786 1702 1045 1757 Dominus
1072 1700 1199 1771 quid
1228 1701 1281 1753 in
1311 1700 1529 1757 homine
1576 1704 1853 1773 suscipiat,

1958 518 2121 573 homo
2149 519 2244 573 sia
2268 518 2378 573 Deo
2400 527 2562 586 esset,
2589 535 2693 574 non
2710 519 2782 591 (b)
2801 530 3013 575 curaret
3026 522 3261 577 sabbatis
3273 534 3319 577 a:
3344 533 3399 579 et
3427 540 3533 578 non

1957 607 2104 676 ejicit
2127 610 2387 663 daemonia
2417 611 2517 666 nisi
2540 611 2592 664 in
2641 610 2938 667 Beelzebub
2975 613 3217 682 principe
3240 613 3534 669 daemonio-

1955 712 2074 751 rum
2095 707 2141 751 τ.
2160 697 2533 768 Propterhanc
2553 708 2783 754 mentem
2798 701 3058 756 obdurata
3081 703 3357 772 impietate
3378 719 3536 757 casea—

1955 796 2083 853 tam,
2098 789 2455 857 multiplicatae
2474 798 2593 843 sunt
2611 792 2941 860 inﬁrmitates
2966 801 3021 846 et
3047 794 3281 848 teuebra:
3301 811 3475 847 eorum
3490 804 3535 847 '.

2028 879 2080 933 5.
2121 879 2228 935 Sed
2275 882 2402 949 quid
2433 891 2533 944 est,
2558 883 2699 952 quod
2727 884 2798 937 ait
2823 901 2835 935 :
2869 883 3062 938 Postea
3088 886 3539 939 acceleraverunt!

1957 966 2147 1024 Utrum
2188 971 2238 1024 in
2286 972 2676 1041 pmnitentiam,
2722 976 2860 1027 sicut
2888 976 3050 1045 289
3098 976 3173 1029 illi
3222 977 3272 1029 in
3319 978 3538 1031 Actibus

1958 1062 2321 1130 apostolorum
2353 1063 2398 1127 ί,
2448 1063 2541 1133 qui
2587 1063 2730 1117 beati
2780 1063 2921 1119 Petri
2970 1067 3346 1135 pnedicatione
3387 1083 3537 1123 com-

1957 1154 2164 1225 puncti,
2189 1155 2530 1210 crediderunt
2558 1156 2609 1209 in
2641 1172 2760 1210 eum
2787 1172 2945 1225 quem
2979 1160 3046 1225 (c)
3073 1158 3464 1224 cruciﬁxerant,
3484 1170 3538 1216 et

1958 1244 2271 1300 festinantes
2293 1253 2444 1299 tanto
2461 1245 2666 1314 expiari
2688 1256 2932 1316 peccato,
2957 1247 3024 1302 ad
3046 1247 3241 1302 donum
3259 1251 3441 1317 gratiae
3458 1249 3536 1321 (ά)

1958 1334 2344 1387 cucurrerunt?
2386 1335 2469 1386 An
2502 1349 2658 1401 vero,
2706 1336 2830 1403 quia
2859 1337 3083 1392 virtutes
3112 1337 3301 1391 anima:
3339 1353 3403 1392 ex
3436 1337 3539 1391 tide

1959 1429 2015 1475 et
2041 1422 2265 1476 caritate
2285 1422 2378 1477 Dei
2407 1424 2752 1489 roborantur,
2782 1425 2887 1481 illis
2915 1427 3093 1495 impiis
3116 1435 3342 1496 utroque
3361 1427 3543 1482 vacuis

1958 1513 2315 1583 multiplicata:
2359 1522 2479 1567 sunt
2522 1515 2856 1585 inﬁrmitates
2906 1519 3097 1571 anima:
3156 1532 3223 1572 ex
3265 1518 3540 1587 impietate

1959 1606 2221 1660 scelerum
2251 1606 2541 1661 mortiferis
2583 1607 2928 1676 languoribus
2957 1617 3245 1678 occupatzc,
3296 1608 3538 1664 Christus

1960 1698 2160 1750 etenim
2206 1696 2385 1751 lumen
2415 1706 2471 1751 et
2496 1697 2603 1751 vita
2650 1698 2980 1752 credentium
3029 1707 3112 1753 est
3138 1707 3186 1764 υ,
3237 1711 3294 1754 et
3338 1700 3539 1754 sanitas

266 1794 397 1864 quid
425 1791 675 1863 repellat,
700 1792 838 1847 sicut
858 1792 1116 1860 scriptum
1145 1797 1229 1845 est
1262 1808 1275 1842 ε
1309 1788 1444 1853 Quia
1466 1790 1604 1846 Deus
1626 1795 1855 1863 superbis
1886 1796 1936 1857 Β
1960 1788 2058 1843 sub
2084 1789 2274 1857 pennis
2302 1788 2415 1857 ejus
2442 1798 2489 1842 ν.
2525 1786 2677 1843 Unde
2706 1805 2812 1844 non
2850 1790 3041 1844 mirum
3072 1792 3116 1845 si
3145 1799 3198 1845 et
3230 1792 3463 1846 tenebrae
3483 1800 3540 1845 et

267 1886 483 1951 resistit,
514 1885 793 1938 humilibus
820 1896 989 1938 autem
1009 1885 1099 1937 dat
1129 1887 1350 1955 gratiam
1376 1883 1418 1939 τ.
1439 1884 1563 1939 Ideo
1584 1894 1856 1955 protesta-

266 1989 353 2033 tur
378 1977 552 2045 magis
572 1975 919 2046 justiﬁcatum
963 1978 1159 2032 abiisse
1204 1993 1235 2032 e
1266 1980 1467 2049 templo
1518 1977 1857 2047 publicanum

265 2070 331 2125 de
350 2068 696 2124 confessione
716 2077 1061 2137 peccatorum
1084 2086 1325 2138 suorum,
1347 2085 1507 2139 quam
1531 2067 1857 2123 Pharismum

268 2160 329 2215 de
348 2159 712 2228 imputatione
731 2159 1061 2227 justitiarum
1090 2175 1325 2214 suarum.
1353 2160 1542 2214 Merito
1563 2167 1743 2214 autem
1767 2159 1859 2213 ille

269 2250 519 2305 laudator
546 2249 629 2302 sui
656 2249 966 2317 repudiatus
986 2249 1244 2305 abscessit
1271 2266 1301 2304 a
1323 2250 1459 2306 facie
1488 2250 1603 2317 Dei,
1626 2250 1858 2319 quicum

270 2340 387 2411 ipso
418 2338 641 2394 nomine
668 2339 911 2409 peritiam
942 2339 1074 2407 legis
1101 2338 1396 2409 pra-ferret,
1443 2340 1641 2394 oblitus
1688 2337 1860 2392 fuerat

267 2436 317 2490 in
341 2432 613 2503 propheta
633 2431 895 2486 dicentem
918 2431 1198 2485 Dominum
1222 2449 1234 2483 :
1266 2431 1434 2501 Super
1454 2447 1597 2501 quem
1622 2428 1861 2484 habitabo

270 2524 369 2577 uisi
397 2540 559 2592 super
579 2523 821 2575 humilem
845 2532 893 2575 et
918 2523 1160 2593 quietum,
1186 2532 1235 2575 et
1279 2530 1573 2575 trementem
1600 2537 1861 2575 sermones

270 2631 406 2669 meos
439 2617 507 2668 8?
557 2614 651 2668 Ille
704 2623 883 2668 autem
940 2615 990 2667 in
1022 2614 1183 2668 corde
1209 2614 1442 2669 contrito
1472 2614 1553 2669 sui
1582 2621 1863 2669 accusator

271 2707 558 2777 accipitur,
607 2713 662 2760 et
713 2706 919 2760 obtinet
964 2707 1172 2760 veniam
1226 2707 1292 2761 de
1343 2706 1604 2762 confessis
1627 2706 1862 2776 peccatis

272 2806 499 2866 propter
552 2796 775 2863 gratiam
833 2797 1170 2865 humilitatis,
1228 2807 1415 2853 sancto
1445 2798 1536 2852 illo
1566 2797 1856 2863 Pharisazo,

271 2888 459 2958 quales
484 2885 653 2941 Judtci
674 2888 845 2942 sancti
874 2896 1016 2956 sunt,
1048 2897 1355 2958 reportante
1379 2890 1643 2946 sarcinam
1667 2905 1853 2959 pecca-

272 2991 451 3035 torum
483 2980 552 3033 de
575 2980 831 3047 jactantia
860 2982 1175 3035 sanctitatis.
1229 2983 1399 3052 Ipsius
1437 2984 1686 3037 nimirum
1736 2992 1861 3038 sunt

273 3070 444 3125 forma
500 3069 668 3123 Judaei
716 3071 810 3133 1111,
864 3071 931 3125 de
984 3072 1175 3141 quibus
1214 3072 1499 3142 Apostolus
1527 3075 1602 3128 ait
1633 3073 1682 3142 δ,
1714 3074 1858 3143 quod

1958 1879 2284 1948 inﬁrmitates
2310 1895 2483 1932 eorum
2512 1879 2868 1949 multiplicatae
2892 1888 3012 1934 sunt
3043 1882 3093 1935 in
3125 1882 3416 1944 interitum,
3446 1881 3536 1950 qui

1961 1971 2121 2025 vitam
2151 1979 2205 2026 et
2249 1972 2419 2026 lucem
2462 1987 2568 2025 non
2605 1980 2954 2040 receperunt,
3006 1988 3178 2041 neque
3217 1973 3314 2027 sub
3349 1975 3539 2042 pennis

1957 2061 2073 2131 ejus
2100 2078 2317 2117 manere
2344 2062 2647 2117 voluerunt.
2681 2062 2848 2132 Quos,
2888 2070 2946 2116 ut
2970 2063 3084 2133 ipse
3112 2061 3246 2117 ﬂens
3281 2064 3333 2117 in
3358 2063 3537 2118 Evan-

1959 2154 2099 2221 gelio
2118 2168 2218 2207 suo
2238 2160 2586 2222 protestatur,
2611 2167 2753 2221 suape
2777 2153 2949 2207 voluit
2968 2167 3292 2223 congregare
3311 2154 3408 2209 sub
3429 2155 3537 2212 alas

1959 2252 2102 2309 suas,
2134 2244 2271 2298 sicut
2297 2243 2491 2311 gallina
2521 2252 2808 2312 congregat
2841 2246 3012 2314 pullos
3041 2260 3167 2300 suos
3191 2255 3238 2313 ι,
3269 2255 3325 2300 et
3350 2248 3539 2302 nolue-

1960 2344 2103 2389 runt.
2134 2334 2496 2405 Multiplicatis
2522 2349 2651 2403 ergo
2681 2336 3078 2390 infirmitatibus
3098 2351 3204 2405 quo
3226 2338 3539 2392 accelerave-

1960 2427 2113 2480 runt?
2141 2424 2279 2481 forte
2306 2427 2361 2481 in
2387 2441 2603 2481 crucem
2632 2424 2843 2480 Domini
2887 2428 3348 2493 conclamandam,
3377 2436 3430 2482 et
3460 2428 3538 2481 in-

1960 2519 2071 2572 vito
2101 2516 2271 2573 Pilato
2296 2517 2513 2572 nefariis
2552 2518 2776 2573 vocibus
2804 2519 3247 2587 extorquendam,
3281 2527 3339 2573 ut
3366 2519 3537 2574 adim‘

1961 2610 2172 2680 plerent
2191 2624 2494 2664 mensuram
2519 2618 2731 2680 patrum
2752 2625 2972 2664 suorum
2984 2620 3032 2675 r;
3067 2618 3125 2664 ut
3150 2611 3235 2666 isti
3253 2611 3535 2667 Dominum

1962 2703 2343 2772 prophetarum
2375 2699 2702 2765 occiderent,
2751 2716 2977 2769 quorum
3018 2710 3197 2770 patres
3245 2704 3388 2771 ipsos
3412 2718 3539 2772 pro-

1962 2793 2149 2863 phetas
2178 2792 2582 2859 interfecerunt,
2633 2807 2662 2845 a
2708 2792 2901 2860 quibus
2948 2793 3035 2847 hic
3083 2794 3268 2846 mundi
3295 2792 3539 2849 Salvator

1961 2898 2079 2939 esse
2122 2893 2382 2939 venturus
2421 2885 2786 2938 nuntiabatur.
2827 2883 3018 2937 Postea
3060 2886 3467 2939 acceleraverunt
3492 2896 3537 2938 τ.

1961 2974 2186 3030 Veloces
2210 2976 2351 3029 enim
2380 2976 2545 3045 pedes
2574 2990 2763 3029 eorum
2800 2975 2865 3027 ad
2894 2974 3271 3029 effundendum
3317 2977 3537 3040 sangui-

1960 3082 2105 3122 nem.
2149 3065 2414 3121 Contritio
2461 3074 2516 3120 et
2562 3064 2845 3120 infelicitas
2883 3066 2934 3119 in
2982 3066 3077 3119 viis
3104 3081 3290 3121 eorum
3319 3075 3374 3121 et
3400 3068 3538 3122 viam

272 3177 425 3217 suam
452 3162 717 3231 justitiam
746 3170 983 3217 statuere
1012 3165 1288 3232 cupientes
1312 3181 1430 3234 quze
1458 3182 1524 3221 ex
1579 3167 1697 3235 lege
1753 3174 1857 3234 est,

1966 3158 2111 3229 pacis
2140 3172 2245 3211 non
2277 3165 2667 3225 cognoverunt,
2712 3156 2765 3211 id
2789 3164 2890 3222 est,
2927 3154 3199 3211 Christum
3242 3158 3333 3228 qui
3373 3158 3537 3212 dicit:

275 3254 492 3321 iustitia:
522 3253 615 3308 Dei
644 3270 749 3308 non
773 3263 896 3309 sunt
919 3255 1140 3323 subjecti
1163 3272 1279 3326 qua:
1300 3266 1380 3313 est
1401 3274 1469 3312 ex
1495 3257 1614 3322 ﬁde,
1638 3272 1755 3328 qua:
1776 3273 1861 3314 re-

274 3354 461 3414 putata
491 3353 577 3398 est
605 3346 741 3415 patri
785 3354 970 3399 nostro
1000 3346 1267 3401 Abraham
1290 3349 1357 3402 ad
1383 3350 1644 3419 justitiam
1680 3351 1721 3415 ι,
1752 3365 1861 3405 non

276 3448 335 3489 ex
363 3435 647 3503 operibus,
669 3435 794 3504 quia
822 3436 1116 3490 secundum
1143 3438 1587 3507 omnipotentiam
1617 3439 1713 3494 Dei
1736 3455 1860 3494 cre-

276 3525 411 3579 didit
434 3526 571 3591 Deo,
591 3525 729 3596 apud
752 3541 911 3596 quem
943 3527 1031 3582 ille
1056 3542 1185 3583 vere
1210 3528 1383 3597 justus
1410 3539 1512 3593 est,
1540 3530 1631 3599 qui
1662 3546 1728 3585 ex
1758 3529 1862 3585 ﬁde

277 3615 411 3669 vivit
443 3617 456 3665 i
503 3633 515 3668 :
568 3631 669 3671 nec
716 3626 931 3672 sanctus
982 3618 1034 3672 in
1068 3626 1207 3673 terra
1230 3628 1330 3685 est,
1354 3620 1446 3675 sed
1469 3621 1520 3675 in
1542 3621 1706 3687 caelo;
1738 3621 1862 3690 quia

276 3724 382 3761 non
412 3706 487 3777 (a)
519 3706 572 3761 in
603 3722 782 3772 carne,
815 3709 910 3763 sed
956 3709 1009 3763 in
1038 3709 1228 3779 spiritu
1260 3710 1515 3776 ambulat,
1548 3710 1700 3780 cujus
1730 3728 1863 3767 con-

275 3800 515 3853 versatio
570 3799 623 3852 in
677 3800 827 3855 caelis
879 3810 960 3855 est
989 3800 1036 3865 ι,
1063 3818 1167 3857 non
1197 3802 1472 3870 gloriantis
1502 3803 1553 3857 in
1584 3804 1861 3859 circumci-

270 3888 433 3942 sione
476 3889 673 3954 carnis,
725 3890 821 3945 sed
860 3890 911 3943 in
951 3892 1357 3947 circumcisione
1385 3893 1578 3959 cordis,
1610 3909 1727 3963 qua:
1755 3911 1863 3949 non

277 3979 483 4043 littera,
506 3979 601 4033 sed
627 3980 818 4049 spiritu
841 3981 1013 4048 agitur
1035 3982 1370 4037 invisibiliter
1398 4001 1410 4035 :
1443 3984 1586 4039 unde
1609 3984 1724 4040 laus
1744 3984 1860 4054 ejus

277 4086 387 4125 non
416 4086 482 4125 ex
511 4071 816 4126 hominibus
842 4081 922 4127 est
943 4073 986 4137 ⁸,
1019 4075 1112 4129 sed
1134 4090 1202 4129 ex
1224 4075 1335 4129 Deo
1369 4075 1413 4129 ι.

342 4162 405 4215 4.
448 4161 650 4216 Deinde
678 4163 820 4231 quod
846 4163 1019 4231 jungit
1044 4166 1095 4218 in
1126 4166 1315 4220 eodem
1342 4167 1607 4223 versiculo
1638 4186 1649 4221 :
1696 4167 1864 4221 Mira:

275 4255 407 4325 fecit
438 4252 723 4307 voluntates
745 4270 865 4309 suas
886 4258 1019 4309 inter
1043 4257 1159 4311 illos
1190 4262 1249 4322 ἠς
1281 4257 1441 4312 credo
1481 4274 1547 4312 ex
1594 4274 1660 4313 eo
1711 4260 1860 4325 dicit,

276 4344 427 4416 quod
451 4345 581 4413 ipsis
607 4346 837 4414 primum
870 4346 1141 4401 lucernam
1186 4348 1319 4415 legis
1345 4348 1612 4416 accendit,
1641 4358 1695 4404 et
1723 4366 1863 4420 prae-

275 4445 437 4507 cepta
461 4435 672 4490 vivendi
702 4436 865 4490 dedit.
893 4436 1056 4492 Notas
1105 4442 1265 4504 enim,
1325 4439 1515 4507 inquit,
1572 4439 1699 4495 fecit
1749 4442 1863 4495 vias

1961 3247 2074 3319 Ego
2099 3264 2215 3303 sum
2236 3248 2322 3302 via
2347 3259 2425 3302 ηδ.

2033 3340 2083 3392 6.
2118 3338 2172 3392 In
2204 3340 2553 3410 consequenti
2582 3339 2788 3410 psalmo
2811 3339 2938 3393 illud
2967 3339 3094 3393 mihi
3116 3343 3312 3409 exponi
3337 3340 3542 3395 desides

1961 3446 2043 3494 ro,
2066 3431 2193 3500 quid
2210 3430 2377 3486 dicat:
2404 3429 2484 3485 De
2508 3430 2820 3484 absconditis
2840 3432 2939 3485 tuis
2962 3431 3267 3501 adimpletus
3288 3440 3361 3485 est
3377 3441 3543 3485 venter

1964 3542 2159 3579 eorum.
2186 3525 2426 3581 Saturati
2452 3534 2571 3579 sunt
2597 3527 2831 3594 porcina,
2858 3524 2944 3578 vel
2968 3525 3127 3594 (sicut
3155 3525 3205 3576 in
3226 3523 3543 3592 quibusdam

1965 3614 2501 3684 Psalteriisscriptnm
2515 3614 2696 3684 audio)
2711 3615 2945 3669 Saturati
2961 3623 3078 3667 sunt
3098 3614 3242 3683 ﬁliis,
3260 3622 3307 3666 et
3330 3616 3545 3682 relique-

1963 3715 2099 3771 runt,
2120 3724 2232 3778 qua:
2252 3708 2627 3776 superfuerunt,
2648 3706 2873 3773 parvulis
2895 3706 3000 3758 suis
3025 3704 3121 3772 (V.
3158 3712 3268 3758 not.
3301 3703 3447 3774 212).

2037 3802 2086 3853 7.
2120 3800 2323 3854 Rursus
2366 3799 2420 3851 in
2455 3798 2559 3850 alio
2589 3797 2797 3865 psalmo
2828 3796 3079 3849 admirari
3124 3795 3304 3859 soleo,
3354 3795 3543 3850 Filium

1964 3893 2028 3945 ad
2050 3890 2261 3943 Patrem
2288 3889 2431 3956 loqui
2461 3887 2784 3955 intelligens,
2807 3888 2857 3940 in
2885 3886 3091 3955 psalmo
3105 3886 3543 3953 quinquagesimo

1965 3994 2179 4045 octavo,
2214 3981 2301 4034 ubi
2323 3980 2389 4034 de
2409 3978 2604 4033 Judaeis
2633 3979 2879 4043 inimicis,
2903 3977 2970 4031 de
2999 3978 3191 4046 quibus
3212 3991 3371 4045 supra
3392 3976 3543 4030 dixe-

1964 4082 2086 4129 rat:
2111 4071 2246 4125 Ecce
2271 4073 2369 4141 ipsi
2399 4070 2666 4142 loquentur
2687 4070 2738 4123 in
2769 4087 2856 4124 ore
2875 4087 2986 4134 suo,
3009 4080 3057 4122 et
3087 4069 3289 4140 gladius
3318 4070 3371 4122 in
3394 4068 3543 4122 labiis

1965 4181 2171 4229 eorum;
2197 4164 2355 4234 paulo
2381 4160 2517 4216 infra
2545 4162 2675 4217 dicit
2700 4180 2711 4214 :
2737 4160 2822 4215 Ne
2850 4161 3097 4216 occideris
3117 4176 3221 4223 eos,
3255 4177 3318 4213 ne
3339 4162 3543 4231 quando

1966 4256 2330 4311 obliviscantur
2379 4254 2449 4325 (ε)
2501 4255 2626 4325 legis
2670 4264 2786 4308 tute.
2830 4252 3080 4323 Disperge
3113 4252 3231 4306 illos
3272 4254 3326 4306 in
3364 4254 3545 4306 virtuts

1968 4358 2079 4412 tua,
2108 4356 2158 4401 et
2181 4348 2383 4400 destrue
2409 4362 2516 4412 eos,
2542 4344 2782 4399 Domine.
2801 4344 2953 4409 Quod
2978 4344 3030 4398 in
3065 4344 3147 4399 his
3176 4358 3343 4412 usque
3374 4344 3426 4397 in
3448 4343 3547 4398 ho-

1966 4441 2208 4495 diernum
2234 4439 2374 4494 diem
2397 4438 2638 4493 videmus
2668 4437 2897 4506 impleri.
2943 4436 3212 4491 Destructi
3251 4444 3375 4490 sunt
3403 4436 3547 4490 enim

275 4542 409 4581 suas
436 4525 627 4597 Moysi,
660 4534 714 4580 et
742 4526 863 4580 filiis
890 4526 1050 4581 Israel
1079 4530 1380 4583 voluntates
1407 4545 1533 4585 suas
1562 4539 1608 4583 ο.
1662 4530 1862 4586 Deinde
1894 4517 1943 4578 ί)
1969 4548 1998 4587 a
2027 4532 2194 4586 veteri
2225 4546 2319 4585 sua
2346 4531 2537 4599 gloria,
2588 4529 2703 4582 sine
2733 4529 2954 4598 templo,
3004 4536 3058 4582 et
3096 4529 3213 4583 sine
3249 4527 3548 4594 sacrificiis,

276 4620 455 4689 ipsum
476 4618 692 4687 pietatis
711 4634 820 4672 sua:
839 4627 1227 4674 sacramentum
1246 4621 1297 4674 in
1318 4621 1446 4690 ipsis
1457 4631 1707 4690 operatus
1718 4630 1801 4677 est
1813 4631 1858 4687 °,

276 4718 440 4762 natus
468 4709 520 4761 in
550 4723 712 4762 carne
740 4724 807 4763 ex
836 4709 1051 4777 Virgine
1082 4711 1222 4766 Deus
1262 4713 1314 4766 in
1346 4721 1502 4781 gente
1524 4714 1782 4782 ipsorum,
1807 4721 1864 4770 et

275 4799 341 4854 de
400 4813 562 4852 carne
617 4798 854 4867 ipsorum
902 4800 1071 4856 factus
1099 4818 1164 4856 ex
1194 4804 1398 4857 semine
1424 4803 1589 4858 David
1619 4805 1779 4860 homo
1810 4815 1857 4859 P.

1968 4640 2032 4679 ac
2066 4624 2183 4679 sine
2227 4620 2504 4691 prophetis
2551 4621 2603 4672 in
2647 4619 2886 4673 omnium
2927 4619 3165 4687 gentium
3213 4618 3548 4687 dispersione

1968 4714 2228 4768 viventes.
2260 4710 2367 4764 Sed
2395 4708 2521 4777 quid
2552 4708 2827 4771 miramur,
2871 4707 3013 4778 quod
3036 4708 3147 4776 jam
3176 4724 3275 4778 per
3307 4706 3547 4777 Prophe-

1971 4813 2077 4859 tam
2105 4819 2204 4874 pro
2234 4802 2312 4856 eis
2354 4816 2462 4856 non
2498 4801 2806 4857 occidendis
2850 4802 3092 4869 rogabat,
3134 4817 3233 4871 pro
3271 4801 3464 4871 quibus
3501 4811 3555 4857 et

278 4890 489 4944 Deinde
510 4889 740 4944 virtutes
764 4891 1076 4957 sanitatum,
1106 4908 1238 4961 quas
1269 4895 1321 4948 in
1343 4894 1472 4963 ipsis
1499 4901 1553 4948 et
1581 4910 1764 4949 coram
1789 4897 1871 4965 ip-
1971 4896 2070 4951 sub
2101 4897 2217 4966 ipso
2246 4902 2488 4965 tempore
2515 4892 2780 4964 passionis
2816 4891 2925 4961 jam
2957 4892 3023 4945 ad
3052 4906 3265 4946 crucem
3297 4904 3419 4945 eum
3452 4891 3554 4946 du-

276 4982 346 5036 sis
370 4979 620 5049 perfecit.
652 4979 752 5046 Qui
773 4997 870 5051 per
897 4982 1013 5037 base
1042 5000 1147 5038 non
1175 4986 1338 5041 modo
1359 4987 1593 5042 creditus
1620 5003 1727 5043 non
1756 4998 1858 5055 est,

348 5102 378 5129 ει
405 5090 597 5147 Matth.
630 5110 706 5158 ιιι,
740 5092 792 5158 9;
822 5093 948 5149 Luc.
977 5112 1048 5158 ιιι,
1095 5095 1149 5150 8.
1226 5097 1250 5136 δ
1281 5097 1410 5153 Luc.
1442 5099 1680 5162 xvm,ll.

1763 5110 1785 5140 ο
1817 5098 1956 5153 Psal.
1988 5116 2078 5167 LII,
2109 5097 2160 5151 6.
2236 5096 2262 5134 α
2295 5094 2457 5167 Psal.
2484 5113 2572 5161 ιιι,
2610 5094 2697 5149 19.
2732 5166 2739 5167 7
2776 5105 2800 5132 ο
2831 5095 2964 5167 Luc.
3010 5091 3294 5167 xvtntlo.

1969 4987 2213 5045 centibus
2238 4986 2579 5056 precabatur,
2605 4984 2788 5039 dicens
2813 5002 2825 5036 :
2851 4982 3029 5047 Pater,
3065 4983 3274 5037 dimitte
3316 4983 3422 5048 eis,
3449 4999 3553 5037 non

3376 5091 3393 5129 ί
3436 5090 3548 5145 Jac.

278 5179 349 5229 tv,
380 5164 435 5235 6_.
479 5172 503 5210 ε
534 5162 657 5235 lsai.
686 5179 829 5235 txvr,
860 5163 912 5235 ᾖ
957 5162 980 5201 ιι
1014 5165 1169 5235 Rom.
1202 5183 1257 5234 x,
1284 5169 1335 5222 5.
1384 5168 1397 5206 ί
1434 5158 1590 5223 Rom.
1621 5168 1758 5233 n32.
1837 5170 1851 5220 i

1966 5186 2044 5223 um.
2065 5158 2114 5230 ἰ,
2148 5168 2233 5220 17.
2312 5165 2334 5202 ¹ε
2368 5158 2659 5235 Ρ11111ρ.ἰιι,
2684 5166 2772 5219 20.
2854 5164 2871 5203 ι
2900 5165 3054 5218 Rom.
3084 5181 3141 5235 ιι,
3169 5162 3287 5235 28._
3333 5171 3372 5235 αξ
3411 5158 3548 5216 Psal.

280 5248 368 5307 sv,
401 5232 490 5307 3._
531 5234 559 5261 ⁸³
588 5230 846 5307 Psal_._cn,
876 5232 951 5307 7._
989 5243 1028 5307 _°
1060 5230 1253 5289 1Τ1ηι.⁷
1290 5255 1364 5301 ιιι,
1392 5238 1479 5291 16.
1554 5251 1579 5289 ι)
1629 5230 1817 5293 blattb.
1849 5256 1888 5307 t,
1919 5239 1970 5292 1.

272 5301 332 5352 ι.
414 5304 431 5335 ί
464 5301 582 5356 Act.
613 5317 668 5365 ιι,
702 5301 791 5354 57.
869 5312 893 5338 υ
919 5302 1114 5357 Jolian.
1142 5322 1252 5372 Vill,
1282 5308 1367 5360 12.
1408 5307 1601 5364 Johan.
1631 5325 1740 5373 xiv,
1767 5311 1819 5362 ti.
1876 5301 1920 5347 ’ν
1948 5308 2176 5364 Malaeh.
2228 5324 2299 5371 iv,
2356 5305 2408 5359 2.

279 5381 301 5415 ι’
331 5368 528 5425 Matth.
572 5387 719 5436 mu,
766 5370 855 5426 52.
931 5384 953 5409 ι
985 5372 1119 5428 l’sal.
1166 5391 1278 5439 xui,
1328 5378 1380 5432 5.
1458 5387 1512 5415 ﬂ
1544 5377 1734 5434 Johan.
1779 5395 1883 5444 xiv,
1916 5380 1969 5433 6.

279 5381 301 5415 ι’
331 5368 528 5425 Matth.
572 5387 719 5436 mu,
766 5370 855 5426 52.
931 5384 953 5409 ι
985 5372 1119 5428 l’sal.
1166 5368 1278 5439 xui,
1328 5378 1380 5432 5.

355 5500 435 5581 (ρ)
462 5499 542 5555 ita
570 5519 697 5559 mss.
730 5504 838 5581 duo
867 5504 978 5575 Big.
1007 5506 1098 5562 Sic
1123 5522 1337 5581 quoque
1351 5508 1601 5565 Paulinus
1620 5510 1775 5581 epist.
1801 5510 1854 5576 5,

280 5571 349 5627 ad
382 5570 657 5647 Severum,
690 5592 746 5647 ιι.
772 5576 858 5647 l7,
889 5570 1010 5647 cum
1039 5570 1421 5647 praipositioue
1446 5581 1520 5634 in.

358 5640 437 5713 (b)
460 5640 810 5713 planuscripti
831 5640 937 5701 duo
964 5640 1103 5713 Big.,
1129 5640 1375 5702 curasset.

294 5709 547 5837 ἦ
570 5730 699 5771 mss.
726 5709 832 5773 duo
858 5715 972 5788 Big.
1004 5709 1061 5775 et
1086 5709 1215 5777 odit.
1241 5717 1439 5777 Bened.
1484 5718 1647 5789 Alias,
1680 5720 1819 5775 cruci
1835 5750 1860 5761 -

2047 5250 2073 5287 ιι
2102 5237 2293 5292 Johan.
2326 5253 2400 5299 ιιι,
2448 5232 2532 5290 16.
2612 5247 2633 5275 τ
2668 5235 2855 5289 Matth.
2900 5251 2991 5297 xu,
3033 5234 3121 5287 24.
3202 5243 3223 5269 ⁸
3258 5232 3395 5287 Psal.
3461 5248 3547 5293 xv,

2488 5317 2512 5343 ³
2544 5307 2731 5362 Matth.
2787 5321 2935 5371 χχιιι,
2995 5304 3227 5369 3;Luc.
3283 5319 3395 5371 xui,
3460 5299 3546 5355 54.

2037 5509 2221 5631 (ﬁnita
2242 5510 2370 5565 edit.
2402 5508 2604 5566 Bened.
2634 5525 2775 5567 cum.
2806 5527 2934 5567 mss.
2967 5512 3002 5567 2
3028 5514 3142 5583 Big.
3166 5513 3288 5576 Alii,
3324 5529 3538 5568 concur-

2037 5597 2051 5620 ν’
2088 5598 2119 5631 η
2150 5618 2163 5631 .

1967 5596 2119 5634 rerun
2127 5596 2163 5632 ι.

2040 5647 2369 5724 _(e)_Sic_cum
2396 5649 2666 5724 P_salteriis
2683 5652 2865 5724 veteri
2881 5660 2937 5705 et
2963 5652 3116 5707 Rom.
3142 5653 3467 5724 Augustinus
3486 5665 3539 5713 et

1969 5718 2201 5775 Hilarius
2221 5719 2374 5788 juxta
2410 5721 2675 5790 Graecum,
2698 5730 2787 5779 τοῦ
2815 5722 2967 5794 νόμον
2994 5744 3107 5778 σου.
