3994 6180
466 287 560 337 ιιι

1578 279 1633 336 S.
1678 276 1951 333 PAULlNl
1990 274 2236 330 NOLANI
2276 272 2579 329 EPlSCOPl
3597 279 3686 332 ιιει

467 398 609 453 enim
656 396 832 451 sciunt
877 394 1006 465 quid
1046 393 1245 449 faciunt
1289 402 1333 447 ⁸.
1378 393 1574 448 Verum
1614 392 1759 461 quod
1805 389 2039 458 adjecit:
2072 396 2125 452 Α
2149 386 2337 440 ordine
2361 396 2665 455 temporum
2692 393 2815 440 ante
2852 386 3127 456 apostolos
3156 386 3369 443 fuerunt
3402 406 3414 441 :
3445 389 3534 444 sed
3568 392 3688 458 illos,

469 487 521 541 Ν
526 504 553 540 e
573 504 797 558 unquam
812 485 1174 540 obliviscantur
1194 485 1317 555 legis
1344 494 1441 539 tute
1464 482 1511 547 δ,
1537 493 1806 551 tamquam
1830 490 2049 551 propter

463 574 574 629 hoc
600 576 901 628 necessaria
931 582 1074 627 esset
1115 574 1275 627 etiam
1323 573 1438 627 sine
1481 571 1585 625 fide
1621 570 1893 637 Evangelii
1939 570 2049 622 vita

473 667 631 734 299
657 680 864 726 eorum,
890 665 1174 717 obscurum
1206 663 1335 716 mihi
1379 661 1571 716 fateor.
1622 660 1757 726 Quid
1788 661 1929 714 enim
1968 659 2051 712 his

470 756 540 809 ad
570 756 814 821 salutem,
845 770 961 824 qua}
988 753 1099 807 sola
1130 753 1230 807 fide
1268 753 1542 821 quaeritur,
1590 751 1811 820 prodest
1838 750 1889 802 in
1921 748 2053 815 legis

474 847 732 901 memoria
762 855 815 898 et
866 846 1215 899 meditatione
1276 845 1497 905 versari,
1531 842 1631 895 nisi
1670 841 1806 895 forte
1835 848 2054 910 propter

474 938 733 991 honorem
785 938 915 1005 legis
960 938 1148 1007 ipsius,
1196 936 1281 990 vel
1328 936 1538 1003 generis
1576 934 1845 987 Abraham
1892 946 1944 997 t‘;
1995 938 2055 984 ut

474 1029 635 1083 etiam
667 1030 716 1081 in
748 1037 898 1098 parte
946 1037 1156 1081 terrena
1204 1027 1436 1082 carnalis
1482 1026 1701 1080 seminis
1751 1024 1885 1092 ejus,
1937 1039 2055 1093 qua:

481 1120 685 1173 videtur
731 1119 1024 1173 secundum
1067 1134 1284 1171 arenam
1332 1118 1495 1171 maris
1540 1116 1877 1185 computari,
1925 1115 2058 1182 legis

474 1211 707 1277 antiqua:
736 1209 912 1263 littera
943 1210 963 1241 ⁵
1007 1217 1349 1278 perseveret;
1383 1210 1458 1277 (α)
1487 1222 1553 1261 ne
1601 1206 1739 1259 forte
1784 1206 1949 1273 aliqui
1980 1205 2058 1259 le-

478 1302 649 1369 gendo
674 1302 845 1369 legem
876 1303 1241 1355 illuminentur
1269 1302 1333 1356 ad
1377 1303 1531 1355 tidem
1558 1300 1775 1364 Christi,
1827 1300 1917 1369 qui
1955 1299 1975 1329 ⁸
2005 1308 2060 1353 et

476 1394 607 1461 legis
637 1400 690 1445 et
720 1392 1100 1460 prophetarum
1133 1392 1250 1446 finis
1279 1392 1422 1459 estd,
1442 1402 1497 1447 et
1526 1394 1577 1446 in
1606 1394 1854 1446 omnibus
1871 1407 2057 1446 eorum

470 1479 627 1537 libris
653 1482 1017 1551 pnetiguratus
1054 1498 1116 1536 ac
1156 1484 1506 1552 prophetatus
1551 1483 1743 1537 elucet.
1778 1482 1884 1535 Aut
1932 1482 2059 1550 quia

475 1588 541 1626 ex
572 1572 700 1642 ipsis
747 1574 923 1641 impiis
952 1589 1136 1628 eorum
1175 1576 1451 1643 generatio
1487 1583 1714 1629 ventura
1745 1582 1828 1628 est
1853 1574 2058 1628 electo-

476 1678 613 1727 rum,
646 1663 738 1732 qui
765 1662 833 1717 de
861 1664 1080 1732 singulis
1104 1665 1345 1719 tribubus
1371 1664 1546 1729 electi,
1576 1665 1627 1718 in
1658 1664 1920 1717 duodenis
1940 1664 2060 1716 mil-

2152 477 2343 544 quibus
2366 476 2476 545 jam
2504 478 2603 531 sub
2632 465 2887 545 apostolis
2916 492 3012 546 per
3051 479 3276 546 gratiam
3311 479 3591 535 donabatur
3616 493 3695 537 aut

2153 568 2526 632 interpretatio
2575 567 2998 637 Scripturarum,
3040 578 3095 623 et
3135 570 3396 639 inspectio
3443 574 3693 636 mentium,

2154 667 2246 711 aut
2273 658 2545 728 praedictio
2568 661 2822 729 temporis
2848 662 3112 727 secuturi;
3146 672 3203 715 ut
3224 662 3432 730 Agabus
3452 667 3696 730 cernebat,

2153 750 2243 817 qui
2274 758 2329 803 et
2353 749 2548 804 famem
2592 750 2880 805 instantem
2921 753 3194 822 praedixit,
3245 761 3300 808 et
3327 770 3445 823 qua:
3479 759 3499 788 ³
3535 756 3702 810 beatus

2156 838 2352 895 Paulos
2379 841 2431 894 in
2464 840 2849 913 Hierosolymis
2875 858 3129 911 passurus
3154 852 3317 903 esset.
3362 854 3418 899 et
3442 846 3597 900 verbo
3622 848 3703 901 de-

2156 933 2438 994 nuntiavit,
2467 941 2522 986 ct
2550 933 2701 1000 signo
2725 950 2873 988 zona:
2903 934 3018 1002 ejus
3042 936 3275 989 ostendit
3303 934 3347 989 ¹.
3377 937 3518 991 Inter
3542 948 3705 1007 pasto-

2159 1040 2245 1077 res
2275 1024 2579 1093 specialiter
2603 1033 2657 1077 et
2685 1024 2937 1079 doctores
2974 1025 3105 1094 quid
3148 1028 3377 1093 intersit,
3423 1030 3707 1096 dignoscere

2156 1117 2299 1182 volo,
2340 1117 2465 1185 quia
2494 1117 2792 1185 prtcpositis
2820 1116 3074 1172 Ecclesia:
3102 1126 3389 1187 utrumque
3413 1136 3593 1174 nomen
3624 1120 3706 1174 ad—

2157 1207 2319 1260 scribi
2348 1207 2503 1261 solet.

2232 1300 2314 1352 10.
2358 1299 2490 1353 Item
2516 1298 2659 1368 quod
2698 1299 2772 1352 ait
2802 1299 2866 1351 ad
2910 1299 3248 1353 Timotheum
3270 1340 3284 1365 ,
3327 1299 3543 1355 Obsecro
3575 1303 3713 1371 igitur

2158 1391 2380 1459 primum
2402 1392 2627 1443 omnium
2651 1391 2764 1459 ﬁeri
2787 1390 3179 1456 obsecrationes,
3207 1394 3484 1456 orationes,
3508 1395 3712 1462 postula-

2160 1484 2341 1547 tiones,
2387 1484 2673 1553 gratiarum
2719 1483 2950 1534 actiones
2995 1499 3089 1552 pro
3138 1482 3374 1536 omnibus
3420 1484 3710 1547 hominibus;

2160 1585 2340 1640 quaeso
2370 1585 2609 1639 exponas
2638 1569 2798 1636 mihi,
2836 1570 2982 1637 quod
3010 1571 3299 1625 discrimen
3343 1572 3413 1624 sit
3454 1572 3503 1625 in
3528 1573 3621 1627 hac
3646 1573 3715 1626 di-

2163 1660 2417 1715 versitate
2443 1660 2751 1725 verborum,
2802 1675 2922 1714 cum
2953 1661 3132 1714 omnia
3171 1662 3323 1725 mihi,
3368 1676 3485 1729 qua:
3507 1662 3713 1731 gerenda

476 1752 613 1807 libus
640 1754 984 1822 designantur
1013 1757 1031 1785 ⁷
1050 1794 1065 1818 ,
1114 1756 1307 1824 quibus
1341 1756 1454 1824 ipsa
1492 1755 1750 1809 revelatio
1788 1754 1929 1808 beati
1967 1753 2057 1808 Jo-
2088 1752 2133 1812 B
2160 1752 2311 1815 dixit,
2339 1751 2601 1805 orationis
2630 1748 2816 1805 officio
2843 1752 3133 1805 convenire
3162 1752 3465 1806 videantur.

476 1843 667 1897 hannis
696 1852 720 1879 ε
743 1859 810 1897 ex
839 1859 974 1898 voce
1016 1846 1189 1913 angeli
1233 1845 1642 1914 prtenuntiantis
1678 1846 1783 1900 hoc
1812 1846 2057 1900 testimo-

475 1935 620 1987 nium
644 1936 909 2004 perhibet,
928 1937 1053 2004 quia
1070 1937 1345 1991 comitatui
1366 1936 1527 2005 Regis
1541 1938 1727 1991 aeterni
1744 1936 2059 1994 familiarius

475 2026 823 2079 adhmrebunt
850 2028 1061 2095 penitus
1091 2027 1437 2090 immaculati,
1470 2036 1523 2081 et
1557 2028 1806 2081 humanae
1834 2027 2061 2096 conjun-

474 2117 668 2171 ctionis
694 2119 974 2185 expertes?
1020 2118 1095 2171 De
1123 2119 1315 2186 quibus
1343 2119 1649 2187 Specialiter
1676 2120 1751 2172 ait
1776 2137 1788 2170 :
1814 2120 2061 2187 Sequun-

475 2216 563 2259 tur
584 2211 603 2237 ’ί
643 2208 851 2274 Agnum
880 2222 1219 2275 quocumque
1250 2208 1391 2275 ierit,
1443 2209 1567 2277 quia
1595 2224 1717 2263 cum
1747 2209 2059 2263 mulieribus

474 2311 535 2351 se
560 2314 666 2350 non
696 2298 1202 2365 coinquinaverunt,
1233 2299 1464 2365 virgines
1490 2299 1632 2351 enim
1664 2307 1788 2352 sunt
1824 2296 1865 2350 ί.

546 2387 599 2441 8.
636 2387 689 2441 ln
731 2389 1065 2455 sexagesimo
1106 2389 1334 2457 septimo
1378 2396 1574 2457 prmter
1622 2388 1724 2441 alia
1768 2386 1897 2440 illud
1927 2387 2056 2440 mihi

476 2479 910 2534 obscurissimum
940 2488 1042 2541 est,
1088 2479 1233 2547 quod
1262 2479 1336 2532 ait
1374 2497 1385 2531 :
1429 2478 1789 2532 Verumtamen
1821 2477 1959 2531 Deus
1983 2477 2056 2548 (b)

476 2570 835 2640 conquassabit
870 2570 1041 2638 capita
1069 2570 1393 2623 inimicorum
1434 2586 1663 2636 suorum,
1703 2570 1937 2622 verticem
1967 2587 2058 2621 ca-

475 2661 587 2732 pilli
612 2660 1073 2731 perambulantium
1101 2662 1154 2713 in
1185 2661 1382 2714 delictis
1413 2662 1519 2713 suis
1549 2678 1565 2713 :
1598 2661 1727 2730 quid
1756 2662 1842 2726 sit,
1884 2660 2058 2714 Verti-

474 2768 581 2805 cem
604 2752 778 2821 capilli
803 2752 873 2823 (c)
892 2752 1248 2822 perambulare
1268 2754 1323 2806 in
1349 2752 1568 2806 delictis.
1595 2752 1712 2806 Non
1737 2754 1879 2807 enim
1901 2752 2058 2821 dixit,

475 2842 742 2897 Vertit-em
766 2844 987 2912 capitis;
1021 2843 1134 2911 sed,
1158 2843 1409 2898 Verticem
1438 2844 1632 2913 capilli,
1654 2845 1745 2912 qui
1763 2846 1877 2900 sine
1898 2862 2060 2901 sensu

474 2943 575 2988 est.
609 2935 688 2987 An
725 2936 989 3004 repletum
1029 2937 1265 3005 peccatis
1290 2936 1563 2990 hominem
1593 2937 1707 2991 vult
1736 2938 2059 2994 ostendere?

473 3026 738 3095 Scriptum
781 3035 899 3081 est:
939 3027 1109 3079 Omne
1150 3041 1245 3081 cor
1288 3026 1340 3080 in
1364 3026 1551 3081 dolore
1575 3042 1604 3080 a
1637 3027 1861 3097 pedibus
1890 3044 2057 3098 usque

2232 1842 2317 1895 11.
2350 1842 2483 1897 Item
2510 1840 2657 1911 quod
2684 1841 2751 1896 ad
2777 1841 3050 1897 Romanos
3077 1843 3170 1909 ait,
3226 1844 3497 1911 interrogo
3525 1851 3575 1896 et
3602 1857 3716 1912 rogo

2160 1940 2217 1987 ut
2244 1933 2509 1989 edisseras
2536 1932 2685 1986 mihi.
2734 1932 2954 1987 Multum
2984 1934 3125 1987 enim
3156 1935 3415 1997 cmcutire
3450 1950 3531 1988 me
3559 1934 3713 1988 fateor

2161 2024 2213 2077 in
2242 2025 2343 2078 hac
2369 2024 2611 2094 Apostoli
2634 2023 2899 2078 sententia
2939 2024 3007 2079 de
3048 2024 3276 2091 ludatis,
3315 2024 3459 2094 quod
3495 2025 3564 2077 ait
3594 2042 3604 2076 :
3635 2024 3717 2079 Se-

2159 2115 2383 2167 cundum
2404 2113 2741 2185 Evangelium
2773 2115 2993 2184 quidem,
3021 2116 3221 2167 inimici
3268 2124 3473 2185 propter
3500 2130 3614 2178 vos;
3649 2130 3718 2166 se-

2159 2207 2380 2259 cundum
2400 2207 2694 2260 electionem
2723 2216 2913 2269 autem,
2954 2208 3213 2260 carissimi
3248 2217 3453 2277 propter
3478 2215 3634 2277 patres
3655 2215 3716 2257 In:

2158 2299 2433 2367 quomodo
2459 2306 2513 2353 et
2541 2299 2701 2353 iidem
2733 2299 2775 2330 ¹⁰
2798 2300 2998 2354 inimici
3043 2307 3269 2370 propter
3308 2316 3424 2366 nos,
3457 2301 3543 2368 qui
3570 2298 3718 2353 credi-

2160 2388 2333 2442 dimus
2364 2404 2429 2442 ex
2458 2388 2731 2457 gentibus,
2782 2398 3052 2458 tamquam
3091 2406 3201 2444 non
3247 2393 3516 2461 potuerint
3556 2399 3720 2458 gentes

2160 2479 2402 2546 credere,
2434 2480 2534 2534 nisi
2562 2479 2733 2534 Judazi
2764 2497 2871 2535 non
2900 2481 3292 2536 credidissent?
3334 2484 3437 2535 Aut
3475 2484 3583 2551 ipse
3603 2497 3723 2535 unus

2160 2569 2398 2622 omnium
2449 2577 2662 2624 creator
2692 2570 2850 2636 Deus,
2899 2572 2990 2638 qui
3039 2587 3233 2626 omnes
3283 2574 3523 2626 homines
3570 2572 3727 2627 salvos

2162 2658 2274 2713 ﬁeri
2298 2660 2431 2723 vult,
2461 2668 2515 2714 et
2542 2658 2608 2713 ad
2636 2661 2961 2728 agnitionem
2995 2663 3233 2716 veritatis
3280 2665 3461 2718 venire
3487 2673 3532 2728 η,
3576 2679 3725 2732 capax

2160 2766 2265 2804 non
2296 2751 2457 2805 tuerit
2508 2753 2547 2783 “
2597 2752 2965 2821 aequisitionis
3012 2753 3333 2821 utriusque,
3379 2756 3477 2809 nisi
3522 2755 3724 2807 alterum

2159 2856 2258 2910 pro
2287 2841 2457 2895 altero
2487 2842 2825 2911 possideret?
2882 2842 3084 2897 Deinde
3114 2843 3191 2914 (ά)
3236 2847 3499 2899 carissimi
3529 2846 3566 2876 ¹¹
3608 2861 3716 2912 pra-

2160 2944 2273 3004 pter
2312 2944 2524 3004 patres:
2567 2934 2859 3002 quomodo,
2909 2943 3003 2988 aut
3041 2934 3184 2989 unde
3210 2978 3225 3003 ,
3278 2938 3329 2991 si
3358 2937 3606 2991 carissimi
3630 2951 3723 2988 non

2160 3026 2402 3091 credant,
2424 3033 2477 3080 et
2495 3026 2694 3081 inimici
2711 3026 2822 3081 Deo
2840 3041 2959 3081 esse
2980 3027 3269 3096 persistant
3296 3030 3317 3082 ?
3337 3028 3540 3096 Nonne,
3555 3028 3722 3098 inquit,

472 3119 537 3172 ad
558 3131 736 3188 caput.
760 3118 824 3172 Et
845 3120 1004 3187 paulo
1031 3118 1165 3172 infra
1194 3118 1342 3188 quod
1373 3120 1449 3173 ait
1473 3138 1484 3171 :
1511 3118 1716 3191 Lingua
1739 3137 1927 3175 canum
1951 3132 2056 3176 tuo-
2084 3118 2127 3180 C
2158 3119 2251 3187 qui
2281 3117 2509 3173 oderant
2540 3126 2592 3171 te
2621 3116 2785 3184 Deus,
2811 3118 3029 3172 oderam
3059 3117 3200 3184 illos,
3230 3127 3294 3173 et
3324 3137 3483 3190 super
3508 3120 3723 3173 inimicos

473 3225 585 3260 rum
614 3224 677 3260 ex
709 3209 933 3261 inimicis
974 3209 1035 3261 ab
1062 3210 1170 3277 ipso
1203 3213 1249 3261 ε.
1288 3208 1334 3262 Α
1358 3225 1467 3278 quo
1494 3212 1642 3280 ipso?
1686 3212 1755 3266 Et.
1797 3214 2056 3281 numquid

473 3312 633 3349 canes
661 3296 753 3348 Dei
783 3297 886 3349 dici
919 3307 1138 3365 possunt
1160 3299 1405 3365 gentiles,
1448 3315 1587 3368 quos
1633 3301 1747 3369 ipse
1792 3302 1844 3355 in
1880 3300 2057 3355 Evan-

474 3386 613 3452 gelio
642 3383 669 3423 ιι
700 3401 861 3439 canes
890 3386 1170 3438 nominat?
1193 3386 1300 3439 Aut
1330 3403 1396 3441 ne
1418 3387 1560 3441 forte
1600 3389 1747 3457 ipsos
1771 3405 1931 3445 canes
1960 3391 2057 3445 Dei

474 3476 635 3539 dicat,
668 3475 856 3543 quales
884 3476 1178 3530 existimari
1209 3486 1462 3545 possunt,
1514 3479 1559 3531 si
1607 3480 1697 3547 qui
1744 3480 1797 3533 in
1840 3483 2057 3536 nomine

474 3563 779 3618 Christiano
808 3565 1078 3632 gentiliter
1125 3567 1327 3631 vivant,
1377 3584 1603 3637 quorum
1633 3586 1758 3639 pars
1787 3587 1909 3626 cum
1939 3572 2057 3626 infi-

473 3656 680 3713 delibus
708 3659 926 3727 ponitur
964 3657 1004 3726 ί,
1049 3659 1175 3727 quia
1215 3659 1404 3725 Deum,
1454 3675 1616 3730 quem
1647 3663 1825 3719 verbis
1852 3664 2053 3729 colunt,

474 3746 628 3802 factis
652 3757 849 3817 negant
874 3751 885 3798 1'
912 3751 935 3803 ?
1968 3806 1971 3807 ,

543 3837 723 3893 CAPUT
755 3838 818 3893 ll.
841 3838 1158 3903 Quwstiones
1181 3858 1245 3895 ex
1267 3842 1664 3913 Apostolo.——9.
1691 3844 1815 3901 Haec
1842 3846 2057 3901 interim

474 3932 541 3985 de
565 3929 817 3994 Psalmis;
850 3949 993 3986 nunc
1017 3942 1071 3986 et
1099 3934 1165 3987 de
1191 3935 1448 4003 Apostolo
1469 3938 1844 4008 quodcumque
1868 3955 2059 4009 propo-

475 4038 620 4075 nam.
656 4022 791 4075 Dicit
811 4022 877 4075 ad
900 4021 1179 4090 Ephesios,
1214 4026 1355 4092 quod
1383 4027 1435 4079 in
1458 4028 1560 4079 alia
1585 4027 1820 4095 Epistula
1849 4029 2059 4084 dixerat

474 4113 542 4167 de
571 4113 822 4180 gradibus
869 4113 952 4166 vel
998 4113 1277 4168 ordinibus
1305 4115 1717 4183 dispositionum
1761 4119 1876 4183 Dei,
1927 4136 2058 4191 ope-

476 4214 630 4258 rante
659 4204 861 4273 Spiritu
906 4214 1096 4258 sancto
1140 4205 1429 4260 divisiones
1456 4210 1747 4275 gratiarum
1774 4228 1785 4263 :
1809 4210 1880 4264 Et
1901 4229 2055 4282 quos-

476 4295 594 4346 dam
620 4294 821 4364 quidem
861 4294 999 4346 dedit
1033 4295 1323 4363 apostolos,
1366 4300 1613 4368 quosdam
1634 4310 1804 4357 autem
1832 4307 2056 4375 praphe-

477 4396 576 4450 tas,
607 4386 738 4439 alios
778 4402 891 4439 vero
922 4388 1262 4456 evangelistas
1286 4429 1299 4454 ,
1351 4391 1481 4444 alios
1522 4402 1693 4445 autem
1730 4405 1966 4465 pastores
2008 4407 2057 4449 et

2159 3218 2282 3265 tuos
2304 3210 2679 3264 tabescebam?
2709 3206 2954 3264 Perfecto
2984 3210 3107 3264 odio
3129 3210 3356 3265 oderam
3382 3213 3497 3267 illos
3519 3221 3563 3266 ο.
3585 3209 3725 3265 Certe

2160 3301 2263 3355 hoc
2278 3308 2408 3370 puto
2425 3308 2649 3369 paterna
2661 3315 2765 3354 vox
2782 3300 3019 3368 loquitur
3035 3301 3101 3355 ad
3113 3300 3311 3354 Filium
3328 3318 3424 3371 per
3438 3302 3723 3372 prophetam

2161 3392 2215 3445 in
2244 3391 2435 3446 eodem
2461 3392 2684 3461 psalmo,
2717 3392 2806 3445 ubi
2837 3407 2998 3461 supra
3026 3392 3094 3447 de
3123 3403 3275 3460 parte
3312 3393 3629 3448 credentium
3649 3390 3723 3444 di-

2162 3490 2318 3536 xerat
2352 3501 2363 3535 :
2389 3480 2516 3536 Mihi
2552 3491 2734 3537 autem
2764 3483 2922 3537 nimis
2949 3481 3295 3538 honoriticali
3327 3493 3451 3539 sunt
3488 3485 3633 3538 amici
3658 3484 3724 3537 tui

2161 3570 2320 3637 Deus,
2349 3573 2507 3627 nimis
2526 3572 2861 3627 confortatus
2882 3580 2965 3627 est
2981 3574 3321 3642 principatus
3337 3590 3519 3629 eorum
3540 3585 3582 3627 ρ.
3604 3571 3725 3639 Quid

2162 3672 2339 3719 autem
2368 3664 2470 3719 illis
2497 3663 2717 3733 prodest
2764 3663 2831 3717 ad
2877 3664 3126 3728 salutem,
3175 3680 3295 3734 qua:
3348 3681 3454 3720 non
3503 3665 3600 3718 nisi
3642 3676 3726 3732 per

2162 3754 2320 3809 fidem
2351 3763 2405 3809 et
2450 3755 2677 3823 gratiam
2720 3753 2918 3808 Christi
2962 3754 3191 3823 capitur,
3241 3756 3285 3808 si
3343 3765 3558 3825 propter
3585 3752 3726 3807 fidem

2161 3853 2371 3914 patrum
2398 3844 2659 3899 carissimi
2690 3844 2771 3915 (ά)
2800 3843 2911 3898 Deo
2940 3845 3090 3898 sint?
3138 3844 3225 3897 cui
3261 3845 3411 3900 bono
3440 3845 3726 3912 diliguntur,

2160 3954 2297 4009 quos
2324 3953 2544 3993 necesse
2572 3946 2655 3993 est
2682 3946 2905 4007 propter
2934 3938 3037 3992 hoc
3065 3938 3335 4005 damnari,
3360 3939 3500 4009 quod
3528 3945 3730 4006 propter

2161 4046 2311 4085 suam
2359 4028 2727 4083 inﬁdelitatem
2768 4045 2799 4082 a
2827 4029 3210 4099 proiihetarum
3247 4038 3301 4083 et
3326 4030 3729 4099 patriarcharum

2161 4129 2445 4191 parentum
2486 4118 2587 4173 fide
2624 4119 3016 4188 discrepantes,
3060 4118 3262 4173 inimici
3309 4127 3439 4175 sunt
3461 4116 3729 4185 Evangelia

2160 4214 2396 4270 Christi?
2441 4210 2499 4266 Si
2524 4225 2653 4279 ergo
2681 4210 2940 4265 carissimi
2976 4210 3104 4274 Deo,
3151 4210 3428 4278 quomodo
3456 4206 3726 4280 peribunt?

2161 4314 2215 4361 et
2243 4307 2287 4359 si
2316 4320 2423 4360 non
2454 4303 2699 4365 credunt,
2727 4300 2997 4370 quomodo
3025 4316 3133 4355 non
3181 4302 3473 4369 peribunt?
3515 4301 3567 4355 Si
3612 4313 3728 4368 pro-

2160 4407 2279 4467 pter
2306 4404 2488 4465 patres
2526 4394 2643 4448 sine
2667 4408 2765 4446 suo
2795 4392 2988 4445 merito
3035 4392 3345 4459 diliguntur,
3398 4390 3659 4460 quomodo
3680 4396 3731 4443 et

476 4475 707 4528 doctores
737 4474 807 4527 ad
830 4478 1323 4532 consummationem
1353 4488 1646 4536 sanctorum
1672 4482 1721 4550 ιι,
1751 4492 1805 4537 et
1832 4485 2055 4553 reliqua.
2087 4487 2137 4547 D
2163 4497 2383 4558 propter
2406 4494 2590 4557 patres
2620 4485 2777 4555 292
2809 4500 2915 4537 non
2946 4483 3322 4537 salvabuntur?
3360 4484 3471 4549 sed,
3503 4483 3600 4538 etsi
3624 4481 3726 4534 fue-

476 4564 591 4619 lloc
608 4574 735 4634 Opto
756 4566 1049 4635 distinguas
1076 4568 1205 4621 mihi
1228 4570 1279 4623 in
1307 4571 1407 4625 hac
1429 4573 1737 4628 diversitate
1759 4576 2052 4641 nominum,

476 4666 595 4724 (tua:
624 4658 692 4711 sit
717 4659 909 4727 cuique
939 4659 1144 4713 nomini
1174 4659 1471 4714 ciliciorum
1503 4662 1586 4716 vel
1614 4664 1907 4729 gratiarum
1931 4680 2057 4733 pro-

460 4748 697 4818 ‘prietas.
729 4749 864 4813 Quid
894 4751 1170 4819 proprium
1212 4750 1281 4802 sit
1329 4750 1717 4818 apostolorum,
1766 4752 1894 4820 quid
1929 4769 2057 4823 pro-

478 4845 786 4915 phetarum,
845 4846 972 4915 quid
1027 4845 1515 4911 evangelistarum,
1576 4847 1705 4914 quid
1758 4856 2053 4917 pastorum,

479 4939 673 5008 quidve
702 4939 982 4992 doctorum
1008 4956 1019 4989 :
1053 4939 1105 4991 in
1132 4940 1381 4993 omnibus
1406 4939 1548 4993 enim
1589 4940 1673 4995 his
1703 4941 1923 4998 diversis
1953 4959 2054 4999 no-

480 5029 710 5085 minibus
740 5029 895 5098 291
946 5029 1117 5082 simile
1158 5038 1213 5083 et
1242 5046 1410 5100 prope
1452 5047 1616 5087 unum
1656 5034 1913 5089 doctrina:
1936 5038 2057 5091 otti-

480 5122 620 5174 riuin
660 5120 815 5173 video
844 5118 1003 5174 fuisse
1033 5128 1338 5175 tractatum.
1381 5120 1492 5177 llos
1522 5131 1699 5179 autem
1744 5128 2054 5197 prephetas,

479 5226 614 5278 quos
638 5219 763 5279 post
784 5209 1072 5279 Apostolus
1100 5212 1295 5279 posuit,
1328 5228 1436 5266 non
1476 5222 1607 5281 puto
1636 5215 1756 5270 illos
1784 5230 1922 5282 esse,
1966 5220 2057 5287 qui

553 5333 577 5358 ἰ
610 5322 737 5377 Luc.
772 5339 919 5383 χχιιι,
950 5322 1036 5375 5-1.
1138 5322 1164 5360 b
1195 5323 1334 5379 Psal.
1369 5341 1512 5389 Lvm,
1545 5326 1629 5381 12.

482 5402 506 5437 6
534 5391 672 5445 Psal.
707 5409 866 5456 van,
898 5392 986 5445 ‘24.
1063 5392 1087 5429 ⁵³
1116 5392 1302 5447 Matth.
1336 5412 1423 5461 xv,
1468 5395 1554 5447 '26.

488 5461 643 5516 lAct.
666 5464 878 5526 nhil.
940 5474 973 5498 ολ
998 5463 1151 5517 Rom.
1185 5482 1258 5531 χι,
1280 5466 1369 5519 28.
1446 5466 1507 5517 ιιι
1533 5465 1667 5519 Tim.
1701 5484 1753 5531 ιι,
1788 5467 1841 5520 4.

552 5553 654 5626 (αλ
675 5552 774 5626 ιιειλ
806 5568 924 5606 cum
948 5553 1105 5607 editis
1132 5552 1293 5608 Grav.
1321 5563 1377 5609 et
1404 5554 1602 5610 Bened.
1628 5571 1753 5610 mss.
1786 5556 1893 5613 duo
1921 5557 2034 5626 Big.

485 5622 549 5675 At
572 5623 702 5676 edit.
746 5624 932 5687 Rosv.,
963 5641 1023 5676 ac
1046 5626 1193 5692 forte.

554 5691 628 5757 (ὸ)
650 5692 794 5747 Edit.
824 5693 1020 5747 Bcned.
1049 5691 1125 5747 'ct
1153 5694 1337 5761 Grav.,
1370 5694 1744 5763 conquassavit,
1777 5697 2049 5753 mendose.

481 5758 683 5831 Caeco,
711 5767 987 5821 σννθλὰσει.

1709 5340 1729 5365 ο
1754 5326 1889 5382 Gen.
1924 5346 2053 5392 χχιι,
2090 5330 2173 5383 17.

1638 5396 1651 5434 ί
1687 5397 1877 5451 Matth.
1927 5415 2071 5465 xxxv,
2105 5398 2187 5452 51.

1922 5478 1945 5503 ο
1978 5469 2115 5523 Psal.
2145 5485 2401 5533 cxxxvm,
2426 5468 2512 5520 21.

2162 4579 2272 4633 rint
2300 4578 2435 4643 Noe,
2462 4577 2669 4643 Daniel,
2701 4584 2756 4630 et
2781 4572 2900 4638 Job,
2932 4576 2984 4629 in
3016 4574 3194 4628 medio
3215 4590 3423 4642 eorum,
3476 4574 3610 4629 filios
3636 4572 3730 4627 im-

2162 4670 2281 4740 pios
2310 4686 2415 4724 non
2446 4669 2749 4735 salvabunt,
2780 4668 2879 4721 soli
2905 4668 3039 4722 salvi
3068 4675 3228 4721 erunt
3250 4678 3297 4720 τι.

2234 4760 2321 4813 12.
2364 4759 2555 4815 Adhuc
2580 4758 2727 4812 aliud
2756 4758 3035 4813 obscurius
3059 4759 3188 4811 mihi
3210 4773 3339 4812 erue
3367 4758 3435 4812 de
3457 4754 3727 4827 profundo,

2162 4858 2217 4905 et
2240 4851 2291 4904 in
2315 4849 2509 4904 vadum
2537 4849 2739 4918 profer.
2771 4848 2828 4901 ln
2856 4848 3084 4917 epistola
3105 4846 3501 4901 Colossensium
3525 4846 3731 4901 omnino

2163 4943 2459 5010 intelligere
2492 4942 2533 4973 ¹³
2564 4958 2670 4996 non
2702 4957 2918 5011 possum
2947 4939 3089 5009 quod
3120 4940 3193 4992 ait
3228 4956 3241 4991 :
3286 4937 3456 4991 Nemo
3482 4955 3566 4991 vos
3589 4939 3730 4991 sedu-

2164 5046 2247 5089 cat
2275 5036 2445 5089 volens
2476 5036 2529 5088 in
2556 5034 2839 5087 humilitate
2878 5044 2927 5085 et
2966 5032 3213 5101 religione
3237 5030 3538 5100 angelorum
3562 5071 3577 5094 ,
3629 5044 3733 5097 qua:

2165 5142 2266 5179 non
2296 5124 2441 5190 vidit,
2466 5122 2755 5187 ambulans,
2792 5124 2983 5190 frustra
3006 5122 3216 5188 inﬂatus
3237 5136 3387 5173 sensu
3418 5120 3589 5171 carnis
3612 5132 3730 5177 sum,

2164 5226 2213 5271 et
2240 5231 2340 5268 non
2365 5222 2543 5266 tenens
2572 5221 2747 5279 caput.
2797 5202 2876 5264 De
2912 5210 3103 5277 quibus
3146 5209 3349 5275 angelis
3394 5208 3561 5261 dicit?
3608 5205 3734 5259 side

2252 5326 2275 5365 ει
2308 5328 2465 5381 Rom.
2495 5343 2548 5389 x,
2582 5326 2633 5381 4.
2733 5336 2754 5362 ε
2783 5326 2947 5394 Apoc.
2981 5340 3075 5391 vn,
3105 5324 3156 5378 5.
3184 5393 3192 5394 ί
3244 5323 3262 5362 ί
3314 5324 3479 5394 Apoc.
3535 5318 3729 5394 xm}.

2271 5399 2283 5448 i
2324 5399 2427 5452 Tit.
2459 5415 2494 5463 ι,
2529 5388 2612 5450 16.
2688 5395 2755 5449 ¹ί1
2803 5388 2926 5449 Cor.
2983 5388 3087 5458 xu,
3139 5393 3234 5457 28;
3286 5388 3479 5463 Eplies.
3532 5406 3601 5451 IV,

2591 5478 2616 5516 P
2635 5466 2774 5519 Psal.
2803 5482 3057 5527 cxxxvrn,
3076 5456 3170 5517 '17.
3224 5456 3273 5513 'q
3303 5456 3494 5516 Ezech.
3518 5475 3626 5523 xiv,
3646 5456 3725 5507 14.

2221 5560 2290 5627 (c)
2319 5558 2407 5611 Sic
2429 5574 2551 5612 cum
2581 5557 2707 5611 edit.
2742 5556 2940 5610 Bened.
2967 5569 3092 5609 mss.
3130 5553 3242 5621 Big.
3269 5554 3393 5608 duo.
3417 5550 3517 5605 Ed.
3545 5550 3727 5614 Rosv.,

2157 5628 2639 5697 perambulantium.

2230 5698 2308 5777 (tt)
2336 5697 2418 5777 ita
2439 5713 2558 5751 cum
2584 5698 2709 5752 edit.
2736 5694 2933 5753 Bcned.
2958 5708 3083 5751 mss.
3101 5693 3352 5765 Big.duo.
3377 5689 3518 5747 Edit.
3545 5688 3703 5745 Rosv.

2160 5783 2417 5822 εανιδδιηιι
2442 5778 2578 5823 διινιι.
