3988 6176
255 300 357 354 415

1683 302 2006 357 EPISTOLA
2048 303 2106 357 L.

3414 315 3519 368 434

256 413 490 468 inimicis
514 423 571 468 et
591 413 765 481 malis,
796 429 916 484 quae
946 414 1161 469 illorum
1194 414 1401 483 religio,
1428 422 1520 468 aut
1569 431 1692 485 qua:
1734 416 1829 470 bu-
1861 422 1911 479 Α
1941 427 2120 472 rantes
2142 434 2200 471 se
2231 419 2283 472 in
2315 419 2589 476 ministros
2633 419 2850 490 justitiae
2879 421 2927 477 ι.
2977 424 3084 480 Sed
3128 427 3270 496 quod
3301 428 3518 497 adjecit,

254 504 484 567 militas;
535 513 590 558 et
630 505 750 573 quis
799 506 1055 571 magister
1097 506 1137 535 ν’
1164 505 1489 559 seductionis
1518 506 1696 575 hujus,
1745 509 1839 576 qui

253 611 350 669 per
377 596 660 650 obtentum
690 596 875 650 nescio
904 596 1057 664 cujus
1078 597 1332 666 angelicae
1364 598 1651 666 religionis,
1684 600 1838 667 quasi

252 688 363 739 visa
390 693 447 739 et
476 694 755 755 comperta
784 686 978 740 doceat
1011 702 1129 754 quae
1157 704 1262 740 non
1292 687 1461 741 vidit?
1503 688 1630 743 Sine
1676 690 1837 744 dubio

253 779 509 841 haeretici,
542 778 635 846 qui
665 778 940 832 doctrinas
962 778 1352 834 dzemoniorum
1388 791 1443 834 et
1470 790 1766 851 sequuntur
1788 792 1832 847 η,

250 877 301 922 et
330 878 587 938 promunt
617 871 894 938 conceptis
921 870 987 923 ab
1016 885 1204 924 eorum
1235 872 1424 939 spiritu
1452 872 1840 927 adinventioni—

251 962 502 1028 bus,qua:
527 976 635 1014 non
664 960 1298 1029 videruntphantasmata
1321 964 1474 1032 quasi
1500 964 1613 1017 visa
1642 963 1839 1031 ﬁngen-

250 1062 347 1115 tes,
381 1060 438 1105 et
468 1051 737 1120 pestiferis
764 1053 1216 1121 disputationibus
1246 1055 1297 1107 in
1328 1056 1488 1110 corda
1531 1057 1669 1111 male
1712 1072 1833 1111 cre-

248 1141 367 1193 dula
397 1142 769 1206 seminantes;
829 1143 882 1195 hi
926 1151 1048 1196 sunt
1088 1144 1179 1211 qui
1221 1160 1329 1198 non
1361 1151 1745 1215 tenentcaput,
1778 1145 1834 1200 id

248 1239 327 1283 est
355 1229 632 1284 Christum
664 1228 867 1284 fontem
891 1232 1154 1297 veritatis,
1188 1233 1338 1302 cujus
1377 1234 1635 1288 doctrinae
1676 1235 1832 1303 quid-

246 1321 369 1390 quid
395 1321 730 1388 adversatur,
761 1323 1002 1376 insanum
1032 1333 1132 1377 est.
1178 1323 1243 1377 Et
1285 1325 1337 1378 hi
1375 1326 1501 1380 czeei
1533 1325 1699 1380 duces
1726 1342 1832 1381 etc-

244 1426 430 1465 corum
458 1412 503 1476 δ,
539 1410 608 1465 de
636 1412 829 1480 quibus
856 1412 956 1466 dici
988 1421 1120 1482 puto
1151 1433 1163 1467 ε
1191 1414 1274 1469 Me
1299 1415 1699 1485 dereliquerunt
1722 1417 1833 1473 fou-

244 1510 348 1556 tem
380 1517 535 1571 aquze
564 1504 716 1567 viva},
762 1512 816 1557 et
846 1504 1095 1558 foderunt
1123 1506 1223 1559 sibi
1254 1505 1401 1561 lacus
1430 1507 1714 1574 eontritos,
1740 1509 1830 1577 qui

247 1608 355 1647 non
387 1601 577 1647 tenent
606 1609 799 1662 aquam
827 1605 872 1649 ε.

310 1684 398 1737 15.
429 1684 633 1739 Deinde
665 1687 716 1738 in
747 1686 824 1756 (a)
851 1687 1198 1755 subsequenti
1227 1689 1462 1758 capitulo
1493 1689 1688 1759 adjecit
1712 1709 1723 1743 :
1747 1690 1830 1746 Ne

241 1775 532 1843 tetigeritis,
584 1792 745 1846 neque
774 1780 1119 1847 gustaveritis,
1170 1796 1328 1849 neque
1368 1782 1823 1847 contrectaveritis,

238 1879 350 1932 qua:
378 1871 503 1916 sunt
532 1866 707 1917 omnia
736 1867 789 1918 in
811 1868 1073 1920 interitum
1101 1869 1213 1937 ipso
1240 1885 1352 1931 usu,
1392 1871 1668 1924 secundum
1690 1889 1825 1941 pra:-

237 1960 379 2019 (τρια
401 1960 452 2004 et
481 1953 745 2007 doctrinas
767 1955 1049 2021 hominum,
1076 1960 1327 2012 rationem
1348 1961 1551 2030 quidem
1582 1962 1825 2015 habentia

237 2044 505 2110 sapientiae
534 2046 585 2097 in
610 2046 972 2113 superstitione
996 2058 1042 2099 et
1072 2050 1358 2101 humilitate
1387 2051 1456 2102 ad
1478 2067 1579 2103 non
1607 2068 1824 2120 parcen-

238 2134 351 2185 dum
378 2136 606 2203 corpori,
641 2137 818 2188 nonin
846 2137 1040 2190 honore
1068 2138 1239 2209 aliqua
1264 2140 1331 2190 ad
1352 2143 1675 2193 saturitatem
1704 2158 1821 2193 car-

238 2225 311 2276 nis
344 2224 392 2277 ι².
447 2224 577 2290 Qua:
617 2234 741 2281 sunt
790 2230 911 2292 ista,
944 2228 1138 2295 quibus
1166 2240 1221 2282 et
1260 2231 1522 2285 rationem
1546 2234 1822 2301 sapientia:

237 2315 409 2369 inesse
441 2325 673 2370 testatur
688 2317 938 2386 Magister
961 2318 1048 2389 (S.
1103 2318 1339 2384 Paulus;
1374 2323 1473 2374 vid.
1516 2324 1677 2392 epist.
1728 2324 1815 2389 30,

235 2421 284 2458 n.
312 2404 365 2473 5)
393 2408 656 2473 veritatis,
708 2417 761 2462 et
793 2418 971 2463 tamen
1018 2410 1187 2478 ipsam
1219 2414 1500 2465 veritatem
1551 2415 1821 2481 religionis

236 2496 409 2550 inesse
438 2497 705 2565 abnegat?
734 2500 886 2552 Anne
916 2498 1053 2554 forte
1084 2502 1127 2532 ³⁵
1146 2500 1212 2555 de
1242 2502 1433 2556 talibus
1463 2503 1721 2571 loquitur,
1754 2506 1820 2560 de

234 2587 424 2654 quibus
454 2590 520 2642 ad
554 2588 893 2643 Timotheum
931 2591 1059 2645 dicit
1101 2610 1113 2644 :
1154 2591 1422 2646 Habentes
1453 2594 1667 2661 quidem
1697 2611 1819 2664 spe-

234 2679 364 2730 ciem
409 2680 651 2746 pietatis,
700 2682 957 2734 virtutem
984 2692 1164 2736 autem
1197 2684 1239 2713 ¹⁶
1269 2682 1388 2751 ejus
1418 2685 1745 2751 abnegantes
1770 2688 1820 2740 e?

238 2768 383 2837 Rogo
415 2784 551 2837 ergo
578 2773 883 2840 specialiter
911 2774 1023 2828 haec
1052 2775 1283 2843 capitula
1306 2775 1409 2828 duo
1439 2776 1505 2830 de
1534 2776 1819 2832 Colossen-

233 2860 360 2913 sium
395 2861 438 2890 ιτ
486 2859 721 2929 Epistola
768 2879 862 2931 per
890 2864 1096 2931 singula
1147 2865 1275 2918 mibi
1327 2866 1485 2919 verba
1533 2866 1813 2930 dissolvas,

233 2952 350 3018 quia
402 2952 761 3007 laudabilibus
810 2956 1136 3009 exsecranda
1184 2957 1514 3025 permiscuit.
1563 2957 1700 3023 Quid
1736 2968 1818 3012 est

235 3042 369 3096 enim
397 3046 441 3074 ³⁸
473 3053 581 3097 tam
614 3045 901 3109 laudabile,
932 3061 1093 3113 quam
1119 3049 1255 3100 ratio
1276 3048 1592 3115 sapientiae?
1617 3056 1669 3102 et
1689 3048 1815 3116 quid

234 3140 333 3186 tam
357 3136 715 3199 exsecrabile,
746 3151 906 3203 quam
932 3138 1241 3205 superstitio
1271 3138 1504 3191 erroris?
1536 3137 1814 3193 llumilitas
1841 3154 1884 3214 ρ

235 3237 443 3291 quoque
473 3234 532 3278 et
562 3225 674 3279 Deo
706 3226 923 3294 placita,
972 3235 1024 3280 et
1054 3228 1287 3281 maxime
1325 3228 1377 3281 in
1406 3243 1532 3281 vera
1559 3229 1815 3296 religione

236 3312 541 3377 laudabilis,
564 3331 686 3369 cum
720 3317 928 3370 ratione
963 3318 1237 3386 sapientia:
1268 3318 1398 3386 ipsis
1445 3317 1603 3371 datur
1624 3318 1696 3384 “;
1748 3318 1816 3374 de

233 3416 455 3468 quorum
482 3404 746 3458 doctrinis
768 3415 821 3459 et
848 3408 1053 3461 actibus
1080 3408 1276 3461 dicitur
1302 3409 1457 3463 nobis
1481 3426 1493 3461 :
1520 3408 1574 3461 N
1579 3426 1606 3462 ε
1637 3412 1815 3481 tetige-

233 3495 359 3559 ritis,
386 3513 552 3567 neque
576 3500 918 3567 gustaveritis,
943 3516 1056 3569 quae
1079 3510 1197 3552 sunt
1224 3502 1565 3567 inpinteritum
1594 3500 1637 3564 τ,
1689 3504 1813 3571 quia

234 3600 330 3639 non
359 3598 487 3640 sunt
514 3604 581 3642 ex
612 3588 723 3642 Deo
750 3607 761 3641 :
795 3599 849 3643 et
878 3606 1037 3644 omne
1067 3592 1209 3659 quod
1235 3609 1342 3646 non
1372 3602 1539 3647 estex
1567 3592 1668 3647 ﬁde
1689 3610 1814 3662 pec-

233 3686 402 3731 catum
432 3688 518 3734 est
544 3689 589 3731 ε.
626 3679 766 3733 Deus
795 3690 972 3735 autem
1017 3682 1293 3752 dissipavit
1333 3684 1554 3738 consilia
1592 3686 1810 3753 sapien-

234 3768 373 3833 tium,
428 3771 522 3838 qui
572 3770 683 3825 Deo
732 3773 880 3826 stulti
927 3784 1052 3827 sunt
1077 3791 1176 3843 per
1230 3777 1563 3844 prudentiam
1602 3778 1810 3843 carnis;

232 3871 341 3925 qua:
388 3876 497 3913 non
530 3868 709 3930 potest
756 3863 858 3930 legi
889 3863 981 3918 Dei
1009 3880 1127 3919 esse
1172 3866 1410 3934 subjecta
1439 3866 1482 3919 δ.
1530 3868 1640 3922 Scit
1669 3870 1811 3922 enim

231 3948 584 4012 cogitationes
623 3950 926 4019 hominum,
969 3956 1223 4023 quoniam
1263 3972 1412 4009 vanae
1436 3966 1560 4010 sunt
1597 3957 1636 4010 ί.
1670 3958 1811 4023 Qua-

230 4033 325 4088 lem
372 4038 772 4104 humilitatem,
844 4044 1164 4113 qualemque
1222 4046 1487 4100 rationem
1538 4049 1811 4116 sapientia:

228 4130 595 4196 superstitioni
642 4148 709 4186 ex
740 4136 896 4203 293
945 4136 1219 4190 hominum
1270 4138 1529 4193 doctrinis
1576 4142 1811 4195 venienti

227 4214 398 4273 inesse
428 4219 589 4283 dicat,
622 4222 938 4290 requiro.Et
964 4225 1107 4293 quod
1136 4226 1210 4278 ait
1235 4245 1246 4278 :
1274 4227 1353 4279 Ad
1376 4244 1478 4281 non
1498 4230 1810 4297 parcendum

226 4310 451 4376 corpori,
474 4326 575 4363 non
604 4312 657 4362 in
688 4312 883 4365 honore
909 4315 1079 4385 aliqua
1109 4317 1178 4368 ad
1212 4319 1533 4371 saturitatem
1562 4322 1733 4374 carnis
1761 4322 1806 4373 i.

224 4395 455 4456 Prorsus
482 4401 594 4456 haec
624 4419 807 4472 parum
833 4406 1070 4474 intelligo
1099 4424 1113 4460 :
1138 4409 1261 4477 quia
1293 4410 1344 4462 in
1374 4411 1562 4465 eadem
1593 4420 1809 4466 sentcn-

222 4489 289 4541 tia
334 4503 534 4556 magna
582 4494 713 4546 mihi
756 4496 964 4549 videtur
1012 4513 1131 4552 esse
1179 4500 1431 4556 discretio
1472 4500 1566 4570 (V.
1599 4517 1684 4569 ep.
1718 4501 1805 4568 49,
1844 4524 1887 4581 ι)

223 4592 272 4629 n.
302 4578 380 4645 6).
444 4580 690 4635 Arbitror
741 4584 881 4636 enim
930 4600 1049 4638 eum
1096 4587 1161 4640 de
1204 4589 1523 4644 abstinentia
1570 4592 1808 4660 qualibet

222 4666 335 4720 ﬁcta
356 4669 451 4722 vel
497 4671 695 4739 inutili,
736 4674 908 4742 qualis
954 4676 1091 4729 solet
1138 4679 1206 4730 ab
1252 4679 1517 4733 hiereticis
1546 4680 1803 4747 affectari,

222 4755 319 4811 hoc
346 4759 532 4814 dicere
559 4780 572 4813 :
606 4763 687 4814 Ad
726 4781 829 4817 non
854 4766 1167 4833 parcendum
1195 4771 1416 4837 corpori.
1443 4769 1595 4835 Quod
1627 4780 1804 4826 autem

223 4845 414 4913 adjecit
458 4867 472 4901 :
518 4848 645 4903 Non
694 4854 745 4905 in
776 4854 967 4908 honore
1013 4858 1216 4927 aliquo;
1266 4860 1388 4925 quia
1419 4860 1588 4914 sancti
1628 4862 1807 4929 operis

222 4940 475 5004 speciem,
530 4958 640 4997 non
687 4945 739 4997 in
789 4944 891 4999 ﬁde
938 4950 1177 5003 veritatis
1226 4960 1560 5017 exercentes,
1611 4954 1805 5008 nullius

222 5028 399 5092 gloria:
430 5032 643 5088 honore
686 5036 769 5088 vel
816 5036 989 5091 fructu
1019 5048 1181 5105 agunt
1211 5043 1275 5103 ",
1326 5042 1471 5111 quod
1517 5044 1569 5097 in
1614 5060 1803 5115 magna

225 5122 420 5174 erroris
451 5125 691 5190 perversi
718 5127 1135 5193 reprehensione
1163 5132 1472 5200 conﬁciunt,
1521 5134 1803 5204 transﬁgu-

1942 505 2021 557 Ad
2047 507 2369 560 saturitatem
2411 509 2605 575 carnis,
2652 511 2978 564 contrarium
3022 513 3153 566 mihi
3189 515 3399 571 videtur
3442 519 3520 573 illi

1940 595 2081 663 quod
2112 596 2259 650 dicit:
2288 598 2369 651 Ad
2397 616 2499 653 non
2526 602 2837 669 parcendum
2866 606 3086 673 corpori.
3131 605 3350 662 Videtur
3375 613 3518 665 enim

1939 687 2069 739 mihi
2098 688 2184 741 ille
2231 705 2338 742 non
2368 705 2589 758 parcere
2637 694 2872 761 corpori,
2925 696 3014 762 qui
3044 711 3258 751 carnem
3303 700 3520 769 jejuniis

1937 777 2139 843 domat,
2170 778 2307 832 sicut
2332 779 2621 848 Apostolus
2649 783 2777 837 dicit
2810 782 2826 821 ι
2859 803 2871 837 :
2899 784 3134 839 Lividum
3158 790 3294 857 facio
3334 808 3518 859 corpus

1937 886 2123 935 meum,
2162 883 2211 925 et
2236 875 2288 926 in
2318 877 2607 930 servitutem
2647 878 2822 948 redigo
2865 878 2977 949 (Gr.
3007 882 3317 949 ὑπωπιάζω;
3361 883 3514 955 Vulg.

1938 961 2183 1031 castigo).
2216 962 2261 1015 A
2288 979 2394 1033 quo
2417 980 2579 1033 opere
2606 968 2857 1022 saturitas
2883 972 3059 1025 carnis
3080 971 3252 1025 aliena
3282 982 3382 1028 est.
3408 973 3519 1028 Nisi

1936 1049 2074 1105 forte
2105 1062 2159 1106 et
2186 1054 2355 1123 ipsam
2381 1057 2681 1111 saturanda:
2704 1061 2879 1113 carnis
2908 1076 3108 1125 curam,
3138 1079 3254 1130 quae
3283 1066 3516 1120 maxime

1936 1143 2329 1198 observantiam
2357 1147 2629 1214 religionis
2655 1152 3107 1217 praetendentibus
3130 1156 3385 1224 probrosa
3408 1169 3509 1222 est,

1934 1246 2040 1285 non
2071 1247 2291 1299 parcere
2319 1237 2532 1304 corpori
2555 1238 2708 1306 dixit,
2737 1242 3028 1296 secundum
3058 1244 3186 1298 illud
3217 1247 3514 1304 honestatis

1932 1329 2277 1391 praeceptum,
2328 1325 2472 1392 quod
2502 1327 2625 1381 alibi
2656 1329 2802 1391 dicit,
2851 1339 2907 1384 ut
2953 1335 3311 1403 unusquisque
3357 1353 3508 1394 suum

1932 1428 2027 1466 vas
2048 1414 2341 1470 honoriﬁce
2382 1418 2655 1485 possidere
2678 1424 2887 1475 noverit
2906 1432 2965 1487 m;
2998 1433 3055 1478 ut
3080 1426 3308 1480 hostiam
3337 1429 3513 1483 vivam

1932 1510 1986 1556 et
2016 1503 2311 1571 placentem
2339 1504 2451 1561 Deo
2499 1523 2653 1561 suum
2704 1526 2901 1580 corpus
2947 1514 3197 1569 exhibeat
3219 1525 3243 1551 "
3274 1535 3286 1569 :
3320 1534 3427 1572 non
3459 1520 3511 1573 in

1933 1593 2008 1662 (b)
2032 1595 2367 1650 saturitatem
2393 1599 2602 1664 carnis;
2633 1600 2756 1667 quia
2784 1601 3038 1657 distensio
3061 1608 3302 1675 corporis
3323 1609 3513 1664 anima:

1931 1682 2279 1738 sobrietatem
2310 1693 2483 1750 necat,
2516 1693 2571 1740 et
2600 1687 2813 1743 inimica
2842 1700 2923 1745 est
2944 1694 3198 1749 castitati.

2004 1772 2091 1825 H.
2135 1773 2320 1827 Restat
2341 1782 2401 1829 ut
2428 1776 2625 1845 aliquid
2652 1786 2707 1832 et
2728 1778 2793 1833 de
2823 1782 3144 1848 evangelicis
3166 1784 3296 1839 locis
3319 1801 3512 1855 sugge-

1926 1877 2040 1914 ram
2069 1862 2387 1918 beatitudini
2417 1874 2519 1919 tute
2545 1884 2558 1931 ;
2588 1882 2694 1921 non
2726 1870 2939 1936 quidem
2969 1881 3165 1941 quanta
3197 1876 3391 1944 legenti
3416 1895 3513 1947 per

1925 1951 2093 2004 otium
2126 1968 2412 2008 occurrere
2449 1956 2652 2022 solent;
2696 1959 2825 2027 (nec
2864 1963 3005 2015 enim
3046 1980 3184 2019 nunc
3224 1969 3435 2021 vacabit
3466 1972 3507 2002 ²¹

1924 2041 2163 2110 dispersa
2211 2059 2309 2112 per
2354 2045 2519 2100 libros
2567 2062 2828 2116 quaerere,
2879 2061 2969 2106 aut
3012 2054 3063 2107 in
3103 2058 3507 2115 reminiscendis

1923 2132 2237 2185 memoriam
2280 2135 2541 2190 ventilare
2571 2137 2621 2206 :)
2663 2138 2755 2192 sed
2786 2142 2868 2194 vel
2892 2157 3059 2211 pauca
3086 2184 3101 2208 ,
3152 2161 3269 2214 qua:
3316 2151 3379 2202 ad
3410 2150 3505 2204 ho-

1924 2236 2037 2274 ram
2080 2222 2384 2281 dictationis
2420 2226 2576 2294 hujus
2620 2228 2671 2282 in
2702 2240 2935 2285 mentem
2966 2236 3187 2289 veniunt
3210 2280 3223 2303 ,
3265 2241 3507 2295 sciscita-

1923 2310 2040 2366 hor.
2108 2314 2185 2368 De
2240 2319 2651 2375 resurrectionis
2698 2322 2868 2376 forma
2912 2340 3019 2378 non
3067 2328 3346 2401 grandem,
3407 2335 3500 2390 sed

1924 2404 2134 2472 plenam
2175 2406 2297 2460 ﬁdei
2331 2408 2683 2465 instructione
2728 2414 3053 2481 epistolam,
3102 2433 3207 2487 qua
3258 2421 3505 2477 secunda:

1922 2495 2282 2549 consulationi
2326 2513 2458 2553 mea:
2492 2540 2506 2563 ,
2588 2501 2714 2557 dum
2762 2502 3071 2573 Carthagini
3124 2510 3193 2579 (ε)
3243 2510 3509 2567 hiemarcs

1924 2584 2018 2653 (V.
2053 2597 2164 2641 not.
2194 2588 2346 2660 215),
2397 2594 2782 2663 rescripseras,
2825 2599 2868 2652 si
2906 2598 3067 2653 habes
3096 2602 3173 2670 (ά)
3205 2603 3423 2657 relatam
3452 2604 3509 2657 in

1921 2676 2154 2742 schedis,
2188 2695 2318 2749 rogo
2350 2689 2407 2735 ut
2437 2684 2635 2749 mittas,
2667 2695 2760 2740 aut
2789 2698 2935 2743 certe
2964 2698 3180 2746 retexas
3200 2708 3319 2746 eam
3350 2696 3503 2761 mihi,

1920 2766 2063 2834 quod
2112 2768 2205 2822 tibi
2258 2770 2414 2826 facile
2462 2783 2563 2828 est.
2616 2776 2749 2829 Nam
2797 2780 2897 2832 etsi
2942 2782 3141 2850 scripta
3172 2799 3277 2838 non
3308 2794 3505 2853 exstat,

1919 2858 2043 2925 quia
2088 2856 2229 2913 forte
2276 2860 2455 2916 brevis
2496 2866 2755 2933 epistola,
2788 2877 2846 2921 ut
2874 2872 3215 2926 tumultuaria
3246 2876 3341 2929 tibi
3368 2877 3508 2931 inter

1920 2945 2089 3001 libros
2120 2955 2241 3002 tuos
2269 2950 2454 3005 haberi
2476 2963 2654 3022 spreta
2679 2956 2769 3021 sit,
2800 2972 2997 3012 renova
3021 2976 3138 3014 eam
3161 2963 3290 3016 mihi
3314 2966 3505 3019 eodem

1919 3051 2077 3090 sensu
2124 3048 2390 3107 promtam
2433 3043 2499 3098 de
2543 3045 2796 3101 thesauro
2827 3050 3007 3104 cordis
3035 3053 3144 3120 tui,
3175 3061 3227 3107 et
3254 3056 3404 3110 mitte
3433 3057 3503 3111 ad

1918 3143 2004 3181 me
2033 3129 2173 3184 inter
2218 3131 2319 3187 alia
2351 3150 2607 3205 responsa
2637 3153 2753 3207 qua:
2782 3141 2976 3196 reddes
3004 3145 3132 3198 mihi
3153 3189 3166 3213 ,
3225 3155 3282 3201 ut
3311 3164 3500 3218 spero;

1919 3229 2205 3289 pmstante
2233 3225 2363 3279 mihi
2394 3242 2456 3283 ac
2487 3229 2580 3282 tibi
2611 3241 2968 3287 commeatum
2999 3236 3094 3303 (V.
3126 3245 3241 3292 not.
3284 3240 3375 3309 64)
3399 3241 3505 3296 die-

1918 3327 2032 3364 rum
2064 3311 2298 3380 Christo,
2331 3325 2389 3371 ut
2418 3334 2479 3372 ea
2501 3360 2514 3383 ,
2549 3336 2656 3390 quo
2685 3324 2834 3378 labor
2865 3334 2985 3382 tuus
3010 3328 3062 3381 in
3091 3345 3176 3383 me
3204 3331 3501 3400 fructiﬁcet,

1918 3403 2197 3472 accipiam,
2232 3410 2524 3464 secundum
2556 3413 2669 3469 lucc
2697 3418 2930 3485 capitula
2960 3418 3390 3491 Scripturarum;
3434 3428 3502 3482 de

1916 3493 2109 3586 quibus
2126 3503 2197 3560 te,
2225 3499 2316 3565 qui
2345 3500 2413 3569 (e)
2450 3502 2595 3558 vides
2624 3508 2775 3573 quasi
2807 3523 2903 3577 per
2933 3510 3119 3578 Deum,
3154 3514 3501 3586 interrogavi,

1917 3589 1976 3635 ut
2000 3582 2215 3638 audiam
2245 3588 2375 3655 quid
2406 3590 2458 3643 in
2491 3598 2542 3645 te
2573 3594 2654 3647 vel
2686 3610 2751 3647 ex
2782 3604 2833 3650 te
2863 3600 2991 3652 mihi
3015 3601 3267 3669 loquatur
3288 3605 3427 3660 Deus
3453 3617 3499 3661 ο.

1989 3673 2075 3729 15.
2121 3676 2236 3732 lloc
2258 3689 2436 3734 autem
2469 3699 2598 3752 rogo
2623 3685 2798 3741 lucere
2821 3691 2949 3743 mihi
2972 3690 3153 3759 facias,
3187 3696 3348 3766 294
3366 3712 3502 3765 quo-

1916 3767 2077 3821 modo
2110 3770 2191 3822 vel
2221 3785 2325 3837 qua
2356 3774 2563 3827 ratione
2592 3775 2849 3833 Dominus
2891 3792 3012 3849 post
3051 3788 3501 3843 resurrectionem

1913 3860 1998 3913 vel
2038 3860 2350 3916 mulieribus
2369 3904 2382 3927 ,
2428 3879 2545 3931 qum
2573 3868 2757 3935 prima:
2788 3872 2852 3923 ad
2882 3874 3185 3942 sepulcrum
3214 3890 3495 3949 venerunt,

1916 3952 1998 4005 vel
2026 3961 2212 4021 postea
2243 3954 2345 4010 illis
2377 3956 2585 4013 duobus
2614 3962 2665 4013 in
2695 3964 2807 4025 via,
2840 3964 3031 4021 deinde
3068 3968 3342 4039 discipulis
3363 3974 3493 4041 suis,

1914 4051 1968 4097 et
1999 4059 2104 4098 non
2136 4046 2349 4113 agnitus
2379 4048 2448 4101 sit
2474 4091 2489 4117 ,
2533 4060 2586 4105 et
2615 4055 2845 4122 agnitus.
2888 4056 2944 4110 In
2975 4059 3166 4115 eodem
3197 4064 3339 4117 enim
3371 4081 3496 4119 cor-

1913 4149 2046 4203 pore
2096 4139 2393 4193 resurrexit
2438 4141 2489 4194 in
2530 4157 2637 4211 quo
2679 4153 2731 4199 et
2762 4163 2948 4216 passus
2978 4162 3078 4206 est.
3126 4153 3194 4208 Et
3221 4158 3493 4225 quomodo

1915 4241 2019 4277 non
2052 4226 2239 4280 eadem
2271 4238 2388 4282 erat
2414 4230 2655 4299 ejusdem
2679 4240 2923 4307 corporis
2950 4240 3118 4296 forma
3147 4260 3265 4312 qua:
3286 4245 3495 4303 fuerat?

1912 4323 2003 4369 aut
2049 4317 2093 4370 si
2141 4318 2331 4373 eadem
2372 4330 2517 4388 erat,
2576 4329 2847 4392 quomodo
2876 4346 2981 4385 non
3012 4337 3399 4401 agnoscebatur
3428 4339 3494 4393 ab

1911 4406 1994 4461 bis
2041 4409 2131 4476 qui
2180 4426 2297 4464 eam
2350 4419 2654 4470 noverant?
2700 4418 2829 4473 lllud
2870 4438 2998 4477 vero
3029 4429 3347 4481 sacramenti
3376 4445 3495 4485 esse

1913 4499 2074 4553 credo
2105 4502 2246 4568 quod
2276 4503 2366 4570 qui
2398 4505 2450 4558 in
2479 4507 2562 4559 via
2592 4509 2986 4565 ambulantibus
3010 4530 3117 4567 non
3144 4515 3314 4569 fuerat
3342 4520 3495 4585 agni-

1913 4596 2016 4652 tus,
2042 4590 2092 4643 in
2120 4590 2381 4648 fraetione
2406 4596 2557 4663 panis
2581 4599 2847 4654 revelatus
2872 4612 2953 4655 est
2974 4613 3021 4655 Ρ.
3052 4603 3282 4674 ldipsum
3315 4615 3495 4665 tamen

1911 4691 2004 4735 tuo
2034 4698 2193 4737 sensu
2226 4686 2348 4740 volo
2379 4695 2581 4753 tenere,
2617 4706 2720 4745 non
2750 4708 2890 4747 meo.

1986 4774 2075 4828 16.
2117 4775 2183 4828 Ει
2212 4780 2356 4845 quod
2382 4780 2448 4833 ad
2474 4780 2695 4835 Mariam
2727 4785 2801 4837 ait
2828 4804 2839 4837 :
2872 4784 3001 4859 _Noli
3026 4805 3104 4840 me
3125 4798 3353 4860 tangere,
3374 4809 3499 4847 non-

1910 4866 2031 4918 dum
2057 4868 2193 4919 enim
2212 4871 2422 4923 ascendi
2450 4872 2520 4924 ad
2540 4872 2769 4928 Patrem.
2825 4876 2878 4931 Si
2910 4881 3152 4934 cominus
3178 4890 3354 4936 stante
3388 4900 3497 4938 non

1913 4957 2189 5012 sinebatur
2233 4962 2536 5029 attingere,
2596 4968 2869 5032 quomodo
2918 4985 3039 5023 eum
3087 4980 3329 5039 tangeret
3375 4990 3495 5029 cum

1910 5050 2246 5105 ascendisset
2293 5052 2358 5105 ad
2408 5051 2644 5107 Patrem,
2691 5058 2791 5111 nisi
2832 5057 2967 5114 forte
2997 5060 3116 5115 ﬁdei
3148 5063 3410 5131 profectu,
3444 5073 3498 5118 et

1909 5130 2108 5194 mentis
2135 5155 2382 5207 ascensu,
2414 5158 2518 5211 qua
2551 5145 2688 5201 Deus
2719 5148 2920 5203 homini
2950 5149 3008 5203 ﬁt
3035 5152 3373 5222 longinquus,
3404 5164 3496 5208 aut

290 5246 315 5270 ⁸
340 5236 539 5327 10Ξίῐηῖ
561 5254 633 5327 ix,
662 5238 711 5291 1.
796 5239 821 5276 b
849 5239 1156 5327 Mattli._x'v,
1192 5244 1276 5327 μ.
1357 5257 1378 5283 ο
1410 5245 1700 5327 Ιςηρηιηιεζ
1731 5249 1817 5327 1-5.

1927 5250 2081 5327 _Col._
2100 5252 2271 5327 11,21.
2338 5265 2360 5293 ο
2394 5255 2436 5309 ll
2468 5257 2606 5311 Tim.
2633 5275 2707 5319 ul,
2740 5258 2790 5313 5.
2860 5260 2876 5298 ί
2909 5262 3025 5316 Col.
3055 5280 3109 5327 η,
3136 5262 3224 5318 21.
3284 5274 3309 5311 8
3337 5265 3493 5319 Rom.

220 5321 325 5367 Inv,
354 5306 449 5359 25.
524 5308 548 5344 ιι
578 5308 733 5362 Rom.
766 5326 878 5373 Vlll,
912 5310 961 5363 7.

222 5387 289 5439 iv,
321 5376 374 5429 4.
456 5386 481 5413 ιι
512 5377 669 5432 Rom.
704 5396 796 5445 xu,
834 5380 883 5432 Ι.

1045 5312 1057 5348 ί
1095 5311 1232 5366 Psal.
1270 5331 1411 5379 xcui,
1447 5318 1530 5371 Η.

289 5494 366 5559 (a)
386 5493 523 5567 Mss.
555 5495 665 5551 duo
689 5495 801 5563 Big.
824 5507 880 5551 et
906 5496 1028 5551 edd.
1061 5497 1259 5552 Bened.
1305 5507 1360 5553 et
1385 5499 1573 5567 Grav.,
1622 5502 1676 5554 in
1704 5516 1791 5554 se-

221 5566 394 5631 quenti
424 5567 610 5631 capite.

292 5632 386 5712 (b).
412 5631 492 5712 ita
522 5651 649 5689 mss.
674 5636 889 5689 codices
913 5652 1036 5691 cum
1060 5636 1189 5691 edit.
1208 5636 1407 5692 Bened.
1424 5639 1589 5696 Ated.
1616 5639 1804 5707 Rosv.,

226 5710 517 5754 saturitate.

298 5774 371 5833 te)
413 5771 538 5828 Mss.
575 5774 656 5841 l5,
689 5775 1053 5831 cxhiemarcm.
1089 5777 1222 5834 Vide
1245 5786 1357 5835 uel.
1389 5777 1511 5833 215.

1611 5320 1624 5367 i
1663 5320 1779 5372 Col.
1813 5335 1869 5385 ιι,
1902 5319 1989 5373 25.

960 5391 985 5416 υ
1020 5381 1160 5438 Psal.
1193 5400 1406 5451 Lxxxiv,
1437 5389 1489 5441 9.
1522 5400 1544 5436 ι’
1564 5387 1694 5443 Luc.
1729 5381 1873 5455 xxnv,
1911 5390 1998 5445 50.

2069 5319 2096 5358 ι
2124 5323 2169 5376 ll
2217 5322 2343 5379 Cor.
2377 5342 2448 5393 ιι,
2485 5327 2569 5381 15.
2652 5328 2667 5365 1
2702 5329 2721 5382 l
2753 5330 2875 5385 Cor.
2927 5348 3000 5397 lx,
3048 5319 3135 5385 27.
3213 5345 3252 5373 ιιι
3280 5335 3300 5388 ι
3331 5336 3491 5391 Thes.

1985 5502 2198 5581 (d)_Sie
2222 5522 2355 5581 mss.
2385 5507 2420 5560 4
2450 5509 2688 5581 Vgtieani
2714 5553 2728 5575 ,
2762 5511 3069 5581 Bigotianus
3097 5529 3251 5577 unus,
3285 5526 3337 5569 et
3362 5515 3490 5568 edit.

1914 5571 2117 5651 Bened.
2170 5575 2319 5631 Alter
2365 5595 2463 5633 ms.
2498 5578 2612 5648 Big.
2635 5620 2649 5644 ,
2682 5571 3007 5636 reseruatam.
3034 5581 3130 5635 Ed.
3158 5571 3342 5651 Rosv.,
3372 5587 3488 5637 reli-

1913 5650 2068 5696 ctam.

1986 5714 2058 5779 (ε)
2100 5715 2188 5770 Sic
2216 5717 2618 5774 emendavimus
2654 5737 2717 5774 ex
2750 5736 2877 5775 mss.
2911 5719 3184 5775 codicibus
3215 5721 3487 5780 Vaticanis

1914 5791 2144 5850 quatuor
2173 5795 2227 5843 et
2253 5788 2380 5843 edit.
2414 5788 2612 5846 Bened.
2648 5790 2785 5848 Ante
2814 5796 2945 5856 erat,
2975 5790 3280 5846 credendum
3314 5804 3408 5850 est.
