3994 6180
442 238 545 293 415

1557 232 1615 288 S.
1661 227 1931 284 PAULINI
1969 223 2222 280 NOLANI
2258 219 2564 277 EPISUOPI

3580 219 3669 273 “6

441 347 715 417 proximus
739 364 751 399 :
782 354 837 402 et
863 345 952 400 illa
981 345 1057 418 (α)
1086 344 1407 401 dubitaverit
1431 343 1498 398 de
1523 342 1758 407 Christo,
1785 355 1946 410 quem
1966 340 2011 370 ¹¹
2039 344 2090 404 Α
2116 352 2211 407 per
2236 334 2412 391 crucis
2439 341 2668 387 mortem
2695 330 2998 400 demigrans
3023 332 3079 387 in
3101 312 3459 387 aeterniiatem
3484 332 3599 396 Dei,
3628 346 3678 389 ut

442 436 782 490 hortulanum
811 442 1114 505 putaverat.
1146 435 1271 490 ideo
1298 434 1540 489 fortassis
1567 432 1751 486 audire
1774 430 1967 485 meruit
1995 446 2009 482 :

2115 434 2258 481 esset
2284 426 2340 479 in
2364 424 2531 493 gloria
2560 423 2653 476 Dei
2685 421 2886 487 Patris,
2913 422 3123 491 delegat
3146 424 3354 478 homini
3379 423 3497 492 jura
3525 424 3681 493 pieta-

445 524 571 579 Noli
601 541 679 577 me
706 533 915 595 tangere
945 535 992 578 η.
1024 524 1242 592 Indigna
1271 523 1411 577 enim
1448 521 1786 591 judicabatur
1811 526 1869 572 ut
1897 526 2017 571 tan-
2115 520 2184 575 tis
2203 519 2480 582 humanae;
2511 523 2566 571 et
2595 515 2665 585 (e)
2688 532 2755 569 ex
2779 515 3052 584 discipulis
3077 516 3187 569 suis
3216 516 3683 570 adolescentiorem

445 624 596 683 geret
618 630 779 667 manu
809 613 1108 678 Christum,
1147 628 1304 682 quem
1330 611 1555 667 necdum
1586 610 1689 664 ﬁde
1715 608 2016 678 apprehen-

446 707 626 769 derat,
660 721 759 759 nec
788 706 1126 759 intellexerat
1154 704 1351 767 Deum,
1388 718 1510 757 cum
1547 700 1889 755 hortulanum
1916 712 2018 765 pu-

448 806 644 859 tasset,
676 797 743 851 de
770 814 876 866 quo
902 797 1062 866 paulo
1091 805 1215 849 ante
1248 795 1314 848 ab
1340 793 1542 862 angelis
1570 790 1810 845 audierat
1843 806 1854 840 :
1884 785 2023 853 Quid

450 889 687 959 quaeritis
712 888 979 941 viventem
1021 902 1139 941 cum
1184 886 1444 940 mortuis?
1474 882 1600 937 Noli
1630 896 1757 950 ergo
1797 897 1877 934 me
1903 888 2023 932 tan-

455 994 591 1048 gere,
621 979 739 1048 quia
769 978 861 1031 tibi
890 977 1117 1030 nondum
1140 975 1348 1029 uscendi
1376 974 1444 1027 ad
1463 973 1706 1036 Patrem,
1738 970 1824 1026 cui
1852 970 2026 1024 adhuc

456 1073 662 1119 tantum
707 1066 869 1120 homo
914 1066 1140 1119 videor:
1191 1073 1377 1134 postea
1419 1078 1506 1116 me
1534 1070 1750 1129 tanges,
1794 1075 1917 1115 cum
1959 1057 2029 1112 ad

457 1154 853 1223 agnoscendum
882 1170 967 1209 me
995 1154 1261 1209 credendo
1290 1152 1683 1208 conscenderis.

533 1244 623 1298 1⁸7.
667 1245 742 1298 De
775 1245 877 1298 illis
904 1246 1066 1298 etiam
1089 1244 1383 1298 beatissimi
1406 1242 1685 1313 Symeonis
1711 1241 1888 1296 verbis
1906 1240 2034 1310 quid

460 1336 679 1401 sentias,
713 1336 949 1390 edissere
976 1337 1125 1399 mihi,
1162 1344 1217 1389 ut
1245 1350 1439 1403 sequar
1464 1348 1679 1387 sensum
1708 1340 1855 1386 tuum
1883 1351 1895 1385 :
1924 1332 2037 1400 qui-

461 1426 599 1490 bus,
653 1441 774 1480 cum
827 1426 893 1479 ad
948 1425 1227 1479 videndum
1271 1440 1339 1478 ex
1374 1424 1592 1477 oraculo
1622 1422 1716 1477 Dei
1743 1422 2032 1486 Christum,

462 1523 653 1584 agente
699 1512 899 1583 Spiritu
924 1555 938 1577 ,
991 1515 1223 1568 venisset
1260 1515 1311 1567 in
1363 1513 1647 1582 templum,
1678 1520 1732 1566 et
1760 1520 2036 1579 acceptum

461 1604 581 1660 sinu
602 1604 961 1661 benedixisset
989 1604 1243 1658 infantem
1268 1604 1567 1667 Dominum,
1601 1603 1674 1657 ait
1694 1602 1759 1655 ad
1779 1601 2034 1655 Mariam:

2118 610 2292 676 eligit,
2324 616 2386 662 ut
2411 606 2794 662 convenienter
2822 606 3055 674 assignet
3092 606 3285 673 virgini
3316 605 3560 675 apostolo
3587 605 3686 659 vir-

2119 699 2297 769 ginem
2339 707 2568 752 matrem
2595 715 2607 749 :
2642 696 2747 750 duo
2775 696 2976 765 pariter
3008 696 3062 750 in
3092 697 3281 751 eadem
3312 697 3573 750 sententia
3598 697 3688 750 do-

2125 802 2286 852 cens,
2321 786 2547 840 formam
2576 786 2792 854 pietatis
2819 785 3124 853 relinquens
3159 786 3321 839 nobis
3344 824 3359 847 ,
3405 801 3526 840 cum
3551 794 3626 839 est
3650 788 3691 819 "

2124 878 2192 933 de
2238 886 2411 931 matre
2455 876 2714 932 sollicitus
2739 915 2752 939 ,
2794 884 2854 928 ut
2888 890 3048 943 quam
3091 875 3434 943 relinquebat
3461 890 3693 944 corpore,

2126 984 2234 1022 non
2278 967 2609 1034 relinqueret
2656 980 2819 1019 cura:
2851 965 2945 1018 sed
2991 980 3092 1019 nec
3133 980 3367 1033 corpore
3406 965 3694 1030 relicturus,

2126 1058 2251 1127 quia
2273 1071 2431 1126 quem
2478 1055 2695 1109 videbat
2739 1055 3080 1121 morientem,
3113 1070 3236 1109 mox
3268 1063 3391 1108 erat
3419 1055 3591 1109 visura
3618 1070 3695 1108 re-

2129 1148 2383 1203 divivum.
2444 1146 2512 1199 Et
2540 1146 2669 1199 illud
2692 1184 2707 1209 ,
2756 1146 2899 1213 quod
2929 1145 2997 1199 ad
3027 1146 3181 1199 fidem
3212 1146 3457 1201 omnium
3488 1146 3699 1215 pertine-

2130 1245 2233 1301 ret,
2264 1234 2593 1291 salutiferum
2623 1235 2839 1303 pietatis
2858 1249 2967 1288 sua:
2994 1236 3039 1268 ’θ
3069 1243 3487 1299 sacramentum,
3516 1250 3698 1289 arcana

2135 1329 2301 1383 divini
2348 1327 2557 1381 ratione
2602 1326 2813 1380 consilii
2850 1325 2948 1380 sub
2978 1325 3077 1380 hac
3105 1341 3235 1380 voce
3268 1327 3345 1396 (f)
3375 1326 3699 1395 consignatis,

2136 1429 2193 1474 ut
2223 1419 2314 1473 alii
2358 1426 2583 1472 matrem
2632 1417 2905 1484 delegaret
2952 1432 3050 1486 pro
3089 1425 3260 1470 matre
3291 1416 3618 1479 habendam,
3647 1424 3696 1469 et

2138 1509 2253 1563 vice
2294 1523 2390 1563 sua
2436 1506 2846 1571 consolandam;
2915 1514 3075 1575 atque
3122 1506 3194 1559 illi
3242 1506 3478 1561 vicissim
3522 1520 3703 1559 novum

2141 1596 2306 1652 ﬁlium
2344 1597 2461 1652 vice
2488 1597 2731 1665 corporis
2755 1596 2837 1649 sui
2863 1596 3126 1660 traderet,
3161 1596 3347 1658 immo,
3388 1604 3448 1649 ut
3473 1596 3542 1649 ita
3569 1595 3702 1649 dixe-

464 1692 599 1747 Ecce
644 1695 725 1746 hic
769 1696 961 1765 positus
989 1703 1063 1747 est
1088 1694 1142 1746 in
1183 1695 1389 1746 ruinam
1428 1701 1478 1745 et
1526 1693 1946 1745 resurrectionem
1989 1689 2035 1720 "
2073 1706 2111 1761 Β
2141 1689 2241 1743 rim
2269 1730 2285 1755 ,
2332 1688 2613 1755 gigneret:
2663 1701 2771 1755 quo
2800 1686 3110 1741 ostenderet
3137 1700 3259 1739 eam
3286 1693 3484 1755 ιιι-αξιοι·
3509 1700 3595 1749 se,
3623 1683 3703 1752 qui

465 1784 740 1838 multorum
772 1785 826 1837 in
867 1783 1073 1849 Israel,
1104 1793 1152 1837 et
1198 1787 1253 1837 in
1291 1786 1495 1854 signum
1522 1785 1604 1836 cui
1624 1783 2002 1836 contradicetur
2022 1797 2041 1836 :

465 1885 515 1928 et
537 1884 673 1927 tuam
701 1876 860 1943 ipsius
890 1876 1118 1928 animam
1139 1876 1470 1943 pertransibit
1497 1874 1720 1945 gladius,
1742 1884 1797 1927 ut
1816 1873 2043 1927 reveten-

470 1972 551 2017 tur
595 1965 871 2017 multorum
921 1966 1149 2017 cordium
1203 1966 1537 2034 cogitationes
1572 1963 1619 2017 δ.
1673 1964 1939 2033 Numquid
1979 1963 2046 2018 de

468 2055 717 2124 passione
746 2054 925 2109 Maria:
945 2098 959 2122 ,
992 2070 1109 2123 qum
1145 2071 1406 2124 nusquam
1435 2056 1631 2124 scripta
1658 2064 1758 2120 est,
1789 2056 1893 2109 hoc
1922 2070 2045 2123 pro-

470 2148 719 2216 pbetasse
747 2146 819 2216 (b)
850 2147 1150 2201 credendus
1187 2157 1269 2201 est
1313 2148 1393 2200 ’i?
1436 2148 1516 2200 An
1541 2162 1670 2201 vero
1710 2146 1778 2200 de
1805 2154 2047 2199 materno

472 2235 587 2303 ejus
616 2234 808 2289 affectu
832 2277 846 2300 ,
878 2252 984 2304 quo
1026 2245 1210 2304 postea
1258 2237 1311 2288 in
1341 2242 1582 2304 tempore
1623 2234 1884 2303 passionis
1912 2234 2046 2288 assi-

473 2332 622 2377 stens
652 2324 816 2387 cruci,
845 2339 949 2392 qua
976 2325 1078 2378 hoc
1106 2334 1219 2378 erat
1251 2324 1412 2378 fixum
1443 2323 1584 2392 quod
1614 2324 1725 2393 ipsa
1746 2330 2048 2392 pepererat,

473 2424 834 2469 maternorum
862 2416 1124 2470 viscerum
1146 2415 1330 2469 dolore
1361 2414 1569 2470 conﬁxa
1590 2422 1671 2469 est
1697 2432 1708 2466 :
1742 2423 1798 2468 et
1820 2414 2049 2467 animam

474 2505 614 2559 illius
659 2506 747 2559 illa
773 2546 789 2571 ,
837 2521 955 2574 qum
993 2505 1108 2573 ejus
1148 2506 1435 2560 secundum
1464 2519 1681 2559 carnem
1712 2504 1905 2569 hlium,
1938 2505 2050 2573 ipsa

474 2602 750 2663 spectante
773 2632 786 2655 ,
844 2593 1159 2649 confoderat
1182 2634 1197 2659 ,
1245 2594 1418 2648 crucis
1457 2594 1765 2663 rhomphtea
1806 2602 2054 2663 penetra-

475 2685 653 2739 bat".
704 2684 871 2739 Video
918 2684 1061 2739 enim
1107 2693 1163 2738 et
1213 2685 1267 2737 in
1298 2682 1523 2738 Psalmis
1553 2684 1619 2738 de
1644 2682 1842 2752 Joseph
1872 2683 1945 2736 ita
1975 2683 2056 2736 di-

476 2783 621 2830 ctum
665 2791 782 2829 esse
818 2776 903 2829 "z
951 2775 1374 2829 i'lumiliaverunt
1423 2776 1475 2829 in
1519 2776 1864 2845 compedibus
1890 2774 2056 2844 pedes

479 2865 618 2933 ejus,
651 2864 848 2919 ferrum
872 2867 1181 2936 pertransiit
1202 2866 1430 2920 animam
1454 2866 1570 2935 ejus
1603 2880 1619 2899 ι·
1653 2866 1792 2920 sicut
1814 2866 1866 2919 in
1891 2865 2060 2919 Evan-

477 2954 617 3021 gelio
645 2954 782 3007 dixit
804 2957 848 2985 ¹⁷
878 2955 1112 3026 Symeon
1139 2973 1150 3007 :
1184 2954 1254 3007 Et
1295 2965 1436 3009 tuam
1469 2957 1631 3026 ipsius
1671 2958 1897 3009 animum
1937 2972 2055 3025 per-

2143 1796 2211 1834 ex
2251 1794 2314 1832 ea
2359 1778 2563 1846 virgine
2606 1784 2765 1830 natus
2794 1784 2964 1840 esset,
2996 1790 3096 1830 nec
3124 1774 3380 1829 habuisse
3410 1773 3587 1838 lilium,
3619 1788 3704 1827 nec

2142 1868 2341 1923 habere
2365 1885 2377 1919 :
2405 1867 2529 1935 quia
2554 1881 2653 1920 nec
2681 1864 2929 1919 Salvator
2959 1872 3243 1933 tantopere
3273 1879 3458 1918 cm'am
3480 1864 3552 1933 (g)
3573 1860 3706 1915 deso-

2148 1960 2365 2014 lationis
2392 1959 2666 2012 habuisset
2692 1957 2828 2025 ejus,
2857 1957 2899 2010 si
2926 1957 2998 2010 illi
3032 1957 3218 2011 unicus
3250 1972 3360 2011 non
3391 1955 3585 2011 fuisset.

2219 2048 2305 2102 18.
2347 2048 2454 2102 Sed
2481 2049 2761 2103 redeamus
2788 2047 2855 2102 ad
2884 2048 3045 2101 verba
3075 2046 3390 2117 Symeonis,
3422 2046 3476 2099 in
3502 2058 3706 2115 quorum

2148 2140 2386 2194 clausula
2416 2140 2744 2193 intellectum
2774 2154 2953 2193 meum
2987 2139 3214 2206 caligare
3245 2138 3439 2193 fateor.
3475 2135 3536 2189 Et
3564 2145 3706 2199 tuam,

2149 2231 2353 2299 inquit,
2398 2230 2626 2295 animam
2674 2232 3005 2300 pertransibit
3030 2234 3227 2301 [ramea
3248 2270 3265 2294 ,
3298 2230 3382 2284 vel
3410 2228 3602 2300 gladius
3622 2266 3635 2291 ,
3661 2234 3708 2277 ut

2149 2320 2430 2373 revelentur
2452 2319 2725 2372 multorum
2747 2320 2976 2373 cordium
2998 2320 3336 2390 cogitationes
3351 2316 3397 2372 δ.
3430 2316 3710 2372 Secundum

2151 2412 2384 2465 litteram
2433 2410 2537 2465 hoc
2585 2410 2716 2464 mihi
2764 2412 2980 2480 penitus
3025 2411 3315 2465 obscurum
3344 2418 3445 2474 est,
3481 2408 3597 2478 quia
3625 2421 3709 2460 nec

2152 2499 2372 2553 Mariam
2398 2500 2765 2554 beatissimam
2788 2515 3009 2569 usquam
3040 2500 3271 2568 legimus
3301 2500 3549 2561 occisam,
3580 2504 3632 2550 ut
3654 2496 3711 2549 de

2157 2593 2425 2661 corporali
2452 2592 2629 2659 gladio
2658 2600 2875 2646 sanctus
2896 2594 2982 2647 ille
3010 2593 3247 2663 296'ei
3276 2591 3501 2646 futuram
3530 2588 3709 2660 passio-

2154 2700 2278 2739 nem
2320 2685 2670 2754 prophetasse
2716 2683 2978 2738 videatur.
3027 2684 3133 2738 Sed
3180 2692 3235 2738 et
3285 2682 3429 2752 quod
3465 2679 3709 2747 subjecit:

2159 2776 2228 2830 Ut
2266 2777 2549 2831 revelentur
2573 2776 2847 2829 multorum
2875 2776 3107 2829 cordium
3133 2776 3474 2845 cogitationes
3503 2772 3543 2823 ί.
3572 2768 3712 2823 Scru-

2158 2875 2275 2923 tans
2302 2868 2464 2932 enim,
2497 2867 2689 2936 inquit,
2712 2866 2872 2921 corda
2894 2873 2949 2921 et
2972 2881 3129 2921 renes
3158 2866 3323 2919 Deus.
3370 2864 3434 2917 Et
3460 2862 3524 2917 de
3550 2857 3711 2914 futuro

2156 2957 2356 3026 judicio
2402 2957 2692 3027 Apostolus
2734 2957 2846 3009 ait:
2890 2955 3023 3022 Quia
3055 2964 3182 3009 tunc
3210 2951 3567 3010 manifestabit
3593 2949 3712 3002 Deus

480 3042 715 3096 transibit
738 3043 940 3113 gladius
962 3042 1010 3096 ά.
1037 3043 1153 3098 Νοιι
1185 3046 1278 3111 ait,
1308 3060 1527 3099 carnem
1548 3083 1563 3109 ,
1593 3044 1686 3099 sed
1716 3046 1973 3112 animum,
2003 3043 2055 3096 in
2084 3064 2130 3127 ρ
2160 3056 2347 3116 operta
2393 3047 2635 3101 cordinm
2659 3087 2675 3113 ,
2725 3052 2780 3099 ct
2827 3045 3036 3100 occulta
3066 3045 3429 3098 tenebrarum.
3476 3040 3647 3094 Itidem
3673 3035 3713 3064 ³⁰

480 3145 583 3199 qua
614 3132 827 3199 pietatis
849 3130 1059 3186 affectio
1090 3134 1245 3202 295
1274 3134 1595 3197 continetur,
1627 3141 1681 3185 et
1702 3131 1905 3185 doloris
1937 3146 2058 3184 acu-

481 3222 596 3275 leus
626 3222 777 3290 quasi
823 3222 1029 3288 gladius
1080 3232 1334 3290 operatur
1361 3240 1373 3274 :
1405 3238 1524 3276 cum
1567 3231 1660 3276 aut
1687 3222 1860 3290 aliqua
1886 3221 2061 3275 carnis

482 3325 592 3363 sua:
620 3311 813 3378 injuria
859 3311 1108 3377 afﬁcitur,
1139 3319 1198 3364 ut
1227 3313 1299 3382 (c)
1330 3311 1525 3381 Joseph
1546 3352 1562 3376 ,
1593 3312 1683 3382 qui
1712 3327 1819 3365 non
1850 3312 2059 3379 mortis,

484 3402 577 3456 sed
617 3401 927 3469 injuriarum
958 3402 1174 3470 pertulit
1206 3403 1483 3470 passiones
1508 3443 1523 3469 ,
1553 3403 1606 3456 in
1637 3418 1851 3457 servum
1871 3402 2059 3457 vendi-

485 3500 587 3557 tus,
620 3501 675 3546 et
701 3493 751 3546 in
782 3508 930 3547 reum
960 3486 1257 3548 vinculatus
1297 3492 1391 3564 (V.
1430 3510 1597 3548 carm.
1630 3492 1718 3559 21,
1746 3510 1800 3548 v.
1834 3492 1977 3564 752),
2010 3502 2065 3548 et

487 3583 687 3637 carceri
718 3582 874 3638 datus
903 3593 927 3621 ο
954 3602 966 3637 :
1009 3593 1101 3637 aut
1130 3599 1249 3639 cum
1278 3584 1573 3639 affectionis
1603 3586 1823 3639 internte
1850 3586 2064 3639 tristitia

490 3676 579 3730 vel
608 3676 795 3731 dolore
823 3677 1111 3742 cruciatur,
1143 3685 1202 3731 ut
1229 3677 1283 3731 in
1313 3676 1477 3731 Maria
1511 3675 1529 3714 ί
1554 3694 1567 3743 ;
1607 3692 1766 3747 quam
1790 3677 1973 3747 utique
1999 3678 2064 3733 ad

489 3781 708 3821 crucem
752 3767 997 3834 Domini,
1047 3768 1099 3822 in
1149 3783 1256 3837 quo
1300 3777 1427 3823 tunc
1463 3769 1545 3823 sui
1583 3777 1789 3823 tantum
1827 3769 2069 3839 corporis

491 3858 655 3911 ﬁlium
676 3859 965 3925 cogitabat,
993 3868 1232 3914 materna
1256 3875 1409 3914 mens
1427 3860 1685 3925 duxerat;
1717 3868 1774 3913 ut
1803 3875 1922 3914 cum
1945 3875 2068 3915 eum

491 3948 713 4002 vidisset
738 3957 1032 4012 mortuum,
1065 3950 1293 4002 humana
1326 3949 1633 4003 inﬁrmitate
1657 3950 1881 4015 lugeret,
1916 3964 2072 4019 sepe—

493 4039 838 4107 liendumqne
884 4039 1197 4106 colligeret,
1250 4040 1379 4092 nihil
1404 4040 1503 4093 sibi
1533 4038 1600 4092 de
1629 4039 1793 4107 ipsius
1827 4054 2071 4093 resurre-

493 4130 675 4184 ctione
699 4143 1044 4198 prmsumens,
1070 4127 1147 4197 (ά)
1178 4128 1302 4196 quia
1324 4128 1685 4181 subsecutum
1709 4127 2074 4181 admirationis

495 4219 651 4275 ﬁdem
701 4220 754 4272 in
804 4219 972 4273 oculis
1021 4218 1193 4287 posita
1223 4219 1485 4288 passionis
1520 4233 1677 4288 paena
1713 4218 1948 4273 caecabat
1977 4218 2071 4288 (V.

496 4320 611 4367 not.
652 4309 801 4379 214).
865 4309 1123 4376 Quamvis
1171 4311 1412 4365 eamdem
1460 4320 1722 4366 astantem
1773 4312 1919 4367 cruci
1964 4326 2075 4365 sua:

2159 3136 2449 3207 Apostolus
2483 3139 2495 3186 l
2527 3175 2542 3201 ,
2581 3135 2892 3204 spiritaliter
2939 3135 3248 3203 exprimens
3291 3148 3441 3188 arma
3479 3126 3713 3189 coelestia,

2159 3226 2352 3295 quibus
2381 3225 2434 3278 in
2461 3225 2702 3278 interiori
2729 3233 2917 3279 nostro
2945 3223 3235 3278 debeamus
3265 3222 3483 3287 armari,
3509 3216 3714 3287 gladium

2161 3319 2378 3387 spiritus
2415 3317 2543 3372 dicit
2588 3317 2809 3371 verbum
2858 3317 2984 3381 Dei,
3027 3319 3094 3372 de
3117 3332 3225 3385 quo
3251 3317 3323 3370 ad
3352 3315 3592 3370 Hebraeos
3614 3309 3713 3362 ait:

2162 3406 2326 3461 Vivus
2351 3413 2432 3460 est
2454 3421 2630 3461 sermo
2656 3406 2772 3473 Dei,
2794 3415 2849 3461 et
2869 3406 3078 3472 efficax,
3109 3416 3165 3461 et
3191 3404 3573 3476 penetrabilior
3589 3396 3718 3453 omni

2162 3496 2340 3565 gladio
2370 3498 2592 3568 ancipiti
2620 3516 2631 3552 :
2664 3499 3003 3568 pertingens,
3033 3499 3205 3566 inquit
3231 3498 3302 3566 ³’,
3328 3510 3493 3565 usque
3519 3493 3580 3546 ad
3605 3488 3719 3544 divi-

2167 3588 2375 3644 sionem
2402 3590 2591 3643 anima:
2616 3598 2671 3644 et
2696 3591 2939 3659 spiritus,
2972 3598 3027 3643 et
3050 3590 3252 3659 reliqua
3280 3604 3405 3659 qua:
3434 3585 3581 3641 nosti.
3602 3576 3720 3646 Quid

2167 3692 2295 3747 ergo
2324 3679 2516 3732 mirum
2540 3719 2556 3744 ,
2607 3680 2652 3734 si
2701 3679 2852 3734 istius
2898 3678 3051 3734 verbi
3091 3678 3256 3748 ignita
3282 3679 3386 3743 vis,
3419 3685 3472 3731 et
3499 3667 3721 3739 ancipitis

2175 3771 2336 3838 gladii
2364 3772 2747 3841 penetrabilior
2768 3773 2911 3827 acies
2936 3770 2982 3837 ιι,
3010 3781 3066 3827 et
3089 3769 3261 3827 sancti
3286 3768 3484 3836 Joseph
3507 3764 3624 3819 olim
3639 3801 3653 3825 ,
3676 3764 3723 3812 et

2171 3870 2359 3932 postea
2404 3862 2575 3917 beatae
2626 3862 2805 3917 Maria:
2843 3863 3074 3917 animam
3104 3858 3480 3931 pertransivit?
3506 3862 3723 3920 eamne-

2171 3968 2276 4021 que
2300 3953 2351 4005 in
2374 3952 2536 4018 illius,
2564 3967 2738 4020 neque
2752 3952 2803 4006 in
2830 3952 2985 4021 hujus
3013 3967 3242 4020 corpore
3269 3951 3471 4005 ferrum
3495 3938 3725 3997 transisse

2172 4044 2539 4111 cognovimus.
2574 4042 2748 4110 Atque
2796 4050 2855 4095 ut
2901 4042 3069 4108 magis
3112 4048 3296 4111 pateat
3325 4042 3398 4095 ibi
3433 4034 3725 4108 prophetam

2175 4133 2372 4189 ferrum
2403 4147 2502 4203 pro
2531 4132 2680 4187 verbi
2728 4132 2903 4200 gladio
2936 4132 2978 4163 ³⁸
3009 4132 3252 4201 posuisse
3273 4172 3287 4194 ,
3341 4130 3517 4187 statim
3563 4121 3725 4177 subse-

2174 4232 2374 4292 quente
2400 4223 2663 4278 versiculo
2693 4223 2767 4276 ait
2791 4241 2803 4275 :
2852 4221 3041 4277 Sermo
3068 4223 3277 4276 Domini
3319 4220 3503 4289 ignivit
3528 4215 3659 4269 illum
3688 4205 3725 4260 ¹.

2177 4316 2368 4371 Sermo
2397 4316 2541 4371 enim
2569 4315 2663 4369 Dei
2693 4322 2747 4369 et
2775 4315 2909 4384 ignis
2929 4356 2943 4381 ,
2984 4322 3039 4369 et
3059 4314 3262 4383 gladius
3283 4322 3369 4368 est
3390 4353 3405 4377 ,
3436 4308 3603 4364 Verbo
3626 4303 3726 4370 ipso

496 4401 755 4456 Dominus
793 4418 899 4456 non
936 4402 1215 4457 morientis
1244 4401 1552 4458 inﬁrmitate
1577 4403 1852 4473 trepidans
1875 4418 2072 4457 conso-
2102 4433 2153 4493 Ι)
2180 4406 2289 4460 Deo
2313 4414 2595 4473 utrumque
2625 4404 2836 4459 dicente
2864 4405 2931 4459 de
2959 4420 3018 4459 se
3043 4422 3055 4458 :
3106 4404 3285 4472 Ignem
3324 4404 3497 4467 enim,
3545 4391 3725 4462 inquit.

497 4491 638 4546 latus
666 4492 756 4557 sit,
786 4492 878 4547 sed
909 4494 1099 4563 ipsam,
1132 4510 1237 4564 qua
1267 4495 1450 4550 obibat
1478 4495 1690 4557 volens,
1724 4494 1777 4547 in
1807 4502 2075 4563 potestate

496 4579 702 4636 habens
749 4592 976 4637 mortem
997 4624 1011 4648 ,
1044 4584 1202 4653 plena
1232 4585 1428 4639 virtute
1458 4583 1712 4649 viventis,
1751 4591 1805 4637 et
1829 4592 2079 4638 constan-

498 4671 575 4725 tia
604 4676 956 4729 resurrecturi
1005 4675 1074 4730 de
1117 4691 1275 4731 cruce
1303 4676 1580 4739 admonet,
1618 4674 1800 4729 dicens
1827 4674 1895 4729 de
1922 4675 2079 4730 beato

500 4762 748 4829 apostolo
773 4762 1017 4819 Jobanne
1043 4782 1054 4817 :
1100 4765 1310 4833 Mulier,
1350 4782 1476 4820 ecce
1500 4766 1637 4821 ﬁlius
1666 4774 1814 4829 tuus;
1849 4767 2081 4836 itemque

500 4850 578 4906 illi
609 4852 803 4906 ibidem
832 4855 1146 4908 consistenti
1175 4872 1187 4906 :
1220 4854 1360 4909 Ecce
1389 4865 1561 4910 mater
1581 4863 1669 4909 tua
1700 4865 1746 4909 8.
1796 4853 1912 4908 Jam
1941 4856 2083 4909 scili-

500 4949 590 4996 cet
614 4941 680 4995 ab
708 4934 939 4998 humana
975 4942 1279 5011 fragilitate,
1310 4961 1412 5014 qua
1440 4953 1555 5000 erat
1580 4952 1736 4999 natus
1772 4959 1837 4999 ex
1864 4943 2079 5009 femina,

581 5048 829 5105 ‘Johan.
886 5070 976 5121 xx,
1032 5055 1118 5108 17.
1199 5056 1224 5094 ιι
1256 5055 1385 5112 Luc.
1438 5074 1492 5120 ιι,
1544 5056 1632 5121 54,
1684 5055 1772 5110 55.

506 5190 606 5258 17;
643 5192 777 5247 Heb.
826 5208 898 5261 Iv,
944 5194 1029 5247 12.

578 5285 655 5359 (a)
695 5285 820 5340 Mss.
852 5286 980 5359 duo,
1026 5288 1117 5359 qui
1151 5288 1290 5341 vides
1313 5289 1459 5359 quasi
1481 5287 1663 5342 Deum.
1696 5287 1753 5342 In
1784 5288 1938 5342 editis
1967 5286 2085 5357 qui-

506 5356 749 5422 busdam,
775 5358 1050 5410 secundum
1086 5356 1265 5412 Deum.
1326 5356 1334 5359 ⁷

528 5496 531 5497 ν
582 5425 656 5495 (b)
695 5426 772 5480 Ita
804 5442 930 5479 mss.
962 5426 1185 5497 codices
1201 5429 1456 5495 quinque,
1489 5429 1628 5482 inter
1654 5441 1791 5497 quos
1820 5426 2083 5497 Bigotiani

508 5496 613 5619 (ἐυο
641 5511 761 5550 cum
785 5496 938 5551 editis
966 5496 1134 5550 tribus
1161 5496 1558 5565 Augustinianis
1577 5541 1593 5568 ,
1623 5495 1838 5552 Ainerb.
1870 5495 1998 5550 Bad.
2032 5505 2087 5549 et

557 5581 715 5620 rasm.

583 5635 653 5706 (c)
681 5634 1058 5706 A‘Expunximus
1090 5636 1405 5706 particulam
1432 5637 1506 5706 in,
1539 5652 1658 5706 qua:
1686 5637 1872 5694 aberat
1894 5649 1925 5690 a
1952 5650 2079 5692 mss.

520 5704 793 5763 codicibus
816 5715 872 5762 ct
900 5707 967 5764 ab
993 5704 1150 5766 editis
1169 5704 1328 5764 Grav.
1359 5716 1414 5765 et
1441 5704 1640 5764 Benéd.

2179 4496 2298 4551 veni
2326 4496 2539 4552 mittere
2577 4496 2633 4550 in
2662 4504 2855 4549 terram
2876 4538 2892 4563 ,
2923 4504 2979 4550 et
3006 4495 3132 4564 quid
3162 4496 3285 4550 volo
3318 4496 3419 4549 nisi
3445 4499 3502 4546 ut
3522 4488 3625 4556 jam
3650 4494 3728 4534 ac-

2110 4640 2113 4641 .
2179 4587 2511 4643 cendaturm?
2536 4588 2668 4642 Item
2690 4588 2816 4641 alibi
2836 4587 2992 4641 dicit:
3026 4586 3140 4641 Non
3161 4587 3285 4641 veni
3308 4598 3493 4655 pacem
3514 4578 3725 4633 mittere.

2179 4676 2275 4732 sed
2311 4677 2543 4745 gladium
2567 4686 2617 4731 η.
2645 4676 2807 4733 Vides
2852 4692 2974 4731 eum
3011 4692 3172 4731 unam
3207 4677 3315 4730 vim
3348 4671 3597 4731 doctrina:
3633 4674 3730 4716 sua?

2182 4768 2394 4823 diverso
2434 4769 2569 4837 ignis
2596 4777 2651 4823 et
2681 4768 2843 4838 gladii
2868 4769 3085 4823 nomine
3120 4767 3443 4836 designasse.
3485 4761 3585 4815 Aut
3611 4764 3729 4822 (1υο-

2184 4858 2348 4914 modo
2380 4859 2558 4914 Maria:
2591 4860 2734 4914 illata
2762 4874 2857 4929 per
2885 4859 3118 4928 gladium
3158 4858 3339 4928 passio
3370 4856 3452 4914 vel
3481 4842 3730 4907 tribulatio

2182 4958 2450 5018 perstaret
2472 4952 2551 5006 aa?
2591 4950 2775 5020 Itaque
2799 4951 2901 5005 hoc
2927 4950 3064 5005 scire
3092 4950 3250 5020 cupio
3276 4949 3402 5019 quid
3439 4945 3503 5001 ad
3531 4937 3729 4995 Mariam

1855 5068 1875 5096 ο
1910 5057 2051 5129 Psal.

2153 5077 2186 5123 ν,
2216 5060 2301 5115 10-
2375 5061 2399 5097 ά
2431 5061 2561 5120 Luc.
2594 5079 2650 5128 ιι,
2683 5063 2771 5117 55.
2851 5074 2875 5101 ι’
2906 5062 3039 5116 Gen.
3082 5079 3282 5129 xxxvii,
3320 5063 3406 5127 28,
3456 5068 3510 5129 et
3533 5062 3726 5129 Διιικιιι.

502 5118 591 5194 Ψ·
647 5121 921 5194 onhan.
964 5118 1225 5194 mtas.
1304 5118 1551 5180 SJohan.
1596 5118 1706 5189 xix,
1761 5126 1846 5179 26.
1924 5127 2066 5181 nLu.

2153 5118 2202 5194 ιι,
2235 5130 2324 5184 ⁸55.

2408 5130 2421 5168 ί
2458 5131 2602 5186 Psal.
2626 5126 2719 5198 vn,
2750 5132 2834 5186 10.
2913 5132 2927 5181 ι
2964 5132 2986 5186 1
3014 5131 3139 5188 Cor.
3171 5149 3242 5198 tv,
3272 5126 3326 5188 5.
3402 5133 3425 5169 κ
3455 5126 3640 5198 Ephes.
3662 5130 3724 5178 vt,

1112 5192 1128 5232 1
1166 5193 1307 5251 Psal.
1360 5213 1463 5261 Civ,
1498 5196 1584 5250 18.
1661 5207 1698 5234 ιιι
1730 5195 1859 5251 Luc.
1886 5212 1978 5261 xu,
2011 5196 2098 5251 49.
2175 5192 2200 5235 ιλ
2230 5200 2415 5254 Matth.
2451 5218 2500 5265 x,
2540 5200 2629 5255 54.

2192 5289 2722 5413 no(lctg'llianuscripti
2770 5306 2885 5361 sex,
2933 5309 3103 5362 quam.
3153 5293 3256 5346 Alii
3303 5303 3442 5357 octo,
3468 5301 3580 5358 qua.
3616 5276 3726 5332 Vide

2263 5430 2332 5501 (ε)
2363 5430 2486 5501 Mss.
2510 5430 2721 5484 codices
2742 5431 2996 5498 quinque,
3024 5447 3089 5484 ea:
3109 5431 3368 5501 discipulis
3389 5416 3726 5482 adolescentior

2190 5499 2970 5572 suisiadolescentiorem_eligit.

2263 5569 2330 5642 (fl
2372 5568 2445 5642 l_ta
2485 5584 2613 5642 mss.
2645 5571 2751 5625 duo
2778 5568 2903 5637 Big."
2925 5570 3068 5642 Ante
3083 5578 3204 5642 erat
3231 5571 3517 5642 designans.

2262 5618 2338 5706 ὶὲί)
2372 5618 2467 5692 sic
2485 5618 2890 5706 sanata}:
2916 5618 3516 5698 exarmasse.
3544 5618 3718 5685 Bened-

2192 5723 2314 5764 cum
2341 5722 2441 5766 ms.
2472 5707 2497 5764 1
2528 5709 2669 5778 Big...
2700 5709 2964 5766 desolatio.
