3988 6176
266 371 361 425 δι’)

1681 350 2015 409 EPISTOLA
2053 352 2133 406 ιι.

3431 346 3535 400 4ῐὸ

267 488 583 557 pertineret,
612 486 669 532 ut
698 476 1041 532 revelarentur
1062 471 1335 526 multorum
1362 468 1593 525 cordium
1614 467 1855 540 cogitati-
1882 470 1935 531 Α
1962 465 2151 521 vestra:
2178 474 2389 535 gratum
2417 463 2532 519 fore
2551 462 2786 519 ofticium
2814 463 3111 517 litterarum
3130 477 3391 530 mearum,
3411 463 3537 531 quia

267 589 388 629 ones
409 580 434 608 ⁸
463 588 476 624 :
529 577 623 623 aut
657 566 747 621 ubi
776 564 1064 635 apparuit,
1095 562 1220 631 quia
1269 575 1337 616 ex
1364 575 1430 615 eo
1458 558 1602 628 quod
1630 560 1859 612 animam

264 666 379 734 ejus
419 661 534 716 sive
563 657 797 715 carnalis
826 656 880 709 in
921 654 1063 709 ferro
1089 694 1104 719 ,
1145 652 1259 706 sive
1288 651 1543 720 spiritalis
1570 648 1775 720 gladius
1807 649 1859 702 in

265 754 438 808 verbo
486 749 583 803 Dei
626 745 1001 818 pertransivit,
1048 742 1244 795 exinde
1280 740 1573 794 multorum
1616 737 1860 793 cordtunt

267 840 631 910 cogitationes
659 835 913 890 revelata:
932 832 1039 888 sint
1058 831 1126 884 ³⁸⁵.
1169 830 1392 899 Expone
1421 844 1550 898 ergo
1575 828 1715 882 hanc
1742 841 1830 879 ma
1847 856 1861 867 -

269 934 416 988 xime
446 931 514 984 de
546 928 724 983 verbis
752 924 1034 996 Symeonis
1078 922 1370 977 clausulam
1402 920 1528 974 mihi
1550 958 1565 984 ,
1610 918 1734 988 quia
1776 918 1861 971 luo

269 1038 394 1077 cere
425 1037 532 1074 non
562 1019 749 1073 dubito
769 1024 967 1071 sancta:
988 1014 1178 1067 animae
1207 1021 1329 1075 tuac,
1362 1026 1479 1081 qua:
1500 1010 1566 1065 de
1594 1008 1863 1064 interioris

271 1111 417 1167 oculi
447 1110 685 1180 puritate
717 1106 911 1161 meruit
940 1102 1383 1157 illuminationem
1409 1100 1641 1170 Spiritus
1667 1099 1862 1162 sancti,

269 1217 368 1272 per
394 1215 559 1271 quem
588 1197 819 1253 scrutari
841 1203 897 1250 et
928 1194 1193 1263 inspicere
1222 1193 1391 1263 possit
1416 1193 1579 1247 etiam
1608 1192 1718 1246 alta
1744 1190 1860 1245 Dei.

271 1290 415 1345 Deus
445 1290 769 1343 misereatur
789 1285 897 1340 mei
927 1299 1027 1354 per
1054 1283 1328 1337 orationes
1357 1290 1496 1347 tuas,
1520 1289 1575 1337 et
1601 1281 1865 1349 illuminet

274 1381 482 1434 vultum
514 1380 588 1448 (α)
620 1392 775 1432 suum
807 1389 969 1444 super
994 1389 1079 1428 me
1102 1388 1199 1442 per
1227 1372 1499 1427 lucernam
1529 1371 1677 1425 verbi
1708 1372 1784 1425 tui
1814 1369 1864 1437 δ,

272 1480 459 1527 sancte
483 1470 740 1533 Domine,
788 1467 1098 1522 beatissime
1128 1465 1296 1520 frater
1319 1465 1371 1519 in
1404 1464 1631 1519 Domino
1652 1462 1866 1519 Christo

272 1564 532 1619 unanime
557 1562 633 1627 ³⁸,
681 1560 939 1627 magister
982 1573 1134 1612 meus
1181 1558 1234 1611 in
1265 1558 1370 1611 fide
1393 1557 1663 1623 veritatis,
1694 1565 1750 1611 et
1777 1572 1866 1611 su-

273 1663 494 1726 sceptor
513 1668 669 1707 meus
698 1651 750 1705 in
776 1650 1069 1704 visceribus
1098 1649 1338 1703 caritatis
1370 1648 1470 1719 (b).

560 1740 924 1797 EPISTULA
964 1738 1189 1794 CXLIX
1231 1739 1363 1809 (AL.
1406 1738 1578 1810 LIX).

714 1826 995 1866 AL‘GUSTINI
1032 1826 1099 1863 AD
1137 1826 1425 1863 PAULINUI.

277 1885 596 1956 Augustinus
640 1881 914 1956 respondet
955 1878 1030 1956 ad
1064 1882 1369 1956 qua’sliones
1413 1877 1753 1956 egPsalmis,
1797 1897 1862 1935 ea:

345 1948 597 2023 Epostolo
625 1961 672 2004 et
692 1948 759 2023 ea;
783 1948 1373 2023 Epangelio'propositas
1396 1965 1427 2001 a
1451 1948 1678 2003 Paulino
1708 1968 1861 2021 supe-

348 2019 458 2077 rius
490 2025 547 2076 in
575 2020 804 2091 epistola?
817 2019 841 2071 I
855 2058 869 2072 .

350 2092 510 2163 (Vide
550 2087 690 2163 hanc
723 2087 1185 2163 epistolamjnter
1220 2087 1634 2163 augustinianas
1670 2096 1867 2145 nostra:

288 2156 610 2229 Pa'trologia:
639 2156 786 2215 tomo
815 2156 1046 2220 XXXIII,
1080 2158 1184 2212 col.
1218 2157 1368 2227 650.)

833 2249 1165 2304 EPISTOLA
1192 2252 1209 2269 ‘
1243 2248 1326 2303 Ll.

282 2327 437 2398 313
461 2323 814 2398 Eucherioet
858 2319 1026 2398 Galla:
1078 2322 1133 2398 in
1168 2321 1349 2398 insula
1390 2315 1520 2398 Dero
1569 2318 1868 2398 degentibus

345 2390 528 2449 scribit
557 2395 612 2446 in
643 2393 987 2445 testimonium
1018 2391 1179 2443 animi
1197 2400 1247 2443 et
1268 2390 1479 2453 amoris,
1503 2398 1551 2442 et
1579 2406 1667 2442 eos
1694 2391 1870 2443 multis

347 2462 592 2518 laudibus
628 2462 847 2515 extollit.
884 2459 959 2513 Ab
991 2476 1051 2514 eo
1092 2461 1321 2527 exposcit
1362 2459 1563 2513 litteras
1591 2460 1646 2512 in
1681 2469 1871 2515 mutuae

348 2535 594 2587 amicitiae
620 2533 844 2603 signum.

348 2624 564 2679 Sanctis
602 2631 659 2677 et
699 2621 892 2675 merito
933 2619 1303 2688 praedicandis,
1336 2628 1498 2688 atque
1526 2618 1868 2688 venerandis,

285 2702 335 2747 et
359 2691 735 2775 .dilectissimis
774 2689 895 2744 filiis
935 2686 1211 2743 EUCHERIO
1250 2697 1306 2743 et
1340 2686 1561 2755 Gaius,
1606 2686 1873 2743 PAULlNUS

289 2779 506 2833 episcop
516 2779 596 2816 us.
1680 2779 1700 2796 -

353 2854 403 2907 1.
446 2851 770 2907 Benedictus
788 2850 1048 2906 Dominus
1068 2848 1210 2903 Deus
1233 2856 1439 2917 noster,
1461 2849 1553 2918 qui
1572 2848 1664 2903 dat
1690 2847 1873 2902 votum

286 2946 517 3016 optanti,
551 2952 608 2998 et
634 2958 849 3012 semper
877 2949 1059 2996 nostra
1088 2948 1308 3009 superat
1336 2948 1480 3003 vota,
1514 2940 1761 3007 votisque
1790 2952 1874 2991 re-

286 3037 520 3109 spondet
545 3055 557 3089 :
588 3037 680 3103 qui
709 3034 1004 3103 insperanti
1032 3032 1163 3087 mihi
1195 3041 1302 3086 tam
1333 3039 1689 3101 opportunam
1713 3045 1875 3101 quam

287 3135 601 3195 exoptatam
631 3125 971 3180 occasionem
1002 3122 1243 3192 prtebere
1270 3122 1516 3188 dignatus
1539 3130 1641 3185 est,
1666 3136 1764 3189 per
1790 3135 1876 3175 re-

289 3221 509 3287 ligiosos
534 3219 780 3287 juvenes,
813 3215 951 3270 ﬁlios
971 3231 1144 3282 meos,
1172 3230 1461 3270 conservos
1482 3229 1610 3269 vero
1635 3229 1877 3270 commu-

287 3325 382 3364 nes
405 3310 459 3363 in
483 3307 731 3372 Domino,
746 3304 1037 3369 Gelasium,
1060 3314 1115 3360 et
1135 3304 1469 3373 Augendum,
1486 3312 1541 3359 et
1561 3304 1874 3372 Tigridium,

289 3417 422 3469 quos
449 3400 521 3454 dc
562 3407 751 3454 sancto
791 3406 951 3468 atque
979 3398 1281 3453 castissimo
1309 3398 1739 3465 congregationis
1766 3412 1876 3451 sua:

290 3506 541 3559 numero,
567 3491 651 3544 vir
677 3490 977 3555 laudabilis,
1006 3496 1060 3543 et
1084 3489 1372 3558 pramlarus
1396 3488 1447 3542 in
1477 3488 1688 3543 Christo
1717 3486 1882 3541 frater

294 3591 498 3647 noster,
527 3590 582 3636 et
609 3582 1014 3650 compresbyter
1043 3592 1195 3634 meus
1224 3578 1547 3642 Honoratus,
1570 3577 1635 3631 ad
1664 3577 1880 3630 humili-

293 3680 459 3725 tatem
488 3685 663 3725 meam
690 3676 881 3724 vestrae
908 3669 1212 3723 dilectionis
1251 3668 1498 3737 exemplo
1522 3666 1594 3738 (ε)
1630 3665 1881 3721 refoven-

294 3763 435 3829 dam,
467 3762 698 3816 Domino
728 3763 1039 3831 inspirante,
1082 3761 1295 3815 d.rexit.
1336 3760 1577 3816 Sollicite
1608 3761 1751 3815 enim
1782 3776 1881 3830 pro

298 3855 530 3908 caritate
569 3853 777 3908 meritis
803 3854 997 3907 vestris
1024 3852 1202 3906 debita
1245 3852 1535 3907 sciscitanti
1580 3862 1754 3905 actum
1801 3852 1884 3906 vel

296 3942 729 4007 incolumitatem
772 3950 1006 3997 vestram
1048 3942 1194 4011 (nam
1220 3941 1287 3995 de
1317 3948 1439 3995 actu
1468 3941 1558 4009 pio
1588 3950 1747 4009 atque
1775 3955 1885 3995 cm-

297 4036 418 4090 lesti
439 4034 634 4090 dubius
653 4050 771 4089 esse
789 4049 895 4088 non
911 4033 1198 4103 poteram),
1223 4033 1275 4086 id
1295 4032 1437 4100 quod
1458 4033 1691 4085 animam
1711 4047 1884 4085 meam

300 4126 550 4181 reficeret
576 4125 992 4195 responderunt,
1019 4125 1144 4193 quia
1172 4139 1286 4187 vos,
1316 4122 1425 4176 Deo
1454 4122 1706 4191 prepitio,
1739 4122 1888 4176 inco-

300 4217 477 4271 lumes
504 4216 862 4284 reliquissent,
897 4213 1189 4269 venerandi
1215 4213 1472 4282 propositi
1500 4227 1662 4280 opera
1691 4226 1886 4265 curan—

302 4319 405 4372 tes,
438 4323 501 4363 ac
538 4308 714 4362 studia
764 4314 1099 4370 exercentes,
1133 4306 1185 4360 in
1227 4304 1390 4360 corde
1429 4318 1554 4369 uno,
1585 4319 1693 4373 quo
1723 4312 1890 4358 terre.

304 4402 434 4455 stria
460 4401 771 4468 reliquistis,
802 4400 995 4455 caelum
1025 4406 1289 4468 petentes.

373 4492 429 4545 Ξ.
472 4491 817 4545 Memineram
861 4492 1002 4545 enim
1033 4491 1157 4559 quia
1189 4488 1281 4543 filii
1310 4489 1435 4554 mei,
1477 4502 1612 4558 quos
1639 4494 1763 4541 ante
1792 4501 1889 4539 an-

1962 564 2017 611 et
2036 572 2065 610 a
2086 572 2174 611 me
2194 556 2346 611 vobis
2366 555 2419 609 in
2440 569 2731 625 perennem
2748 554 2973 621 gratiam
2996 553 3230 608 debitum
3251 553 3538 617 est,-libens

1962 647 2241 716 amplexus
2269 661 2388 699 sum
2421 646 2559 699 hanc
2580 644 3033 714 opportunitatem
3056 641 3375 712 spiritalium
3406 641 3541 695 lilio-

1962 752 2100 801 rum,
2138 744 2195 789 ut
2224 736 2291 789 ad
2320 736 2655 790 henedictam
2685 736 2738 789 in
2776 733 2990 788 Christo
3020 733 3244 787 Domino
3273 731 3540 784 unanimi-

1962 833 2125 879 tatem
2146 834 2400 889 vestram,
2430 826 2667 894 epistolae
2687 840 2819 880 mea:
2839 824 3130 894 portitores
3155 830 3334 877 essent
3359 838 3372 874 :
3398 820 3541 888 quod

1962 925 2024 970 ut
2065 917 2157 971 filii
2194 917 2279 971 vel
2324 917 2553 972 ministri
2583 916 2921 979 obedientiaa,
2953 915 3094 969 sicut
3118 929 3150 967 a
3179 912 3313 979 Deo,
3346 911 3429 965 vel
3458 926 3545 965 se-

1960 1007 2194 1061 cundum
2222 1007 2390 1061 Deum
2429 1005 2573 1060 docti
2601 1013 2744 1071 sunt,
2772 1004 3168 1074 promptissime
3200 1008 3539 1071 receperunt.

1961 1096 2233 1167 Suscipite
2268 1110 2396 1163 ergo
2429 1097 2482 1149 in
2526 1095 2609 1149 his
2644 1096 2850 1164 exiguis
2890 1095 3226 1150 sermonibus
3262 1092 3545 1162 parvitatis

1962 1201 2115 1250 mem,
2138 1200 2247 1241 non
2268 1187 2473 1254 exiguae
2491 1186 2746 1248 caritatis,
2772 1186 2993 1254 insignia
3018 1203 3030 1237 :
3055 1193 3110 1239 et
3127 1183 3281 1253 quasi
3300 1183 3545 1252 quaedam

1962 1277 2191 1347 pignora
2220 1277 2410 1331 anima:
2439 1276 2601 1347 31!;
2627 1284 2836 1339 vestrae,
2869 1283 2925 1330 et
2953 1275 3257 1329 testimonia
3301 1272 3463 1329 animi
3491 1279 3547 1326 et

1965 1367 2165 1422 amoris
2195 1367 2248 1420 in
2277 1382 2373 1421 vos
2396 1367 2521 1431 mei,
2555 1367 2668 1421 haec
2696 1381 2817 1421 mea
2843 1366 3040 1435 scripta
3064 1366 3307 1419 retinete.

2034 1458 2087 1512 5.
2128 1458 2300 1528 Spero
2341 1466 2522 1512 autem
2565 1458 2633 1513 de
2659 1457 3025 1513 misericordia
3071 1455 3269 1510 Christi
3311 1455 3543 1522 Domini,

1962 1549 2107 1618 quod
2130 1550 2424 1604 incolumes
2436 1549 2549 1604 hzec
2570 1564 2688 1603 mea
2710 1550 2875 1604 verba
2894 1549 3143 1604 sumatis:
3163 1554 3218 1602 et
3236 1548 3281 1602 si
3296 1548 3548 1617 deinceps

1964 1647 2321 1710 opportunam
2348 1648 2403 1693 et
2428 1655 2523 1708 per
2549 1639 2849 1708 hujusmodi
2877 1639 3185 1694 tabellarios
3208 1639 3549 1693 occasionem

1964 1730 2266 1797 donaverit,
2294 1731 2590 1785 rescribere
2631 1730 2913 1799 impigrum
2948 1728 3208 1784 habeatis.
3241 1728 3392 1794 Quod
3430 1728 3549 1782 sine

1895 1826 1939 1885 Β
1967 1818 2131 1874 dubio
2156 1828 2212 1873 et
2231 1835 2327 1889 per
2360 1821 2493 1873 istos
2522 1820 2660 1874 lilios
2688 1835 2838 1875 meos
2861 1828 3041 1873 vestra
3066 1819 3281 1873 fecisset
3312 1818 3545 1883 affectio,

1967 1909 2011 1964 si
2036 1924 2224 1965 eorum
2252 1909 2320 1964 ad
2346 1925 2433 1965 me
2459 1910 2677 1965 directae
2700 1909 3046 1979 profectionis
3068 1911 3270 1964 conscii
3290 1909 3543 1963 fuissetis.

1966 2001 2100 2055 Nam
2129 2017 2250 2056 cum
2276 2002 2343 2057 ab
2371 2001 2449 2056 eis
2474 2002 2579 2056 hoc
2598 2016 2910 2070 qurererem,
2935 2001 3059 2070 quia
3084 2000 3290 2054 vicinos
3310 2014 3428 2054 esse
3450 2013 3548 2053 vos

1968 2107 2243 2158 noveram,
2296 2091 2663 2161 ignorantibus
2702 2091 2875 2155 vobis,
2912 2105 2971 2145 se
2999 2090 3067 2144 de
3095 2089 3421 2144 monasterio
3448 2103 3548 2143 suo

1969 2185 2253 2253 navigasse
2282 2186 2553 2239 dixerunt.
2585 2183 2965 2238 Verumtamen
3002 2184 3126 2251 quia
3160 2183 3298 2237 sicut
3334 2198 3549 2253 regnum

1972 2277 2067 2333 Dei
2094 2296 2199 2332 non
2226 2280 2281 2332 in
2308 2294 2541 2332 sermone
2566 2287 2662 2339 est,
2687 2277 2777 2330 sed
2798 2280 2851 2330 in
2878 2278 3061 2330 virtute
3086 2285 3139 2341 c;
3163 2275 3235 2329 ita
3254 2282 3310 2328 et
3331 2275 3547 2342 caritas,

1971 2369 2024 2424 in
2054 2369 2206 2438 cujus
2232 2368 2566 2439 perfectione
2595 2376 2650 2423 et
2678 2368 3008 2437 plenitudine
3038 2381 3256 2434 regnum
3284 2365 3380 2421 Dei
3418 2381 3552 2419 con-

1970 2462 2173 2516 tinetur
2200 2462 2283 2515 vel
2312 2462 2625 2529 acquiritur,
2650 2461 2701 2513 in
2732 2461 2977 2515 thesauro
3005 2460 3181 2515 cordis
3210 2468 3263 2513 et
3291 2458 3413 2513 fidei
3443 2459 3552 2513 vir-

1971 2559 2087 2605 tute
2116 2552 2391 2613 consistit;
2424 2567 2523 2621 pro
2553 2550 2724 2618 gratia
2756 2550 3023 2613 familiari,
3052 2557 3244 2604 vestra:
3286 2549 3553 2603 unanimi-

1973 2643 2099 2696 tatis
2118 2642 2316 2710 scripta
2344 2642 2612 2696 desidero.
2646 2641 2897 2696 Ceterum
2928 2642 2994 2696 de
3022 2642 3324 2695 animorum
3348 2647 3555 2695 vestro-

1973 2745 2090 2784 rum
2128 2731 2366 2799 piissima
2410 2730 2695 2786 affectione
2743 2731 3034 2795 conlidens,
3069 2732 3233 2786 etiam
3261 2731 3555 2785 tacentium

1975 2822 2245 2875 mentibus
2274 2837 2361 2876 me
2401 2823 2663 2877 inhmrere
2702 2838 2810 2876 non
2850 2823 3080 2891 ambigo.
3113 2821 3230 2877 Non
3269 2824 3413 2876 enim
3453 2823 3557 2876 hu-

1976 2928 2133 2965 mana
2163 2914 2416 2979 amicitia,
2447 2913 2543 2967 sed
2572 2914 2747 2967 divina
2769 2915 2935 2981 gratia
2964 2914 3189 2967 invicem
3220 2913 3328 2967 nob
3350 2930 3375 2968 s
3398 2914 3558 2968 inno-

1978 3002 2194 3068 tuimns,
2210 3010 2267 3057 et
2285 3003 2514 3057 connexi
2535 3018 2719 3057 sumus
2738 3019 2835 3072 per
2853 3004 3058 3057 viscera
3076 3004 3318 3058 caritatis
3338 3003 3554 3058 Christi.

1977 3098 2152 3161 Atque
2169 3093 2290 3147 ideo
2308 3102 2524 3147 necesse
2544 3102 2626 3147 est
2640 3100 2952 3162 perpetuam
2976 3092 3115 3146 inter
3136 3100 3351 3161 pectora
3374 3099 3559 3147 nostra

1903 3192 1946 3253 ο
1980 3198 2200 3237 manere
2228 3183 2594 3249 concordiam,
2626 3198 2763 3253 quae,
2790 3180 3003 3237 Christo
3032 3192 3240 3245 autore,
3272 3182 3561 3251 conjuncta

1980 3282 2081 3328 est.
2114 3273 2244 3340 Qum
2270 3275 2412 3329 enim
2442 3274 2523 3331 vis
2551 3282 2647 3328 aut
2683 3274 2883 3329 oblivio
2921 3273 3099 3328 valeat
3133 3286 3385 3343 separare
3418 3272 3561 3341 quod

1982 3366 2124 3420 Deus
2147 3366 2361 3436 junxit?

2050 3456 2104 3512 4.
2148 3457 2427 3511 Benedicat
2452 3473 2538 3511 vos
2568 3456 2824 3510 Dominus
2844 3472 2907 3510 ea:
2935 3455 3088 3522 Sion,
3111 3470 3173 3510 ea
3195 3454 3566 3511 benedictione

1980 3563 2085 3615 qua
2115 3548 2430 3601 benedicitur
2458 3548 2608 3601 homo
2640 3550 2725 3618 qui
2756 3550 2896 3600 timet
2936 3546 3213 3600 Dominum
3241 3543 3290 3613 δ,
3323 3546 3566 3615 perpetui

1982 3639 2237 3706 conjuges
2265 3647 2322 3693 et
2348 3648 2622 3707 parentes,
2654 3653 2777 3692 cum
2814 3637 3096 3691 benedicta
3135 3636 3413 3690 vobiscum
3453 3635 3566 3690 Deo

1980 3732 2236 3801 progenie
2262 3732 2605 3785 nobilissima:
2627 3731 2926 3784 sanctitatis
2948 3738 3158 3783 vestrae.
3194 3729 3424 3783 Videatis
3453 3746 3568 3801 qua

1984 3824 2119 3878 bona
2144 3834 2262 3877 sunt
2286 3822 2614 3875 Hierusalem
2629 3830 2675 3883 ο,
2701 3829 2755 3875 et
2777 3822 2980 3890 pariter
3000 3818 3234 3873 habitare
3254 3821 3567 3876 mereamini

1984 3916 2040 3967 in
2062 3913 2213 3966 domo
2239 3912 2445 3966 Domini
2475 3915 2529 3965 in
2555 3911 2928 3981 longitudinem
2954 3912 3151 3964 dierum
3177 3909 3222 3977 ί,
3256 3910 3348 3964 ﬁlii
3376 3911 3568 3975 sancti,

1987 4005 2182 4059 merito
2226 4003 2594 4067 venerabiles,
2637 4002 2824 4056 intima
2866 4001 2995 4055 mihi
3037 4001 3263 4055 caritate
3300 4000 3478 4054 dilecti
3516 4008 3570 4056 et

1987 4110 2202 4165 semper
2224 4093 2585 4149 desiderandi.

2200 4180 2435 4239 PASSIO
2469 4184 2525 4239 S.
2568 4182 2830 4238 GENESII
2869 4179 3358 4236 ARELATENSIS.

2063 4276 2114 4328 1.
2158 4273 2437 4345 Proprium
2486 4284 2647 4343 atque
2693 4275 2995 4340 indigenam
3048 4270 3377 4324 Arelatensis
3425 4269 3573 4324 urbis

1982 4359 2355 4421 beatissimum
2375 4363 2661 4419 Genesium
2688 4363 2781 4435 (V.
2796 4372 2909 4417 not.
2927 4361 3051 4432 215)
3076 4370 3387 4432 martyrem,
3413 4360 3574 4413 alum-

1996 4473 2121 4512 num
2159 4456 2395 4526 ejusdem
2433 4456 2555 4525 jure
2593 4455 2862 4518 nascendi,
2906 4462 3190 4523 patronum
3228 4453 3422 4505 virtute
3460 4466 3575 4505 mo-

305 4544 436 4637 nuiu
480 4544 547 4636 ad
591 4544 945 4636 humilitatem
999 4544 1172 4635 meam
1210 4580 1316 4634 mei
1361 4544 1532 4648 gratia
1572 4576 1889 4632 visitandam
1925 4560 1969 4619 Ι)
1994 4551 2183 4648 ﬂendi:
2233 4550 2506 4648 θῗιξῖίξῗπθ
2548 4548 2673 4648 im}.
2705 4562 2733 4599 ³
2775 4545 3244 4648 Ρ¹’ί¹¹⁶ίί)ί⁰ν³ξίι¹¹θ
3289 4544 3573 4648 “tenere,

306 4674 601 4734 miseratis,
634 4673 811 4727 locum
836 4671 1181 4727 habitationis
1207 4678 1418 4733 vestrae,
1451 4669 1609 4724 simul
1634 4676 1689 4723 et
1709 4668 1893 4722 domni

306 4763 631 4817 venerabilis
654 4760 914 4816 Honorati
936 4761 1091 4816 nobis
1116 4761 1496 4815 innotuerunt:
1521 4758 1764 4813 dicentes
1792 4757 1901 4812 sci-

308 4854 437 4908 licet
464 4852 594 4921 quia
624 4851 678 4904 in
722 4851 1000 4921 proximis,
1032 4849 1183 4905 brevi
1230 4848 1509 4917 interjecta
1536 4846 1700 4900 maris
1739 4860 1893 4916 rupe,

307 4944 474 4997 etiam
505 4941 914 5010 cognominibus
940 4939 1077 4995 Lero
1101 4948 1155 4994 et
1176 4937 1371 4993 Lerino
1394 4936 1581 4992 insulis
1608 4936 1893 5005 degeretis.

313 5034 488 5100 Unde,
518 5048 640 5089 cum
668 5048 727 5088 se
756 5033 843 5087 isti
872 5030 963 5085 filii
993 5031 1159 5086 nostri
1189 5046 1253 5085 ex
1284 5044 1347 5083 ea
1379 5044 1498 5097 qua:
1526 5027 1774 5082 Lerinum
1805 5027 1887 5082 di-

309 5129 469 5193 citur,
501 5126 713 5181 venisse
740 5124 1019 5188 dixissent,
1051 5120 1337 5190 recognovi
1370 5127 1426 5174 et
1456 5119 1609 5174 facile
1637 5116 1889 5172 recorda-

313 5230 400 5272 tus
422 5234 541 5273 sum
569 5216 855 5287 prepinqni
880 5214 1111 5269 nominis
1139 5212 1386 5275 insulam,
1420 5210 1473 5264 in
1499 5223 1605 5278 qua
1633 5207 1890 5262 sanctita-

315 5318 423 5362 tem
449 5317 686 5363 vestram
716 5307 782 5360 ab
813 5305 964 5361 istius
993 5302 1172 5357 mundi
1212 5301 1439 5369 strepitu
1474 5299 1752 5368 profugam
1781 5311 1892 5350 ma-

314 5411 445 5451 nere
490 5396 605 5465 jam
659 5409 929 5448 noveram.
987 5390 1346 5458 Quamobrem
1398 5388 1575 5442 sciens
1622 5386 1894 5440 dilectiOni

1996 4643 2231 4696 omnium
2264 4640 2496 4694 fidelium
2536 4638 2731 4699 studia,
2768 4650 2953 4690 omnes
2984 4634 3357 4702 religiosorum
3387 4634 3576 4688 littera:

1994 4733 2313 4795 debuerunt,
2349 4738 2405 4783 ut
2433 4728 2566 4783 tanti
2595 4726 2771 4782 meriti
2802 4725 3033 4793 gloriosa
3063 4724 3407 4787 documenta,
3440 4739 3575 4777 con-

1996 4822 2205 4891 signata
2250 4820 2570 4889 scriptorum
2619 4816 2742 4882 lidc,
2789 4824 2845 4868 et
2884 4814 3159 4868 vivacibus
3203 4812 3578 4866 commendata

1998 4914 2380 4979 monumentis,
2412 4911 2611 4965 illibata
2645 4917 2805 4977 atque
2838 4908 3044 4975 integra
3071 4906 3139 4959 ad
3176 4913 3424 4974 posteros
3453 4918 3577 4974 per-

1998 5006 2272 5070 venirent;
2303 5019 2419 5073 qna:
2448 5000 2729 5055 admiratio
2756 5014 2970 5068 semper
2991 4997 3190 5052 faceret
3216 5012 3374 5060 nova,
3400 5003 3454 5050 et
3480 5011 3577 5050 ve-

2001 5097 2207 5153 neratio
2236 5096 2488 5166 probaret
2515 5092 2752 5161 antiqua.
2796 5090 2900 5145 Sed
2942 5089 3193 5159 quoniam
3232 5085 3579 5142 succedentes

2000 5193 2101 5249 sibi
2140 5205 2238 5261 per
2277 5190 2537 5243 incertum
2572 5187 2696 5242 vita:
2734 5194 2944 5254 tempus
2971 5189 3187 5248 anates,
3219 5178 3427 5233 tradere
3464 5176 3579 5231 haec

2002 5286 2230 5341 invicem
2278 5281 2547 5337 memoriae
2594 5288 2821 5344 mutum,
2866 5292 3025 5347 quam
3064 5272 3319 5328 mandare
3366 5268 3575 5332 litteris,

2005 5379 2341 5432 maluerunt:
2365 5373 2450 5428 vel
2475 5388 2614 5426 nunc
2637 5376 2852 5439 oportet
2879 5366 3069 5423 eadem
3098 5362 3338 5419 fidelibus
3367 5357 3577 5426 scriptis

394 5518 418 5545 ³
444 5493 577 5563 Luc.
603 5524 662 5573 ιι,
692 5505 781 5560 55.
813 5504 840 5543 ὶ)
872 5504 1010 5558 Psal.
1053 5518 1195 5568 vat,
1226 5500 1278 5552 2.
1360 5508 1381 5537 ε
1410 5498 1430 5551 ι
1459 5498 1582 5552 Cor.
1617 5512 1685 5561 ιν,
1717 5493 1805 5548 20.

1979 5490 2082 5546 sal.
2109 5503 2306 5551 cxxvn,
2334 5485 2367 5539 5
2390 5492 2446 5537 et
2470 5482 2522 5536 4.
2602 5493 2624 5518 ο
2652 5482 2811 5545 lbid.,
2841 5480 2895 5536 5.
2977 5478 2994 5516 ί
3030 5475 3168 5531 Psal.
3202 5486 3332 5535 xxn,
3362 5469 3411 5522 7.

395 5628 414 5646 '
438 5624 663 5679 Accedit
706 5623 831 5678 huic
872 5619 1114 5675 editioni.
1158 5616 1365 5685 Scripta
1404 5613 1471 5685 ab
1500 5626 1671 5685 anno‘
1693 5607 1795 5685 {Q9
1832 5607 1899 5661 ad
1938 5599 2284 5685 annum

418 5698 467 5764 α)
506 5693 583 5747 Ita
612 5693 741 5764 edit.
791 5690 987 5747 Bened.
1035 5704 1156 5743 cum
1180 5679 1308 5740 mss.
1341 5683 1614 5740 codicibus
1641 5679 1676 5732 2
1698 5679 1812 5747 Big.
1843 5686 1899 5732 et

322 5766 345 5817 1
380 5763 559 5819 Germ.
590 5763 686 5817 Ed.
720 5763 908 5828 Rosv.,
934 5771 1093 5812 tuum.

398 5835 468 5906 (θ)
508 5832 855 5903 Manuscripti
896 5832 1075 5901 plures
1097 5869 1110 5894 ,
1160 5827 1298 5881 inter
1324 5837 1459 5891 quos
1487 5821 1594 5875 duo
1622 5819 1761 5888 Big.,
1796 5816 1897 5871 ad-

2002 5674 2135 5728 dunt
2162 5670 2373 5725 Christi.

2075 5742 2146 5813 (ι’)
2178 5740 2274 5795 Ms.
2310 5738 2487 5805 Vien.,
2518 5730 2895 5804 requirendam.
