3988 6176
446 315 545 369 ι19

1362 303 1429 357 IN
1467 302 1524 359 S.
1562 302 1832 358 PAULINI
1871 301 2113 357 NOLANI
2149 301 2446 357 EPISCOPI
2489 301 2855 357 EPISTOLAS

3591 313 3685 369 420

448 423 499 476 in
532 428 773 489 tempora
807 419 966 491 315
986 425 1237 473 secutura
1264 416 1655 478 transmittere;
1694 430 1761 469 ne
1792 429 1875 478 ea,
1907 429 2025 482 qu:e
2057 431 2098 486 Α
2126 413 2298 468 latere
2326 426 2381 468 et
2409 429 2545 483 aqua
2574 424 2629 469 et
2656 415 2871 483 sanguis
2895 425 2938 479 ε,
2970 416 3270 485 parabatur.

444 511 618 565 adhuc
646 510 764 563 viva
795 509 1170 564 recordatione
1196 522 1395 567 rerum,
1432 514 1490 559 ut
1529 514 1654 560 sunt
1684 514 1853 573 gesta,
1885 504 2024 559 refe-

446 611 656 665 runtur,
689 608 1044 655 evanescente
1072 614 1169 668 per
1196 607 1408 667 tempus
1446 597 1531 651 vel
1565 597 1913 663 tradentium,
1942 598 2026 651 vel

448 694 824 764 accipientium
856 691 982 759 ﬁde,
1015 690 1255 744 fabulosa
1283 689 1587 744 credantur.

518 783 572 837 ‘2.
607 783 833 837 Sanctus
860 782 1039 849 itaque
1064 778 1325 833 Genesius
1353 779 1407 831 in
1429 778 1725 847 juventutis
1760 776 1890 832 ﬂore
1920 778 2030 846 pri-

449 891 638 939 mmvo,
672 873 1010 943 provincialis
1038 872 1240 925 militia:
1268 870 1576 924 tirocinium
1618 871 1876 937 suscepit,
1908 884 2025 923 eam

450 968 611 1022 olIicii
635 972 841 1035 partem
861 964 1037 1018 studio
1059 971 1112 1017 et
1139 971 1256 1017 arte
1277 962 1608 1031 complexus,
1632 975 1750 1029 qua:
1774 969 2031 1029 patrono-

450 1074 567 1110 rum
593 1057 752 1111 verba
773 1056 858 1109 vel
879 1069 1017 1108 nova
1039 1053 1313 1121 signorum
1333 1051 1641 1115 velocitate,
1670 1050 1752 1103 vel
1772 1049 2026 1112 dexterae,

448 1161 642 1199 sonum
672 1161 751 1197 vo
776 1146 819 1197 is
846 1151 1085 1213 mquaret
1110 1160 1122 1194 :
1154 1141 1445 1210 spiritalem
1478 1140 1666 1193 futura:
1691 1139 1873 1206 gloriae
1897 1140 2031 1192 ima-

449 1236 627 1302 ginem
656 1233 1023 1302 pra-ﬁgurans,
1053 1246 1112 1285 ut
1139 1231 1228 1300 qui
1272 1237 1539 1299 prtecepta
1566 1229 1746 1282 divina
1789 1229 2034 1282 celeriter

451 1324 677 1385 audiret,
704 1338 765 1376 ea
795 1321 1037 1377 ﬁdelibus
1058 1322 1199 1375 notis
1219 1321 1317 1389 pia:
1339 1320 1532 1374 mentis
1552 1320 1844 1388 exciperet.
1878 1319 2033 1373 Acci-

454 1417 533 1470 dit
561 1424 758 1481 autem,
793 1425 867 1479 ut,
900 1431 1024 1469 cum
1053 1422 1178 1469 ante
1209 1414 1439 1468 tribunal
1459 1412 1762 1481 exceptoris
1791 1411 2037 1479 fungere-

452 1518 539 1563 tur
592 1509 789 1576 ol‘licio,
831 1508 1029 1577 injusto
1071 1516 1230 1576 atque
1268 1507 1528 1575 sacrilego
1563 1504 1819 1559 mandato
1856 1520 2037 1574 perse-

449 1601 681 1655 cutionis
705 1600 852 1667 jussa
882 1599 1186 1660 ederentur,
1210 1611 1328 1665 quae
1356 1596 1581 1649 devotus
1601 1594 1714 1649 Deo
1736 1594 2040 1664 repudiaret

450 1690 682 1752 auditus,
714 1697 769 1743 et
797 1689 1103 1756 imprimere
1132 1687 1268 1740 ceris
1296 1701 1484 1739 manus
1524 1694 1709 1739 sancta
1742 1692 2034 1753 respueret.

2198 503 2250 555 4.
2292 506 2454 575 316
2476 504 2581 558 Sed
2598 504 2711 573 jam
2740 504 3014 567 Dominus,
3046 506 3136 574 qui
3170 522 3264 575 per
3290 506 3547 577 Spiritum
3574 525 3693 566 san-

2125 600 2271 646 ctum
2296 591 2456 646 futuri
2476 593 2724 663 martyris
2749 593 2997 647 servabat
3022 609 3235 662 arcana,
3257 597 3552 652 subeunda:
3572 614 3695 654 con-

2127 683 2380 737 stantiam
2418 682 2683 751 passionis
2718 683 2803 735 vel
2850 682 3069 748 fecerat,
3112 684 3196 737 vel
3241 686 3503 739 videbat:
3534 674 3698 756 neque

2126 774 2435 845 patiebatur
2480 772 2679 827 diﬂ'erri
2726 789 3000 839 coronam,
3044 790 3168 829 cum
3215 776 3425 831 videret
3466 789 3698 846 paratam

2128 879 2249 920 esse
2271 866 2567 920 victoriam.
2590 865 2774 933 Itaque
2798 868 3201 934 percussoribus
3219 868 3333 923 suis
3353 883 3475 922 eum
3495 870 3697 937 obtulit,

2129 963 2187 1009 et
2216 955 2298 1019 iis,
2329 970 2559 1022 quorum
2585 954 2638 1007 in
2668 955 2913 1008 eumdem
2951 956 3105 1009 avida
3134 957 3426 1013 crudelitas
3453 960 3699 1026 inhiabat,

2130 1044 2387 1098 ostendit.
2419 1044 2593 1112 Atque
2621 1044 2667 1099 is
2696 1045 2784 1098 ubi
2814 1060 2872 1098 se
2900 1046 3157 1114 perspicit
3183 1047 3595 1116 deprehensum,
3626 1052 3702 1104 in-

2131 1134 2329 1187 stinctu
2375 1132 2589 1186 Domini
2638 1133 2954 1187 Rhodanum
3002 1137 3185 1203 petiit,
3228 1147 3284 1191 et
3328 1149 3514 1193 sancta
3552 1138 3703 1196 ﬂuvio

2133 1222 2372 1276 membra
2402 1223 2706 1288 committit,
2747 1233 2805 1276 ut
2845 1240 2966 1279 eum
3016 1227 3123 1281 iUic
3152 1242 3183 1280 a
3213 1230 3538 1296 contagione
3566 1247 3704 1286 mor-

2134 1313 2248 1376 tali,
2282 1313 2429 1367 velut
2471 1314 2690 1368 alterius
2723 1313 2971 1371 Jordauis
2999 1316 3176 1383 undis,
3210 1321 3453 1375 occultus
3480 1320 3704 1393 Baptista

2134 1412 2419 1473 purgaret;
2468 1412 2525 1458 et
2562 1414 2749 1461 mutuo
2794 1407 3107 1476 alternoque
3152 1412 3414 1479 mysterio
3462 1420 3518 1467 et
3562 1416 3704 1483 aquis

2136 1510 2354 1563 corpus,
2400 1502 2456 1549 et
2492 1510 2657 1563 aquas
2700 1512 2926 1566 corpore
2968 1502 3326 1555 consecravit.
3377 1504 3551 1574 Atque
3598 1506 3702 1562 haec

2137 1602 2298 1640 causa
2329 1587 2569 1656 profecto
2599 1590 2821 1653 exstitit,
2846 1598 2904 1643 ut
2933 1592 3148 1646 natandi
3177 1593 3506 1651 adminiculo
3533 1613 3704 1667 perve-

2141 1677 2307 1743 niret;
2336 1678 2427 1746 qui
2457 1680 2703 1748 exemplo
2726 1681 3018 1735 beatissimi
3047 1681 3191 1737 Petri
3216 1685 3287 1738 ad
3305 1684 3573 1743 Christum
3603 1698 3705 1745 ten-

452 1782 689 1849 Abjectis
718 1794 845 1848 ergo
872 1780 1065 1833 tabulis
1090 1787 1214 1830 ante
1241 1776 1404 1845 pedes
1437 1776 1651 1842 judicis,
1682 1776 2036 1829 ministerium
2070 1795 2110 1852 Β
2139 1770 2291 1836 dens,
2320 1786 2415 1840 per
2439 1788 2645 1826 summa
2672 1774 2937 1841 gurgitum
2967 1775 3241 1831 ambulare
3266 1779 3499 1846 potuitd.
3523 1780 3706 1836 Trans-

451 1872 765 1936 sacrilegum
796 1877 1005 1923 sacrata
1030 1867 1141 1935 jam
1190 1866 1417 1920 Domino
1464 1881 1615 1920 meus
1640 1866 1853 1934 retugit.
1887 1864 2039 1929 Et,ut

451 1962 504 2014 in
532 1961 679 2014 nullo
702 1976 730 2012 a
756 1959 1036 2028 praeceptis
1063 1956 1384 2024 evangelicis
1406 1963 1554 2011 actus
1581 1958 1831 2026 martyris
1854 1955 2036 2009 devia-

450 2062 595 2119 rent,
618 2052 810 2120 quibus
832 2050 1100 2104 declinare
1125 2049 1514 2119 persecutionis
1538 2048 1792 2117 impetum
1813 2048 1897 2102 vel
1915 2064 2037 2117 per-

455 2143 734 2205 mittimur,
760 2141 847 2194 vel
872 2140 1142 2208 jubemur,
1166 2141 1269 2192 alia
1298 2147 1458 2209 atque
1487 2139 1590 2192 alia
1618 2154 1726 2191 non
1754 2138 1927 2191 solum
1958 2138 2036 2191 la-

450 2235 619 2295 tebra,
663 2246 851 2285 verum
900 2231 1064 2284 etiam
1110 2230 1330 2284 civitate
1382 2237 1585 2283 mutata
1618 2237 1645 2266 ⁸
1677 2231 1819 2298 (cum
1848 2237 1901 2282 et
1929 2228 2035 2282 alio

449 2323 569 2376 loco
598 2322 857 2389 scriptum
886 2321 972 2385 sit,
1008 2321 1236 2388 Spiritus
1263 2320 1467 2389 quidem
1495 2328 1757 2388 promptus
1787 2327 1881 2381 est,
1913 2335 2035 2372 caro

450 2421 621 2463 autem
648 2412 861 2480 inﬁrma
881 2410 931 2479 δ)
963 2410 1030 2463 ab
1069 2410 1147 2463 ira
1187 2424 1246 2464 se
1284 2409 1506 2463 furentis
1537 2408 1733 2477 judicis
1764 2410 2037 2479 paulisper

449 2502 703 2555 occuluit.
749 2501 849 2567 Qui
896 2516 1016 2554 cum
1060 2515 1181 2553 eum
1228 2500 1426 2568 corripi
1468 2500 1713 2568 protinus
1750 2499 2037 2569 oﬂ'errique

449 2591 710 2660 iussisset,
744 2605 920 2659 neque
952 2590 1290 2657 investigatio
1320 2590 1386 2642 ad
1412 2598 1752 2658 procuratam
1776 2590 2035 2645 latebram

450 2680 778 2750 perveniret,
804 2679 1184 2734 crudelissimis
1214 2694 1385 2748 pmna:
1426 2680 1705 2747 ministris,
1743 2689 1801 2734 ut
1828 2681 1917 2734 ubi
1946 2696 2035 2734 re-

448 2779 633 2840 pertus
678 2769 884 2837 fuisset,
917 2769 1094 2837 gladio
1136 2784 1258 2823 eum
1309 2770 1692 2834 interﬁcerent,
1728 2770 2031 2839 imperavit.

448 2860 604 2928 Quod
636 2861 722 2915 ubi
763 2860 922 2914 beato
957 2857 1187 2913 Genesio
1222 2860 1306 2913 vel
1335 2860 1560 2914 occultis
1589 2861 1787 2916 nuntiis
1820 2860 1905 2914 vel
1942 2877 2033 2914 ru-

450 2968 600 3008 more
628 2961 965 3022 compertum
995 2959 1098 3016 est,
1132 2951 1340 3007 diversa
1371 2953 1570 3006 latendi
1609 2953 1745 3017 loca,
1778 2961 1837 3006 ut
1861 2954 2036 3007 exitus

447 3043 628 3111 docet,
666 3060 773 3097 non
815 3042 1123 3097 inﬁrmitate
1160 3043 1398 3112 spiritus,
1448 3043 1543 3098 sed
1584 3044 1761 3098 carnis
1801 3042 2034 3112 trepida-

447 3138 617 3203 tione,
648 3136 889 3188 mutavit.

516 3225 571 3278 ‘5.
613 3225 787 3292 Atque
818 3224 1049 3288 interim,
1082 3222 1207 3277 licet
1253 3221 1544 3291 superﬂuo,
1582 3223 1648 3277 de
1692 3232 2027 3293 prmsumptte

448 3310 569 3366 ﬁdei
600 3310 1007 3365 conﬁrmatione
1036 3311 1312 3374 sollicitus,
1345 3312 1599 3378 quoniam
1638 3312 1873 3366 nondum
1912 3322 2028 3367 erat

446 3419 512 3458 ex
541 3419 677 3472 aqua
699 3410 753 3457 et
781 3402 983 3472 Spiritu
1006 3412 1193 3456 sancto
1216 3410 1454 3468 renatus,
1482 3417 1578 3471 per
1598 3402 1730 3457 ﬁdos
1751 3404 2028 3459 internun—

445 3495 551 3548 tios
579 3509 609 3547 a
633 3493 924 3548 Catholica:
946 3494 1218 3560 religionis
1246 3494 1485 3547 antistite
1509 3493 1707 3548 donum
1736 3495 2027 3564 baptisma-

446 3586 513 3640 tis
551 3586 863 3656 postulavit.
896 3586 1000 3640 Sed
1033 3586 1121 3641 ille
1151 3586 1235 3640 vel
1266 3586 1522 3656 temporis
1558 3588 1817 3654 angustiis
1857 3589 2028 3658 impe-

445 3675 603 3741 ditus,
632 3677 713 3731 vel
738 3676 958 3745 juvenili
986 3678 1131 3731 aetati
1157 3675 1420 3740 diﬂidens,
1445 3675 1688 3731 ardentia
1718 3684 1839 3731 vota
1860 3678 2030 3733 distu-

445 3769 525 3836 lit,
556 3783 619 3822 ae
650 3763 877 3823 ﬁdeliter
907 3768 1160 3822 indicavit
1184 3766 1329 3836 quod
1367 3766 1579 3836 plenam
1610 3769 2029 3823 consummatio-

447 3876 569 3915 nem
600 3861 761 3914 etiam
788 3860 944 3927 hujus
972 3860 1211 3913 muneris
1251 3860 1403 3914 daret
1445 3868 1655 3928 promta
1686 3876 1783 3929 pro
1816 3861 2029 3916 Christo

446 3952 654 4006 cruoris
682 3950 892 4005 eﬂusio.
924 3948 989 4002 Et
1019 3949 1129 4004 haec
1164 3950 1378 4017 quidem
1418 3951 1687 4004 cunctatio
1712 3953 2027 4016 sacerdotis,

445 4042 647 4104 divino,
678 4050 737 4095 ut
764 4042 990 4103 aestimo,
1022 4046 1233 4108 promta
1263 4048 1395 4092 nutu
1422 4049 1585 4106 atque
1605 4040 1805 4107 judicio
1834 4057 2031 4109 provo—

446 4140 565 4187 cata
595 4130 962 4199 diSpositaque
991 4136 1075 4181 est
1105 4145 1117 4182 :
1152 4135 1211 4180 ut
1243 4128 1382 4181 circa
1425 4128 1540 4196 ejus
1568 4129 1857 4184 solemnem
1896 4148 2028 4187 con-

446 4223 804 4276 secrationem
852 4218 1029 4273 ofﬁcia
1084 4220 1315 4271 humana
1368 4228 1674 4287 cessarent,
1732 4223 1817 4275 cui
1874 4224 2030 4278 unius

445 4311 782 4381 baptismatis
806 4310 998 4379 duplex
1028 4308 1218 4377 gratia,
1244 4322 1311 4361 ex
1342 4316 1572 4376 utroque
1598 4310 1804 4366 scilicet
1831 4311 2028 4368 Christi

2141 1876 2384 1931 gressum
2417 1864 2672 1919 continuo
2709 1865 2760 1918 in
2792 1865 3047 1920 ulteriora
3076 1866 3340 1935 ﬂuminis,
3372 1880 3427 1925 et
3465 1872 3705 1929 subeundi

2139 1956 2343 2023 praemii
2383 1955 2646 2025 passionis
2691 1955 2908 2009 Christo
2953 1972 3217 2026 sponsore
3260 1976 3530 2027 securum,
3562 1963 3612 2016 in
3648 1978 3707 2018 eo

2138 2045 2287 2109 loco,
2316 2060 2476 2113 quem
2503 2044 2750 2100 eﬂ‘usioni
2779 2048 3050 2115 sanguinis
3079 2048 3301 2115 gloriosi
3334 2050 3587 2106 Dominus
3611 2052 3704 2107 ele-

2138 2144 2309 2205 gerat,
2345 2138 2544 2206 quique
2579 2154 2723 2194 nunc
2760 2139 3003 2194 oratione
3038 2140 3249 2195 assidua
3291 2150 3348 2196 et
3384 2144 3522 2198 votis
3563 2160 3705 2198 num-

2138 2242 2298 2296 quam
2322 2229 2487 2284 irritis
2516 2229 2902 2298 frequentatur,
2928 2233 3214 2301 percussor
3237 2236 3561 2304 assequitur,
3590 2251 3708 2291 ελο-

2137 2326 2395 2389 ptatoque
2426 2322 2585 2391 gladii
2624 2323 2733 2377 ictu
2780 2324 3120 2378 festinantem
3166 2325 3234 2379 ad
3278 2326 3450 2381 Deum
3492 2327 3703 2380 animant

2139 2409 2367 2464 vinculis
2412 2411 2692 2480 corporis,
2742 2412 2935 2481 quibus
2985 2414 3291 2479 tenebatur,
3344 2415 3569 2469 absolvit
3609 2433 3620 2467 :
3658 2422 3706 2468 et

2138 2509 2363 2569 utraque
2388 2502 2686 2556 substantia
2731 2503 2960 2572 propriae
2997 2504 3232 2572 originis,
3268 2506 3537 2560 elementa
3562 2520 3705 2575 repe-

2137 2602 2305 2661 tente,
2328 2602 2539 2648 terrena
2574 2595 2787 2649 interim
2819 2597 2976 2651 terris
3005 2598 3242 2651 membra
3274 2598 3632 2662 commendat,
3658 2604 3704 2653 et

2135 2688 2410 2742 caelestem
2449 2688 2692 2757 spiritum
2725 2690 2921 2743 emittit
2950 2690 3015 2744 ad
3046 2692 3259 2745 cmlum.

2205 2775 2260 2830 5.
2302 2775 2657 2832 Providerunt
2699 2788 2875 2833 tamen
2923 2780 3107 2836 ﬁdeles
3151 2785 3417 2852 temporis
3457 2786 3593 2840 illius
3619 2786 3703 2840 Dei

2134 2869 2296 2930 servi,
2322 2878 2379 2922 ut
2409 2879 2692 2939 utramque
2722 2870 2951 2925 ﬂuminis
2974 2874 3164 2942 ripam,
3188 2878 3476 2943 geminatis
3504 2878 3703 2932 urbibus

2135 2959 2495 3023 ambiendam,
2526 2961 2683 3014 unius
2712 2963 2961 3030 martyris
3000 2965 3166 3018 tutela
3212 2969 3472 3021 muniret.
3509 2968 3631 3022 Nam
3658 2967 3703 3021 in

2135 3047 2253 3117 ipso
2280 3049 2453 3103 beatae
2491 3052 2755 3120 passionis
2784 3053 2904 3107 loco
2932 3056 3231 3109 consecrati
3259 3058 3475 3113 cruoris
3500 3058 3702 3125 vestigia

2057 3154 2101 3213 ρ
2134 3138 2515 3205 relinquentes,
2532 3140 2583 3193 in
2597 3132 2822 3196 alterum
2840 3144 2982 3198 ﬂuvii
2998 3144 3136 3199 latus
3156 3145 3455 3203 honoratas
3474 3149 3702 3217 reliquias

2134 3231 2542 3297 transtulerunt,
2575 3240 2632 3287 ut
2658 3236 2940 3305 utrobique
2965 3254 3199 3307 prtesens
3226 3239 3286 3296 S.
3315 3241 3585 3309 Genesius,
3611 3242 3701 3297 illic

2133 3322 2393 3390 sanguine
2420 3323 2728 3392 haberetur,
2762 3328 2847 3383 hic
2875 3345 3125 3399 corpore.

2205 3413 2258 3467 6.
2300 3412 2423 3471 llaac
2462 3417 2638 3471 omnia
2688 3418 2933 3484 ﬁdeliter,
2967 3431 3127 3491 atque
3169 3432 3226 3477 ut
3270 3434 3427 3493 gesta
3464 3435 3598 3490 sunt,
3627 3425 3701 3480 vel

2135 3513 2428 3572 comperta,
2472 3506 2555 3560 vel
2598 3507 2759 3571 dicta,
2804 3508 3092 3564 libentibus
3133 3510 3456 3583 devotisque
3497 3515 3692 3577 animis,

2134 3595 2225 3663 qui
2270 3598 2557 3663 noveratis,
2602 3603 2996 3667 recognoscite;
3039 3602 3128 3671 qui
3169 3602 3520 3671 ignorabatis,
3552 3620 3701 3673 agno-

2134 3687 2300 3752 scite;
2328 3696 2383 3742 et
2409 3690 2631 3757 gloriam
2662 3694 2792 3746 tanti
2814 3696 3081 3765 martyris,
3108 3711 3204 3765 per
3224 3697 3437 3766 singula
3458 3712 3700 3752 annorum

2134 3779 2304 3847 spatia
2355 3791 2717 3849 crescentem,
2767 3795 2821 3840 et
2864 3788 2917 3841 in
2958 3789 3136 3843 secula
3186 3798 3393 3847 aeterna
3435 3794 3699 3855 victuram,

2134 3871 2325 3922 mentis
2354 3871 2521 3926 oculis
2548 3883 2883 3941 contuentes,
2912 3879 3272 3950 unusquisque
3302 3898 3402 3951 pro
3432 3884 3620 3937 viribus
3642 3880 3699 3934 ad

2131 3957 2340 4022 similia,
2373 3961 2417 4013 si
2446 3961 2519 4015 ita
2550 3962 2679 4018 ﬁdes
2703 3965 3106 4034 desideraverit,
3146 3971 3362 4029 animos
3400 3980 3698 4043 praeparate,

2131 4053 2186 4099 et
2219 4055 2276 4099 ut
2304 4047 2491 4104 beatus
2519 4049 2799 4113 Genesius.
2826 4057 3020 4113 throno
3048 4057 3263 4114 Domini
3294 4079 3466 4133 usque
3504 4065 3553 4117 in
3593 4063 3697 4115 vin-

2130 4136 2288 4191 dictaa
2321 4154 2431 4193 suae
2469 4149 2679 4212 tempus
2712 4147 2987 4214 assistens,
3018 4152 3408 4217 sacerdotibus,
3438 4155 3697 4215 ministris,

2130 4226 2293 4292 clero,
2316 4230 2577 4300 nobisque
2598 4235 2864 4302 omnibus,
2890 4246 2945 4291 et
2965 4240 3014 4293 ei
3040 4242 3131 4307 qui
3154 4242 3496 4301 instructioni
3526 4254 3696 4300 vestr-It

2130 4319 2230 4374 ista
2260 4326 2581 4393 composuit,
2617 4328 3005 4396 patrocinetur,
3036 4342 3207 4388 orate.
3238 4336 3430 4393 Amen.

519 4436 542 4464 ιι
573 4424 759 4478 Matth.
792 4442 841 4490 x,
872 4423 961 4476 24.
1039 4423 1063 4461 b
1091 4422 1279 4477 Matth;
1313 4440 1458 4489 xxvi,
1483 4423 1569 4477 41.
1618 4436 1639 4463 ο
1671 4424 1865 4479 Johan.
1898 4443 2007 4492 xIx,
2042 4428 2127 4482 54.
2207 4430 2231 4469 ἀ
2265 4433 2454 4495 Matth.
2489 4454 2593 4502 xiv,
2626 4437 2728 4504 29;
2759 4439 2953 4496 Johan.
2986 4460 3097 4509 xxi,
3128 4444 3177 4499 7.

451 4542 3379 4580 Wa“

3387 4562 3694 4579 ω

1170 4634 1292 4716 ΙΝ
1365 4634 1841 4720 PAULINI
1917 4643 2354 4728 NOLANI
2406 4650 3026 4742 EPISTOLAS

1423 4792 2033 4865 VARIANTES

2111 4800 2706 4875 LECTIONES

1396 4941 1480 4982 EX
1523 4941 1976 4984 MANUSCBIPTIS
2025 4943 2105 4983 ET
2150 4943 2357 4987 EDITIS
2404 4947 2763 4994 CODICIBUS.

826 5121 890 5176 IN
926 5121 1303 5177 EPISTOLAll
1334 5125 1621 5180 PRIMAM.

424 5268 427 5275 ι
476 5210 526 5282 μ’
559 5207 635 5262 Ita
666 5226 767 5265 ms.
794 5210 946 5265 Vien.
981 5210 1144 5267 Abest
1173 5214 1285 5267 lucc
1324 5216 1583 5282 particula
1612 5218 1679 5272 ab
1704 5218 1821 5273 aliis
1865 5220 2017 5276 codi~

440 5279 591 5351 cibus
621 5295 635 5332 :
665 5295 782 5334 eam
808 5282 1083 5348 requirunt
1110 5279 1405 5351 sequentia.
1771 5290 1794 5313 ⁸

510 5352 531 5381 ²
561 5348 662 5424 Sic
691 5367 790 5424 ms.
825 5351 992 5424 Vatic.
1037 5348 1224 5424 codex.
1272 5353 1431 5424 Certe
1473 5355 1526 5407 in
1555 5359 1899 5424 sequentibus
1930 5369 2016 5413 est

441 5435 501 5472 ea
531 5421 807 5500 particula,
836 5422 889 5473 in
919 5420 1160 5486 Domino,
1189 5424 1243 5475 in
1266 5423 1499 5489 Christo;
1528 5420 1648 5479 ideo
1672 5428 1757 5481 hic
1779 5444 1897 5482 eam
1928 5440 2014 5479 re~

461 5505 731 5544 lOSUllIlUS.

461 5506 731 5544 vosuunus.

441 5506 456 5557 ι
510 5559 530 5588 ³
560 5558 655 5611 Ms.
689 5560 857 5613 codex
887 5558 1063 5624 Vien.,
1096 5562 1338 5622 omnium,
1367 5571 1415 5615 et
1444 5565 1683 5616 maxime.

507 5634 529 5699 ξ
560 5628 652 5699 his.
687 5628 881 5699 Regius
906 5630 1093 5695 codex,
1124 5633 1222 5684 sui.
1255 5629 1387 5684 Edd.
1421 5633 1549 5688 ltad.
1582 5642 1635 5687 et
1662 5632 1847 5699 Grav.,
1877 5640 1999 5689 suis.

512 5698 530 5725 ⁵
563 5696 654 5749 Ms.
686 5698 839 5764 lingu,
874 5699 963 5752 Va?
992 5702 1088 5754 Itis.

511 5766 531 5796 ‘
560 5765 655 5819 Ms.
699 5778 866 5823 codex
904 5769 1100 5839 Regius
1144 5786 1264 5826 cum
1310 5770 1463 5826 editis
1508 5770 1670 5839 Bad.,
1720 5772 1890 5828 Grint.
1949 5786 2003 5828 et

2126 5131 2312 5187 Schol.
2326 5176 2340 5201 ,
2368 5137 2695 5191 sabuci-teris.

2195 5203 2213 5281 ξ
2366 5205 2566 5281 Χρύση
2595 5222 2919 5267 convertatur
2944 5227 2993 5269 et
3022 5221 3272 5281 incidant.

2192 5273 2213 5352 ξ
2366 5274 2542 5352 Y'ienq
2577 5289 2712 5333 moto
2735 5284 2919 5352 gradu.

2192 5345 2234 5424 ‘3“
2246 5342 2342 5424 his.
2376 5344 2507 5424 Yien
2519 5388 2552 5410 .,
2581 5342 2774 5403 eor-unt.

2162 5412 2582 5501 Ejffél'iiféuhlm
2612 5427 2685 5501 ef"
2714 5422 3038 5501 (tumdjjerat
3067 5427 3117 5480 in
3147 5430 3303 5486 editis
3326 5442 3566 5501 quatuor,
3596 5433 3678 5487 ad—

2123 5480 2352 5556 didimus
2378 5498 2444 5536 ex
2468 5500 2592 5539 mss.
2631 5480 2758 5555 Reg.
2794 5499 2847 5544 et
2878 5492 3029 5547 Vien.
3065 5480 3397 5556 et

2186 5552 2421 5639 ξξέὺῡει
2450 5569 2553 5639 νρξΔ
2580 5552 2794 5639 nosti-ia
2820 5578 2919 5615 ms.
2944 5565 3129 5620 codice
3155 5552 3340 5639 Regio;

2186 5621 2227 5709 ίξ
2256 5621 2461 5709 ltams:
2495 5623 2645 5709 Vien.
2683 5628 2815 5709 Eild.
2839 5641 2978 5709 _Ires,
3008 5636 3114 5690 sint
3138 5621 3372 5694 suat’ills.
3406 5642 3552 5709 Reg,
3585 5643 3679 5695 sint

2114 5707 2243 5743 una.
2278 5693 2453 5744 Ceteri
2485 5695 2635 5749 codd.
2655 5737 2667 5757 ,
2700 5699 2805 5750 sint
2834 5701 2886 5753 in
2914 5693 3026 5756 sua.

2134 5760 2227 5854 ,λινε
2258 5759 2354 5815 Μδ·
2398 5762 2580 5819 θθάθκ
2624 5765 2819 5837 [ἰθείας
2847 5786 2966 5826 cum
2991 5774 3147 5835 editis
3184 5791 3410 5849 quatuor
3445 5799 3456 5831 :
3492 5779 3675 5835 sobrius
