3988 6176
259 317 342 370 HI
1479 317 1856 400 VARIANTES
1896 319 2284 378 LEGTIONES.

249 443 354 482 esto
377 429 430 480 in
458 426 716 492 omnibus,
739 425 916 479 labora
943 435 1196 480 certamen
1229 427 1416 480 bonum
1447 439 1664 484 certare.

321 497 784 566 "’Abestiverbum
806 495 975 566 derita
1003 512 1032 549 a
1061 513 1164 550 ms.
1195 498 1380 551 codice
1407 497 1573 566 Regio
1597 509 1653 553 et
1681 499 1838 554 editis

251 577 500 652 quatuor,
541 565 816 652 Lanatus.
849 565 1010 645 Forte
1039 565 1508 652 addendumfuge,
1537 566 1837 652 §ACCRINES

251 635 304 690 S.
337 635 385 688 J.
431 635 548 690 Non
579 636 832 689 inusitata
858 645 942 689 est
983 636 1033 688 in
1067 636 1240 705 longis
1269 635 1573 704 liujusmodi
1601 639 1838 705 periodis

251 706 455 773 magnis
485 706 646 759 etiam
676 705 806 758 viris
835 705 1276 772 inconsequentia
1302 707 1498 774 aliqua,
1526 715 1581 761 et
1604 705 1836 762 fortasse

249 775 506 828 Paulinus
526 775 759 844 prudens
787 776 871 827 vel
902 775 1216 842 imprudens
1237 775 1470 828 admisit.
1495 776 1630 841 Quia
1659 785 1836 832 tamen

251 860 376 898 vero
423 843 651 898 similius
677 843 960 898 videbatur
988 845 1210 898 verbum
1251 845 1482 899 librariis
1529 847 1794 900 excidisse
1818 889 1832 907 ,

249 915 348 968 hoc
381 915 538 968 nobis
566 913 1058 968 commodissimum
1089 915 1258 968 visum
1290 924 1374 966 est
1402 931 1470 968 ex
1498 915 1737 970 secunda
1767 917 1836 970 ad

249 983 591 1037 Timotheum
613 983 755 1036 unde
781 991 923 1037 totus
945 985 1029 1036 hic
1050 985 1198 1038 locus
1221 985 1496 1038 desumtus
1521 993 1621 1039 est.
1646 985 1830 1040 Simile

249 1055 536 1122 abruptum
584 1052 718 1106 infra
760 1055 918 1122 epist.
967 1053 1049 1120 10,
1099 1053 1242 1107 Scito
1291 1071 1427 1107 nunc
1473 1057 1657 1120 istam;
1704 1062 1831 1120 etc.;

251 1119 406 1175 Hanc
433 1140 575 1193 ergo,
607 1133 710 1176 etc.

325 1193 366 1264 ii
395 1193 496 1246 Ms.
516 1193 700 1264 Vien.,
733 1202 782 1246 et
811 1193 864 1246 in
894 1193 1152 1264 laqueum.

291 1263 362 1343 .“‘
385 1264 482 1317 Ms.
515 1262 694 1324 Vien.,
723 1262 1053 1331 qumstiories,
1082 1273 1132 1316 et
1159 1262 1324 1317 aniles
1351 1263 1588 1334 fabulas,
1621 1273 1710 1316 aut
1734 1264 1834 1317 im-

251 1349 383 1400 ptas.

321 1404 362 1432 ¹⁷
392 1401 494 1455 Ms.
529 1401 659 1468 Reg.
679 1443 694 1466 ,
720 1401 810 1454 sed
839 1419 1036 1457 omnes.

321 1473 362 1502 ’³
379 1470 513 1526 Edd.
547 1481 796 1538 quatuor.
811 1514 824 1538 ,
856 1473 938 1525 ob.

317 1540 460 1612 “st:
487 1539 664 1612 Vien.,
695 1551 750 1592 ut
781 1540 1042 1612 Abraham
1067 1542 1239 1612 ﬁdelis
1273 1543 1509 1595 imitatus
1533 1559 1824 1596 excessum.

321 1611 367 1641 ¹⁰
405 1609 503 1662 Ms.
537 1610 670 1678 Reg.
701 1620 756 1663 et
781 1611 866 1680 ed.
899 1609 1086 1668 Schot'.
1114 1655 1128 1678 ,
1174 1614 1500 1666 luctantium.
1528 1613 1830 1680 1Lactans,

247 1678 444 1749 Papiae,
471 1697 586 1750 qua:
614 1683 694 1732 lac
717 1679 939 1748 prwbet;
971 1684 1182 1747 lactens,
1208 1685 1288 1734 cui
1315 1685 1394 1735 lac
1421 1678 1694 1750 prtebetur.
1727 1682 1835 1736 Sed

249 1764 390 1818 saepe
433 1759 644 1803 veteres
690 1751 982 1819 scriptores
1027 1762 1314 1819 utrumque
1359 1752 1732 1818 confundunt,
1777 1763 1835 1805 ut

286 1819 492 1873 luribus
515 1819 567 1890 in
599 1820 731 1890 locis
760 1837 982 1887 operum
1012 1821 1066 1875 S.
1102 1821 1310 1875 Paulini
1335 1861 1350 1879 .
1393 1821 1538 1890 quod
1567 1823 1732 1877 etiam
1763 1822 1833 1874 ad

287 1835 492 1873 turmas
515 1836 567 1872 ιη
599 1835 731 1873 IOCIS
760 1837 982 1887 operum
1012 1835 1066 1875 δ.
1102 1835 1310 1875 l’aulml
1335 1861 1350 1879 .
1393 1835 1538 1890 quod
1567 1835 1732 1877 etiam
1763 1835 1832 1874 au

249 1835 805 1960 Egmnuml’rudentii
835 1891 902 1944 de
931 1893 1177 1960 passione
1209 1893 1266 1944 Β.
1305 1891 1528 1946 Romani
1553 1907 1696 1946 vers.
1731 1892 1832 1944 667

247 1957 472 2031 adnotat
511 1959 572 2031 N.
608 1959 875 2024 lleiusius,
925 1957 1012 2016 ubi
1045 1963 1237 2029 legitur
1267 1964 1319 2016 in
1349 1962 1622 2031 plerisque
1649 1971 1832 2017 veter-

247 2028 410 2101 rimis
422 2028 698 2101 codicibus
723 2031 986 2098 luctantis,
1019 2028 1114 2101 pro
1145 2028 1400 2101 lactentis.

315 2099 358 2128 "
390 2097 490 2152 Ms.
523 2098 654 2166 Reg.
687 2108 742 2154 et
769 2101 890 2153 edd.
923 2097 1051 2155 Bad.
1089 2111 1145 2156 et
1169 2099 1354 2162 Grav.,
1397 2101 1828 2156 Barchinonensi.

316 2169 362 2241 ῗξ
526 2169 683 2241 Reg,
707 2186 923 2240 aggere;
955 2187 1050 2225 ms.
1071 2173 1245 2234 Vien.,
1273 2173 1470 2241 aggeri.

314 2238 362 2270 ’³
389 2235 490 2292 Ms.
527 2235 804 2307 Reg.cum
835 2241 990 2295 editis
1017 2243 1204 2304 tribus,
1234 2235 1409 2311 agam.

827 2332 894 2387 IN
921 2331 1137 2388 EPIST.
1169 2331 1230 2386 II.

315 2423 332 2452 ¹
359 2420 460 2492 Ms.
493 2421 654 2490 Reg.,
684 2423 984 2492 accipimus.

311 2493 334 2523 ³
363 2491 464 2544 Ms.
493 2491 673 2556 Vien.,
699 2494 936 2546 salutari.

317 2561 338 2590 ³
359 2561 461 2615 Ms.
493 2561 661 2616 codex
693 2562 888 2626 Vatic.,
919 2563 1094 2616 altari.

314 2631 336 2661 ⁸
365 2630 464 2684 Ms.
499 2630 656 2700 Reg.,
689 2632 958 2687 lactantes.

312 2701 332 2732 ⁸
362 2700 533 2770 Deest
552 2701 810 2770 particula
852 2711 900 2754 et
929 2704 983 2756 in
1011 2717 1112 2759 ms.
1141 2701 1298 2758 Vien.

315 2771 336 2802 ⁸
359 2769 460 2824 Ms.
495 2769 676 2832 Vien.,
702 2788 898 2825 simius.

315 2843 335 2872 τ
365 2838 502 2894 Edd.
529 2851 654 2907 tres,
685 2858 816 2894 unus
845 2843 1078 2911 spiritus.

316 2913 337 2940 "
369 2911 574 2964 Dicitur
608 2911 772 2964 etiam
799 2927 828 2964 a
869 2909 925 2966 ὃ.
953 2912 1248 2980 Augustino
1276 2925 1440 2966 serm.
1467 2909 1534 2964 de
1563 2909 1822 2980 Innocenf

247 2980 404 3046 tibus,
433 2980 504 3032 Et
544 2981 613 3032 ad
643 2997 804 3050 unum
841 2983 926 3050 qui
953 2979 1083 3035 unus
1113 2991 1206 3036 est.
1237 2981 1423 3036 Simile
1450 2981 1578 3050 quid
1606 2981 1765 3050 epist.
1801 2979 1824 3030 1

247 3051 408 3174 ἕιιιηο
433 3051 526 3120 57)
561 3051 630 3104 ad
655 3049 988 3117 Victric’ium,
1020 3051 1102 3106 Ea
1131 3054 1346 3106 veritate
1374 3049 1482 3122 qua
1515 3049 1704 3104 veritas
1733 3059 1828 3102 est.

283 3136 496 3174 secum.

283 3136 496 3174 ACClll-N.

309 3194 330 3222 '
389 3190 488 3244 Ms.
523 3190 704 3254 Vien.,
745 3193 962 3245 socialia
987 3193 1202 3246 invicem
1221 3189 1470 3247 membra.

311 3261 354 3290 ¹⁰
383 3261 484 3331 Ms.
518 3259 698 3322 Vien.,
731 3263 1101 3331 fundamentis.

313 3331 354 3360 ’ί
383 3329 524 3384 Edd.
557 3339 686 3392 tres,
713 3329 866 3384 uerbi.

313 3402 354 3431 η
381 3399 486 3453 Ed.
519 3400 724 3468 Rosw.,
747 3403 866 3470 quia
894 3411 982 3454 aut
1011 3411 1249 3456 vestrum.

817 3491 882 3545 IN
911 3491 1125 3547 EPIST.
1151 3493 1233 3546 Ill.

317 3583 334 3613 ¹
368 3581 466 3635 Ms.
503 3581 676 3637 codex
704 3599 841 3637 unus
871 3583 1200 3652 Bigotianus,
1227 3582 1520 3636 muneribus
1547 3584 1622 3636 ita
1652 3599 1826 3636 sumus

349 3670 360 3692 1

245 3663 520 3720 provocati.

310 3724 330 3793 ξ
359 3721 460 3793 Ms.
493 3721 600 3776 duo
629 3721 985 3793 Big.,_4ltaque
1010 3721 1086 3777 sic
1109 3723 1322 3793 ﬁducia.

309 3791 330 3822 ⁸
361 3791 444 3844 Ita
483 3807 583 3846 ms.
623 3793 730 3846 duo
757 3791 1002 3847 Vaticani
1039 3791 1161 3848 cuin
1190 3794 1318 3848 edit.
1367 3791 1564 3846 Bened.
1599 3805 1824 3858 operum

245 3859 294 3912 S.
325 3863 641 3929 Augustini;
671 3863 762 3916 alii
792 3862 898 3917 duo
928 3878 1054 3918 mss.
1089 3863 1210 3918 Vat.
1243 3873 1298 3918 et
1324 3863 1429 3918 duo
1451 3861 1589 3929 Big.,
1623 3859 1826 3914 Barcil-

243 3929 432 3984 lenem.
459 3932 599 3986 Ante
627 3941 743 3986 erat
773 3932 1122 3987 Barcilunam.

311 4001 331 4030 δ
353 3999 464 4073 Ed.
493 4002 713 4066 Bened.,
737 4002 1030 4066 vindicare;
1055 4005 1192 4058 sicut
1217 4011 1272 4059 et
1293 4017 1452 4073 supra
1475 4017 1528 4055 n.
1555 4000 1580 4052 1
1613 4000 1666 4054 in
1697 3999 1825 4069 line,

243 4071 575 4124 uindicemus.

307 4143 328 4170 ⁵
357 4140 488 4194 Mss.
520 4141 627 4195 duo
661 4141 854 4205 Vatic.,
886 4143 1164 4197 collucens.

309 4213 329 4240 ⁸
357 4209 486 4264 Mss.
524 4211 639 4278 Big.
667 4213 796 4276 duo,
830 4211 1072 4282 Tagaste.

823 4302 890 4355 IN
920 4302 1130 4358 EPIST.
1163 4303 1251 4358 IV.

308 4393 322 4422 '
349 4390 452 4445 Ms.
489 4391 512 4442 -I
543 4391 684 4460 Big.,
715 4390 1090 4446 Ecclesiarum.

303 4464 322 4492 ²
354 4461 454 4514 Ms.
493 4461 514 4512 I
553 4461 666 4528 Big.
701 4469 754 4514 et
783 4463 902 4516 edd.
939 4463 989 4522 2,
1022 4465 1328 4526 constitutus
1357 4481 1430 4518 es.

304 4531 325 4561 ³
353 4531 485 4584 Mss.
511 4533 722 4585 codices
749 4531 1014 4600 Bigotiani
1038 4543 1144 4587 tres
1173 4542 1224 4587 et
1260 4535 1497 4590 Vaticani
1520 4534 1645 4601 duo,
1671 4546 1776 4592 toto
1799 4554 1819 4592 :

237 4603 399 4675 male._
419 4601 556 4675 Vid_e
584 4617 748 4655 cat-iu.
775 4603 869 4675 fit,
898 4619 1036 4658 vers.
1069 4603 1190 4668 203,
1211 4613 1279 4675 et
1308 4607 1466 4675 epist.
1492 4605 1579 4672 16,
1611 4623 1665 4660 ιι.
1693 4607 1740 4660 1.

303 4672 324 4700 ⁸
355 4670 476 4743 yna
509 4671 692 4726 Rosw.
726 4671 912 4736 editio,
944 4676 996 4726 in
1020 4673 1244 4743 portum.

300 4741 728 4815 {Expunximus
757 4758 942 4815 vocem
972 4741 1093 4815 ego,
1133 4761 1252 4814 qua:
1281 4745 1466 4800 aberat
1492 4763 1522 4800 a
1563 4763 1690 4802 mss.
1725 4764 1820 4803 co-

234 4813 440 4868 dicibus
463 4819 520 4864 et
546 4820 776 4878 quatuor
801 4814 977 4870 editis.

299 4884 318 4912 ⁶
348 4881 432 4935 Ita
469 4895 602 4936 mss.
651 4881 866 4939 codices
903 4899 1026 4939 cum
1054 4885 1138 4940 ed.
1189 4885 1390 4940 Bcned.
1439 4887 1576 4941 Ante
1625 4897 1816 4942 eratet

221 4953 348 5006 tali.

298 5024 315 5053 ⁷
347 5021 443 5078 Sic
467 5037 656 5078 omnes
681 5023 839 5078 codd.
873 5023 970 5079 Ed.
999 5024 1203 5090 Rosw.,
1235 5043 1366 5091 vere,
1395 5027 1672 5082 mendose.

809 5121 877 5176 IN
906 5121 1121 5179 EPIST.
1169 5125 1232 5178 V.

299 5213 314 5286 ξ
347 5211 430 5286 l_ta
455 5211 604 5266 editi.
639 5212 763 5286 Mss.
796 5215 1044 5286 codices,
1071 5216 1352 5286 spiritalia.

296 5285 317 5355 ξ
347 5283 518 5355 [least
532 5299 682 5336 suam
709 5285 762 5336 in
793 5301 892 5340 ms.
929 5284 1060 5355 Reg.
1083 5283 1138 5340 et
1161 5287 1283 5340 edd.
1317 5289 1506 5342 tribus.

298 5352 320 5382 ³
350 5351 452 5405 Ms.
485 5351 644 5421 Reg.,
677 5355 928 5408 consiliis.

297 5423 320 5452 δ
347 5421 444 5504 Sic
471 5437 600 5504 mss.
645 5421 776 5492 Reg.
820 5431 875 5503 et
903 5423 1057 5480 Vien.
1091 5441 1213 5482 cum
1242 5425 1398 5483 editis
1441 5429 1626 5482 tribus.
1675 5429 1810 5492 Alii,

225 5502 398 5562 mgis
427 5502 613 5546 nostri.
843 5502 846 5503 ⁷

227 5632 266 5641 __
289 5566 322 5641 _'_
475 5563 774 5641 repositum
803 5579 870 5618 ex
909 5581 1038 5620 mss.
1071 5566 1344 5622 codicibus
1385 5567 1538 5623 Vien.
1570 5577 1624 5622 et
1673 5567 1805 5637 Reg.

227 5632 394 5693 Editi,
429 5631 482 5684 in
513 5631 750 5685 tenebris.

300 5706 318 5733 ⁸
349 5701 408 5753 In
441 5717 538 5753 ms.
575 5701 703 5768 Reg.
739 5711 792 5756 et
821 5705 943 5758 cdd.
975 5705 1104 5760 Bad.
1140 5715 1193 5760 et
1221 5706 1408 5764 Schol.
1443 5708 1594 5764 deest
1623 5726 1691 5762 se.

299 5774 318 5806 ν
349 5768 454 5824 Ms.
489 5770 662 5836 Vien.,
688 5773 952 5841 fuerimus,
982 5793 1075 5843 pro
1099 5777 1302 5848 quibus.

3411 335 3516 390 4ἷὲ

2015 433 2036 509 ξ
2188 433 2396 509 δριιςηη
2429 439 2722 509 nequidem.

2012 502 2198 580 f‘E_d_it.
2229 505 2412 580 Srhot.
2445 502 2712 580 eafhaustis
2739 512 2969 580 corporis
2995 512 3204 569 viribus.

2014 572 2056 648 ξ⁰
2093 573 2412 648 Μιμοοᾴθι
2455 577 2653 648 Regius
2701 572 2839 634 cum'
2869 583 3026 636 editis
3067 582 3222 646 Bad.,
3271 585 3432 642 Grav.
3461 597 3516 642 ct

1941 638 2124 696 Scliot.
2136 686 2150 710 ,
2185 645 2322 708 Quid
2351 638 2545 702 tamen.

2015 713 2052 742 “
2085 715 2250 768 Abest
2277 735 2445 770 meam
2471 733 2502 771 a
2534 734 2632 772 ms.
2663 718 2846 773 codice
2869 720 3180 775 Viennensi.

2015 782 2055 854 ff
2087 783 2186 854 Ms.
2219 785 2388 840 Vatic.
2413 795 2468 840 et
2490 789 2573 842 ed.
2601 787 2774 854 Grin.,
2799 791 2852 842 in
2882 793 3038 842 vicem
3067 809 3234 846 suum.

1941 928 1960 972 ι
2013 850 2182 932 ”_Ms.
2215 857 2384 910 codex
2403 857 2577 920 Vien.,
2611 859 2663 912 in
2693 850 2884 929 gremio
2909 871 3087 914 sancto
3116 865 3397 918 communis
3427 883 3520 934 pa-

1964 936 2097 972 rom.

1964 936 2097 974 1⁸0111.

2207 993 2405 1066 Υεῃίθη
2432 997 2705 1066 impetrare
2733 1015 2910 1052 conor.

2013 1061 2055 1090 ¹³
2085 1061 2184 1116 Ed.
2205 1062 2413 1130 Schot.,
2444 1061 2757 1120 existimare.
2789 1067 2886 1121 Ms.
2919 1067 3051 1136 Reg.
3085 1085 3206 1123 cum
3239 1075 3360 1128 edd.
3385 1076 3514 1130 Bad.

2021 1127 2193 1188 Grin..
2227 1137 2494 1188 wstimari.

1939 1137 1994 1183 et
2021 1137 2193 1196 Grin.,
2227 1137 2494 1190 wstimari.

2015 1201 2058 1280 ‘f
2087 1202 2221 1256 Vide
2259 1207 2416 1273 epist.
2449 1205 2549 1270 49,
2599 1223 2652 1260 n.
2687 1206 2722 1258 2
2743 1248 2758 1272 ,
2809 1209 3066 1262 sentinam
3095 1211 3288 1280 depleri
3319 1232 3516 1270 necesse

1937 1278 2178 1414 anglis.
2205 1342 2338 1414 Reg.
2371 1353 2424 1398 et
2447 1347 2532 1400 ed.
2565 1346 2912 1414 Bad.,nexus.

2009 1411 2054 1487 ff
2212 1413 2420 1487 Schot.,
2455 1419 2684 1487 suscipit.

2199 1483 2366 1557 Begu
2391 1503 2482 1538 nec
2500 1481 2766 1557 impedire.

2008 1550 2054 1580 '°
2082 1551 2180 1605 Ms.
2199 1550 2354 1622 Reg},
2383 1557 2518 1609 licet.

2008 1621 2048 1650 "
2075 1620 2131 1673 Id
2159 1633 2244 1677 est
2272 1627 2416 1678 aede.

2009 1691 2054 1776 τε
2075 1665 2488 1776 suissuis-iet
2511 1695 2935 1776 limatum
2959 1697 3021 1750 ιιε
3051 1708 3116 1776 ge.

2083 1759 2179 1832 Ms.
2206 1763 2364 1832 Vien.
2396 1766 2646 1818 circuibit.
2681 1766 2777 1817 Eal.
2812 1765 2987 1832 Grin.,
3015 1769 3370 1825 circumdabit.

1937 1897 1950 1909 .
2007 1829 2049 1858 ³⁵
2079 1829 2169 1885 Sic
2206 1830 2526 1888 Prudentius
2555 1837 2872 1905 Apotheos.,
2901 1829 3039 1892 vers.
3073 1839 3194 1892 118.
3229 1839 3387 1896 Deest
3414 1843 3514 1897 loci

1937 1913 1989 1951 tn
2019 1914 2121 1953 ms.
2155 1900 2286 1953 Rea.

1935 1913 1989 1951 tn
2019 1914 2121 1954 ms.
2155 1913 2286 1968 Reg.

1946 2039 1972 2048 Α
2005 1970 2051 1999 ³⁵
2081 1971 2177 2024 Ms.
2213 1971 2344 2042 Reg.
2375 1989 2498 2028 cum
2540 1973 2662 2030 edd.
2707 1974 2837 2030 Bad.
2879 1986 2933 2031 et
2976 1977 3182 2044 Schot.,
3225 1980 3279 2033 in
3315 1982 3514 2036 exulta.

1935 2047 2093 2092 tione.

2004 2109 2051 2192 ξς
2081 2110 2389 2192 Ms..Vien:,
2424 2113 2632 2192 Domini
2663 2117 2826 2168 nostri
2850 2115 2997 2192 esu.

2007 2181 2049 2253 fi’
2080 2179 2322 2253 Latinius
2351 2183 2634 2250 legendum
2663 2193 2817 2253 putat
2841 2187 3088 2240 locorum.

2005 2249 2050 2280 ⁸⁸
2080 2250 2178 2305 Ms.
2207 2251 2387 2318 Vien.,
2412 2249 2489 2306 ide
2519 2255 2648 2308 cella
2663 2249 2875 2309 nostra.

2005 2319 2048 2351 ”
2078 2319 2174 2374 Ed.
2203 2321 2412 2388 Schot.,
2444 2331 2640 2378 testem.

2007 2388 2050 2418 ³ο
2085 2389 2180 2444 Ms.
2215 2391 2393 2448 Vien..
2427 2397 2652 2448 accipias

2007 2413 2049 2418 "
2085 2413 2180 2444 ms.
2225 2413 2393 2456 Vien.,
2427 2413 2672 2464 acctptas.

2005 2458 2048 2534 δέ
2078 2459 2202 2534 Mss.
2228 2464 2442 2534 codices
2471 2464 2604 2533 Reg.
2637 2465 2848 2520 etVien.
2879 2483 3000 2522 cum
3029 2468 3147 2523 edd.
3177 2467 3330 2534 Bad.,
3354 2468 3520 2526 Grav.

1934 2537 1990 2584 et
2016 2527 2228 2597 Schot.,
2254 2533 2482 2604 impendi
2509 2527 2754 2589 or'dinare
2781 2537 3027 2608 digneris.

2386 2627 2454 2680 IN
2479 2627 2694 2682 EPIST.
2727 2629 2795 2682 VI
2827 2630 2916 2682 ET
2946 2632 3058 2685 VII.

2003 2716 2018 2786 ξ
2050 2713 2177 2786 Mss.
2209 2715 2316 2770 duo
2346 2717 2484 2786 Big.,
2517 2721 2690 2786 amici,
2725 2736 2832 2774 non
2861 2722 3022 2776 male.

2003 2784 2022 2813 '
2053 2783 2175 2840 Mss.
2211 2786 2316 2841 duo
2345 2783 2482 2856 Big.,
2516 2789 2649 2859 quod
2662 2829 2675 2843 .

2494 2876 2562 2930 IN
2585 2877 2801 2932 EPIST.
2827 2879 2963 2933 VIII.

2013 2961 2026 2991 ¹
2061 2959 2431 3037 Expunximns
2457 2983 2646 3021 vocem
2677 2985 2894 3037 semper,
2927 2985 3086 3037 quam
3109 2972 3335 3028 addebat
3355 2975 3518 3030 editio

1931 3028 2113 3085 Rosw.
2143 3028 2331 3090 contra
2363 3036 2518 3089 fidem
2543 3037 2772 3091 aliorum
2785 3028 3067 3093 codicum.
3317 3041 3326 3050 “

2007 3107 2028 3178 ξ
2063 3101 2138 3178 Ita
2168 3120 2298 3178 mss.
2331 3111 2438 3160 duo
2463 3105 2578 3174 Big.
2611 3107 2776 3173 Alias,
2809 3125 2986 3178 supra.

2009 3171 2030 3202 ³
2071 3173 2316 3253 Ostendit
2355 3171 2618 3253 summam
2660 3171 2936 3253 miseriam
2959 3180 3388 3253 ambitiosorum
3427 3184 3521 3253 qui

1931 3253 2118 3297 emunt
2147 3247 2388 3318 ancillas,
2421 3245 2476 3300 id
2506 3255 2608 3312 est,
2645 3248 2800 3303 donis
2830 3250 3073 3304 ambiunt
3101 3248 3325 3318 gratiam
3358 3245 3514 3308 lenii-

1931 3327 2122 3388 naruﬁm
2152 3315 2368 3388 vilium,
2405 3333 2524 3388 quae
2553 3318 2682 3386 ipsis
2711 3318 3074 3374 dominentur.
3106 3315 3353 3376 SACCIIIN.
3381 3322 3438 3378 S.
3465 3323 3514 3378 Ι.

2002 3381 2024 3412 ⁸
2053 3381 2302 3440 Sacchin.
2337 3381 2791 3444 loriassedecori.

2005 3453 2026 3484 ⁸
2045 3453 2146 3527 _lta
2177 3473 2304 3527 mss.
2343 3455 2608 3526 Bigotiani
2638 3461 2851 3515 codices
2881 3461 2986 3515 duo
3009 3501 3022 3524 ,
3074 3462 3321 3518 Vaticani
3366 3463 3431 3527 4,
3466 3472 3515 3519 et

1929 3521 2016 3575 ed.
2044 3521 2242 3579 Bened.
2278 3521 2431 3582 Ante'
2446 3538 2565 3582 erat
2593 3545 2654 3582 ac
2682 3531 2980 3585 simulacra.

2001 3595 2020 3623 ⁶
2049 3593 2140 3649 Sic
2167 3595 2292 3650 edd.
2321 3597 2521 3652 Bencd.
2552 3608 2607 3652 et
2633 3598 2795 3652 Grav.
2830 3601 2991 3666 Alias,
3026 3602 3318 3669 afftmdam.

2499 3693 2567 3748 IN
2597 3693 2812 3748 EPIST.
2853 3695 2943 3748 IX.

2005 3787 2020 3814 ¹
2051 3781 2126 3855 Ita
2156 3799 2256 3836 ms.
2285 3783 2442 3855 Vien.
2469 3783 2630 3855 Alias,
2661 3783 2740 3834 sal
2753 3793 2906 3855 _t_erra
2930 3784 3168 3846 vividum,
3193 3788 3440 3855 referens.

2001 3855 2019 3883 ¹
2053 3853 2181 3906 Mss.
2229 3853 2444 3908 codices
2491 3851 2624 3920 Reg.
2655 3861 2710 3905 et
2753 3852 2904 3906 Vien.
2945 3869 3067 3908 cum
3114 3851 3272 3910 editis
3311 3858 3511 3923 tribus,

1927 3923 2172 3976 adnuere.

1998 3993 2019 4023 ³
2052 3992 2303 4047 Sacchin.
2333 3991 2755 4061 consequentius
2779 3992 2989 4047 videtur
3017 3992 3352 4049 abstinemus.

1999 4063 2020 4093 ⁸
2045 4061 2143 4118 Ed.
2173 4061 2348 4127 Grin.,
2383 4063 2464 4116 via
2492 4064 2711 4134 peccati.

2521 4163 2588 4218 IN
2619 4161 2831 4216 EPIST.
2867 4163 2932 4217 X.

1997 4259 2014 4288 ¹
2039 4257 2136 4328 Ms.
2173 4255 2326 4328 Reg,
2363 4254 2706 4328 Quamquam.

1995 4330 2015 4358 ²
2047 4327 2144 4382 Ms.
2181 4327 2337 4394 Reg.,
2371 4329 2434 4380 de
2462 4327 2674 4380 nostris.

1993 4397 2014 4428 ³
2042 4396 2140 4450 Ms.
2174 4396 2305 4463 Reg.
2331 4405 2385 4452 et
2413 4395 2536 4452 edd.
2568 4395 2619 4458 4,
2653 4414 2683 4450 a
2715 4406 2800 4450 tuo
2829 4396 3002 4450 corde.

1995 4467 2015 4497 ’⁸
2037 4467 2162 4522 Mss.
2193 4467 2326 4536 Reg.
2358 4475 2413 4521 et
2443 4466 2591 4520 Vien.
2621 4467 2884 4536 adferens.

2494 4565 2564 4620 IN
2589 4563 2806 4618 EPIST.
2855 4563 2944 4618 XI.

1996 4659 2010 4688 ¹
2040 4657 2136 4730 Ms.
2164 4657 2454 4730 Reg._cum
2477 4657 2630 4730 editis
2653 4657 2807 4730 Βίιᾳ.³
2833 4653 3190 4730 Grav.,_Grin.
3213 4663 3267 4711 et
3293 4657 3507 4730 Schot.,

1912 4729 2272 4799 jocunditatis.
2307 4728 2374 4781 Et
2402 4728 2480 4782 sic
2509 4727 2702 4796 ubique
2731 4727 2892 4779 iidem
2923 4727 3153 4780 codices.

1991 4801 2010 4828 ²
2041 4797 2165 4851 Mss.
2197 4797 2329 4851 Rea.
2362 4807 2416 4851 et
2445 4797 2621 4851 Vien..
2653 4797 2908 4851 adfertur.
2934 4796 2999 4850 Et
3027 4797 3104 4850 sic
3134 4796 3258 4851 alibi

2095 4814 2165 4852 ss.
2197 4811 2329 4862 Heg.
2362 4811 2416 4852 et.
2452 4811 2621 4862 Vien.,
2653 4811 2908 4862 aufertur.
2934 4811 2999 4850 ut
3027 4813 3104 4850 src
3134 4811 3282 4851 anon.

1991 4805 2010 4828 '
2041 4805 2165 4852 Mss.
2197 4805 2329 4864 Reg.
2362 4807 2416 4852 et
2448 4805 2621 4862 Vien.,
2653 4805 2908 4868 adfertur.
2934 4805 2999 4850 Et
3027 4805 3104 4850 sic
3134 4805 3228 4850 alit

1990 4867 2011 4899 ³
2041 4867 2116 4922 Ita
2147 4885 2247 4923 ms.
2283 4867 2436 4922 Vien.
2461 4867 2639 4922 Ceteri
2665 4867 2901 4930 codices,
2929 4883 3021 4921 nec
3045 4867 3228 4921 solum.

1991 4937 2014 4968 ⁸
2042 4937 2132 4993 Sic
2155 4939 2446 5007 repositum
2473 4955 2539 4992 ex
2573 4954 2672 4992 ms.
2705 4937 2892 4992 codice
2921 4937 3234 4992 Viennensi.
3267 4937 3388 5002 Alii,
3423 4949 3506 4992 sat

1918 5007 2130 5134 Illabeas.
2163 5009 2230 5062 Et
2263 5025 2386 5064 mox
2415 5024 2484 5063 ex
2525 5009 2718 5064 eodem
2748 5023 2847 5062 ms.
2882 5009 3100 5074 codice,
3143 5007 3322 5080 eligis;
3350 5011 3503 5078 alias,

1918 5097 1944 5134 ε
1967 5095 2106 5134 mas.

1916 5095 2106 5134 ειτααε.

1988 5097 2113 5203 θ
2137 5164 2260 5204 mss.
2289 5147 2422 5218 Reg.
2455 5157 2510 5204 et
2541 5149 2692 5204 Vien.
2727 5163 2846 5203 cum
2872 5149 2960 5204 ed.
2989 5149 3139 5205 Grin.
3171 5149 3366 5208 Ceteri.
3398 5151 3500 5219 spi-

1910 5220 2202 5274 ritualium.

1988 5291 2008 5320 ⁶
2037 5289 2136 5344 Ms.
2171 5289 2321 5344 Vien.
2355 5297 2408 5344 et
2432 5291 2519 5344 ed.
2551 5291 2763 5352 Schot.,
2790 5290 3096 5358 adsumpsit.

1986 5361 2006 5430 Τ
2037 5360 2134 5430 Ms.
2169 5359 2325 5430 Reg.,
2357 5361 2675 5430 singulatim.

1985 5429 2006 5461 ⁸
2033 5429 2130 5485 Ms.
2167 5429 2296 5497 Reg.
2329 5429 2634 5500 curriieditis
2663 5437 2915 5498 quatuor,
2943 5431 3064 5500 quia
3093 5446 3246 5483 unus.

1985 5502 2005 5532 '
2033 5500 2198 5554 Abest
2226 5515 2255 5552 a
2301 5515 2401 5554 ms.
2435 5499 2698 5561 Vaticano
2727 5501 2832 5554 hoc
2865 5499 3093 5564 nomen,
3138 5515 3236 5553 nec
3261 5513 3388 5552 sane
3414 5504 3500 5550 est

1913 5570 2296 5624 necessarium.
2328 5569 2578 5625 Saeuum.

1989 5641 2030 5669 ¹⁹
2060 5639 2154 5693 Ms.
2189 5639 2368 5704 Vien.,
2395 5641 2658 5694 viventem.

1989 5711 2025 5741 “
2049 5707 2147 5762 Ms.
2174 5709 2344 5764 codex
2358 5703 2560 5778 Regius
2575 5727 2696 5772 cum
2712 5709 2870 5764 editis
2892 5707 3022 5762 Bad.
3043 5704 3196 5760 Grav.
3211 5713 3266 5763 et
3280 5703 3492 5776 Scltot.,

1919 5777 2112 5832 hircum
2143 5795 2251 5832 cum
2280 5781 2613 5850 peremtione.
