3988 6176
499 302 599 356 δτι

497 415 783 485 superiori,
813 424 868 470 et
895 421 1117 485 apparet
1141 426 1301 485 unam
1344 412 1695 485 eamdemque
1724 426 1843 485 esse
1870 411 2073 485 episto-

501 480 624 548 lam,
638 480 944 555 quanquam
957 480 1202 555 separat.»
1215 483 1438 555 fortasse
1453 480 1720 534 volumine
1731 480 1931 555 scripta
1957 481 2070 531 fuit.

572 543 621 584 ’λ’
645 543 740 608 Ms.
773 543 902 621 Reg.
931 562 986 606 et
1019 543 1192 613 Vien.,
1224 552 1676 622 adquiescunt;_et
1701 549 1779 603 sic
1807 543 2020 617 ubique.

571 625 617 653 ³³
646 625 768 678 Hunc
797 618 899 677 vo'x
928 623 1078 675 abest
1105 635 1136 673 a
1166 635 1266 673 ms.
1295 618 1482 673 codice
1499 618 1778 673 Vaticano.

571 693 616 720 ‘“
646 693 743 746 Ms.
772 693 944 746 codex
969 690 1144 751 Vien.,
1175 704 1349 757 paena.

567 761 608 790 ⁸⁷
641 761 733 814 Ms.
765 761 934 815 codex
966 759 1162 828 Regius
1187 772 1309 812 cum
1347 757 1504 812 editis
1525 765 1777 826 quatuor,
1807 764 2076 824 utramque

489 829 856 883 substantiam.

566 898 612 928 ³⁸
635 899 730 954 Ms.
759 899 914 967 Reg.,
943 913 1043 967 qua
1069 897 1247 950 homo.

566 968 609 996 ’³
641 964 862 1021 Inserta
875 964 1134 1034 particula
1162 976 1211 1018 et
1238 981 1305 1019 ex
1323 980 1423 1019 ms.
1446 964 1577 1032 Reg.

564 1035 609 1064 ³⁰
638 1035 735 1089 Ms.
767 1033 939 1091 codex
965 1035 1145 1102 Vien.,
1177 1034 1490 1103 Hujusmodi
1521 1035 1662 1103 enim
1691 1033 1858 1085 homo.

567 1103 605 1134 ³⁸
637 1104 714 1157 lta
737 1105 1029 1174 repositum
1047 1119 1112 1157 ex
1131 1100 1273 1158 mss.
1296 1105 1429 1174 Reg.
1450 1112 1505 1158 et
1520 1102 1672 1156 Vien.
1701 1111 1755 1156 et
1780 1105 1864 1156 ed.
1892 1100 2074 1154 Sehot.

495 1171 634 1227 Ante
663 1182 779 1228 erat
800 1171 1117 1228 pindicabat.

565 1242 609 1272 “
633 1243 728 1298 Ms.
761 1245 894 1311 Reg.
925 1244 1078 1297 eted.
1104 1241 1289 1308 Gram,
1309 1258 1370 1294 ac
1392 1241 1484 1305 sic,
1511 1255 1616 1295 non
1638 1240 1794 1294 male.

565 1311 609 1342 ³³
637 1312 734 1367 Ms.
760 1313 953 1379 Vatic.,
971 1312 1258 1365 ediderunt.

566 1381 609 1410 ³³
640 1381 886 1437 Sacchin.
903 1383 1042 1437 forte
1058 1381 1247 1450 aliquis
1271 1380 1553 1449 intelligat,
1578 1380 1631 1433 in
1654 1386 1885 1441 mortem,
1913 1389 2082 1442 usque

499 1449 564 1504 ad
594 1459 841 1505 mortem.

566 1522 610 1550 ³⁵
640 1520 924 1585 Ms.Vien.,
949 1529 1150 1576 nostra.

564 1588 609 1659 ξεν
635 1590 731 1642 Ms.
769 1591 899 1659 Reg.
929 1590 1225 1659 cumeditis
1250 1595 1498 1656 quatuor,
1529 1601 1632 1659 non
1663 1587 1700 1655 fi
1724 1594 1858 1659 "tam.

563 1657 604 1689 ³⁷
634 1659 728 1713 Ms.
750 1651 920 1714 eode}:
941 1660 1154 1726 Regius,
1175 1651 1302 1721 Quae
1318 1667 1507 1708 autem.
1527 1655 1567 1707 E
1585 1651 1685 1719 liti,
1707 1654 1834 1717 Qua:
1853 1651 2073 1722 quidem.

497 1726 594 1780 Ms.
631 1727 810 1792 Vien.,
837 1729 934 1783 Ha:
962 1740 1157 1782 autem:
1190 1728 1332 1780 hunc
1359 1727 1652 1792 sequimur.

571 1798 614 1867 Ρ
635 1797 784 1867 Editi
812 1799 1025 1852 codices
1053 1807 1302 1867 quatuor,
1333 1794 1644 1867 Dejecimus.

563 1864 605 1897 ³⁹
629 1866 970 1921 Desideratur
993 1868 1044 1920 in
1069 1864 1174 1919 ius.
1211 1866 1338 1931 Reg.
1372 1864 1632 1933 particula
1651 1865 1724 1916 in.

562 1933 604 1963 ⁸ο
633 1935 881 1990 SACCBIN.
915 1954 927 1988 :
956 1935 1134 1989 Videri
1166 1941 1346 2004 potest
1374 1931 1562 1985 deesse
1601 1943 1650 1985 et
1678 1931 1976 2003 gravitatis,
2026 1937 2083 1982 ut

493 2004 772 2075 expleatur
802 2007 1097 2075 propositio
1128 2018 1315 2058 eorum
1339 2016 1458 2070 qua:
1486 2013 1822 2070 sequuntur:

564 2075 602 2102 “
638 2073 735 2143 Ms.
766 2073 922 2143 Regf,
953 2075 1185 2129 Samuel.

563 2144 604 2172 δ’
639 2142 797 2199 Deest
824 2139 992 2198 autem
1017 2145 1069 2197 iu
1099 2159 1197 2197 ms.
1233 2144 1365 2212 Reg.
1400 2151 1455 2198 et
1485 2143 1537 2197 in
1558 2140 1686 2196 edit.
1717 2139 1903 2194 Schot.

563 2212 608 2242 ⁸³
639 2212 733 2263 Ms.
755 2214 910 2280 Reg.,
928 2214 1229 2266 Abessalon.
1523 2257 1534 2264 .

563 2280 607 2310 δί
640 2283 734 2334 Ms.
771 2282 922 2336 Vien.
945 2285 1136 2346 coles,
1167 2280 1279 2344 Qua
1301 2283 1528 2334 omnium
1548 2280 1766 2332 crinium
1791 2292 2081 2330 comarum-

493 2365 586 2418 que
615 2350 877 2405 discordia
906 2351 1146 2404 docemur
1172 2352 1323 2414 utin,
1355 2359 1459 2404 etc.

569 2424 607 2448 ’⁵
641 2419 800 2475 Abest
834 2431 1002 2474 tamen
1031 2437 1060 2473 a
1085 2436 1182 2474 ius.
1207 2423 1392 2474 codice
1412 2418 1716 2474 Viennensi.

499 2558 512 2608 Ι
565 2489 608 2517 ⁸³
637 2490 690 2540 lu
721 2508 817 2544 ius.
840 2491 1003 2557 Regio
1021 2491 1207 2545 codice
1229 2503 1444 2558 semper
1475 2488 1716 2558 Sampso,
1738 2486 2083 2541 indeclinabi-

517 2573 547 2608 e
578 2573 797 2608 nomen.

517 2573 547 2610 θ
578 2573 797 2613 nomen.

567 2630 605 2657 ⁸³⁷
638 2629 726 2683 Sic
742 2647 840 2684 ms.
863 2629 1016 2696 Reg.,
1036 2628 1123 2683 ed.
1156 2627 1318 2682 Rosv.
1346 2636 1399 2682 et
1426 2627 1685 2681 Latinius.
1708 2625 1836 2680 Vide
1857 2632 1973 2679 not.
1991 2623 2077 2677 8:2.

497 2697 642 2750 Alias
662 2701 923 2768 judicata,
955 2697 1229 2752 mendose.

567 2769 609 2798 ⁸⁸
642 2763 715 2822 lia
747 2786 874 2824 mss.
893 2768 1023 2838 Reg.
1055 2768 1203 2822 Vien.
1230 2777 1284 2821 et
1312 2765 1432 2821 edd.
1459 2765 1584 2819 Bad.
1609 2774 1664 2821 et
1692 2763 1842 2820 Grin.
1875 2765 1994 2828 Alii,
2020 2767 2084 2819 si-

491 2853 614 2938 gna,
628 2847 732 2962 ‘Ms.
758 2908 890 2976 Reg.
923 2916 978 2962 et
1006 2907 1090 2962 ed.
1123 2907 1278 2973 Bad.,
1301 2906 1485 2971 Grav.,
1515 2905 1664 2959 Grin.
1691 2916 1742 2960 et
1761 2904 1970 2968 Schot.,
1996 2921 2085 2957 za-

494 2976 616 3031 boli.
651 2978 774 3034 Sem
817 2996 873 3032 er
903 2980 954 3031 in
979 2979 1059 3031 bis
1086 2977 1294 3030 zabulus
1324 2987 1379 3030 et
1406 2977 1682 3030 :abolicus.

563 3047 606 3075 ⁶·¹
640 3047 738 3102 Ms.
772 2997 925 3116 Reg,
950 3047 1150 3116 adﬁxa.

595 3053 606 3073 ·¹
640 3053 738 3102 Ms.
772 3053 925 3111 Reg.,
950 3053 1150 3111 adﬁxa.

563 3063 606 3075 υ·’
640 3063 738 3102 ius.
772 3063 925 3116 Reg,
950 3063 1150 3116 aapxa.

561 3117 600 3146 ⁸³
628 3117 724 3172 Ms.
759 3118 932 3172 codex
957 3116 1147 3170 Vatic..
1179 3125 1227 3169 et
1249 3133 1361 3170 ecce
1377 3133 1506 3170 nova
1528 3123 1647 3168 sunt
1669 3115 1860 3167 omnia.

495 3235 498 3240 .
528 3256 540 3266 _
563 3188 605 3266 ’ξ’
637 3187 733 3241 Ms.
769 3187 899 3256 Reg.
933 3196 987 3242 et
1015 3187 1099 3241 ed.
1142 3184 1302 3239 Grav.
1332 3194 1385 3239 et
1410 3187 1621 3250 Schot.,
1653 3185 1858 3237 inluxit.
1893 3182 1959 3236 Et
2007 3185 2082 3238 sic

493 3256 715 3377 ’³ὺῖΨῖῗᾷ
737 3341 834 3378 ms.
865 3324 992 3392 Reg.
1025 3338 1146 3378 cum
1175 3323 1296 3377 edd.
1341 3332 1588 3390 quatuor.
1751 3322 1940 3388 Rosv.,-
1982 3322 2080 3375 Di-

495 3409 607 3446 rum
646 3411 762 3446 amu
798 3434 810 3446 .

496 3522 499 3524 ,
566 3411 724 3517 "pSic
751 3411 939 3517 (futues
967 3463 1180 3518 codices
1202 3469 1396 3532 praeter
1421 3459 1543 3515 Vat.
1573 3468 1625 3515 et
1657 3460 1844 3526 Rosv.,
1879 3462 1931 3515 in
1961 3463 2080 3530 qui-

494 3533 608 3598 bus,
639 3533 944 3602 participem
984 3533 1158 3586 etiam.

567 3552 608 3598 5,
629 3552 944 3656 [aritupem
984 3552 1158 3586 etiam.
1421 3601 1432 3612 ο

563 3605 606 3635 ⁸θ
657 3603 728 3658 ls.
763 3603 892 3672 Reg.
925 3619 1067 3658 eum.
1099 3602 1219 3656 edd.
1253 3599 1303 3666 4,
1324 3601 1541 3670 lapides.

561 3676 607 3706 ⁵⁸
635 3675 732 3727 Ms.
765 3672 936 3727 Vatic.
961 3673 1154 3739 codex,
1179 3689 1242 3725 ne
1259 3687 1324 3724 ea:
1351 3673 1479 3724 alto.

493 3815 512 3867 ι
562 3746 605 3776 ⁸⁷
637 3743 724 3799 Sic
753 3745 1047 3814 repositum
1075 3757 1142 3798 ex
1159 3757 1261 3797 ms.
1293 3739 1650 3810 codiceVien.
1684 3741 1820 3796 Ante
1848 3751 1965 3796 erat
1987 3760 2076 3796 ra-

513 3825 617 3867 eat.

513 3825 617 3869 eat.

565 3888 610 3917 ‘"
637 3884 734 3939 Ms.
771 3883 926 3952 Reg.,
959 3880 1151 3936 Evilat.

560 3955 732 4010 “Mss.
749 3949 963 4009 codices
976 3952 1106 4020 Reg.
1121 3959 1176 4005 et
1189 3949 1342 4006 Vien.
1361 3965 1481 4006 cum
1503 3949 1658 4004 editis
1673 3950 1800 4004 Bad.
1821 3959 1874 4006 et
1887 3949 2071 4015 Grav.,

493 4026 703 4079 multra.

562 4097 606 4126 ⁶⁰
626 4094 724 4146 Ms.
759 4091 915 4159 Reg.,
944 4090 1304 4159 adulescimus.
1330 4089 1611 4159 Edd..tres_,
1632 4089 2001 4144 adulescemus.

561 4166 601 4196 ⁶¹
632 4164 796 4216 Abest
824 4157 957 4213 nunc
987 4175 1016 4212 a
1042 4173 1140 4210 ius.
1167 4158 1341 4211 Vatie.
1371 4167 1426 4211 et
1449 4157 1533 4212 ea.
1566 4157 1716 4211 Grin.

561 4235 605 4266 “
634 4232 731 4285 Ms.
763 4232 893 4297 Reg.
925 4243 1047 4299 cum
1077 4226 1202 4281 edd.
1227 4226 1357 4281 Bad.
1386 4235 1442 4282 et
1463 4225 1648 4293 Grav.,
1671 4228 1937 4299 inriserit"

563 4305 608 4334 ⁸³
634 4301 731 4356 Ms.
751 4299 904 4366 Reg.,
929 4297 1152 4350 ducitur.

563 4372 608 4403 “
634 4370 730 4424 Ms.
759 4369 912 4438 Reg.,
943 4376 1144 4420 contra.

562 4442 608 4473 ⁸⁸
636 4439 734 4494 Ms.
767 4437 896 4509 Reg.
917 4452 1040 4493 cum
1055 4438 1175 4492 edd.
1207 4437 1392 4504 tribus,
1418 4445 1734 4492 antemnam.
1763 4438 1831 4492 Et
1857 4441 1935 4494 sic
1966 4441 2073 4494 ubi-

491 4527 615 4615 qua.
636 4579 734 4633 Ms.
761 4577 930 4635 codex
959 4577 1089 4645 Reg.
1123 4588 1178 4633 et
1202 4577 1330 4633 editi
1356 4587 1482 4644 tres,
1516 4577 1817 4632 inlecebras.

562 4653 603 4682 °"
634 4651 710 4704 lta
733 4667 831 4704 ms.
863 4650 984 4703 cod.
1016 4647 1212 4716 Regius
1241 4664 1365 4702 cum
1413 4650 1571 4704 editis
1599 4658 1848 4716 quatuor.
1892 4648 1957 4704 Et
1997 4651 2074 4706 sic

493 4722 604 4777 l'ere
633 4721 826 4788 ubique
855 4719 1009 4773 iidem
1038 4721 1272 4788 codices.

563 4793 606 4821 ⁸⁸
627 4789 724 4842 Ms.
742 4786 905 4859 Reg"
938 4788 1219 4859 adferebat.
1239 4786 1390 4842 Vien.
1415 4787 1719 4859 afferebaut.

563 4861 604 4894 ⁸⁵
636 4859 761 4912 Mss.
788 4857 918 4926 Reg.
951 4857 1210 4924 et'Vien.,
1244 4859 1606 4912 adtribmione.
1637 4858 1833 4929 Vatic.,
1864 4859 2076 4915 retriau-

490 4933 648 4984 tione.

563 5000 606 5031 7°
625 5000 698 5051 Ita
729 4994 978 5050 ed.Grin.
997 4995 1115 5050 etS.
1132 4996 1443 5066 Ambrosius
1465 4997 1517 5050 in
1547 4995 1744 5053 Lucam
1769 4999 1857 5053 lib.
1884 5017 1956 5061 Vl,
1982 5017 2072 5066 vn,

490 5069 632 5122 unde
662 5069 914 5142 pleraque
943 5067 1053 5142 haec
1081 5067 1339 5142 des‘umsit
1364 5065 1641 5142 Paulinus:
1659 5068 1791 5122 ΕΜ.
1817 5071 1870 5134 5,
1901 5065 2075 5142 dis-po;

491 5141 607 5193 sitio
637 5135 841 5200 seculi,
863 5137 1138 5191 mendose.
1167 5135 1303 5190 Male
1344 5140 1582 5205 reposuit
1612 5139 1830 5193 Duczeus
1856 5155 1923 5194 ex
1969 5135 2068 5194 ius.

491 5210 676 5264 codice
706 5207 965 5271 Puteano,
997 5223 1137 5260 nunc
1161 5205 1348 5274 Regio,
1382 5207 1617 5276 dispositi
1647 5224 1676 5259 a
1706 5210 1912 5271 seculo;
1943 5211 2072 5277 legi-

492 5287 580 5332 tur
608 5277 749 5331 enim
775 5294 805 5327 a
825 5277 1012 5341 seculi,
1046 5291 1113 5329 ex
1142 5291 1244 5342 qua
1277 5291 1407 5330 voce
1448 5278 1621 5333 tinalis
1656 5278 1834 5332 littera
1865 5296 1888 5332 s
1917 5279 2071 5335 facile

493 5348 752 5402 exciderit
770 5347 972 5399 librarii
999 5347 1201 5398 incuria
1224 5345 1298 5414 ob
1327 5348 1598 5414 sequentis
1627 5347 1817 5401 littera:
1845 5364 2074 5403 concur-

491 5433 628 5471 sum.
663 5416 1010 5487 llaquecum
1039 5416 1178 5487 apud
1219 5413 1461 5487 Paulum
1489 5415 1684 5487 Eplies.
1725 5433 1800 5481 ιιι,
1833 5417 1887 5486 9,
1932 5420 2070 5487 apud

492 5486 832 5540 AmbroJum
860 5485 980 5540 loco
1008 5486 1192 5548 citato,
1239 5493 1293 5536 et
1323 5485 1374 5537 in
1403 5486 1531 5539 edit.
1566 5485 1716 5539 Grin.
1751 5485 2010 5541 habeatur
2039 5507 2069 5540 a

492 5557 700 5679 εει-ιιιξό
719 5555 1018 5610 faventibus
1037 5564 1267 5624 quatuor
1288 5556 1443 5608 codd.
1469 5556 1546 5610 sic
1575 5558 1922 5611 restituimus.
1939 5557 2071 5612 Vide

495 5635 605 5679 not.
707 5667 718 5678 .

495 5635 605 5680 not.
632 5635 718 5679 δυ.

559 5697 596 5726 τι
635 5695 731 5775 Ms.
762 5695 932 5751 codex
965 5694 1120 5764 Reg,
1152 5704 1431 5766 temporum
1471 5696 1582 5751 azvi.
1616 5694 1710 5752 Ms.
1746 5694 1915 5764 Vien.,
1944 5707 2069 5750 tem-

495 5779 614 5832 pore
641 5779 752 5818 ww.

1398 297 1465 352 IN
1500 297 1554 354 S.
1599 293 1872 352 PAULlNl
1909 295 2155 352 NOLéNl
2193 295 2493 353 EPlSCOPl
2534 292 2902 357 EPISTOLAS

3650 305 3747 357 ηε

2326 413 2425 486 Ms.
2462 415 2591 486 Reg.
2628 434 2748 471 cum
2779 417 2904 470 edd.
2938 418 2990 483 5,
3017 416 3350 486 inrigaverat.

2323 482 2418 556 Ed.
2455 479 2664 550 Scliot.,
2697 479 3004 556 germinum.

2317 552 2483 624 Deest
2505 557 2612 624 ejus
2645 549 2716 608 in'
2729 572 2825 610 ms.
2861 555 2994 622 Reg.

2247 619 2301 692 ⁷¹ξ
2323 621 2416 675 Ms.
2442 619 2572 692 Reg.
2599 633 2654 678 et
2693 626 2811 678 edd.
2849 619 2999 688 Bad.,
3031 622 3192 675 Grav.
3222 628 3278 674 et
3315 620 3521 688 Schot.,
3550 625 3752 679 inlumi-

2175 689 2344 753 navit;
2377 701 2431 745 et
2463 689 2595 746 inira
2627 694 2977 758 inluminatio,
3002 692 3359 745 inluminator.

2320 761 2415 832 Ms.
2445 761 2588 832 Vat”
2616 765 2720 832 qui,
2749 762 2845 816 Ms.
2879 761 3058 823 Vien.,
3091 759 3250 829 quod.

2455 829 2942 903 Reg.,'quiipsum.

2248 897 2292 970 Ῐ⁸
2320 899 2408 970 Sic
2427 896 2614 970 on'in'es
2642 896 2874 965 codices,
2912 906 3104 970 printer
3132 896 3320 962 Rosv.,
3345 897 3396 951 in
3428 911 3534 966 quo
3560 897 3683 952 Deo.

2249 968 2291 1037 ἶῗ
2321 968 2419 1022 Ms.
2455 969 2609 1037 Reg.,
2635 970 2909 1024 Mittimus.

2248 1034 2291 1066 °°
2320 1037 2396 1091 Ita
2428 1034 2717 1119 I_us."_Vien:
2746 1041 2914 1094 codex
2945 1047 2999 1093 et
3021 1037 3332 1092 Ambrosius
3362 1035 3454 1090 lib.
3481 1051 3528 1089 v1
3568 1036 3622 1090 in
3652 1035 3753 1089 Lu-

2178 1117 2320 1168 cam.
2347 1123 2395 1160 c.
2430 1108 2482 1160 7.
2501 1108 2663 1172 Alias,
2695 1111 2958 1163 honorem.

2179 1175 2428 1293 υίεὲἶδίθο
2462 1192 2560 1230 ¹¹¹⁵ο
2593 1177 2722 1246 R08-
2752 1187 2808 1232 et
2846 1178 2967 1232 edd.
3006 1176 3135 1231 Bad.
3175 1184 3228 1231 et
3257 1173 3416 1230 Grav.
3451 1174 3572 1240 Alii,
3602 1173 3754 1249 θέω-

2178 1256 2450 1368 ρωκιξἈΙεε.
2475 1315 2582 1369 duo
2612 1325 2666 1369 et
2694 1316 2816 1371 edd.
2845 1323 2972 1380 tres,
3006 1316 3220 1368 iuraret.

2250 1379 2296 1410 ⁸³
2319 1381 2415 1437 Ms.
2450 1384 2626 1448 Vien.,
2660 1386 2927 1439 transitus.

2250 1451 2294 1521 "
2325 1450 2422 1521 Ms.
2457 1453 2588 1521 Reg.
2621 1463 2676 1507 et
2698 1456 2782 1509 ed.
2808 1455 3018 1518 Schot.,
3049 1453 3297 1506 vindicat.

2182 1586 2192 1596 _
2242 1519 2294 1596 f‘
2325 1520 2421 1575 Ms.
2455 1518 2585 1596 Reg.
2620 1532 2678 1578 et
2703 1525 2823 1580 edd.
2867 1523 2996 1578 Bad.
3021 1532 3077 1578 et
3103 1522 3290 1590 Grav.,
3320 1521 3516 1575 incesti.
3550 1518 3620 1574 At
3645 1519 3758 1574 vide

2180 1585 2318 1642 infra
2347 1585 2712 1647 oscula'casta.

2250 1660 2296 1730 *f‘
2452 1661 2628 1730 Vien.,
2660 1664 2907 1718 osculum.

2251 1728 2294 1759 ⁸⁷
2327 1729 2426 1784 Ms.
2457 1728 2620 1798 Reg.,
2649 1734 2938 1788 delectatio.

2251 1798 2296 1873 [Ψ
2451 1801 2630 1873 Vien.,
2658 1814 3051 1873 perungueutes.

2253 1868 2295 1899 ⁸³
2321 1869 2421 1938 Ms.
2455 1868 2623 1938 Reg.,
2644 1868 2839 1926 scisset:

2186 2005 2196 2016 .
2249 1938 2292 1968 ’°
2319 1937 2444 1992 Mss.
2491 1935 2621 2008 Reg.
2675 1951 2728 1996 et
2777 1942 2954 2010 Vien.,
2996 1942 3286 1996 adsumere.
3326 1937 3422 1993 Ed.
3470 1935 3680 2000 Schot.,
3709 1942 3758 1987 ut

2178 2021 2304 2059 in...
2335 2020 2686 2064 assumeret...

2251 2078 2292 2108 ⁹¹
2326 2077 2420 2148 Ms.
2448 2079 2580 2148 Reg.
2608 2091 2664 2135 et
2693 2081 2779 2134 ed.
2805 2081 3016 2147 Schot.,
3051 2091 3100 2134 et
3128 2079 3348 2133 addidit.
3391 2141 3397 2146 _

2249 2148 2293 2177 θ’
2324 2146 2450 2202 Mss.
2482 2146 2610 2213 duo,
2641 2153 2971 2213 adquisitam.

2324 2213 2590 2296 ljarticula
2618 2221 2672 2273 in
2697 2213 2892 2275 abesta
2924 2236 3021 2274 ms.
3053 2217 3422 2296 cod_i_ce_Viey'.
3453 2293 3462 2296 _
3566 2292 3577 2296 Α
3609 2283 3668 2296 ,η

2248 2283 2292 2315 ³⁸
2323 2284 2412 2340 Sic
2448 2291 2753 2344 restitutum
2793 2307 2860 2346 ex
2891 2306 3017 2344 mss.
3067 2289 3338 2344 codicibus
3366 2285 3488 2339 Vat.
3522 2292 3584 2341 et
3609 2283 3757 2342 Vien.

2181 2350 2344 2418 Alias,
2373 2358 2526 2412 idem.

2252 2423 2296 2494 Ῠῗ
2326 2425 2423 2494 Ms.
2453 2425 2626 2494 Vien.,
2654 2429 2951 2484 Dominum.

2249 2493 2294 2569 ff
2317 2493 2442 2569 Mss.
2474 2499 2579 2553 duo
2604 2493 2659 2554 et
2687 2500 2810 2554 edd.
2845 2510 2973 2566 tres,
2999 2499 3229 2569 inligari.

2249 2561 2291 2593 ⁸⁷
2319 2563 2485 2620 Abest
2513 2584 2543 2622 a
2573 2585 2672 2623 ms.
2703 2571 2890 2624 culice
2914 2561 3068 2624 Vien.

2250 2632 2294 2663 “
2323 2633 2420 2690 Ms.
2453 2637 2631 2703 Vien.,
2655 2649 2703 2692 et
2729 2639 2881 2693 idem.

2251 2703 2293 2733 9°
2316 2703 2430 2761 lloc
2460 2711 2677 2761 verbum
2709 2725 2771 2762 ex
2805 2725 2906 2764 ms.
2933 2707 3118 2762 codice
3141 2705 3295 2760 Vien.
3324 2705 3612 2758 insertum.

2252 2772 2316 2800 ¹⁰⁰
2344 2773 2440 2848 Ms.
2476 2769 2620 2841 Vat.,
2653 2787 2985 2848 consequente
3006 2792 3111 2830 eos.
3131 2775 3228 2829 Ms.
3263 2774 3393 2842 Reg.
3431 2783 3486 2828 et
3513 2774 3652 2828 editi
3678 2788 3763 2828 co-

2178 2838 2324 2916 dices
2353 2843 2405 2910 4,
2435 2838 2659 2916 sequenti
2682 2865 2786 2901 eos.

2253 2913 2314 2985 ff”
2357 2917 2452 2970 Ms.
2481 2913 2634 2985 Reg.,
2664 2918 2848 2971 lenius.

2253 2983 2316 3013 ¹⁰¹
2347 2986 2473 3041 Mss.
2507 2979 2661 3053 Reg.,
2695 2986 2850 3043 Vien.
2885 2995 2940 3043 et
2961 2986 3084 3042 edd.
3117 2983 3272 3051 Bad.,
3293 2980 3451 3037 Grav.
3480 2979 3763 3045 ctSchot-o

2179 3055 2453 3110 adsensor.

2351 3128 2443 3183 Ed.
2478 3127 2688 3192 Schot.,
2715 3128 2837 3198 quia
2865 3143 3076 3198 peccare
3097 3139 3373 3194 numquam
3401 3120 3620 3175 desinit-

2251 3193 2316 3224 m
2347 3198 2442 3251 Ms.
2477 3198 2652 3261 Vien.,
2681 3193 2738 3251 εί
2756 3208 2850 3250 est.

2250 3265 2316 3338 “ff
2346 3268 2598 3338 Additum
2627 3260 2750 3338 quid
2777 3283 2844 3321 ex
2875 3281 2974 3322 ms.
3007 3265 3190 3320 codice
3219 3260 3527 3316 Viennensi.

2250 3335 2316 3406 ὀξ
2345 3337 2443 3406 Ms.
2478 3335 2658 3403 Vien.,
2689 3354 2829 3406 opes.

2249 3405 2314 3437 '°"
2344 3405 2443 3460 Ed.
2475 3407 2651 3474 Grin.,
2682 3405 2862 3460 animi.

2681 3505 2748 3559 IN
2786 3503 3001 3559 EPIST.
3034 3501 3218 3556 XXIV.

2248 3606 2261 3635 ¹
2297 3605 2394 3661 Ms.
2429 3605 2559 3674 Reg.
2591 3613 2646 3660 et
2673 3604 2794 3660 edd.
2828 3604 2958 3658 Bad.
2987 3614 3040 3658 et
3067 3601 3244 3671 Grin.,
3275 3602 3511 3671 fecimus.

2247 3677 2266 3746 ξ
2295 3675 2391 3746 Ed.
2419 3673 2592 3746 Grin.,
2625 3691 2734 3746 pra:
2777 3677 2954 3728 nimio.

2247 3744 2384 3816 _'M_s.
2420 3744 2565 3816 Vat.,
2598 3744 2886 3816 possumus.

2246 3814 2264 3843 ‘
2296 3813 2394 3868 Ms.
2427 3813 2606 3877 Vien.,
2630 3819 2882 3869 convenit.

2246 3884 2266 3914 ⁸
2287 3883 2384 3937 Ed.
2409 3883 2619 3949 Schot.,
2650 3887 2828 3939 audes.

2247 3954 2267 3984 ⁸
2295 3953 2386 4008 Sic
2430 3965 2726 4023 reposxtum
2771 3971 2839 4009 ex
2890 3971 2990 4011 ms.
3021 3953 3207 4010 codice
3234 3951 3387 4007 Vien.
3420 3951 3557 4006 Vide
3607 3966 3756 4021 seqq.

2176 4021 2299 4087 Alii,
2321 4021 2562 4094 quoniam
2591 4025 2812 4078 omnem.

2245 4096 2264 4124 ⁷
2295 4091 2488 4162 Addita
2519 4096 2779 4162 particula
2809 4104 2858 4150 et
2887 4109 2954 4148 ex
2982 4109 3080 4148 ms.
3114 4093 3269 4148 Vien.
3301 4091 3503 4146 codice.

2245 4167 2264 4194 ⁸
2285 4161 2371 4215 'lta
2394 4161 2752 4234 mssieodices
2770 4164 2904 4234 Reg.
2928 4173 2982 4218 et
3002 4163 3157 4219 Vien.
3181 4178 3303 4218 cum
3325 4163 3481 4217 editis
3499 4169 3758 4230 quatuor.

2175 4233 2336 4295 Alias,
2369 4242 2611 4302 aperatur
2638 4229 2797 4288 Deus.
2857 4229 2878 4234 ⁷
3005 4258 3009 4263 -

2244 4309 2262 4336 υ
2293 4301 2407 4355 Ms.
2424 4301 2578 4372 Reg.,
2613 4303 2883 4358 Dominus.

2247 4375 2288 4446 ἕο
2439 4373 2617 4446 Vien_._,
2651 4378 2874 4446 perfecte
2901 4375 3154 4446 vixerunt:

2247 4445 2285 4474 “
2320 4444 2410 4496 Sic
2430 4458 2528 4496 ms.
2560 4438 2714 4497 Vien.
2745 4438 2949 4504 codex,
2992 4459 3090 4496 ms.
3124 4442 3255 4509 Reg.
3282 4455 3403 4494 cum
3433 4438 3592 4493 editis
3620 4455 3758 4509 qua-

2177 4521 2317 4580 tuor,
2348 4513 2436 4566 sed
2466 4529 2662 4567 eorum.
2695 4514 2853 4568 Deest
2882 4515 2971 4566 sed
3001 4515 3052 4566 in
3083 4513 3318 4566 editione
3348 4509 3511 4563 Rosv.

2247 4585 2286 4614 “
2310 4583 2405 4638 Ms.
2437 4582 2567 4650 Reg.
2596 4590 2650 4638 et
2677 4584 2796 4638 edd.
2829 4592 3076 4651 quatuor,
3101 4581 3427 4635 Dominicum
3456 4581 3684 4633 verbum.
3736 4589 3738 4594 '

2248 4653 2288 4682 ¹³
2316 4653 2415 4705 Ms.
2451 4653 2628 4719 V.en.,
2662 4655 3006 4707 reservandis.

2247 4723 2287 4752 υ
2319 4723 2412 4775 Ms.
2447 4721 2578 4790 Reg.
2610 4739 2730 4778 cum
2767 4723 2924 4778 editis
2955 4729 3206 4791 quatuor,
3236 4719 3327 4774 sed
3354 4719 3416 4772 de
3445 4722 3759 4790 peregrinis.

2248 4793 2290 4822 ¹¹⁵
2312 4791 2409 4844 Ms.
2442 4791 2598 4844 Ret!"
2627 4811 2744 4844 nua.

2367 4810 2409 4845 s.
2442 4807 2598 4860 neg.,
2627 4811 2744 4860 qua.

2312 4811 2409 4845 ius.
2442 4811 2519 4845 ne
2538 4811 2575 4845 ι.
2659 4811 2744 4846 ua.

2246 4863 2288 4893 ¹⁶
2316 4861 2411 4915 Ms.
2439 4811 2989 4930 Viebn:,qterminasset,
3023 4879 3116 4916 nec
3146 4871 3192 4914 te
3213 4858 3332 4932 falsi
3355 4864 3646 4928 arguerem.

2247 4932 2285 4962 ¹⁷
2312 4932 2408 4985 Ms.
2439 4931 2616 4996 Vien.,
2649 4951 2752 4987 non
2773 4935 3070 4986 tuleramus.

2245 5002 2288 5030 “
2319 5000 2415 5054 Ms.
2449 5001 2604 5069 Reg,
2634 5005 2820 5056 animw
2859 5016 3049 5056 nostra:
3076 4997 3386 5069 visceribus;
3418 5012 3518 5052 nec
3565 4996 3709 5049 male
3742 5013 3755 5047 :

2173 5071 2226 5122 iu
2250 5072 2472 5139 epistola
2514 5067 2657 5125 enim
2695 5071 2764 5124 25
2805 5072 2871 5125 ad
2909 5071 3185 5137 Severum,
3214 5086 3268 5124 ιι.
3301 5067 3386 5127 58,
3421 5076 3538 5121 tunc
3578 5069 3757 5120 anima

2179 5151 2354 5193 nostra
2387 5142 2570 5195 totis...
2605 5143 2876 5195 visceribus
2907 5157 3142 5195 accensa.

2246 5212 2284 5243 ¹⁹
2315 5211 2410 5264 Ms.
2447 5209 2624 5274 Vien.,
2657 5214 2892 5265 accersit.

2242 5281 2286 5310 ’θ
2312 5280 2412 5350 Ms.
2443 5279 2565 5333 Vat.
2599 5290 2654 5335 et
2682 5283 2767 5334 ed.
2793 5283 3002 5345 Schot.,
3028 5296 3146 5350 quo.

2243 5352 2284 5380 ²¹
2310 5349 2384 5402 lta
2409 5364 2536 5401 mss.
2569 5352 2803 5406 cosiccs.
2839 5353 2905 5404 At
2933 5345 3080 5416 editi,
3113 5357 3291 5403 nostra
3323 5345 3476 5400 Deus.

2243 5420 2285 5451 ²²
2313 5419 2409 5473 Ms.
2435 5417 2619 5485 Vien.,
2649 5428 2702 5470 ut
2733 5423 2825 5483 vis,
2859 5429 3060 5473 meta...

2239 5489 2284 5519 ’³
2307 5489 2403 5542 Ms.
2429 5487 2607 5555 Vien.,
2632 5497 2750 5542 tunc
2779 5493 2949 5544 vincit.

2242 5559 2287 5588 ἰ
2311 5557 2407 5612 Ms.
2441 5561 2617 5612 codex
2641 5559 2947 5620 Vaticanus,
2982 5558 3348 5612 transnatavit.

2240 5629 2284 5658 ’⁵
2315 5627 2413 5681 Ms.
2450 5627 2604 5694 Reg.,
2629 5638 3023 5682 sacramentum.

2243 5699 2287 5728 "
2320 5698 2480 5754 Deest
2509 5700 2672 5750 nostri
2694 5699 2746 5751 in
2777 5715 2874 5754 ms.
2904 5698 3055 5753 Vien.

2243 5769 2283 5798 ³⁷
2307 5767 2403 5821 Ms.
2437 5767 2614 5832 Vien.,
2639 5770 2692 5822 in
2721 5769 2830 5822 illo.
