3988 6176
282 390 329 422 ⁸⁵
360 389 486 445 Mss.
519 387 652 458 Reg.
684 394 737 443 et
769 385 891 441 edd.
919 395 1048 450 tres,
1081 386 1186 440 illic
1215 386 1467 439 carnalia.

280 459 324 491 "
356 459 456 514 Ms.
478 460 657 523 Vien.,
689 474 798 511 rem
819 459 1127 526 futurorum.

282 528 328 561 ⁶⁸
355 530 446 584 Sic
483 543 610 582 mss.
643 523 856 582 codices
885 525 1040 594 Reg.,
1077 525 1227 580 Vien.
1259 533 1312 578 et
1361 523 1483 578 edd.
1537 531 1784 594 quatuor.

210 596 376 652 Bene.
405 597 538 652 Vide
558 595 715 650 infra.

281 668 324 700 °’
350 667 453 722 Ms.
483 665 655 722 codex
675 664 984 723 Vaticanus.
1011 666 1296 734 frustratae.

279 738 324 768 ⁷⁰
352 737 492 791 Edd.
522 735 574 799 4,
609 734 861 804 Spiritus,
881 734 1043 787 male.

279 809 320 839 '“
352 805 452 860 Ms.
479 805 615 872 Reg.
634 803 659 868 ,ί
680 813 736 856 ut
755 803 972 856 umbrat.

279 878 323 908 ⁷¹
352 870 668 928 Addidimus
694 881 744 926 et
772 887 836 926 ex
869 887 994 925 mss.
1028 870 1158 938 Reg.
1191 879 1245 924 et
1265 870 1418 924 Vien.

279 944 325 980 ⁷³
355 944 518 998 Deest
537 943 603 995 ab
635 943 685 995 in
717 957 816 996 ms.
853 940 983 1007 Reg.

280 1012 326 1043 ⁷⁵
358 1012 458 1066 Ms.
512 1011 684 1067 codex
730 1010 909 1075 Vien.,
959 1019 1216 1064 monetam
1263 1010 1506 1079 imaginis
1551 1024 1660 1062 sua:
1705 1009 1788 1062 di-

211 1099 449 1206 gng‘mMs.
476 1149 645 1205 codex
669 1147 865 1216 Regius
884 1163 1004 1202 cum
1027 1147 1184 1200 editis
1204 1155 1454 1216 quatuor,
1482 1148 1616 1202 male
1643 1163 1787 1205 cura,

214 1231 299 1272 aut
353 1220 479 1274 bene
527 1235 721 1272 amore.
754 1215 851 1271 Ms.
903 1217 1098 1281 Vatic.,
1157 1215 1282 1270 mali
1336 1235 1479 1282 cura,
1527 1228 1618 1271 aut
1671 1215 1791 1269 boni

215 1306 648 1412 anxrgltccmnus
690 1374 701 1409 :
735 1355 985 1410 Fortasse
1025 1354 1308 1421 legendum
1337 1357 1514 1409 anima
1541 1354 1790 1414 tunditur,

213 1443 354 1482 mens
382 1427 695 1491 conciditur,
728 1440 849 1478 nam
870 1426 938 1479 de
966 1425 1140 1478 securi
1161 1432 1216 1478 et
1244 1425 1436 1479 malleo
1464 1425 1658 1492 agitur.
1685 1422 1790 1476 Ve-

214 1506 514 1550 rumtamen
537 1505 591 1550 et
611 1495 780 1549 amori
802 1494 1088 1562 compedes
1110 1496 1436 1548 conveniunt
1466 1513 1477 1546 :
1505 1510 1605 1548 nec
1626 1492 1791 1546 usita-

214 1573 324 1618 tum
353 1575 435 1620 est
461 1565 730 1631 allegoria:
754 1563 973 1618 verbum
1003 1563 1389 1630 intermiscere,
1422 1562 1716 1633 praesertim
1746 1562 1792 1616 si

213 1648 358 1702 quael
429 1649 666 1701 roprium
682 1648 770 1687 Sll.

287 1705 327 1734 "
352 1651 452 1758 si;
482 1703 662 1769 Vien.,
693 1703 945 1770 sapientia
972 1710 1020 1754 et
1046 1701 1203 1754 virtus
1233 1701 1349 1754 Dei.

277 1775 324 1803 ⁷⁸
352 1773 452 1826 Ms.
480 1772 640 1841 Reg.,
668 1773 904 1825 sanitatis
935 1778 1111 1841 nostro
1139 1788 1342 1841 genere.

281 1844 326 1874 τ’
354 1841 457 1895 Ed.
483 1840 692 1906 δάιοι..
719 1842 960 1894 interiore
988 1840 1207 1900 homine,
1241 1841 1429 1893 sanati.

284 1913 328 1944 ⁶⁰
349 1911 450 1964 Ms.
485 1911 614 1979 Reg.
640 1926 757 1965 cum
782 1909 902 1963 edd.
937 1908 1068 1963 Bad.
1099 1917 1152 1963 et
1172 1908 1356 1973 Grav.,
1383 1909 1608 1973 tulimus,
1632 1908 1790 1962 male.

215 1979 350 2036 Vide
375 1981 751 2036 praecedentia.

280 2054 320 2082 "
345 2046 714 2118 Expunximus
736 2051 899 2102 Amen
921 2048 971 2101 in
999 2046 1102 2102 line
1130 2047 1352 2118 hujusce
1375 2047 1613 2118 epistola:
1638 2065 1650 2099 :
1674 2061 1793 2118 qua:

215 2133 314 2173 vox
341 2135 372 2172 a
399 2117 529 2172 mss.
560 2119 834 2172 codicibus
862 2119 1032 2181 abest,
1065 2124 1120 2171 et
1149 2117 1202 2170 in
1228 2117 1385 2172 editis
1415 2117 1613 2171 inserta
1643 2117 1792 2172 vide-

217 2188 366 2244 batur
393 2203 462 2243 ex
483 2188 782 2257 Scriptura.

703 2277 769 2330 IN
808 2277 1018 2331 EPIST.
1057 2273 1290 2329 XXXIII.

286 2351 302 2378 ³
342 2345 443 2400 Hic
491 2347 677 2402 titulus
704 2347 857 2401 abest
902 2363 932 2401 a
973 2363 1074 2400 ms.
1106 2346 1294 2400 codice
1324 2345 1508 2412 Regio.
1539 2355 1594 2400 et
1638 2347 1795 2400 editis

223 2415 346 2470 Bad.
379 2426 444 2486 et
463 2415 626 2470 Grav.
659 2415 758 2471 Ed.
788 2415 969 2483 Grin.,
1001 2416 1201 2470 Aletliio
1226 2418 1465 2486 episcopo
1486 2417 1637 2486 fratri
1666 2415 1795 2470 Flo-

216 2488 384 2547 rentii,
412 2485 688 2539 Paulinus.

283 2558 302 2587 ¹
332 2555 433 2626 Ms.
462 2555 624 2626 Reg.,
647 2555 919 2626 eloquium.

281 2626 302 2698 ξ
328 2624 429 2698 Ms.
461 2624 597 2698 Reg.
628 2632 685 2678 et
703 2624 822 2679 edd.
850 2624 988 2698 Bari.
1021 2633 1076 2678 et
1099 2625 1285 2690 Grav.,
1319 2624 1588 2698 quignobis.

283 2694 304 2724 ⁸
334 2692 434 2748 Ed.
465 2691 642 2758 Grin.,
669 2703 757 2747 aut
788 2695 908 2756 tale,
945 2693 1157 2750 favente
1185 2712 1284 2750 ms.
1317 2691 1502 2750 codice
1533 2695 1718 2762 Regio.

429 1635 666 1701 roprium
682 1634 770 1687 sit.

710 2783 776 2836 IN
808 2781 1020 2835 EPIST.
1054 2783 1289 2838 XXXIV.

283 2853 301 2884 ³
340 2851 482 2908 Edit.
525 2851 712 2920 Grin.,
742 2851 1004 2918 Homelia,
1034 2861 1139 2907 etc.
1192 2854 1290 2907 Ms.
1331 2852 1503 2906 codex
1548 2850 1700 2905 Vien.
1741 2860 1794 2905 et

215 2921 402 2991 Florus
451 2921 618 2989 Lugd.
661 2923 714 2976 in
757 2922 1010 2991 epistolas
1035 2921 1207 2984 Pauli,
1241 2923 1331 2976 lib.
1367 2938 1399 2976 ιι
1428 2921 1792 2991 Caten.,_cum

217 2990 385 3046 Cbiﬂl.
418 2991 577 3062 θῶς..
604 2989 806 3046 Sermo
826 2993 993 3062 sancti
1035 2992 1244 3062 Paulini
1284 2989 1798 3062 episcopideﬁazo-

211 3062 469 3132 pluylacio.
487 3061 774 3132 _I£diti_tres
803 3061 1033 3132 codices,
1068 3059 1324 3131 Epistola,
1349 3059 1462 3132 etc.
1481 3061 1585 3132 Ed.
1603 3059 1790 3132 Roqu

216 3129 450 3210 Epis-tola
476 3129 668 3184 XXXI
681 3130 758 3210 ιζ’,
790 3129 1234 3210 sitiehtleclamatio
1275 3133 1338 3210 de
1386 3129 1789 3210 parvopltyla‘cio.

256 3199 411 3322 fltla
449 3216 580 3254 mss.
622 3200 834 3255 codices
875 3200 1008 3268 Reg.
1044 3200 1194 3255 Vien.
1238 3209 1292 3256 et
1341 3200 1426 3254 ed.
1460 3198 1634 3255 Cbiltl.
1669 3200 1792 3266 Alii,

256 3284 361 3321 mea
387 3288 438 3322 a.

220 3284 438 3323 ﬂuenta.

285 3341 303 3369 ³
328 3338 419 3394 Sic
445 3339 605 3394 iidem
634 3338 866 3393 codices.
899 3337 1021 3401 Alii,
1053 3340 1186 3410 quod
1214 3355 1366 3409 quam
1397 3340 1643 3392 maxime.

285 3409 306 3439 ⁸
333 3409 499 3463 Iidem
542 3407 780 3475 codices,
809 3407 1087 3462 Dominum
1132 3414 1349 3478 tenerat.
1399 3409 1597 3472 Ceteri,
1629 3410 1794 3464 Deum

237 3487 432 3531 trierat.

218 3479 434 3618 {milia
463 3545 634 3618 codex
668 3546 864 3615 Regius
892 3555 948 3600 et
966 3545 1092 3602 edd.
1125 3547 1254 3603 Bad.
1279 3547 1464 3615 Grav.,
1500 3556 1790 3618 trapezetw.

288 3617 308 3648 ⁸
465 3613 640 3679 Grin.,
669 3613 858 3685 ferens.

285 3686 303 3716 ²
332 3684 432 3739 Ed.
463 3684 696 3752 quatuor
723 3685 924 3741 addunt
953 3687 1082 3741 Deo.

288 3757 308 3788 ⁸
336 3753 405 3807 1η
435 3765 575 3808 terra
623 3763 760 3808 tuam
779 3797 793 3822 ,
821 3757 873 3811 id
903 3766 987 3812 est
1012 3759 1057 3810 si
1102 3772 1381 3827 ragnoscas
1430 3756 1706 3826 pecuniam
1738 3759 1791 3810 in

214 3831 504 3896 terraresse
522 3833 673 3896 tuam
702 3829 1068 3895 temporaliter,
1103 3832 1168 3878 ad
1201 3835 1411 3895 tempus
1440 3834 1666 3888 tantum,
1700 3844 1790 3896 po-

214 3894 333 3946 teris
360 3895 416 3946 in
437 3895 560 3947 ccelo
571 3895 759 4015 l[acere
785 3894 1101 3965 perpetuam.

281 3967 300 3996 ⁹
329 3961 462 4015 Edd.
492 3963 564 4015 Ba
607 4003 622 4015 .
655 3972 709 4015 et
737 3962 923 4015 ϐων..
952 3965 1100 4015 Domi

281 3967 300 3996 ⁹
329 3961 462 4016 Edd.
492 3961 622 4016 Bad.
655 3972 709 4016 et
737 3961 923 4028 om"
952 3965 1338 4019 Dominicorum
1365 3965 1694 4019 talentorum.

285 4033 326 4062 ‘°
357 4030 434 4085 Ita
475 4032 874 4088 emendavimus
923 4050 987 4089 ex
1017 4050 1117 4088 ms.
1151 4034 1336 4088 codice
1387 4034 1535 4089 Vien.
1583 4043 1636 4088 et
1659 4036 1784 4091 edit.

211 4100 404 4172 Chii“.
420 4101 557 4156 Ante
588 4111 706 4155 erat
731 4114 1050 4172 superantes.

283 4174 324 4253 ιξ
353 4170 443 4225 Sic
471 4170 806 4253 reposuimus
825 4190 891 4228 ex
913 4175 1100 4229 iisdem
1122 4173 1395 4230 codicibus
1410 4173 1636 4229 duobus.
1653 4174 1790 4229 Ante

213 4249 332 4295 erat
357 4257 454 4310 quo
474 4242 647 4311 digne.

281 4312 322 4385 ξς
483 4307 658 4385 ςξςίηη
680 4309 1027 4385 Propterea...
1051 4315 1328 4385 obstringo.

279 4379 322 4452 θ’
358 4378 457 4452 Ms.
489 4378 808 4452 Viennensis
860 4382 1050 4452 codex,
1081 4394 1126 4437 te
1176 4378 1415 4448 expertus
1464 4383 1697 4452 ﬁdelem,
1727 4384 1790 4435 de

205 4451 314 4522 suis
333 4448 621 4522 caglestibus
645 4450 895 4504 thesauris
925 4461 973 4504 te
994 4453 1199 4506 divitem
1231 4455 1407 4522 faciat.
1442 4448 1536 4506 Ms.
1571 4452 1713 4522 Reg.,
1734 4462 1789 4505 et

205 4519 332 4572 edit.
367 4515 571 4590 Cbiﬂl.,
613 4529 661 4571 te
707 4531 971 4590 expertum
1005 4515 1318 4590 ﬁdelem'de
1361 4523 1466 4576 suis
1507 4515 1788 4576 catestibus

207 4589 466 4658 thesauris
485 4588 699 4658 divitem
724 4588 900 4658 faciat,
925 4588 1197 4646 mendose.

276 4658 320 4732 ξς
350 4655 450 4732 ξιξ,
483 4656 640 4732 Reg.,
673 4655 1108 4732 quid.__Ed.;Ba_t_I.
1133 4671 1185 4715 et
1209 4662 1396 4728 Grav.,
1418 4664 1570 4732 quod.

276 4728 322 4759 ⁸⁵
357 4725 462 4794 Ms.
497 4726 649 4780 Vien.
683 4735 739 4781 et
765 4728 894 4781 edit.
929 4729 1125 4794 Cliim.,
1159 4725 1410 4784 rideatur.

274 4793 426 4875 ".Ita
455 4811 583 4850 mss.
618 4795 749 4865 Reg.
784 4805 839 4852 et
862 4798 1020 4854 Vien.
1051 4793 1169 4855 cum
1200 4803 1329 4856 edit.
1378 4800 1552 4856 Chim.
1587 4801 1782 4866 Ceteri,

212 4867 254 4917 in
285 4867 371 4917 die
398 4868 540 4917 mala
569 4864 632 4917 ab
663 4866 762 4917 ira.

208 4881 254 4919 in
285 4880 371 4917 ate
398 4880 540 4917 mata
569 4880 632 4917 ao
663 4883 762 4919 ira.

274 4937 316 4965 "
352 4931 484 5004 Edd.
519 4934 736 5004 Bad.ret
764 4935 946 5004 Gram,
979 4940 1191 4993 sustinet
1212 4941 1464 4994 omittere.

274 5006 320 5035 ¹⁸
349 5002 442 5057 Sic
489 5021 589 5058 ms.
620 5003 775 5058 Vien.
807 5002 939 5060 cum
976 5008 1095 5062 edd.
1125 5007 1275 5063 Grin.
1309 5019 1364 5064 et
1408 5008 1584 5064 Chim.
1619 5010 1780 5073 Alias,

203 5075 524 5128 osculantur.

276 5147 318 5178 ⁸³
351 5142 449 5196 Ms.
475 5142 630 5211 Reg.,
648 5143 963 5212 impressius.

715 5233 782 5287 IN
823 5233 1035 5291 EPIST.
1068 5234 1277 5289 XXXV.

272 5307 289 5336 ί
324 5301 424 5355 Ms.
456 5302 588 5372 Reg.
621 5312 676 5356 et
700 5304 821 5357 edd.
852 5314 1102 5372 quatuor,
1134 5323 1267 5358 nunc
1306 5314 1374 5360 et.

271 5377 292 5404 ’
327 5372 458 5425 Edd.
492 5369 642 5426 Grin.
663 5381 722 5444 et
750 5369 914 5428 Rosi'.
946 5375 1147 5428 addunt
1181 5375 1303 5430 Vale
1333 5395 1348 5428 :
1381 5391 1541 5444 quam
1573 5391 1780 5437 vocem,

201 5458 325 5496 cum
358 5456 388 5492 a
417 5457 540 5495 mss.
572 5443 849 5497 codicibus
877 5445 1074 5498 nostris
1097 5453 1150 5499 et
1166 5445 1322 5501 editis
1353 5443 1519 5500 tribus
1548 5447 1781 5511 abesset,

202 5511 584 5580 expunximus.
701 5581 770 5635 IV
799 5579 990 5636 EPIST
1056 5581 1266 5636 xxx“

728 5603 744 5634 ι
1000 5623 1010 5635 .
1060 5623 1075 5635 .
1159 5628 1174 5635 -
1234 5597 1236 5600 ’

728 5597 768 5635 Ν
799 5597 1010 5636 ΕΙΊδῘ.
1060 5597 1287 5636 XXXVI.

275 5653 290 5682 ¹
338 5649 430 5730 Ms.
461 5649 588 5724 Reg.
615 5660 668 5708 et
694 5651 847 5716 Bud.,
883 5653 1153 5722 adpetitur.
1183 5653 1313 5709 Edd.
1337 5652 1495 5709 va.
1524 5662 1575 5711 et
1605 5652 1777 5720 Grin.,

203 5729 481 5788 appetitur.

1441 273 1530 328 VA
1539 270 1831 326 RIAN'I‘ES
1871 270 2264 328 LECTIONES.

3364 271 3472 324 431»

1967 387 1986 416 ί
2017 385 2090 438 Ita
2121 400 2248 438 mss.
2299 383 2429 452 Reg.
2464 391 2519 437 et
2546 383 2701 438 Vien.
2747 397 2869 452 cum
2917 382 3002 435 od.
3053 381 3237 437 Schot.
3291 382 3354 436 Et
3389 387 3468 440 sic

1892 470 2080 534 omnes
2109 455 2322 509 codices
2347 451 2412 507 ad
2433 454 2589 522 epist.
2623 452 2710 517 2‘2,
2743 469 2797 506 n.
2820 451 2872 504 2.
2904 453 3039 507 Ante
3067 462 3184 506 erat
3206 454 3469 522 parcitno—

1891 540 2050 575 mam.

1964 598 1982 622 δ
2011 592 2068 646 In
2100 608 2201 646 ms.
2247 591 2379 660 Reg.
2413 599 2467 646 et
2493 591 2670 658 editis,
2702 591 3012 644 adsumtum.
3044 587 3102 642 In
3130 605 3230 644 ms.
3265 589 3467 654 Vatic.,
3567 661 3574 668 _

1890 662 2229 729 absumptum.

1961 731 1982 759 ⁵
2018 727 2108 786 Sic
2138 748 2263 787 mss.
2310 729 2442 797 Reg.
2472 729 2626 785 Vien.
2659 737 2715 784 et
2752 728 2838 782 ed.
2877 727 3028 783 Grin.
3079 729 3218 781 Ante
3265 737 3382 781 erat
3422 738 3472 782 et

1891 816 2072 852 simus.

1961 870 1982 899 ⁵
2010 869 2107 938 Ms.
2140 869 2272 938 Reg.
2300 878 2355 924 et
2391 869 2518 926 editi
2547 877 2796 937 quatuor,
2820 869 2982 938 ponit.

1963 939 1983 968 ‘
2015 936 2108 1007 Ms.
2143 936 2275 1007 Reg.
2302 956 2423 995 cum
2454 936 2575 994 edd.
2599 938 2728 991 Bad.
2759 947 2812 991 et
2840 937 3023 1002 Grav.,
3047 955 3280 1004 vacuam,
3305 936 3463 991 male.

1961 1009 1979 1037 ⁷
2011 1005 2144 1061 Edd.
2177 1005 2326 1063 Grin.
2361 1008 2643 1072 etSchot.,
2675 1009 2944 1061 consentit.

1961 1078 1982 1107 ⁸
2011 1075 2107 1130 Ed.
2133 1077 2343 1142 Schot.,
2367 1081 2439 1132 sic
2469 1079 2752 1131 adhaereat.

1961 1149 1981 1178 '
2013 1144 2271 1215 Latinius,
2302 1147 2438 1202 forte
2465 1150 2550 1218 qui
2580 1148 2716 1217 fecit.

2366 1238 2436 1291 IN
2475 1236 2685 1292 EPIST.
2728 1235 2978 1291 XXXVII.

1965 1327 1980 1357 ³
2009 1325 2105 1380 Ms.
2138 1327 2290 1396 Reg.,
2321 1329 2619 1399 epistulam;
2651 1338 2706 1383 et
2736 1328 2891 1394 infra,
2919 1330 3183 1398 epistulas.

1963 1399 1983 1427 ’
2014 1395 2139 1451 Mss.
2165 1398 2296 1452 Rea.
2331 1409 2386 1452 et
2407 1399 2585 1452 Vien..
2619 1400 2876 1452 adferens.

2067 1413 2139 1451 ss.
2165 1413 2296 1463 neg.
2331 1413 2386 1453 et
2414 1413 2585 1463 Vien.,
2619 1413 2876 1463 aatereus.

1963 1402 1983 1427 '
2014 1402 2139 1451 Mss.
2165 1402 2296 1465 Reg.
2331 1409 2386 1453 et
2407 1402 2585 1463 Vien.,
2619 1402 2876 1468 adferens.

1962 1467 1982 1496 ³
2010 1465 2087 1520 Ita
2116 1468 2453 1536 emendatum
2483 1484 2550 1523 ex
2591 1483 2718 1523 mss.
2758 1467 2888 1536 Reg.
2920 1476 2973 1521 et
3001 1467 3153 1522 Vien.
3185 1467 3323 1520 Ante
3351 1470 3465 1519 erat

1892 1551 2048 1603 supra
2080 1535 2202 1590 mel.

1963 1605 1985 1634 ⁸
2012 1605 2176 1675 Alias,
2197 1607 2469 1675 numquid.

1966 1675 1985 1746 ξ
2015 1673 2396 1746 E_dit._Schot.,
2422 1676 2780 1746 abfuissemus.

1967 1745 1988 1774 ε
2019 1743 2115 1797 Ms.
2144 1743 2300 1812 Reg.,
2333 1743 2628 1799 Dominum.

1969 1815 1987 1843 ⁷
2011 1812 2108 1866 Ms.
2141 1813 2311 1868 codex
2342 1814 2655 1875 Vaticanus,
2687 1831 2750 1867 ne
2777 1825 3150 1868 convertamur.

1965 1883 1985 1915 ⁸
2015 1880 2109 1952 Ms.
2137 1882 2268 1952 Reg.
2299 1891 2355 1937 et
2373 1883 2492 1937 edd.
2519 1892 2648 1949 tres,
2679 1885 2896 1952 inﬁrmi,
2924 1885 3080 1938 male.

1962 1950 2110 2023 ’_M_s.
2139 1951 2297 2020 Reg.,
2327 1953 2615 2023 distinguis.

1967 2021 2008 2092 ’ἒ
2038 2019 2126 2092 Sic
2149 2019 2532 2092 mss.'codices.
2570 2022 2724 2085 Editi,
2748 2038 3081 2092 personarum
3113 2023 3285 2074 trium.

1965 2090 2004 2162 3‘
2035 2090 2132 2162 Ms.
2160 2090 2380 2162 Reg._et
2408 2093 2491 2145 ed.
2524 2090 2933 2162 Schot.,'[actus
2961 2102 3056 2144 est.

1969 2161 2008 2231 ’Ἴ
2040 2159 2113 2231 μθ
2143 2175 2270 2231 ῐῃξβ.
2303 2159 2433 2228 Reg.
2465 2171 2520 2214 et
2544 2162 2696 2215 Vien.
2722 2159 2874 2226 Edd.,
2899 2163 3109 2231 alioqui.

1969 2230 2009 2261 ³³
2040 2229 2136 2284 Ms.
2170 2229 2351 2294 Vien.,
2377 2248 2464 2284 ore
2486 2231 2706 2284 dicatur.

2367 2321 2434 2375 IN
2455 2322 2664 2377 EPIST.
2698 2322 2977 2376 XXXVIII.

1937 2459 1940 2466 .
1969 2415 1982 2443 '
2017 2413 2112 2469 Ms.
2145 2415 2320 2483 Vien.,
2354 2414 2461 2470 Deo
2492 2415 2639 2470 dicis.

1965 2484 1985 2554 ξ
2016 2483 2113 2554 Ms.
2145 2484 2324 2551 Vien.,
2357 2485 2681 2554 reprobatam
2709 2501 2740 2538 α
2767 2483 2894 2538 Deo.

1966 2551 1987 2582 ³
2016 2551 2112 2608 Ms.
2145 2555 2322 2617 Vien.,
2353 2551 2573 2609 merens.

1965 2621 1985 2694 ξ
2015 2623 2328 2694 ᾼόάίάἰηιυε
2357 2624 2669 2694 particulam
2700 2635 2758 2694 et,
2789 2640 2857 2680 ex
2887 2639 3009 2679 mss.
3045 2623 3174 2690 Reg.
3210 2631 3263 2694 et
3290 2622 3464 2680 Vatic.

1965 2691 1986 2722 ⁸
2013 2690 2088 2746 Ita
2118 2709 2218 2748 ms.
2249 2690 2400 2750 Vien.
2429 2710 2550 2748 cum
2581 2695 2701 2749 edd.
2733 2693 2881 2748 Grin.
2915 2703 2969 2750 et
3003 2695 3186 2749 Schol.
3219 2691 3308 2747 Sic
3333 2709 3466 2750 auo.

1892 2773 1998 2834 que
2025 2779 2214 2818 omnes
2243 2780 2370 2818 mss.
2402 2773 2454 2818 et
2481 2764 2608 2818 editi
2638 2764 2851 2820 codices
2879 2765 2945 2818 ad
2971 2765 3125 2834 epist.
3160 2763 3222 2817 19
3252 2762 3319 2817 ad
3344 2762 3463 2820 Del-

1893 2829 2137 2899 phinum,
2165 2850 2217 2886 ιι.
2247 2835 2298 2888 5.
2328 2834 2490 2897 Alias,
2517 2836 2952 2888 venerantissime.

1964 2901 1984 2972 ξ
2012 2900 2108 2972 Ms.
2148 2902 2321 2968 Vien.,
2349 2913 2622 2972 coeperunt.

1966 2970 1985 2999 ⁷
2012 2969 2137 3027 Mss.
2166 2971 2297 3040 Reg.
2330 2981 2387 3028 et
2409 2969 2583 3036 Vien.,
2616 2981 2832 3026 tantum.

1964 3041 1986 3114 ξ
2013 3040 2324 3114 Ms.__Vien.,
2358 3042 2708 3114 aegritudines.

1963 3112 1982 3141 °
2013 3111 2203 3164 Addita
2232 3109 2492 3180 particula
2518 3121 2566 3164 et
2587 3127 2651 3180 ex
2678 3127 2776 3163 ms.
2808 3109 2958 3164 Vien.

1963 3180 2012 3300 l”
2040 3180 2128 3300 S‘ic
2155 3179 2284 3235 mss.
2316 3181 2450 3250 Reg.
2476 3188 2531 3235 et
2559 3179 2711 3236 Vien.
2744 3180 2800 3234 In
2829 3180 2984 3236 editis
3030 3179 3251 3234 aberant
3296 3179 3464 3249 parti.

1979 3264 2025 3300 ξιξ
2045 3267 2073 3300 e
2100 3290 2160 3300 ...
2177 3261 2271 3300 881.

1892 3260 2025 3302 cuue
2045 3260 2160 3305 et...
2177 3261 2271 3305 881.

1967 3320 2014 3391 ‘_‘A
2037 3320 2131 3376 Ms.
2164 3320 2335 3376 codex
2362 3320 2560 3391 Vatic.,
2617 3321 2752 3391 quod
2795 3320 2858 3374 de
2909 3321 3112 3375 divinae.
3170 3319 3418 3376 SACCHIN.
3444 3335 3464 3374 τ

1893 3389 2217 3462 malimquo,
2246 3399 2375 3454 etc.,
2399 3389 2634 3444 consilio.

1967 3459 2007 3490 ¹²
2039 3459 2136 3514 Ms.
2162 3461 2337 3526 Vien.,
2369 3470 2621 3515 evomant.

1965 3527 2133 3601 91:24.
2165 3529 2335 3601 Grin..
2369 3531 2490 3601 run:

1966 3597 2008 3627 “
2037 3599 2142 3653 Ed.
2164 3597 2338 3662 Grin.,
2362 3597 2585 3668 expulsi.

1964 3668 2007 3699 ⁸⁵
2035 3669 2134 3723 Ms.
2159 3669 2332 3724 codex
2354 3669 2530 3734 Vien.,
2563 3668 2751 3721 cilicio.

1964 3737 2005 3768 ¹⁶
2034 3738 2131 3794 Ms.
2165 3737 2297 3806 Reg.
2325 3747 2380 3791 et
2400 3736 2519 3806 edd.
2545 3745 2674 3799 tres,
2705 3735 3103 3806 confundantur.

1963 3808 2003 3838 "
2035 3808 2132 3860 Ms.
2157 3805 2311 3861 Vien.
2336 3805 2526 3869 codex,
2557 3805 2888 3873 confessioni.

1962 3877 2004 3909 ⁸⁸
2033 3877 2130 3930 Ms.
2161 3875 2293 3943 Reg.
2323 3883 2378 3929 et
2405 3874 2532 3928 edit.
2559 3881 2686 3936 tres,
2719 3891 2811 3943 per
2831 3890 2996 3941 quem.

1963 3949 2002 3980 ¹⁰
2035 3946 2130 3999 Ms.
2163 3947 2295 4014 Reg.
2328 3952 2382 3999 et
2409 3943 2531 3999 edd.
2563 3952 2809 4012 quatuor,
2844 3944 3010 3998 velint.

1959 4017 2003 4048 ²⁰
2032 4016 2129 4072 Ed.
2158 4018 2334 4084 Grin.,
2363 4023 2669 4068 statuerant.

1957 4088 1999 4117 ¹¹
2035 4086 2130 4140 Ms.
2162 4087 2340 4148 Vien.,
2376 4086 2604 4140 veritate.

1958 4157 2001 4187 "
2035 4157 2199 4210 Abest
2223 4157 2286 4208 de
2314 4172 2342 4208 a
2375 4170 2472 4208 ms.
2505 4153 2765 4208 Vaticano
2794 4153 2998 4219 codice,
3029 4170 3134 4208 non
3157 4155 3312 4209 male.

1928 4225 2004 4347 b"
2036 4226 2116 4280 An
2137 4225 2430 4280 induratis?
2483 4223 2580 4278 Ms.
2610 4224 2782 4280 Vatic.
2815 4233 2869 4279 et
2905 4224 2990 4279 ed.
3048 4225 3220 4290 Grin.,
3266 4227 3463 4280 duran-

1960 4313 2035 4347 us.

1889 4297 2035 4349 tibus.

1959 4367 2004 4396 “
2036 4365 2166 4420 Tres
2195 4363 2339 4428 edd.,
2369 4363 2578 4434 iniquw.

1956 4436 2002 4467 "
2033 4435 2216 4490 Recte.
2243 4449 2341 4487 ms.
2371 4433 2544 4498 Vien.,
2569 4443 2618 4486 et
2644 4433 2716 4486 sic
2737 4435 2814 4487 illi
2837 4434 3129 4487 miserrimi.
3149 4433 3242 4487 Ms.
3265 4434 3457 4499 Vatia,

1885 4507 1971 4560 ed.
2001 4505 2149 4558 Grin.
2183 4514 2237 4558 et
2264 4503 2440 4573 Bign.,
2473 4513 2522 4556 et
2549 4503 2784 4556 similiter
2811 4504 3105 4556 miserrimi.
3157 4503 3296 4558 Editi
3353 4514 3460 4560 tres

1885 4575 2064 4639 codd.,
2096 4586 2144 4627 et
2173 4574 2216 4626 si
2243 4574 2318 4626 illi
2340 4573 2632 4626 miserrimi.

1958 4645 2001 4676 ³⁸
2031 4645 2117 4698 Sic
2139 4661 2238 4698 ms.
2271 4644 2443 4713 codex
2463 4641 2660 4713 Regius
2686 4650 2738 4697 et
2761 4650 2866 4698 tres
2893 4641 3037 4696 editi.
3063 4643 3195 4697 Vide
3225 4645 3379 4713 epist.
3405 4644 3455 4708 9,

1885 4731 1940 4768 n.
1973 4713 2026 4766 4.
2060 4716 2196 4767 Ante
2225 4721 2342 4766 erat
2373 4711 2676 4766 Nembroth.

1887 4852 1931 4906 Β
1955 4787 1995 4815 ⁸⁷
2028 4783 2103 4838 Ita
2134 4799 2262 4836 mss.
2295 4781 2450 4852 Reg.,
2476 4782 2625 4836 Vien.
2659 4790 2710 4835 et
2732 4781 2850 4835 edd.
2884 4780 2933 4833 4.
2970 4781 3126 4836 Deest
3176 4793 3222 4836 ct
3255 4785 3304 4837 in
3328 4784 3458 4838 edit.

1935 4869 2048 4906 osv.

1935 4869 2048 4906 OSV.

1956 4924 1999 4953 ’⁸
2030 4921 2151 4975 liceo
2179 4921 2371 4976 desunt
2396 4921 2447 4974 in
2478 4936 2576 4975 ms.
2608 4921 2893 4974 Viennensi
2922 4921 3122 4975 codice.

1954 4993 1997 5023 ’9
2027 4989 2253 5060 Optime.
2281 4990 2375 5044 Ms.
2408 4990 2532 5057 Reg.
2568 5000 2621 5044 et
2647 4991 2824 5054 Vien.,
2847 5002 3026 5044 auctor
3055 5001 3101 5044 et
3130 4993 3325 5048 doctor.

1956 5061 1998 5132 f"
2029 5059 2123 5132 Ms.
2158 5059 2288 5132 Reg.
2315 5068 2380 5132 e_t_
2399 5070 2507 5132 tres
2530 5060 2674 5126 edd.,
2707 5063 2956 5132 quotiens.

1956 5131 1994 5161 ³³
2029 5129 2124 5182 Ms.
2143 5128 2312 5184 codex
2339 5129 2534 5193 Vatic.,
2563 5128 2974 5200 profectum...et
3004 5133 3330 5185 intellectum.
3361 5131 3446 5184 Ms.

1887 5199 2144 5266 Regius,..
2161 5239 2174 5250 .
2205 5200 2536 5252 intellectum.

1958 5270 1999 5300 ³³
2030 5268 2124 5322 Ms.
2160 5267 2288 5336 Reg.
2323 5268 2546 5332 diabulo,
2579 5269 2688 5322 fere
2717 5285 2945 5338 semper.

2381 5366 2448 5420 IN
2479 5365 2689 5420 EI’IST.
2724 5367 2960 5422 XXXIX.

1957 5449 1970 5478 ¹
2004 5446 2078 5500 lta
2099 5463 2223 5503 mss.
2255 5448 2469 5504 codices
2487 5449 2644 5516 Reg.,
2669 5446 2817 5501 Vien.
2849 5457 2904 5502 et
2929 5449 3055 5504 editi
3083 5455 3328 5517 quatuor.
3357 5444 3452 5498 Ed.

1885 5516 2046 5572 Rosv.
2059 5559 2070 5575 ,
2097 5520 2429 5585 trigesimum.

1955 5590 1974 5657 ξ
2135 5588 2314 5657 Vien.,
2343 5589 2590 5657 exemplis
2615 5596 2664 5639 et
2685 5587 2745 5638 de
2771 5586 2895 5653 ficu.

1887 5725 1903 5778 l
1956 5652 2103 5776 ’lMs.
2132 5656 2286 5713 Vien.
2321 5667 2375 5714 et
2423 5652 2506 5714 ed.
2540 5658 2744 5725 Schot.,
2773 5652 2999 5712 zizania.
3026 5655 3173 5712 Bona
3229 5661 3457 5724 utraque

1907 5741 1966 5778 cc
1995 5740 2064 5778 ιο.

1907 5732 2064 5779 CCIIO.
