3994 6180
295 288 392 348 ιιι
1745 301 1892 357 POEJ

2015 301 2101 358 Vl.
3442 306 3549 361 4U

426 409 508 464 Sit
526 408 674 474 satis,
689 407 960 478 antiquam
974 423 1198 480 serpens
1216 410 1359 480 quod
1379 410 1606 482 perdidit
1625 414 1644 443 ¹
1667 410 1857 476 Evam,
1893 420 1937 472 Α

426 501 826 572 Deceptumque
854 511 880 538 ι
902 501 1145 571 adjunxit
1171 503 1361 559 Adam.
1395 503 1501 559 Nos
1539 519 1660 560 sera
1691 519 1862 572 nepo-

1734 594 1867 664 [tum

326 683 394 738 55
427 681 663 747 Semina,
693 683 941 738 veridicis
966 694 1097 738 aetas
1122 683 1142 714 ³
1168 681 1423 752 prmdicta
1454 682 1743 752 prophetis

432 771 672 826 Vitemus
697 771 936 840 laqueos,
966 787 1102 841 quos
1127 769 1300 826 letifer
1324 771 1561 840 implicat
1589 772 1795 838 anguis.

434 861 616 917 Pande
643 864 804 926 viam,
830 879 932 934 qua
963 879 1048 918 me
1077 872 1198 932 post
1229 863 1434 918 vincula
1471 865 1715 932 corporis
1741 861 1870 932 aegri

432 953 490 1008 In
518 953 747 1008 sublime
776 952 942 1008 feram
971 972 982 1006 :
1016 956 1134 1024 puri
1165 971 1269 1024 qua
1299 955 1472 1008 lactea
1501 954 1620 1009 coeli

433 1044 638 1099 Semita
667 1054 904 1099 ventosae
931 1054 1151 1114 superat
1179 1059 1311 1114 vaga
1348 1045 1548 1098 lumina
1579 1045 1715 1098 lunae
1748 1060 1760 1096 :

333 1133 398 1188 40
433 1132 549 1200 Qua
578 1150 829 1204 proceres
854 1135 1034 1189 abiere
1063 1135 1154 1204 pii,
1186 1150 1399 1204 quaque
1422 1135 1629 1203 integer
1656 1134 1782 1188 olim

437 1224 642 1294 Raptus
685 1223 713 1264 ι’
755 1224 1072 1295 quadrijugo
1111 1233 1356 1294 penetrat
1397 1239 1560 1294 super
1605 1224 1808 1278 aethera
1847 1223 1868 1253 ⁸

1693 1314 1874 1387 [curru

435 1405 596 1474 Elias,
627 1417 682 1464 et
707 1408 879 1464 solido
907 1423 1028 1462 cum
1052 1421 1280 1476 corpore
1308 1407 1535 1477 praevius
1557 1405 1759 1461 Enocb.

509 1499 606 1566 Da,
634 1497 809 1564 Pater,
839 1499 1024 1553 aeterni
1052 1508 1319 1567 speratam
1348 1497 1561 1551 luminis
1589 1512 1794 1560 auram,

436 1586 492 1644 Si
521 1589 725 1659 lapides
751 1605 859 1643 non
882 1590 1007 1658 juro
1035 1589 1188 1656 deos,
1218 1603 1488 1658 unumque
1515 1587 1733 1642 verendi

335 1677 406 1734 45
438 1679 746 1751 Suspiciens
767 1681 933 1735 altare
960 1681 1120 1748 sacri,
1151 1680 1400 1734 libamina
1434 1682 1557 1733 vita:

437 1768 757 1825 lntemerata
782 1770 895 1825 fero
926 1788 938 1824 :
971 1770 1014 1824 si
1041 1779 1091 1824 te
1114 1771 1429 1838 Dominique
1458 1769 1661 1838 Deique

437 1858 662 1927 Unigeni
695 1871 717 1899 ο
747 1874 1016 1928 cognosco
1042 1859 1276 1925 Patrem,
1310 1862 1637 1929 mixtumque
1665 1859 1872 1916 duobus

431 1941 532 2015 Qui
560 1964 724 2018 super
748 1964 1022 2016 aequoreas
1049 1949 1308 2004 volitabat
1329 1948 1556 2018 Spiritus
1584 1949 1772 2004 undas.

478 2039 575 2101 Da,
593 2039 1070 2105 Genitor,veniam,
1089 2043 1428 2109 cruciataque
1449 2049 1665 2111 pectora
1680 2055 1867 2111 purga,

334 2126 399 2183 50
433 2129 487 2184 Si
518 2138 573 2184 te
603 2146 710 2184 non
741 2131 1003 2200 pecudum
1029 2130 1198 2195 ﬁbris,
1225 2147 1328 2185 non
1359 2131 1616 2198 sanguine
1646 2129 1763 2185 fuso

430 2218 625 2285 Qumro
651 2237 664 2272 :
690 2235 790 2274 nec
819 2220 1027 2276 arcanis
1059 2235 1252 2274 numen
1277 2219 1522 2288 conjecto
1551 2220 1648 2273 sub
1675 2221 1834 2274 extis.

431 2308 787 2380 333-335
823 2309 882 2364 Si
911 2309 938 2348 ά
967 2309 1174 2364 scelere
1209 2309 1475 2376 abstineo,
1506 2309 1676 2363 errori
1707 2310 1821 2379 ipse
1849 2309 1870 2340 '

1376 2401 1665 2473 [obnoxius
1702 2418 1714 2452 :
1746 2409 1800 2454 et
1826 2401 1871 2455 si

431 2492 573 2564 Opto
599 2495 790 2562 magis,
812 2508 971 2564 quam
1001 2492 1125 2556 fido,
1148 2492 1322 2547 bonus
1343 2508 1612 2563 purusque
1632 2495 1867 2562 probari,

429 2583 745 2640 Confessam
787 2584 1010 2654 dignare
1047 2585 1281 2638 animam
1326 2601 1338 2636 :
1385 2584 1432 2638 si
1480 2587 1721 2639 membra
1779 2601 1869 2638 ca-

1703 2675 1720 2748 [
1737 2674 1870 2728 duca

335 2760 400 2816 55
432 2759 714 2832 Exsecror,
743 2773 798 2818 et
826 2766 1045 2819 tacitum
1091 2765 1136 2820 si
1166 2765 1411 2835 pmnitet,
1440 2765 1655 2833 altaque
1682 2781 1871 2820 sensus

433 2852 684 2907 Formido
712 2857 1002 2919 excruciat,
1028 2861 1402 2922 tormentaque
1427 2871 1547 2909 sera
1579 2855 1836 2923 gehennae

431 2944 723 3014 Anticipat,
756 2945 1062 3014 patiturque
1082 2960 1208 3000 suos
1237 2960 1388 3000 mens
1416 2947 1596 3000 saucia
1627 2961 1831 3000 manes.

506 3036 602 3100 Da,
617 3035 796 3099 Pater,
819 3038 932 3092 tunc
956 3045 1140 3092 nostro
1157 3037 1269 3091 fieri
1290 3047 1312 3074 ο
1335 3046 1450 3091 rata
1469 3045 1593 3091 vota
1609 3046 1827 3106 precatu
1853 3055 1865 3090 :

433 3125 518 3180 Nil
553 3135 820 3194 metuam,
863 3129 1181 3198 cupiamque
1222 3127 1353 3182 nihil
1382 3145 1395 3180 :
1428 3128 1560 3183 satis
1601 3128 1704 3183 hoc
1752 3142 1873 3182 rear
1900 3124 1946 3185 C

1729 3232 1850 3273 esse

1729 3232 1870 3281 esse,

336 3307 399 3361 60
434 3306 739 3375 Quodsatis
764 3314 846 3362 est
877 3325 890 3360 :
931 3307 1007 3362 nil
1037 3315 1190 3377 turpe
1225 3307 1414 3374 velim,
1443 3323 1543 3363 nec
1579 3218 1738 3362 causa
1769 3325 1870 3377 pu-

1727 3400 1841 3453 dori

1727 3401 1759 3453 d
1802 3401 1841 3452 r'

434 3487 546 3542 Sim
571 3486 703 3542 mihi
728 3504 742 3540 :
769 3502 870 3543 nec
912 3485 1107 3542 faciam
1151 3489 1432 3557 cuiquam,
1464 3502 1584 3557 qua:
1629 3401 1873 3557 tedipZI-l:

1660 3578 1870 3648 [eodem

432 3664 608 3721 Nolim
636 3665 773 3722 facta
801 3667 932 3722 mihi
962 3685 976 3720 :
1005 3682 1104 3723 nec
1130 3682 1260 3722 vero
1288 3668 1512 3722 crimine
1543 3667 1726 3732 laedar,

429 3760 538 3814 Nec
566 3760 802 3814 maeuler
819 3759 983 3814 dubio
1011 3777 1023 3812 :
1057 3759 1268 3828 paulum
1297 3759 1495 3814 distare
1519 3759 1731 3814 videtur

435 3847 742 3918 Suspectus,
767 3863 1000 3917 vereque
1025 3863 1169 3904 reus.
1211 3847 1228 3886 τ
1256 3849 1392 3903 Male
1421 3865 1582 3918 posse
1610 3848 1834 3905 facultas

331 3936 400 3992 65
431 3937 582 3993 Nulla
610 3939 712 4006 sit,
749 3946 805 3993 et
827 3938 966 3994 bene
995 3939 1016 3970 ⁸
1043 3954 1203 4009 posse
1233 3939 1373 3993 adsit
1404 3940 1690 4009 tranquilla
1717 3948 1871 4010 pote-

1715 4032 1865 4104 [stas.

430 4118 541 4174 Sim
572 4119 718 4174 tenui
738 4119 884 4175 victu
908 4127 1069 4189 atque
1097 4120 1303 4186 habitu,
1334 4121 1432 4177 sim
1461 4137 1618 4177 carus
1639 4123 1826 4178 amicis
1850 4139 1862 4176 :

430 4207 496 4262 Et
523 4225 738 4278 semper
759 4211 972 4278 genitor
997 4211 1113 4264 sine
1141 4211 1359 4265 vulnere
1381 4213 1610 4266 nominis
1633 4211 1810 4281 hujus.

429 4298 544 4353 Non
565 4300 745 4354 animo
773 4299 1008 4364 doleam,
1042 4316 1149 4352 non
1168 4315 1417 4370 corpore,
1445 4309 1637 4355 cuncta
1670 4302 1866 4371 quietis

429 4385 738 4455 Fungantur
765 4388 1003 4441 membra
1032 4385 1223 4441 officiis
1255 4405 1267 4440 :
1299 4403 1403 4442 nec
1422 4389 1632 4444 saucius
1661 4390 1782 4444 ullis

326 4477 392 4531 70
429 4475 682 4530 Partibus
709 4477 964 4531 amissum
994 4459 1283 4546 quidquam
1313 4477 1582 4532 desideret
1610 4493 1756 4532 usus.

425 4565 567 4623 Pace
593 4566 758 4631 fruar,
790 4582 1009 4622 securus
1033 4580 1208 4635 agam,
1239 4567 1494 4621 miracula
1523 4575 1676 4622 terra:

423 4660 578 4715 Nulla
607 4668 790 4729 putem
821 4675 834 4710 :
861 4674 1108 4728 suprema
1135 4659 1264 4712 mihi
1294 4675 1414 4713 cum
1437 4660 1645 4714 venerit
1672 4660 1824 4724 hora,

422 4750 534 4806 Nec
555 4751 740 4805 timeat
769 4758 996 4804 mortem
1022 4751 1159 4804 bene
1180 4751 1394 4804 conscia
1417 4750 1548 4816 vita,
1571 4765 1670 4804 nec
1691 4759 1860 4820 optet.

423 4840 598 4896 Purus
625 4841 691 4896 ab
719 4841 943 4896 occultis
965 4857 1088 4896 cum
1117 4850 1170 4895 te
1200 4841 1508 4907 indulgente
1536 4842 1779 4906 videbor,

323 4929 390 4984 75
424 4930 613 4985 Omnia
640 4931 949 5001 despiciam,
982 4930 1143 4986 fuerit
1170 4947 1294 4985 cum
1320 4932 1435 4985 sola
1471 4931 1716 5000 voluptas
1742 4934 1761 4963 "

425 5018 692 5077 Judiciuln
721 5018 937 5092 sperare
960 5030 1106 5075 tuum
1135 5039 1148 5074 :
1173 5020 1319 5089 quod
1347 5021 1472 5075 dum
1496 5037 1594 5076 sua
1623 5020 1800 5077 differt

361 5223 379 5243 ‘
408 5221 550 5279 Alias
584 5222 653 5278 5:
679 5225 823 5296 quod
862 5233 1038 5278 autem
1065 5221 1098 5277 6
1123 5231 1267 5290 erat,
1312 5239 1452 5278 nunc
1493 5224 1544 5278 7.
1589 5224 1860 5296 Scriptum

295 5291 429 5346 circa
455 5309 651 5347 annum
678 5291 800 5350 590.

2111 413 2410 482 Tempora,
2441 422 2834 485 cunctaturque
2871 416 3015 482 dies,
3047 419 3234 489 procul
3264 419 3417 490 exige
3443 436 3546 475 sae—

3401 514 3545 584 [vum

2108 593 2476 650 lnsidiatorem
2505 597 2714 652 blandis
2750 600 3024 654 erroribus
3053 616 3298 670 anguem.

2181 683 2305 740 Hinc
2333 687 2438 756 pia,
2469 688 2562 742 sed
2592 698 2776 742 mmsto
2801 691 3112 759 trepidantia
3143 700 3266 745 vota
3298 699 3469 754 reatu,

2005 771 2074 827 80
2110 774 2318 830 Christe
2346 777 2421 845 (α)
2451 777 2591 847 apud
2620 787 2875 834 aeternum
2916 781 3190 849 placabilis
3219 797 3400 835 assere
3442 781 3543 834 Pa-

3362 877 3542 946 [trctn,

2112 957 2380 1027 Salvator,
2413 960 2552 1016 Deus
2577 978 2639 1018 ac
2672 963 2957 1032 Dominus,
2985 983 3154 1032 mens,
3198 967 3386 1036 gloria,
3418 967 3547 1019 Vcr-

3377 1057 3542 1126 [th"),

2112 1135 2278 1192 Filius
2308 1137 2403 1210 (b),
2434 1149 2490 1195 et
2511 1157 2638 1195 vero
2667 1158 2851 1197 verum
2881 1143 2945 1197 de
2977 1143 3173 1198 lumine
3203 1145 3401 1209 lumen,

2110 1227 2339 1284 IEtcrno
2368 1246 2488 1284 cum
2519 1230 2675 1285 Patre
2705 1248 2956 1298 manens,
2988 1235 3038 1287 in
3077 1236 3254 1289 secula
3285 1250 3545 1300 regnans;

2113 1317 2363 1373 Consona
2407 1336 2566 1389 quem
2599 1321 2667 1394 (ε)
2710 1323 2948 1378 celebrat
2994 1325 3266 1378 modulato
3313 1325 3547 1378 carmine

3315 1414 3332 1485 [_
3341 1415 3542 1483 plebes,

2009 1494 2080 1550 85
2115 1495 2180 1550 Et
2200 1499 2536 1568 responsuris
2564 1499 2682 1554 ferit
2710 1517 2832 1554 aera
2856 1502 3076 1556 vocibus
3102 1521 3112 1555 :
3139 1503 3328 1558 Amen.

2550 1588 2780 1643 POEMA
2828 1591 2915 1644 Vl.
2951 1592 2966 1612 ‘

2081 1674 2183 1745 (De
2211 1675 2271 1729 S.
2302 1675 2542 1730 Johanne
2574 1677 2809 1748 Baptista
2839 1679 3028 1733 Christi
3058 1679 3434 1752 Prwcursore.)

2112 1767 2330 1844 Summe
2361 1767 2522 1822 Pater
2550 1785 2748 1835 rerum,
2781 1770 3006 1838 cmlique
3027 1781 3224 1825 :cterna
3255 1780 3511 1840 potestas,

2112 1856 2245 1912 Cum
2275 1873 2381 1926 quo
2411 1867 2592 1910 nostra
2611 1858 2772 1923 salus,
2794 1868 3100 1913 sanctorum
3128 1862 3296 1927 gloria
3317 1861 3547 1927 Christe,

2111 1948 2342 2018 Spiritus
2372 1958 2428 2003 et
2455 1948 2597 2002 Patri
2628 1950 2826 2018 pariter
2855 1950 3096 2022 Natoque
3125 1952 3419 2017 colizcrens,

2113 2039 2214 2104 Qui
2238 2047 2443 2093 mentes
2467 2038 2779 2107 linguasque
2801 2039 2959 2106 regis,
2986 2041 3232 2109 viresque
3253 2041 3545 2107 ministras,

2041 2125 2076 2180 5
2115 2127 2415 2182 Promeruit
2441 2144 2576 2196 quas
2601 2128 2713 2181 sola
2747 2127 2876 2182 ﬁdes
2902 2146 2914 2179 :
2946 2129 3030 2182 cui
3062 2129 3217 2196 plena
3249 2139 3513 2198 potestas,

2109 2218 2288 2270 Brutis
2317 2217 2609 2284 ingenium,
2631 2231 2927 2285 vocemque
2954 2217 3232 2271 infundere
3261 2219 3441 2283 mntis,

2112 2307 2313 2362 Prmsta
2345 2307 2664 2376 Evangelico
2693 2308 2908 2361 ductum
2939 2307 3005 2362 de
3029 2307 3174 2362 fonte
3193 2307 3510 2374 Iohannem,

2110 2401 2166 2454 ln
2200 2408 2380 2454 nostra
2410 2401 2583 2455 arenti
2605 2401 2889 2455 decurrere
2918 2402 3152 2455 carmina
3188 2402 3322 2455 rivo.

2183 2493 2276 2547 Ille
2327 2493 2542 2561 quidem
2599 2500 2816 2559 tantus,
2870 2502 3127 2563 quantum
3196 2495 3368 2564 potuit
3423 2493 3550 2549 dare

3295 2585 3312 2656 [
3327 2585 3548 2650 mundo,

2010 2673 2074 2727 10
2111 2673 2211 2740 Qui
2239 2674 2384 2728 nasci
2409 2673 2567 2727 talem
2599 2689 2736 2727 nova
2765 2689 2863 2743 per
2888 2674 3138 2728 miracula
3162 2673 3321 2742 jussit
3349 2692 3361 2726 :

2112 2763 2220 2817 Sed
2242 2764 2442 2817 licitqu
2472 2764 2676 2830 magnis
2703 2771 2888 2816 tenues
2919 2765 3224 2832 impendere
3253 2779 3430 2831 curas,

2111 2854 2220 2909 Nec
2248 2855 2599 2921 dedignantur
2625 2854 2780 2907 vilem
2811 2855 3048 2908 cmlestia
3081 2844 3292 2908 laudem
3322 2874 3334 2908 :

2110 2943 2238 2998 Pars
2260 2945 2419 2997 etiam
2443 2945 2637 3007 meriti,
2668 2944 2914 2997 meritum
2945 2945 3215 3002 celebrare
3241 2947 3450 3013 piorum
3478 2962 3492 2997 ε

2111 3034 2220 3088 Nec
2247 3050 2385 3087 nova
2415 3049 2586 3098 nunc,
2618 3042 2711 3086 aut
2737 3044 2920 3088 nostra
2950 3051 3138 3088 canam
3167 3053 3178 3086 :
3210 3035 3395 3089 dixere
3424 3051 3552 3104 pro-

3353 3124 3552 3197 [pth'n

2013 3213 2082 3269 l5
2115 3211 2316 3268 Cuncta
2337 3213 2507 3283 prius,
2535 3213 2810 3281 sanctique
2832 3213 2930 3267 viri
2953 3228 3199 3268 sermone
3220 3214 3397 3268 soluto

2120 3302 2446 3359 Promissum
2475 3310 2754 3370 exortum,
2788 3305 2951 3357 vitam
2993 3314 3328 3373 mortemque
3369 3319 3554 3359 sacra-

3363 3394 3510 3467 [runt
3536 3412 3550 3449 :

2115 3481 2172 3537 Si
2202 3498 2346 3538 mors
2368 3483 2455 3537 illa
2485 3481 2604 3550 fuit,
2633 3483 2827 3538 meruit
2857 3499 2974 3553 qua:
2995 3485 3251 3552 sanguine
3281 3487 3498 3540 cwlum.

2115 3573 2466 3643 335-336
2482 3573 2588 3627 Nos
2629 3581 2836 3626 tantum
2871 3573 3104 3627 modulis
3143 3573 3391 3627 evolvere
3413 3574 3555 3630 dicta

3318 3663 3556 3733 [canoris

2116 3749 2392 3818 Vovimus,
2419 3757 2474 3803 et
2501 3764 2658 3803 versu
2689 3757 2897 3803 mentes
2924 3749 3104 3802 laxare
3133 3749 3401 3815 legentum
3433 3768 3446 3802 :

2115 3840 2207 3896 Sic
2239 3842 2383 3911 (nam
2414 3853 2604 3908 magna
2633 3840 2757 3894 licet
2785 3839 2985 3908 parvis,
3009 3839 3226 3908 antiqua
3257 3841 3500 3907 novellis,

1971 3932 2040 3987 20
2113 3932 2353 3987 Perfecta
2386 3932 2616 3987 indoctis
2644 3930 2910 3994 conferre,
2947 3942 2970 3979 ις
3001 3941 3200 3986 acterna
3223 3933 3463 4004 caducis)

2113 4026 2409 4094 lnspirante
2431 4026 2541 4080 Deo
2570 4024 2824 4094 quidquid
2855 4025 3041 4078 dixere
3069 4027 3296 4094 priores,

2111 4116 2329 4185 Aptavit
2350 4117 2567 4170 citharis
2590 4131 2784 4169 nomen
2815 4116 3121 4170 venerabile
3148 4116 3336 4180 David,

2111 4207 2360 4262 Consona
2405 4207 2610 4262 omlesti
2641 4221 2882 4276 pangens
2914 4208 3271 4262 modulamina
3307 4208 3510 4277 plectro
3537 4227 3550 4262 :

2113 4297 2221 4350 Nos
2236 4311 2451 4366 quoque
2474 4296 2552 4350 fas
2571 4297 2880 4353 meminisse
2903 4299 3015 4362 Dei,
3035 4313 3357 4367 quamquam
3381 4300 3554 4376 obsita

3342 4389 3558 4461 [Innltis

1893 4487 1944 4546 D
1967 4479 2039 4534 25
2119 4479 2344 4536 Pectora
2373 4479 2683 4535 criminibus
2703 4481 2976 4534 caelestem
3009 4482 3294 4536 admittere
3317 4498 3555 4536 sensum.

2190 4569 2476 4624 Zacharias
2501 4569 2654 4640 Syria
2685 4568 2953 4638 quondam
2984 4570 3051 4624 de
3080 4580 3238 4637 gente
3267 4572 3553 4635 sacerdos,

2111 4660 2328 4715 Credita
2355 4659 2814 4714 solemnicurabat
2836 4660 3034 4727 templa
3057 4669 3268 4728 paratu.

2113 4752 2234 4804 Vita
2263 4751 2381 4814 viri,
2415 4751 2636 4819 pietate,
2671 4747 2791 4812 ﬁde,
2821 4751 3104 4816 gravitate,
3141 4751 3365 4819 pudore,

2112 4840 2381 4909 Obsequio
2413 4839 2676 4905 condigna
2708 4838 2799 4891 Dei
2830 4838 3025 4906 conjux
3050 4840 3172 4893 huic
3200 4840 3338 4894 aluta

1971 4935 2040 4990 30
2111 4932 2379 4988 Elisabetb
2410 4931 2582 4999 prisca
2605 4939 2912 4984 sanctorum
2942 4929 3107 4998 stirpe
3135 4931 3371 4984 virorum

2111 5023 2420 5092 Progenita,
2454 5031 2510 5076 et
2533 5028 2681 5074 tanto
2713 5021 2996 5075 virtutibus
3023 5037 3174 5090 mqua
3205 5023 3422 5076 marito.

2042 5237 2065 5274 ε
2090 5227 2222 5280 Vide
2245 5240 2330 5294 ep.
2364 5223 2453 5284 15,
2482 5238 2629 5294 num.
2659 5222 2742 5294 [9.

2041 5298 2117 5362 (α)
2147 5291 2293 5348 Editi
2319 5295 2445 5362 cod.
2471 5292 2644 5355 Grin.,
2680 5291 2884 5346 Poclm.
2918 5301 2973 5346 et
3011 5291 3197 5347 Schot.
3239 5293 3289 5346 in
3319 5305 3548 5361 margg.,

366 5371 390 5397 ι
418 5360 547 5416 Vide
576 5373 687 5418 not.
720 5362 844 5416 2l9.

363 5431 389 5468 δ
419 5429 547 5485 Vide
572 5443 682 5486 not.
707 5433 830 5484 9.220.

367 5510 389 5538 ε
418 5497 546 5554 Vide
571 5517 738 5555 carm.
769 5501 857 5564 24,
893 5517 942 5554 v.
975 5499 1060 5554 95.

364 5567 392 5606 ἀ
576 5570 629 5622 in
653 5573 882 5641 append.
915 5571 1070 5641 epist.
1102 5574 1137 5628 ‘2
1162 5574 1230 5632 ad
1257 5574 1496 5641 Celanc.,
1520 5590 1574 5629 η.
1601 5571 1652 5628 6.

369 5649 391 5675 ο
421 5635 548 5692 Vide
574 5635 738 5693 Carm:
774 5639 858 5704 li,
888 5635 1059 5694 v.45.

369 5706 388 5746 ¹
424 5704 546 5766 Vide
569 5721 733 5765 carm.
761 5709 816 5780 4,
847 5727 897 5765 v.
924 5710 976 5762 6.

1969 5366 2130 5428 Nate,
2160 5374 2217 5418 ut
2245 5379 2399 5418 versu
2426 5361 2513 5414 26.

2039 5435 2111 5505 (b)
2146 5434 2308 5488 Iidem
2355 5431 2512 5487 codd.
2553 5447 2675 5487 cum
2717 5431 2879 5487 Grav.
2923 5433 2975 5486 in
3014 5446 3239 5501 margg.,
3281 5429 3452 5483 Filius
3479 5443 3545 5483 ea

1963 5523 2077 5560 vero
2103 5520 2267 5558 verus.

2031 5575 2101 5644 (ιε)
2130 5574 2255 5627 Sola
2286 5571 2557 5644 Rosveyd.
2591 5569 3076 5644 editio,Acel’e_brant,
3105 5569 3390 5644 me_udose._
3417 5582 3539 5622 cum

1959 5638 2114 5696 versu
2144 5638 2669 5712 sequentiba‘beatur
2698 5641 2832 5712 ferit,
2867 5641 2951 5694 hic
2977 5641 3116 5694 cnim
3139 5638 3308 5710 plebes
3350 5639 3535 5707 singu-

1959 5714 2056 5768 lari
2086 5711 2308 5767 numcro
2331 5711 2573 5767 eli-.rtur.
