3994 6180
408 262 513 315 με

550 370 655 427 Sed
687 370 853 442 (quod
882 370 934 425 in
966 367 1261 440 opprobrio
1283 376 1306 403 ⁸
1333 376 1564 421 matrum
1586 380 1816 434 posuere
1846 365 1995 435 prio-
2027 366 2072 421 Α

1884 456 2017 525 tres)

552 549 711 604 Prole
739 565 948 613 carens,
972 548 1210 602 sterilem
1241 545 1471 600 ducebat
1493 553 1675 598 mzcsta
1705 552 1979 597 senectam

551 640 823 709 Spemque
851 654 1064 693 omnem
1110 636 1311 690 sobolis
1367 642 1636 689 transacta
1688 636 1991 688 excluserat

1821 726 1993 795 [tt-tas,

410 820 481 877 55
550 816 713 877 Forte
737 837 945 877 sacrum
972 822 1211 875 sollenne
1251 819 1362 874 Deo
1381 818 1532 887 plebs
1556 825 1745 871 cuncta
1769 816 1995 882 ferebat,

557 912 624 965 Et
654 914 771 981 plus
798 913 1023 967 antistes
1051 926 1235 966 sacros
1265 909 1576 963 adoleverat
1606 908 1783 974 ignes,

554 1003 743 1057 lntima
775 1002 967 1058 divinis
1004 1001 1266 1055 decorans
1294 1000 1481 1052 altaria
1512 997 1738 1049 flammis
1772 1014 1783 1046 :

554 1091 694 1146 Ecce
723 1108 929 1146 sacram
960 1100 1182 1161 propter
1208 1089 1234 1127 δ
1266 1088 1499 1144 cmlestis
1526 1086 1743 1139 nuntius
1780 1099 1927 1138 aram

558 1184 796 1249 Adstitit,
819 1200 882 1238 ac
911 1192 1062 1237 veste
1092 1182 1333 1250 insignis,
1360 1178 1682 1234 venerabilis
1707 1191 1820 1240 ore,

557 1274 627 1329 Se
652 1275 788 1329 caelo
810 1274 1029 1327 missum
1058 1273 1312 1340 vultuque
1337 1269 1629 1337 habituque
1655 1265 1927 1336 probavit,

564 1363 697 1418 Tum
741 1372 921 1417 sancta
956 1364 1008 1415 in
1042 1362 1174 1415 tales
1203 1361 1402 1414 laxavit
1430 1369 1649 1429 pectora
1678 1372 1876 1411 voces:

578 1454 795 1522 Accipe,
827 1453 1033 1507 caelesti
1065 1452 1291 1505 Domino
1321 1451 1513 1505 dilecte
1544 1447 1815 1511 sacerdos,

563 1543 772 1598 IEterni
798 1543 1048 1597 mandata
1081 1542 1193 1606 Dei,
1223 1542 1309 1596 cui
1332 1556 1459 1595 cura
1491 1540 1699 1609 piorqu

560 1632 825 1703 Perpetua
856 1642 957 1697 est,
983 1633 1125 1702 jugis
1154 1633 1244 1701 qui
1277 1647 1412 1701 puro
1442 1632 1493 1684 in
1523 1639 1739 1699 pectore
1764 1636 1947 1682 custos

567 1726 861 1780 Emeritum
890 1725 1086 1779 sanctis
1114 1723 1425 1793 impendere
1454 1722 1608 1775 scivit
1636 1734 1895 1773 amorem.

636 1816 713 1869 Ac
744 1814 974 1884 primum
1006 1832 1017 1866 :
1050 1828 1217 1883 genus
1244 1813 1331 1867 hic
1359 1812 1624 1866 exstincto
1653 1810 1858 1865 semine
1890 1824 1997 1863 non

1870 1900 2008 1973 [vult

416 1274 484 1328 40

2042 1729 2081 1784 Β

560 2000 831 2056 Interiisse
861 2008 1026 2065 tuum,
1060 1998 1391 2065 fecundaque
1414 1996 1618 2050 viscera
1650 1992 1775 2048 fecit

561 2092 839 2160 Conjugis,
868 2090 1029 2143 effeto
1056 2104 1173 2156 qua:
1194 2087 1305 2156 jam
1336 2086 1585 2140 cessabat
1616 2085 1667 2137 in
1698 2096 1833 2137 ξεν-ι).

563 2180 673 2235 Cur
694 2191 873 2234 tamen
904 2178 1209 2240 addubitas,
1242 2176 1455 2229 mortali
1488 2183 1543 2227 tu
1567 2188 1781 2243 quoque
1809 2187 2005 2234 sensu,

564 2268 751 2324 Omnia
782 2284 940 2338 posse
970 2268 1175 2322 Deum?
1204 2267 1298 2320 sed
1330 2266 1534 2328 credes,
1570 2264 1657 2316 ille
1685 2263 1951 2332 probabit.

565 2360 826 2414 Nascetur
846 2359 1036 2426 dignus
1064 2366 1213 2411 tanto
1235 2371 1493 2425 Sponsore
1522 2356 1711 2409 beatus

565 2451 969 2519 Perpetuusque
988 2466 1140 2519 puer,
1167 2449 1257 2516 qui
1294 2441 1466 2516 primi)
1490 2446 1734 2515 protinus
1763 2458 1878 2497 a3vo

574 2541 648 2596 Te
678 2545 869 2610 major,
892 2557 1074 2596 sacras
1104 2540 1302 2593 invicto
1330 2539 1381 2590 in
1407 2546 1623 2606 pectore
1653 2537 1793 2589 vires

571 2630 787 2685 Autoris
809 2630 952 2685 dono
992 2631 1111 2699 plus
1138 2630 1296 2697 quam
1320 2626 1577 2696 genitoris
1604 2625 1843 2679 habebit.

567 2721 675 2776 Nec
703 2736 849 2786 sane,
878 2729 1006 2774 nato
1036 2735 1153 2789 qua:
1180 2720 1351 2788 prima
1380 2716 1639 2771 vocabula
1671 2731 1867 2785 ponas,

570 2816 786 2871 Arbitrii
810 2815 1052 2883 jurisque
1080 2815 1157 2868 tui
1193 2823 1276 2868 est
1310 2832 1321 2865 :
1354 2813 1494 2867 Deus
1525 2812 1637 2881 ipse
1664 2810 1906 2881 profecto
1927 2851 1941 2875 ,

574 2906 673 2972 Qui
699 2906 846 2960 nasci
863 2905 1035 2974 jubet,
1056 2905 1196 2959 hunc
1218 2905 1356 2958 idem
1374 2904 1525 2972 jubet
1547 2917 1665 2957 esse
1691 2901 2011 2955 Johannem.

575 2996 817 3052 Nominis
846 2988 932 3051 hic
989 2996 1197 3064 titulus,
1228 2996 1541 3049 meritorum
1598 2994 1858 3047 immensa
1888 3007 2017 3061 pro-

428 2704 460 2775 5

467 2721 497 2773 5

1814 3084 2016 3155 [pacm
2048 3076 2093 3138 C

569 3176 695 3243 Quze
722 3177 947 3231 necdum
976 3178 1157 3245 genito
1185 3177 1360 3245 potuit
1380 3190 1718 3245 praenoscere
1743 3174 1909 3237 solus,

571 3269 671 3333 Qui
702 3268 871 3334 dabit,
901 3276 955 3321 et
976 3276 1125 3321 tanto
1153 3268 1351 3321 tribuet
1382 3269 1474 3322 tibi
1506 3267 1700 3336 gaudia
1731 3275 1858 3320 nato
1892 3284 1903 3316 :

575 3357 686 3411 Nec
716 3372 843 3412 vero
875 3356 1071 3410 tribuet
1098 3365 1303 3410 tantum
1331 3358 1445 3421 tibi,
1478 3358 1647 3424 gloria
1677 3371 1839 3426 parva
1867 3362 1949 3409 est

574 3444 719 3499 Intra
765 3460 926 3499 unam
957 3445 1209 3500 conclusa
1257 3445 1506 3512 domum;
1552 3446 1648 3500 sed
1679 3453 1912 3513 quantus
1955 3445 2023 3497 ab

1868 3537 1883 3607 [
1900 3545 2022 3590 ortu

580 3627 838 3683 Tenditur
864 3628 917 3683 in
945 3644 1079 3684 sera:
1102 3629 1251 3683 finita
1279 3630 1590 3699 crepuscula
1612 3630 1765 3695 lueis,

583 3717 750 3773 Tutus
776 3719 929 3788 prole
951 3728 1039 3773 tua
1071 3728 1250 3774 tecum
1283 3720 1547 3774 laetabitur
1576 3720 1738 3773 orbis.

442 3807 508 3861 [35
581 3806 720 3873 Quid
744 3808 976 3863 mirum?
1003 3819 1192 3865 cuncta
1223 3810 1473 3864 vitiorum
1506 3809 1632 3864 fmce
1658 3809 1882 3873 carebit,
1940 3852 1943 3859 .

586 3897 874 3953 leestem
905 3900 1107 3955 ducens
1135 3902 1249 3954 sine
1273 3901 1393 3955 labe
1423 3910 1477 3955 et
1503 3902 1727 3955 crimine
1758 3902 1919 3955 vitam
1942 3942 1955 3966 ,

584 3990 791 4046 Vesano
826 4002 847 4029 ο
880 4008 1099 4047 servans
1116 3984 1381 4045 abstemia
1412 4002 1630 4060 pectora
1658 3994 1781 4046 vino
1801 4034 1815 4059 ,

582 4080 879 4149 Omniaque
901 4083 1106 4136 evitans
1136 4082 1427 4136 malesuadi
1454 4084 1642 4151 pocula
1673 4086 1834 4138 succi.

582 4170 823 4238 Cumque
843 4171 1114 4225 hominum
1132 4171 1314 4238 generi
1338 4172 1422 4225 vel
1452 4180 1573 4239 post
1596 4183 1769 4226 errata
1807 4174 2031 4228 salutem

451 4269 518 4320 7t)
593 4264 886 4333 Spondeat,
918 4263 984 4315 ab
1013 4271 1197 4317 sancta
1220 4264 1459 4331 quisquis
1489 4266 1833 4320 renovabitur
1862 4267 2029 4332 unda,

596 4356 715 4425 ipse
746 4356 797 4408 in
828 4370 887 4409 se
917 4355 1162 4421 nihilum,
1185 4370 1291 4423 quo
1320 4353 1647 4424 puriﬁcetur,
1681 4358 1916 4413 habebit.

658 4445 736 4499 Ac
759 4460 826 4499 ne
853 4445 1005 4514 plura
1035 4446 1128 4498 tibi
1156 4445 1319 4499 variis
1348 4446 1658 4514 ambagibus
1679 4448 1851 4511 edam,

599 4534 727 4588 Elia:
756 4536 1003 4589 meritum
1030 4535 1221 4589 doctus
1251 4536 1460 4590 nescire
1490 4537 1745 4591 sacerdos

597 4627 710 4680 Non
739 4637 914 4696 potes,
944 4642 1122 4682 exosa:
1150 4627 1242 4696 qui
1273 4628 1463 4682 mortis
1484 4628 1600 4695 lege
1625 4630 1869 4696 remissa,

595 4716 869 4772 ZEternam
893 4718 1040 4786 degit
1068 4719 1287 4787 proprio
1318 4733 1437 4772 cum
1470 4733 1695 4786 corpore
1723 4720 1902 4781 vitam,

594 4806 784 4875 lgneus
804 4809 1081 4862 excelsum
1111 4824 1267 4877 quem
1290 4808 1435 4861 vexit
1463 4808 1527 4860 ad
1552 4809 1749 4862 anthera
1780 4826 1966 4862 currus
1984 4851 1997 4873 ,

596 4898 989 4953 l’lammantum
1019 4899 1095 4969 (a)
1128 4900 1317 4968 rapido
1366 4899 1483 4952 nisu
1512 4899 1836 4965 glomeratus
1863 4916 2036 4969 equo-

1838 4991 1990 5062 [rum
2021 5010 2031 5044 :

600 5080 989 5152 337-338
1043 5080 1195 5134 Ilunc
1258 5088 1380 5133 tuus
1431 5077 1666 5147 aequabit
1723 5082 2038 5134 meritorum

1522 5170 1824 5239 [stemmate
1852 5180 2008 5224 natus
2022 5212 2036 5236 ,

604 5259 959 5315 Tantumdem
989 5268 1043 5315 et
1071 5260 1241 5315 laudis
1269 5259 1425 5314 simul
1449 5268 1503 5313 et
1524 5260 1738 5313 virtutis
1767 5261 2001 5315 habebit.

670 5351 811 5421 Ergo
838 5353 901 5406 ad
933 5352 1225 5419 condignas
1254 5359 1404 5405 tanto
1432 5366 1529 5419 pro
1558 5366 1781 5405 munere
1803 5361 2000 5418 grates,

360 3269 498 3345 ¹δυ

452 4718 522 4769 75

463 5262 532 5315 80

538 5508 562 5533 η
594 5496 727 5552 Vide
757 5503 869 5549 not.
900 5493 1021 5546 2'21.

532 5567 560 5604 δ
590 5567 642 5618 ld
667 5576 780 5627 est;
804 5582 979 5633 prape.
1013 5562 1145 5618 Vide
1173 5575 1339 5633 carm.
1369 5558 1422 5627 9,
1455 5577 1505 5613 v.
1541 5558 1627 5613 52.

542 5648 563 5673 ε
592 5635 720 5688 Vide
749 5630 908 5704 epist.
935 5633 1026 5704 22,
1052 5650 1196 5704 num.

538 5706 614 5765 (a)
638 5706 725 5763 Sic
746 5699 907 5761 editio
931 5702 1315 5769 Lugdunensis.
1340 5700 1439 5757 Ed.
1457 5699 1643 5764 llosv.,
1677 5699 2049 5756 Flammaumt.

1351 254 1407 309 S.
1454 253 1727 308 PAULINI
1767 251 2014 307 NOLANI
2055 249 2357 306 EPISCOPI
2398 249 2741 304 POEMATA.

2099 633 2169 686 85

2103 1094 2171 1149 90

2072 4436 2118 4493 D

3550 258 3639 312 ΝΔ

2240 361 2316 415 Ne
2341 362 2556 415 dubiam
2579 359 2843 428 suspende
2870 358 3026 413 fidem
3043 400 3057 423 ,
3083 374 3162 414 ne
3189 370 3326 415 mota
3350 361 3551 419 faventis

2240 452 2321 505 lra
2352 452 2446 506 Dei
2476 452 2723 505 meritam
2750 460 2949 505 statuat
2980 461 3104 519 post
3131 453 3341 519 prmmia
3369 469 3573 521 poenam.

2310 543 2433 597 Haec
2459 544 2552 605 ait,
2583 552 2635 596 et
2658 551 2846 595 tenues
2870 542 3098 595 elabitur
3124 543 3232 596 ales
3263 544 3312 595 iu
3338 560 3515 609 auras,

2242 634 2696 702 Fragrantemque
2724 648 2874 687 sacro
2908 632 3095 700 procul
3121 648 3244 686 aera
3284 632 3452 686 fundit
3479 634 3638 689 odore.

2245 726 2471 794 Diriguit
2503 724 2706 794 trepida
2734 726 2987 782 confusus
3007 734 3182 779 mente
3207 726 3468 789 sacerdos,

2244 818 2320 871 Ac
2340 817 2465 870 dum
2504 817 2826 885 promissum
2849 818 3153 869 cunctantia
3178 817 3338 870 corda
3363 818 3616 885 volutant,

2240 910 2375 963 Dum
2404 924 2463 963 se
2484 907 2674 962 diﬂ‘tdit
2698 916 2904 961 tantum
2926 908 3184 963 meruisse
3210 910 3461 973 favorem,

2250 1000 2315 1055 Ut
2339 1002 2530 1056 summi
2562 1000 2631 1055 sit
2658 1016 2783 1055 cura
2809 1000 2920 1064 Dei,
2940 1000 3189 1055 dimissus
3215 1010 3273 1054 ut
3302 1002 3410 1054 alto

2245 1094 2470 1147 Nuntius
2492 1109 2521 1147 e
2550 1094 2721 1156 caalo,
2752 1092 2950 1145 famulo
2983 1101 3091 1145 tam
3114 1093 3258 1146 clara
3290 1092 3507 1145 referret

2246 1185 2289 1237 A
2320 1183 2547 1237 Domino
2571 1182 2819 1235 mandata
2851 1198 2972 1249 suo,
2997 1183 3214 1250 ludique
3241 1190 3468 1244 veretur,

2246 1274 2572 1341 Somniaque
2603 1273 2689 1326 illa
2719 1280 2900 1342 putat,
2932 1289 3110 1327 mores
3139 1272 3264 1326 dum
3292 1273 3500 1341 parcius
3521 1285 3659 1340 aequo

2249 1366 2503 1422 Aistimat
2532 1365 2646 1435 ipse
2674 1380 2819 1429 suos,
2844 1380 2943 1417 nec
2964 1379 3021 1418 se
3055 1365 3315 1418 meruisse
3345 1362 3531 1414 fatetur
3554 1380 3565 1413 ε

2248 1454 2471 1509 lnfidum
2505 1454 2630 1509 facit
2660 1454 2771 1523 ipsa
2802 1453 3108 1515 fides,'dum
3138 1452 3360 1506 credere
3381 1451 3586 1517 dignum

2108 1546 2178 1599 95
2248 1546 2318 1601 Se
2342 1563 2449 1601 non
2476 1547 2610 1609 vult,
2644 1561 2831 1614 pwnas
2862 1544 3235 1598 incredulitate
3258 1551 3506 1596 meretur.

2254 1638 2508 1693 Protinus
2535 1638 2791 1691 adstricta
2813 1643 2896 1690 est
2921 1636 3186 1689 dubitanti
3209 1635 3386 1701 lingua
3410 1632 3609 1701 palato,

2254 1732 2321 1785 Et
2352 1740 2531 1786 motus
2558 1731 2724 1793 oblita
2752 1730 2853 1792 sui,
2885 1729 3177 1797 molitaque
3206 1728 3372 1789 vocis,

2257 1823 2557 1878 Articulare
2586 1838 2799 1889 sonum,
2822 1820 2975 1890 pigro
3002 1828 3221 1888 torpore
3243 1818 3476 1872 colimsit.

2254 1913 2496 1983 Dumque
2526 1913 2672 1981 cUpit
2702 1927 2921 1966 narrare
2948 1926 3058 1965 sua:
3082 1910 3340 1964 miracula
3362 1908 3515 1977 plebi,

2114 2005 2212 2059 100
2250 2005 2487 2057 Conatus
2516 2004 2729 2066 frustra,
2763 2001 2940 2055 deﬁxo
2969 2001 3242 2055 obmutuit
3269 2014 3382 2053 ore.

2253 2092 2467 2146 Miestus
2488 2093 2618 2156 abit,
2653 2103 2935 2159 versatque
2964 2093 3167 2146 inclusa
3200 2099 3380 2144 mente
3406 2088 3645 2152 dolorem,

2252 2182 2317 2235 Et
2346 2184 2557 2236 veniam
2584 2184 2777 2236 erratis
2806 2197 3005 2235 arcano
3034 2182 3086 2235 in
3118 2181 3289 2235 corde
3310 2188 3569 2248 precatur.

2325 2272 2534 2338 Quanta
2561 2272 2653 2326 Dei
2673 2273 2871 2341 pietas!
2890 2287 3160 2340 quamque
3173 2271 3451 2325 exorabile
3463 2268 3647 2322 Numen
3663 2266 3677 2317 l

2257 2364 2575 2421 Pmuituisse
2601 2373 2685 2418 sat
2711 2372 2811 2420 est.
2857 2365 2990 2417 Rata
3016 2365 3105 2432 qui
3134 2364 3253 2429 dat,
3280 2362 3529 2431 temporis
3557 2358 3676 2412 ordo

2116 2455 2220 2510 105
2255 2457 2519 2518 Volvitur,
2546 2463 2601 2509 et
2619 2454 2833 2523 gravida
2860 2454 3096 2524 (mirum)
3122 2453 3448 2507 distenditur
3476 2451 3588 2503 alvo

2258 2548 2549 2612 Elisabeth,
2565 2552 2915 2615 sanctumque
2927 2555 3120 2615 gerunt
3148 2547 3243 2615 pia
3260 2546 3461 2599 viscera
3478 2539 3681 2611 pondus,

2258 2638 2324 2692 Et
2354 2640 2499 2692 venit
2527 2636 2690 2692 effeto
2714 2654 2910 2691 munus
2932 2637 3167 2705 juvenile
3195 2637 3302 2690 sub
3322 2651 3453 2689 :cvo.

2329 2728 2457 2783 Inde
2486 2728 2648 2791 aliud,
2679 2738 2897 2783 sanctus
2922 2728 3156 2790 Gabriel,
3178 2728 3279 2794 qui
3323 2725 3532 2779 nuntius
3560 2722 3685 2775 idem

2263 2820 2533 2873 Zachariae
2564 2817 2754 2882 fuerat,
2790 2819 2957 2871 multo
2990 2817 3190 2884 majora
3220 2817 3496 2875 volutans,

2122 2913 2224 2967 H0
2262 2912 2342 2965 Ad
2374 2910 2448 2981 (ὑ)
2480 2910 2702 2964 Mariam
2733 2910 2952 2963 molitur
2974 2910 3096 2974 iter,
3122 2923 3249 2976 qua:
3281 2922 3471 2976 sponsa
3491 2902 3683 2961 marito,

2267 3002 2372 3057 Sed
2400 3015 2554 3067 mage
2584 3001 2720 3055 lecta
2751 3000 2882 3063 Deo,
2912 2998 3096 3053 mundi
3122 2999 3370 3068 paritura
3398 2996 3626 3057 salutem,

2265 3094 2427 3160 Virgo
2453 3092 2711 3145 illibatum
2741 3091 2989 3145 servabat
3013 3097 3159 3143 casta
3190 3089 3454 3159 pudorem
3482 3104 3493 3137 :

2258 3185 2356 3239 Cui
2387 3192 2667 3253 postquam
2699 3183 2922 3250 insignis
2950 3182 3153 3237 caelesti
3182 3179 3361 3234 forma
3392 3178 3581 3233 decore

2262 3274 2520 3331 Constitit
2547 3283 2672 3328 ante
2694 3274 2900 3335 oculos,
2933 3273 3109 3327 vultus
3136 3272 3379 3325 demissa
3401 3269 3629 3339 pudicos.

2124 3367 2228 3421 “5
2256 3366 2437 3421 Tinxit
2457 3363 2660 3418 suffuso
2687 3364 2969 3419 rutilantes
2994 3363 3258 3430 sanguine
3297 3363 3481 3415 malas.

2339 3458 2434 3513 Ille
2454 3457 2529 3511 ait
2562 3474 2573 3507 :
2608 3453 2652 3509 Ο
2676 3462 2790 3509 ιοιο
2814 3469 2973 3523 quem
2994 3454 3123 3509 solis
3149 3453 3391 3508 circulus
3427 3449 3603 3510 ambit,

2268 3549 2504 3618 Quaeque
2549 3546 2699 3601 fuere
2726 3546 2895 3615 prius,
2938 3561 3058 3615 qua:
3088 3552 3233 3607 sunt,
3257 3559 3388 3614 qua:
3406 3541 3589 3597 deinde
3615 3551 3694 3591 se-

3456 3637 3467 3707 [
3488 3640 3698 3702 queatur

2271 3732 2578 3800 Virginibus
2606 3731 2815 3785 cunctis
2840 3729 3049 3785 felicior
3075 3728 3204 3782 orbe
3229 3727 3436 3796 puella,

2273 3823 2465 3890 Magno
2496 3824 2631 3877 lecta
2662 3823 2790 3887 Deo,
2816 3829 2988 3875 mater
3008 3820 3205 3873 dicaris
3235 3826 3301 3871 ul.
3329 3818 3445 3885 ejus
3463 3859 3477 3880 ,

2136 3912 2236 3965 19.0
2274 3912 2437 3980 Cujus
2462 3921 2517 3965 et
2563 3914 2651 3967 ille
2680 3911 2860 3981 pater!
2895 3910 3019 3965 felix
3050 3924 3148 3978 age
3173 3909 3407 3977 concipe
3430 3902 3642 3975 pondus,

2278 4004 2556 4071 [inpolluta
2586 4005 2721 4067 viro,
2754 4004 3004 4070 coituque
3034 3998 3291 4053 immunis
3324 3998 3390 4051 ab
3419 3996 3581 4057 oumi,

2281 4093 2456 4147 Verbo
2478 4093 2583 4147 fcta
2609 4093 2703 4146 Dei
2736 4111 2748 4145 :
2777 4107 2973 4160 corpus
2997 4099 3086 4144 tua
3111 4091 3321 4143 viscera
3349 4093 3595 4157 pneslent

2279 4185 2378 4250 llli,
2407 4186 2496 4255 qui
2526 4185 2740 4246 cadum,
2777 4192 2964 4242 terras,
3013 4196 3177 4242 mare,
3208 4178 3390 4233 sidera
3424 4177 3547 4231 fecit
3577 4192 3588 4225 :

2283 4278 2385 4343 Qui
2406 4291 2620 4346 semper
2648 4274 2766 4338 fuit,
2797 4282 2851 4327 et
2880 4287 3021 4326 nunc
3047 4280 3129 4326 est
3159 4279 3213 4325 et
3242 4279 3489 4340 tempore
3510 4268 3559 4321 in
3580 4262 3711 4318 onmi

2146 4372 2248 4425 125
2285 4374 2510 4440 Semper
2533 4370 2635 4424 erit
2668 4387 2681 4421 :
2708 4368 2889 4422 mundi
2911 4367 3189 4440 Dominus,
3221 4365 3468 4433 lucisque
3498 4371 3713 4422 creator,

2286 4460 2351 4513 Et
2376 4437 2463 4514 lux
2498 4461 2609 4528 ipse
2632 4460 2739 4528 poli
2760 4475 2854 4527 per
2882 4466 2936 4512 te
2959 4437 3202 4510 mortalia
3233 4456 3477 4510 membra

2292 4550 2508 4613 induet;
2538 4556 2700 4615 atque
2721 4547 2909 4602 oculos
2934 4546 3209 4599 hominum
3228 4586 3241 4609 ,
3276 4554 3553 4612 coetusque
3575 4540 3712 4596 subi-

3594 4634 3603 4703 ι
3629 4631 3716 4685 bit.

2290 4731 2710 4800 lmpcrturbatos
2738 4738 3006 4784 tantarum
3036 4731 3086 4784 in
3114 4731 3332 4799 prtemia
3365 4729 3578 4783 laudum

2297 4823 2447 4876 Tolle
2477 4823 2702 4887 animos,
2736 4821 2882 4875 dabit
2910 4821 3000 4875 ille
3022 4821 3116 4873 tibi
3140 4820 3409 4887 viresque,
3446 4818 3719 4882 fidemque.

2153 4914 2253 4967 150
2290 4913 2392 4979 Qui
2417 4914 2587 4967 voluit
2611 4916 2755 4981 (nam
2781 4921 2974 4968 cuncta
3003 4913 3159 4980 regit,
3190 4921 3429 4978 nutuque
3451 4903 3722 4976 gubernat)

2289 5006 2453 5059 Filius
2475 5022 2595 5059 esse
2627 5016 2768 5071 tuus,
2802 5005 3011 5058 Domini
3041 5020 3162 5059 eum
3194 5002 3357 5057 Filius
3392 5010 3554 5055 esset.

2358 5097 2596 5159 Dixerat,
2623 5106 2677 5149 et
2701 5098 2844 5149 visus
2874 5096 3075 5164 pariter
3097 5104 3375 5173 terrasque
3393 5090 3625 5157 rrliquili

2290 5188 2694 5255 Assuetuuique
2719 5188 2818 5241 sibi
2852 5188 2990 5241 facili
3014 5188 3147 5256 petit
3173 5187 3371 5239 a3thera
3402 5183 3540 5235 nisu.

2294 5280 2584 5349 Implentur
2606 5288 2869 5349 prmcepta
2901 5280 3014 5346 Dei,
3038 5279 3313 5345 creditque
3341 5275 3518 5343 puclla

2149 5368 2250 5424 155
2289 5368 2556 5432 Protinus,
2582 5379 2740 5436 atque
2762 5381 2921 5438 auget
2942 5369 3189 5423 meritum
3214 5369 3481 5431 vitamque
3497 5360 3729 5432 priorem

2233 5502 2305 5569 (ὁ)
2338 5502 2410 5554 Ita
2440 5502 2491 5553 in
2516 5516 2647 5555 voce
2677 5501 2901 5557 Mariam
2927 5499 3215 5556 secundam
3240 5495 3495 5569 syllabam
3520 5490 3733 5569 corriij

2158 5559 2477 5675 Prucleiujus
2507 5572 2891 5692 l’isvghomach.
2928 5588 2975 5624 v.
3010 5570 3077 5627 88
3100 5584 3114 5635 ;
3139 5560 3281 5638 save.
3308 5565 3582 5620 Paulinus.
3616 5559 3737 5612 \‘ide

2159 5658 2322 5692 CLU‘IH.
2348 5655 2435 5692 ιι.
2469 5660 2515 5692 \'.
2582 5660 2665 5692 Od.

2159 5658 2322 5695 carm.
2348 5655 2435 5704 1'2,
2469 5660 2515 5694 v.
2551 5655 2665 5694 tuo.
