3988 6176
274 300 372 355 415

1742 293 1973 351 POEMA
2014 294 2104 349 Vl.

3433 298 3539 352 446

409 413 663 481 Prompta
696 394 867 469 fides:
896 400 1077 469 tacitis
1103 413 1365 468 elementa
1388 411 1607 466 latentia
1637 413 1815 469 causis
1882 410 1930 469 A
1962 406 2066 461 185
2103 405 2300 476 Aptent
2327 404 2537 460 collatis
2563 407 2786 475 quaesita
2813 407 3073 462 vocabula
3102 410 3275 465 causis
3306 427 3317 463 :

410 504 659 557 Divinum
691 503 982 558 informant
1010 519 1222 573 corpus,
1255 502 1621 571 sacrandaque
1658 503 1854 556 crescit

411 594 770 666 339-340
801 594 1068 648 Sarcina:
1114 594 1388 649 cmlestem
1439 594 1720 647 Dominum
1768 593 1853 660 pia

1379 683 1652 755 [confovet
1682 683 1852 738 alvus.

486 777 699 832 Interea
747 776 1020 846 gravidam
1050 776 1299 839 soboles,
1351 790 1671 845 quamquam
1714 774 1854 827 edita

1584 865 1857 937 [necdum,

276 958 371 1011 HO
414 958 634 1026 lnstigat
662 958 880 1011 Mariam
907 964 1166 1019 sanetam,
1194 964 1253 1008 ιιι
1282 970 1563 1025 progressa
1589 956 1788 1009 revisat

415 1049 708 1112 Elisabetb,
738 1050 896 1115 longo
925 1064 1042 1116 qua:
1066 1048 1174 1115 jam
1205 1047 1525 1101 venerabilis
1551 1061 1687 1110 :evo,

417 1139 678 1192 Dilectum
712 1139 936 1192 Domino
963 1153 1183 1205 puerum
1214 1138 1448 1205 paritura
1477 1136 1715 1204 gerebat.

416 1228 699 1282 Auscultat
728 1236 855 1281 nato
884 1228 1131 1294 genitrix,
1168 1227 1243 1280 vis
1270 1235 1415 1278 tanta
1448 1237 1470 1261 η
1504 1226 1645 1289 tidei,

418 1319 484 1371 Et
513 1334 622 1388 quo
644 1319 791 1385 jussa
815 1318 961 1370 Venit
988 1334 998 1368 :
1032 1316 1200 1369 movit
1222 1324 1462 1369 materna
1484 1314 1755 1368 Johanncs

285 1408 385 1463 HS
418 1410 659 1472 Viscera,
693 1417 747 1463 et
777 1408 1017 1476 implevit
1043 1406 1224 1459 divino
1252 1415 1470 1474 pectora
1500 1420 1678 1459 sensu.

418 1500 533 1554 Jam
561 1510 729 1562 vates,
756 1497 979 1552 necdqu
1003 1498 1235 1564 genitus,
1262 1496 1545 1550 conclusus
1566 1496 1617 1549 iu
1649 1495 1789 1557 alvo,

417 1588 643 1659 Jamque
671 1588 934 1657 propheta
964 1588 1109 1656 prius
1138 1595 1283 1655 gesta
1307 1596 1359 1639 et
1383 1595 1605 1639 ventura
1628 1586 1859 1639 videbat.

486 1680 581 1733 Illa
613 1680 700 1733 tibi
729 1687 990 1747 concepto
1022 1677 1309 1744 fulgentem
1340 1677 1538 1730 lumine
1564 1678 1720 1745 longe

418 1770 713 1840 Conspexit
741 1769 982 1834 Mariam,
1015 1769 1176 1824 celeri
1206 1769 1388 1837 procul
1421 1770 1578 1823 incita
1608 1784 1792 1838 gressu

286 1862 384 1916 150
420 1861 587 1917 Obvia
634 1859 1008 1930 progreditur,
1066 1868 1425 1928 venerataque
1478 1860 1693 1915 brachia
1743 1868 1863 1913 ten-

1690 1949 1863 2021 [dens,

422 2041 603 2105 Salve,
634 2055 667 2094 0
688 2047 879 2102 mater,
905 2038 1000 2105 ait,
1035 2038 1267 2102 Domini,
1298 2038 1444 2093 salve
1474 2038 1558 2108 pia
1584 2038 1755 2105 virgo,

421 2130 679 2184 lmmunis
708 2129 949 2192 thalami,
983 2130 1263 2196 coitusque
1293 2129 1475 2197 ignara
1498 2128 1687 2194 virilis,

424 2222 531 2277 Sed
561 2223 796 2291 paritura
827 2220 990 2273 Deum
1024 2221 1195 2272 :tanti
1228 2219 1322 2273 fuit
1343 2235 1461 2274 esse
1491 2220 1769 2288 pudicam,

424 2312 641 2366 Intacta:
673 2320 728 2364 ut
755 2310 924 2365 ferres
953 2311 1154 2375 titulos,
1188 2320 1241 2365 et
1277 2312 1493 2379 pnemia
1525 2321 1722 2379 nuptm.

289 2402 387 2458 155
423 2403 533 2459 Cur
560 2403 689 2456 mibi
722 2419 831 2455 non
863 2404 1086 2467 meritar,
1120 2418 1218 2456 nec
1247 2410 1396 2455 tanto
1436 2417 1657 2455 uulnere
1696 2402 1867 2470 dignze

422 2492 595 2548 Officii
619 2491 854 2545 defertur
882 2492 1093 2545 honos?
1123 2507 1219 2545 cur
1247 2492 1414 2559 gloria
1443 2492 1585 2558 cmli,

422 2586 481 2642 In
510 2596 724 2642 nostros
753 2585 925 2639 delata
960 2586 1121 2637 Lares
1150 2594 1204 2637 et
1231 2586 1355 2637 vilia
1380 2593 1537 2649 tecta,

422 2678 678 2733 Obscuris
706 2686 910 2730 tantum
944 2677 1119 2729 lumen
1152 2676 1513 2744 penetralibus
1544 2676 1739 2729 infert?

425 2768 533 2823 Sed
564 2768 709 2822 mitis
737 2765 1083 2836 placidusque
1112 2767 1221 2819 suis
1251 2766 1545 2819 cultoribus
1572 2766 1735 2832 adsit,

292 2863 383 2915 160
428 2859 653 2914 Praestet
699 2860 775 2930 (a)
803 2866 858 2912 et
905 2858 1045 2911 hunc
1072 2858 1282 2925 gvpizus
1313 2856 1377 2921 δ,
1424 2872 1580 2925 quem
1624 2856 1874 2925 praestitit

1439 2949 1582 3018 [ante
1611 2946 1868 2999 favorem.

427 3041 594 3106 Dixit,
626 3047 680 3094 et
711 3039 988 3108 amplexus
1017 3038 1155 3092 ulnis
1178 3036 1503 3091 circumdata
1530 3036 1728 3104 junxit,

426 3130 655 3198 Jamque
677 3130 841 3183 Deum
874 3136 1146 3191 venerata,
1175 3128 1262 3196 pio
1288 3126 1435 3180 dedit
1463 3126 1644 3180 oscula
1673 3127 1867 3180 ventri.
1900 3127 1945 3188 C
1977 3133 2082 3187 210

502 3220 596 3275 Dic
627 3235 722 3288 age
746 3236 907 3286 nunc,
930 3217 1107 3271 Judaea
1135 3233 1355 3279 nocens,
1388 3225 1441 3270 et
1461 3216 1719 3283 sanguine
1737 3215 1875 3283 regis

426 3311 830 3366 Commaculata
862 3311 957 3374 tui,
994 3309 1165 3361 verbis
1193 3308 1237 3362 si
1270 3308 1409 3359 nulla
1443 3308 1679 3376 priorum

291 3406 387 3458 165
428 3403 524 3457 Est
548 3401 849 3456 adhibenda
882 3400 1037 3465 ﬁdes,
1064 3415 1247 3453 sacros
1271 3400 1314 3450 si
1339 3390 1522 3452 fallere
1551 3405 1699 3451 vates

422 3495 686 3561 Creditis,
717 3504 771 3547 et
800 3492 980 3547 Mosen
1015 3492 1207 3560 ipsum,
1248 3492 1290 3544 si
1324 3490 1505 3543 fallere
1537 3488 1703 3543 David

424 3588 601 3657 Impia
632 3601 893 3656 perversa:
921 3593 1074 3654 putat
1102 3583 1438 3637 inelementia
1469 3583 1662 3651 gentis,

424 3677 649 3732 Credite
684 3687 705 3714 ε
736 3691 841 3728 non
872 3675 1064 3743 genitis
1106 3691 1117 3725 :
1151 3682 1390 3726 materna
1430 3673 1644 3727 clausus
1674 3674 1725 3726 iu
1756 3672 1878 3726 alvo

427 3768 573 3834 Quid
607 3765 805 3830 videat,
848 3776 1032 3819 sancto
1068 3766 1253 3819 matris
1277 3765 1435 3818 docet
1462 3780 1557 3818 ore
1584 3763 1876 3819 Johannes.

332 3859 393 3913 70
428 3859 589 3927 Quis,
615 3860 978 3929 precor,hunc
1017 3857 1233 3922 docuit,
1277 3873 1439 3925 quem
1482 3866 1631 3912 casto
1672 3857 1882 3910 viscere

1707 3948 1881 4019 [virgo

430 4043 745 4109 Contineat,
778 4050 1007 4111 quantus
1036 4049 1250 4095 maneat
1277 4056 1413 4093 nova
1443 4040 1620 4096 secula
1664 4040 1882 4109 partus?

430 4134 545 4189 Sed
584 4135 784 4188 sanctis
814 4134 1057 4187 abstrusa
1089 4139 1273 4202 patent
1298 4172 1312 4195 ,
1353 4146 1451 4185 nec
1481 4132 1591 4185 visa
1621 4130 1878 4199 profanis.

516 4227 716 4281 Verum
774 4241 988 4295 egressa
1045 4225 1264 4279 modum
1325 4225 1460 4278 latos
1514 4223 1653 4292 petit
1706 4222 1882 4275 orbita

1619 4314 1701 4384 [ca
1724 4327 1880 4381 upos,

428 4409 612 4477 Atque
641 4407 805 4461 oblita
837 4407 941 4459 mei
972 4420 1289 4475 procurrere
1322 4404 1529 4471 longius
1559 4403 1737 4456 audet.

294 4501 393 4553 175
429 4501 642 4569 Spero,
691 4501 793 4552 erit
831 4506 889 4550 ut
917 4497 1116 4573 possim
1148 4495 1358 4549 firmato
1394 4495 1590 4548 robore
1615 4494 1883 4562 quondam
1918 4491 1965 4549 D

431 4590 553 4644 Hoc
577 4602 791 4657 quoque
819 4601 915 4656 per
930 4586 1160 4655 spatium
1188 4586 1327 4638 fores
1348 4584 1549 4651 agitare
1575 4583 1883 4651 quadrigas.

430 4681 591 4733 Nunc
611 4678 686 4747 (ὁ)
706 4686 938 4745 ereptum
963 4684 1266 4744 repetamus
1305 4675 1440 4727 iter:
1470 4674 1715 4728 mortalia
1745 4674 1886 4726 dicat

431 4770 641 4838 Pagina
673 4766 948 4820 mortalis:
982 4764 1264 4817 Dominum
1293 4763 1471 4817 divina
1505 4762 1809 4831 loquantur.

504 4858 733 4925 Jamque
755 4854 888 4909 adeo
909 4863 1120 4918 exacto,
1151 4861 1408 4923 quantum
1432 4860 1620 4905 natura
1639 4851 1884 4920 jubebat,

298 4952 393 5005 l80
432 4950 726 5018 Tempore,
752 4955 958 5000 matura
983 4961 1113 5015 puer
1135 4946 1364 5016 inclytus
1389 4945 1567 4999 editur
1600 4946 1740 5011 alvo,

430 5042 501 5095 Et
533 5040 796 5109 promissa
830 5037 923 5091 Dei
952 5051 1139 5104 magna
1165 5053 1268 5091 non
1300 5037 1502 5091 credita
1532 5053 1689 5106 poma

428 5132 625 5199 Implet
654 5137 801 5184 certa
830 5129 977 5191 fides,
1008 5137 1062 5181 et
1091 5137 1247 5181 natus
1276 5129 1595 5197 comprobat
1622 5130 1813 5183 infans.

431 5223 782 5278 Conveniunt
806 5222 1176 5288 contingentes
1196 5220 1263 5274 de
1293 5236 1441 5273 more
1468 5222 1775 5291 propinqui,

433 5317 509 5370 Ut
539 5330 671 5384 puer
699 5322 941 5368 veterum
969 5313 1035 5367 de
1065 5313 1281 5366 nomine
1308 5312 1465 5367 ducta
1497 5324 1777 5383 parentum

364 5418 389 5445 ι
419 5406 562 5459 Vide
588 5415 700 5460 not.
733 5403 857 5457 551.

362 5476 389 5515 ι’
423 5477 563 5529 Vide
592 5485 702 5529 not.
735 5473 861 5525 222.

369 5558 390 5585 ε
420 5546 560 5599 Vide
589 5561 752 5598 carm.
779 5542 832 5606 5,
856 5544 1025 5601 v.17.

363 5616 388 5653 ἀ
421 5614 478 5668 ld
504 5623 611 5670 est.
636 5615 719 5667 lex
743 5613 990 5682 Decalogi
1016 5614 1222 5682 sculpta
1259 5613 1311 5666 in
1340 5614 1532 5666 tabulis
1578 5612 1612 5664 2
1634 5613 1877 5681 lapideis.

373 5697 396 5722 ε
427 5682 484 5736 Η
516 5692 631 5747 est.
671 5686 955 5737 indurarct.
1000 5684 1235 5753 Simplex
1275 5699 1372 5751 pro
1411 5683 1709 5750 composito
1740 5684 1878 5752 apud

309 5754 617 5811 Paulinum.
647 5754 777 5831 Vide
806 5769 968 5809 carm.
1001 5756 1054 5820 8,
1084 5752 1132 5811 νζ
1170 5752 1253 5823 1‘2,
1286 5761 1339 5809 et
1366 5769 1450 5824 cp.
1475 5752 1563 5821 ‘23,
1596 5770 1648 5806 u.
1682 5754 1765 5809 55.

2098 495 2205 550 Sed
2234 503 2393 562 negat
2417 496 2696 549 arbitrium
2728 500 2970 565 cognatis
2990 514 3108 551 esse
3131 500 3394 566 relictum,

2096 588 2344 642 Caelestis
2368 587 2501 654 jnssi
2532 603 2626 655 per
2655 596 2841 640 natum
2869 590 3084 642 conscia
3116 598 3305 642 mater.

2100 678 2239 745 Ergo
2264 678 2441 747 placet
2469 677 2665 731 dudum
2693 678 2950 746 przeclusa
2982 694 3115 731 voce
3135 678 3380 730 silentem

2100 768 2442 823 Consuluisse
2470 775 2697 836 patrem,
2732 767 3010 837 promendi
3038 768 3151 822 sola
3182 767 3405 821 facultas

1960 858 2060 913 190
2098 856 2301 921 lndicii,
2331 861 2472 923 quod
2504 856 2679 924 lingua
2711 857 2914 924 nequit,
2947 857 2991 909 si
3024 857 3199 909 littera
3230 856 3425 921 signat.

2100 948 2427 1011 Consulitur,
2456 949 2617 1001 sumit
2652 947 2880 1008 tabulas,
2906 947 3198 1013 scribitque
3223 944 3543 997 Johannetn.

2100 1037 2361 1091 Mirantur
2390 1037 2585 1099 cuncti,
2621 1036 2930 1104 nullumque
2957 1036 3205 1089 habuisse
3233 1035 3475 1104 priorum

2104 1127 2479 1197 Prmscriptum
2523 1142 2719 1181 nomen
2747 1128 2994 1181 recolunt
3032 1127 3099 1181 de
3146 1128 3312 1196 stirpe
3354 1141 3549 1195 paren-

3388 1217 3544 1288 [tum.

2108 1314 2373 1381 Quantum
2402 1329 2517 1367 sera
2546 1310 2673 1366 fides
2697 1312 2890 1365 valuit!
2924 1312 3047 1379 quia
3076 1310 3263 1363 dextra
3290 1309 3496 1362 notavit

1964 1408 2066 1463 195
2104 1407 2453 1479 341-3η2
2484 1404 2637 1471 Quod
2668 1420 2820 1458 mens
2849 1403 3171 1479 crediderat,
3202 1399 3405 1470 peccati
3436 1413 3550 1467 pm-

3076 1496 3165 1565 [ua
3196 1493 3415 1547 remissa
3444 1497 3546 1545 est.

2107 1590 2401 1644 Solvuntur
2429 1589 2616 1641 vincta)
2643 1588 2818 1640 laxata
2850 1585 3100 1655 repagula
3125 1584 3335 1651 lingum.

2109 1678 2419 1748 Respondet
2450 1677 2562 1745 jam
2592 1691 2726 1730 voce
2765 1691 2929 1730 senex
2953 1715 2969 1738 ,
3016 1673 3302 1742 proditque
3332 1670 3551 1739 propin-

3385 1762 3547 1834 [quis,

2107 1864 2267 1917 Tecta
2297 1862 2386 1915 diu
2417 1859 2666 1913 mandata
2700 1858 2813 1921 Dei,
2847 1856 3179 1924 spondetque
3210 1855 3404 1919 futura,

2107 1953 2243 2007 Dum
2285 1958 2556 2005 transacta
2604 1949 2815 2018 probat.
2865 1947 3051 2001 Talem
3091 1947 3203 1999 lore
3238 1944 3357 2014 q'uis
3395 1942 3550 1995 dubi-

3366 2026 3549 2105 [taret,

1966 2136 2071 2191 200
2108 2135 2276 2201 Quem
2306 2131 2520 2186 Domini
2546 2129 2732 2199 jussis,
2764 2136 2966 2182 natura:
2994 2128 3110 2195 lege
3132 2126 3373 2190 remissa,

2108 2226 2329 2281 Insolito
2358 2232 2551 2279 exortu
2582 2222 2731 2276 nasci
2759 2221 2999 2289 potuisse
3018 2218 3257 2272 videret?

2110 2315 2425 2384 Exemplum
2457 2313 2664 2368 cunctis
2695 2309 3077 2365 celebrandum
3108 2304 3498 2361 incredulitatis

2110 2408 2249 2461 Ante
2277 2406 2465 2460 oculos
2502 2402 2709 2469 cunctis
2736 2401 2942 2471 posuit,
2984 2400 3068 2453 vel
3097 2412 3254 2467 poena
3292 2395 3554 2466 parentis,

2111 2501 2210 2555 Vel
2243 2500 2396 2554 venia
2443 2515 2456 2550 :
2490 2504 2652 2566 atque
2682 2495 2874 2549 animis
2904 2494 3067 2546 instat
3094 2489 3251 2543 simul
3294 2490 3417 2542 hinc
3444 2502 3555 2541 me-

3099 2582 3232 2654 [tus,
3263 2580 3388 2635 hinc
3413 2593 3553 2648 spes.

1970 2679 2077 2735 205
2114 2680 2336 2734 Labitur
2362 2679 2567 2732 interea
2599 2691 2856 2731 cunarum
2888 2682 3098 2742 tempus
3134 2690 3146 2724 :
3180 2672 3231 2725 in
3264 2671 3393 2740 ipsis

2120 2772 2312 2825 Exstat
2340 2769 2505 2823 divini
2536 2767 2745 2837 species
2773 2764 3055 2819 manifesta
3085 2763 3300 2830 vigoris.

2114 2861 2413 2924 Blanditiaz,
2442 2860 2687 2926 risusque
2728 2857 2906 2917 silent,
2940 2856 3249 2921 incertaque
3278 2856 3491 2906 cessant

2117 2954 2387 3007 Murmura
2416 2972 2427 3005 :
2456 2953 2679 3006 serietas
2708 2950 2892 3003 lascivi
2915 2948 3111 3016 pratvia
3140 2961 3350 3009 sensus,

2117 3043 2231 3097 Jam
2264 3051 2447 3097 tenera
2473 3040 2723 3095 informat
2750 3039 2990 3092 venturis
3018 3036 3254 3090 moribus
3283 3050 3398 3088 ora.

2189 3133 2315 3187 lude
2340 3131 2431 3185 ubi
2462 3130 2633 3199 prima
2655 3144 2790 3194 puer
2826 3127 3005 3181 stabili
3030 3125 3251 3193 vestigia
3282 3125 3401 3177 nisu

2123 3225 2370 3289 Fixerat,
2402 3230 2456 3277 et
2484 3229 2685 3276 certam
2715 3220 2989 3285 signarent
3012 3218 3177 3272 verba
3209 3214 3476 3283 loquelam
3508 3228 3523 3265 :

2121 3318 2237 3372 Mos
2263 3324 2382 3371 erat
2408 3322 2501 3368 aut
2528 3312 2701 3367 sancti
2730 3311 2871 3365 dicta
2899 3309 3199 3364 auscultare
3234 3306 3491 3376 parentis,

2123 3411 2231 3464 Aut
2258 3409 2600 3476 antiquorum
2633 3402 2887 3473 pneclara
2908 3401 3145 3455 ediscere
3173 3397 3337 3464 facta,

2120 3501 2216 3555 Vel
2242 3514 2375 3569 quas
2403 3498 2515 3567 ipse
2546 3495 2686 3549 Deus
2714 3494 2860 3561 leges
2885 3492 3178 3559 interprete
3203 3487 3351 3542 Mose

1981 3590 2085 3645 9J5
2119 3589 2466 3652 Condiderat,
2490 3585 2775 3652 sacriquas
2802 3590 2984 3635 servat
3010 3578 3035 3615 ἀ
3069 3579 3258 3648 pagina
3283 3576 3419 3632 saxi.

2125 3680 2269 3741 Haec,
2295 3686 2349 3731 et
2377 3692 2495 3745 qu:e
2527 3683 2763 3727 teneram
2796 3670 3068 3723 ﬁrmarent
3096 3677 3274 3722 cetera
3306 3673 3562 3728 mentem,

2124 3772 2413 3826 Tractabat
2429 3767 2673 3821 recolens
2693 3782 2705 3815 :
2728 3778 2899 3830 neque
2925 3761 3066 3815 enim
3091 3761 3362 3827 ignorasse
3385 3756 3564 3826 priora

2124 3859 2460 3925 Credendus,
2486 3856 2709 3911 dederat
2729 3854 2986 3908 Dominus
3007 3852 3091 3905 cui
3117 3864 3273 3903 nosse
3296 3849 3493 3900 futura.

2125 3956 2195 4009 At
2222 3962 2504 4023 postquam
2531 3948 2696 4002 robur
2725 3944 2977 4000 membris
3007 3941 3235 3995 accessit
3269 3940 3334 3991 ab
3360 3954 3476 3991 aevo
3512 3954 3525 3989 :

1983 4046 2086 4102 220
2127 4046 2281 4117 (Nam
2323 4056 2476 4096 mens
2520 4040 2677 4111 plena
2720 4039 2831 4093 Deo
2882 4033 3064 4089 tardos
3108 4039 3440 4102 prwvenerat
3468 4044 3566 4082 an-

3358 4123 3483 4194 [nos
3511 4121 3563 4190 :)

2126 4228 2219 4282 Illa
2250 4226 2350 4281 sibi
2376 4225 2489 4294 jam
2519 4232 2631 4279 tum
2660 4221 2847 4278 statuit
2869 4218 3142 4286 discenda,
3172 4217 3368 4271 docere

2127 4319 2257 4385 Quae
2294 4324 2567 4386 nequeunt
2594 4313 2842 4368 homines
2872 4310 3064 4365 :simul
3090 4306 3388 4377 etl‘ugienda
3420 4306 3570 4361 cibo-

3406 4399 3569 4470 [rutn,

2131 4498 2198 4551 Et
2219 4505 2397 4567 potus,
2419 4503 2614 4549 sancta:
2642 4493 2889 4561 contagia
2912 4492 3071 4545 noxia
3104 4492 3248 4545 vita}.

2136 4589 2299 4644 Tecta
2328 4588 2486 4655 igitur
2511 4584 2702 4650 sancti,
2733 4598 3052 4652 quamquam
3085 4581 3445 4643 immaculata,
3473 4595 3566 4649 pa-

3382 4672 3573 4745 [rentis

1995 4771 2101 4825 225
2138 4771 2381 4834 Deserit,
2442 4786 2506 4825 ac
2556 4770 2741 4824 turbas
2786 4769 3091 4832 hominum,
3146 4774 3424 4833 cmtusque
3471 4778 3571 4816 uo—

3369 4856 3576 4928 [centes

2139 4950 2355 5019 Effugit,
2384 4967 2445 5006 ac
2472 4951 2617 5005 solas
2641 4951 2758 5006 loca
2789 4951 2957 5004 tendit
2987 4949 3050 5003 ad
3079 4950 3217 5003 invia
3252 4958 3441 5009 terras,

2136 5046 2194 5100 In
2224 5045 2377 5113 queis
2404 5060 2461 5099 se
2492 5053 2695 5097 tantum
2724 5059 2874 5097 meus
2904 5042 3177 5111 impolluta
3209 5042 3434 5106 videret,

2141 5135 2439 5204 Liberaque
2462 5152 2490 5188 a
2516 5137 2659 5189 curis
2683 5149 2831 5188 sacra
2859 5134 2925 5187 ad
2951 5141 3213 5202 prazcepta
3245 5140 3475 5184 vacaret.

2146 5225 2319 5281 Vestis
2344 5233 2460 5280 erat
2483 5227 2631 5280 curvi
2656 5227 2784 5280 setis
2808 5233 3053 5279 conserta
3084 5224 3292 5286 cameli,

1996 5316 2102 5371 250
2141 5317 2339 5371 Contra
2372 5316 2631 5369 luxuriem
2662 5317 2850 5371 molles
2879 5328 2901 5353 ε
2931 5318 3149 5371 duraret
3181 5328 3237 5370 ut
3259 5326 3424 5381 artus,

2067 5410 2143 5478 (a)
2186 5410 2273 5462 Sic
2324 5410 2725 5478 emendavimus
2764 5424 2883 5462 cum
2932 5410 3224 5463 Gronovio.
3274 5413 3410 5462 Ante
3455 5415 3573 5461 erat

1989 5477 2244 5533 Prtestitit
2274 5478 2427 5531 hunc.
2460 5477 2595 5531 Vide
2622 5487 2731 5530 not.
2766 5478 2886 5534 222.

2060 5549 2131 5615 (ὁ,
2167 5548 2303 5602 Edit.
2349 5546 2514 5614 Lugd.
2552 5556 2606 5601 et
2646 5547 2831 5611 Rosv.,
2867 5549 3001 5603 Huc.
3031 5549 3127 5602 Cui
3157 5563 3261 5601 non
3292 5558 3571 5602 succurrat

1987 5618 2303 5687 attendenti,
2334 5615 2503 5687 ⁸Νιιηε
2542 5619 2794 5685 coeptum?
2834 5617 3194 5671 Prrecedcntia
3239 5618 3369 5670 satis
3412 5618 3570 5687 iuge-

1987 5698 2129 5743 runt.
2158 5686 2204 5743 J.
2233 5687 2294 5743 F.
2318 5685 2619 5743 GKONOVIU:
2643 5688 2694 5742 in
2722 5689 3000 5744 Ubservat.
3028 5687 3362 5754 Ecclesiast.,
3392 5705 3444 5745 c.
3482 5685 3568 5746 10.
