3988 6176
419 255 523 309 M7
1369 259 1425 315 S.
1468 257 1738 315 PAULINI
1777 255 2025 312 NOLANI
2063 253 2366 310 EPISCOPI
2408 253 2746 310 POEMATA.
3570 263 3663 318 “8

558 371 888 443 Arceretque
940 387 1129 443 graves
1181 383 1504 444 compuneto
1557 387 1786 442 corpore
1841 387 1989 426 som-
2022 376 2068 432 Α
2235 367 2476 421 Sustinet
2502 369 2702 421 erranti
2730 369 2888 422 toties
2913 369 3189 437 ignoscere
3219 373 3388 425 nato?

1851 463 1992 535 [nes.
2241 456 2314 526 (ὁ)
2348 455 2451 510 Das
2495 457 2641 524 genti
2681 472 2926 523 sensum,
2975 476 3082 528 quo
3112 461 3194 514 vel
3226 461 3370 514 bona
3419 478 3426 504 ι

2241 456 2314 526 (ὁ)
2348 455 2451 510 Das
2495 457 2641 524 genti
2681 472 2926 523 sensum,
2975 476 3082 528 quo
3112 461 3194 514 vel
3226 461 3370 514 bona
3419 463 3496 516 vel
3538 465 3664 518 mala

557 551 710 610 Hunc
736 555 853 610 vilis
883 555 1080 625 rigidos
1105 555 1168 608 ad
1194 557 1405 610 lumbos
1435 570 1570 609 zona
1597 554 1816 621 ligabat,
3345 551 3600 621 IIIOSCﬂIll.

563 642 878 700 Pnebebant
900 649 1099 701 victum
1126 645 1332 700 facilem
1362 645 1624 699 silvestria
1657 643 1834 706 mella,
2093 635 2198 689 981)
2238 635 2352 688 Non
2375 637 2506 692 satis
2532 654 2543 688 ε
2580 637 2804 690 inuectis
2825 638 3101 691 servandae
3130 639 3341 693 vincula
3367 641 3510 708 legis,

562 731 854 804 Pomaque,
883 744 938 790 et
967 736 1178 789 incultis
1205 745 1374 789 enata:
1397 735 1638 787 caulibus
1668 732 1863 794 herbae,

2237 725 2604 796 Proponisque
2635 727 2790 780 malis
2819 744 3024 795 poenas,
3051 737 3106 783 et
3131 732 3349 798 pnemia
3376 731 3549 798 justis.

415 821 521 875 εδδ
558 824 917 893 Arentemque
945 827 1088 880 sitim
1119 826 1410 880 dccnrrens
1441 825 1576 878 unda
1614 825 1845 877 levabat.

2241 813 2363 869 Ila-c
2391 831 2606 885 quoque
2634 817 2752 884 quis
2779 818 3023 884 sprevit?
3051 820 3237 872 redeat
3265 821 3583 888 quandoque
3612 821 3670 874 li-

633 911 762 979 Quis
795 914 946 969 locus
977 916 1063 969 hic
1093 916 1266 969 vitiis?
1288 915 1490 968 aditum
1518 929 1676 982 quem
1703 927 1864 981 prava
1895 927 1993 966 cu-
3416 911 3602 982 [bebit,

1849 1001 1996 1072 [pido
2236 995 2292 1047 In
2322 1004 2571 1064 promptu
2603 995 2754 1048 venia
2785 1004 2868 1050 est
2899 1014 2911 1049 :
2941 1005 3186 1050 sanctum
3234 1007 3382 1067 patet
3429 1016 3555 1054 ecce
3601 1002 3670 1054 la-

558 1089 769 1146 Invenit
796 1092 910 1147 lucc
941 1095 1082 1147 inter
1107 1109 1258 1146 saera
1291 1102 1344 1146 et
1373 1093 1667 1162 penetralia
1697 1092 1926 1144 mentis?
3348 1093 3600 1160 ivuenum,

559 1181 677 1248 Quo
704 1184 1024 1252 peccet,'qui
1057 1184 1128 1236 nil
1155 1184 1372 1251 cupiat?
1400 1199 1506 1250 quo
1543 1184 1724 1235 tendat
1757 1182 1922 1249 iniqui
2240 1172 2391 1239 Quod
2406 1185 2629 1231 renovet
2646 1177 2829 1242 vitam,
2862 1186 3180 1246 veteresque
3204 1181 3476 1236 oblitteret
3505 1193 3667 1249 actus,

560 1272 616 1326 ιη
641 1274 876 1328 latebras
897 1291 1102 1337 sensus,
1131 1275 1368 1343 quisquis
1395 1292 1499 1327 mm
1523 1273 1720 1340 milng
1745 1273 1890 1325 uno?
2097 1264 2200 1318 283
2236 1266 2499 1336 Quodque
2528 1285 2696 1324 novos
2740 1270 2986 1325 homines
3017 1271 3192 1325 faciat.
3221 1272 3357 1338 Quid
3398 1275 3672 1342 qnaarimus

416 1361 520 1416 240
549 1361 637 1417 Sic
665 1364 824 1432 primi
853 1364 1033 1418 vixere
1061 1365 1324 1426 homines,
1358 1361 1662 1431 mundoque
1692 1363 1890 1416 recenti
3415 1365 3610 1435 labra?

560 1451 670 1506 IIos
693 1462 851 1508 autor
877 1453 1097 1508 dederat
1127 1466 1351 1507 ventura
1382 1454 1433 1506 in
1465 1453 1645 1505 secula
1673 1469 1876 1516 mores;

2240 1447 2301 1501 Et
2336 1457 2512 1503 tamen
2542 1449 2766 1504 ulterior
2795 1452 2950 1504 venia
2979 1462 3060 1506 est
3093 1472 3105 1505 :
3136 1454 3416 1508 violaverit
3442 1455 3573 1507 ullus

559 1546 791 1601 Inseruit
823 1547 996 1602 donec
1023 1564 1144 1601 sese
1174 1549 1480 1601 malesuada
1512 1549 1778 1615 voluptas,

2241 1538 2354 1592 IIoc
2376 1553 2591 1608 quoque
2614 1541 2817 1608 polluto
2846 1542 3125 1610 prolapsus
3151 1559 3381 1612 corpore
3403 1544 3613 1597 donum.

562 1635 640 1689 Ac
665 1652 848 1691 secum
879 1637 1056 1703 luxus,
1088 1646 1143 1690 et
1169 1653 1409 1690 amorem
1441 1638 1642 1691 invexit
1670 1637 1922 1692 habendi.

2241 1628 2353 1694 Qua
2379 1645 2573 1696 nquam
2599 1629 2710 1698 jam
2743 1632 2939 1686 nimius
2971 1633 3125 1699 longe
3155 1636 3482 1701 processerit
3509 1651 3669 1700 error,

555 1725 691 1782 Hinc
727 1728 869 1791 odia,
900 1729 1025 1783 hinc
1057 1729 1192 1793 lites,
1228 1729 1350 1783 hinc
1381 1728 1556 1796 fraus,
1603 1731 1728 1784 hinc
1765 1730 1916 1793 livor,
1943 1740 1997 1783 et
2031 1724 2073 1780 Β

1964 1740 1997 1782 :t
2031 1724 2073 1780 Β
2242 1720 2472 1781 Desinat,
2497 1728 2550 1773 et
2573 1721 2755 1774 redeat
2781 1739 2792 1772 :
2825 1738 2945 1775 cum
2970 1739 3026 1776 se
3049 1723 3384 1778 damnaverit
3408 1727 3539 1794 ipse,

1861 1822 1994 1891 [ει-το,
2097 1812 2200 1866 290
2241 1812 2454 1866 Absolvi
2480 1813 2673 1866 meruit
2701 1831 2711 1866 :
2745 1815 2788 1867 si
2817 1815 3064 1884 poenitet,
3096 1815 3244 1870 irrita
3273 1818 3428 1886 culpa
3459 1828 3558 1882 est,

418 1901 520 1956 2w
555 1903 758 1967 Caedes,
789 1919 958 1961 arma.
982 1923 1162 1967 cruor,
1194 1904 1494 1971 conﬂictus,
1520 1908 1724 1976 praelia,
1753 1918 1955 1964 mortes
1981 1929 1992 1961 :
2237 1905 2280 1957 0
2308 1920 2462 1971 vere,
2489 1905 2630 1973 quod
2659 1906 2764 1970 ais,
2799 1907 3006 1975 pondus
3045 1907 3192 1972 leve,
3229 1910 3483 1978 quodque
3510 1910 3673 1964 eoluc-

557 1993 693 2049 Ilinc
739 1994 940 2048 ollensa
984 1997 1099 2063 Dei,
1139 2012 1298 2064 quam
1331 2006 1531 2050 tartara
1563 2013 1702 2052 szeva
1751 2000 1992 2067 piabunt.
3473 2002 3610 2072 [ret,

627 2083 826 2139 Verum
857 2100 957 2154 ego
999 2103 1094 2140 cur
1117 2088 1336 2140 nimium
1361 2103 1673 2142 communes
1698 2103 1863 2156 arguo
1885 2091 1998 2144 cul-
2246 2083 2423 2139 Suave
2447 2084 2655 2154 jugum,
2683 2087 2840 2141 toties
2869 2088 3070 2142 homini
3100 2105 3219 2142 eum
3250 2091 3544 2158 ignoscitur
3572 2093 3672 2158 uni,

1847 2184 1992 2256 “ms;
2239 2173 2304 2226 Et
2326 2183 2503 2228 tamen
2529 2189 2788 2241 erramus,
2823 2177 2942 2231 ﬁnis
2971 2194 3068 2232 nec
3098 2179 3343 2235 criminis
3373 2181 3510 2234 ullus

554 2267 844 2324 [mmemor
869 2270 984 2339 ipse
1011 2271 1138 2338 mei.
1171 2287 1332 2340 quem
1362 2289 1470 2329 ιιοη
1499 2283 1522 2310 ιι
1553 2275 1839 2330 commissa
1874 2292 1996 2344 3m-
2241 2262 2483 2317 Humano
2517 2265 2700 2332 generi
2733 2285 2743 2316 :
2773 2267 2866 2320 sed
2896 2269 3088 2321 crescit
3118 2268 3233 2323 laus
3263 2279 3357 2323 tua
3383 2287 3396 2334 ;
3431 2286 3548 2324 nam
3574 2285 3673 2340 quo

1823 2368 1992 2438 [Vm-9,
2097 2352 2200 2406 995
2239 2352 2410 2421 Major
2437 2355 2588 2423 culpa
2623 2357 2720 2422 rei,
2753 2359 3022 2424 parcentis
3051 2359 3217 2426 gloria
3242 2364 3437 2430 major.

552 2445 657 2502 Sed
681 2450 894 2504 veniam
918 2467 1136 2521 sperare
1165 2451 1360 2507 decet?
1391 2453 1465 2523 (α)
1497 2456 1811 2510 mirabimur
1833 2461 1996 2514 immo
2238 2440 2430 2497 Grates
2452 2457 2580 2510 ergo
2611 2445 2704 2498 tibi
2735 2446 2932 2500 referat
2964 2464 3112 2502 mens
3135 2453 3334 2513 omnis,
3369 2460 3422 2504 et
3443 2451 3610 2506 omnis

417 2533 520 2588 250
561 2535 777 2592 Rectius
810 2540 1086 2607 invictum,
1113 2542 1350 2610 nullique
1379 2543 1632 2599 imitabile
1657 2547 1816 2615 prisci

2240 2527 2442 2598 Lingua
2469 2540 2647 2596 canat,
2683 2542 3048 2603 quantumque
3087 2545 3260 2606 potest
3293 2537 3524 2592 humana
3553 2556 3669 2609 [πον

527 2623 868 2696 ‘Exemplum
899 2631 1048 2694 seeli,
1082 2640 1471 2699 transgressum
1501 2634 1732 2688 humana
1756 2637 1957 2702 labore,
3435 2632 3608 2702 [pago,

553 2712 968 2788 Semideumque
987 2720 1176 2784 virum,
1203 2722 1294 2788 qui
1311 2721 1430 2777 labe
1461 2723 1709 2779 immunis
1736 2727 1803 2780 ab
1824 2729 1993 2795 omni,

1930 2729 1993 2795 νη,
2238 2709 2294 2766 Si
2327 2711 2588 2781 placuisse
2611 2713 2815 2781 nequit,
2849 2713 2962 2768 lieri
2993 2716 3075 2770 vel
3099 2727 3247 2785 grata
3278 2719 3505 2774 laboret.

551 2802 687 2856 Cum
712 2820 808 2857 sua
839 2815 946 2860 tam
975 2809 1129 2863 “vis
1151 2811 1404 2864 οι-υοίπίι
1434 2828 1663 2883 corpora
1694 2817 1886 2884 ρωηίε,
2240 2801 2495 2855 Panditur
2524 2803 2857 2868 immensum,
2891 2805 2935 2857 si
2965 2805 3152 2861 demus
3178 2809 3319 2873 vela,
3367 2811 3672 2880 profundum

549 2889 877 2963 Pimscripsit
900 2896 1026 2965 quid
1057 2914 1154 2952 nos
1184 2900 1270 2954 vel
1309 2909 1431 2970 post
1459 2913 1675 2971 peccata
1706 2906 1923 2961 deceret
1952 2925 1962 2958 ε
2096 2896 2200 2951 300
2235 2895 2292 2950 In
2325 2896 2526 2960 laudes,
2561 2895 2719 2950 Pater
2743 2899 2902 2964 alme,
2937 2909 3055 2954 tuas
3083 2919 3093 2953 :
3129 2902 3221 2956 sed
3249 2907 3468 2960 conscia
3499 2907 3622 2960 tanti

550 2981 903 3058 343-344
931 2987 1000 3040 At
1028 2998 1311 3060 postquam
1344 2990 1596 3048 invican
1642 2995 1860 3051 ﬁrmans
1898 3014 1995 3067 νει-
2239 2988 2390 3044 llIens
2427 2990 2609 3044 oneris
2647 2991 2893 3060 trepidat,
2926 2995 3276 3066 prapriasque
3328 2999 3470 3054 haud
3518 3001 3668 3055 inscia

938 3068 954 3076 ’
1484 3083 1637 3155 [talia
1661 3077 1918 3158 montem,
2019 3074 2064 3136 ε
3451 3090 3608 3162 [vires

550 3161 741 3232 Exegit
769 3166 970 3234 largum
1001 3176 1227 3238 tempus,
1247 3173 1541 3242 statuitque
1569 3187 1780 3244 reperta
2233 3168 2494 3232 Consulit,
2527 3177 2580 3222 et
2599 3169 2770 3237 dignis
2791 3173 2968 3240 potius
2989 3173 3212 3230 dicenda
3234 3161 3509 3248 relinquit.

551 3253 680 3321 Qua:
719 3257 936 3312 Iuerant
981 3263 1306 3328 quaarenda,
1358 3265 1458 3319 sibi
1507 3283 1609 3321 vox
1662 3271 1804 3324 edita
1855 3274 1992 3330 cosio

2311 3259 2618 3314 Reddantur
2645 3262 2836 3330 coeptis
2869 3281 2881 3316 :
2913 3279 3049 3334 opus
3077 3266 3181 3323 hoc
3211 3267 3329 3334 tibi,
3379 3281 3560 3326 sancte
3587 3269 3669 3324 Jo-

1769 3362 1874 3433 [est
1905 3383 1916 3417 :

3367 3360 3602 3431 [hannes,

621 3433 739 3490 Jam
769 3438 899 3493 satis
928 3439 1228 3509 impensum
1257 3445 1438 3512 spatii,
1468 3446 1662 3502 dilecte
1695 3454 1988 3520 propheta,

1931 3471 1958 3508 a
1973 3495 1988 3517 ν
2234 3437 2352 3505 Quo
2376 3455 2605 3498 renoves
2625 3459 2784 3512 puras
2806 3447 2989 3502 abluto
3017 3464 3246 3518 corpore
3272 3463 3502 3508 mentes.

548 3522 666 3589 Quo
697 3526 790 3580 tibi
815 3528 1096 3597 prodesses
1121 3550 1132 3583 :
1165 3541 1374 3602 tempus
1399 3536 1489 3588 tibi
1519 3552 1636 3604 qum
1659 3539 1780 3592 data
1804 3547 1990 3611 sentis,
2092 3531 2123 3584 5

2092 3531 2196 3585 ⁸505
2236 3533 2347 3587 Non
2380 3534 2494 3589 haec
2515 3537 2682 3604 prima
2711 3538 2856 3591 dedit
2888 3540 3098 3595 Domini
3125 3546 3416 3610 sententia,
3442 3563 3541 3616 qua
3575 3556 3621 3600 te

413 3608 512 3666 260
555 3611 621 3666 Ut
648 3617 854 3685 prosint
882 3619 1022 3685 aliis,
1053 3630 1108 3676 et
1132 3637 1250 3690 qua:
1275 3623 1379 3692 jam
1411 3626 1640 3694 perdita,
1668 3642 1901 3686 servem,
1978 3608 1986 3611 ’
2237 3621 2526 3678 Admonuit
2546 3626 2744 3679 claram
2773 3628 2987 3683 mittens
3011 3646 3106 3699 per
3137 3633 3315 3686 nubila
3350 3608 3532 3690 vocem
3559 3654 3570 3689 :

354 3715 393 3734 "
555 3703 725 3775 Perge
754 3708 913 3776 igitur
940 3719 1156 3766 sanctas
1187 3713 1303 3782 puri
1328 3712 1576 3770 .Iordanis
1603 3719 1668 3771 ad
1701 3720 1883 3775 undas.
2233 3715 2422 3771 Secula
2455 3718 2618 3770 multa
2652 3719 2799 3786 prius
2828 3722 2999 3775 sancti
3028 3721 3170 3777 Deus
3198 3739 3292 3779 ore
3320 3726 3528 3782 loeutus

543 3795 642 3854 Hic
656 3800 976 3870 quicumque
993 3803 1268 3858 hominum
1291 3805 1411 3860 vitm
1451 3807 1475 3845 δ
1498 3811 1781 3865 commissa
1799 3814 1994 3882 prioris

1844 3814 1994 3871 rioris
2238 3809 2387 3863 Isaia:
2420 3821 2440 3848 ο
2474 3811 2629 3874 vatis,
2658 3814 2857 3868 veteris
2875 3816 2965 3883 qui
2995 3818 3258 3872 maximus
3276 3822 3379 3874 mvi
3409 3839 3419 3873 :

550 3885 805 3954 Paenitet,
837 3899 892 3944 et
921 3893 1136 3947 tandem
1165 3909 1326 3948 sensu
1358 3897 1578 3951 meliora
1611 3901 1832 3964 volutat,
2238 3899 2445 3954 Mittam
2465 3942 2479 3964 ,
2511 3902 2616 3967 ait,
2660 3912 2786 3960 ante
2835 3914 2955 3961 tuos
2984 3909 3169 3964 oculos
3192 3951 3205 3975 ,
3254 3927 3286 3966 ο
3331 3922 3482 3976 nate,
3527 3911 3671 3966 minio

548 3975 720 4032 Ablue
747 3979 1049 4033 confessum
1083 3999 1095 4033 :
1129 3985 1371 4052 quisquis
1404 3985 1498 4039 tibi
1530 3997 1708 4043 tuente
1733 3991 1872 4048 ﬁdeli
3401 4003 3606 4076 [strmn,

397 4063 510 4120 265
545 4065 846 4122 Crediderit
864 4069 1045 4124 delere
1075 4073 1164 4140 pio
1193 4076 1478 4128 commissa
1509 4077 1745 4145 lavacro,
2096 4081 2199 4135 5l0
2236 4080 2335 4148 Qui
2360 4090 2697 4138 seutosarum
2729 4100 2960 4154 purgans
2986 4101 3238 4144 concreta
3271 4063 3482 4148 viarum

549 4154 643 4210 Ille
673 4167 889 4211 renatus
909 4159 1033 4226 erit,
1065 4160 1185 4213 talis
1214 4162 1373 4215 modo
1402 4165 1510 4217 vita
1534 4178 1810 4235 sequatur,
2237 4172 2519 4228 Cressibus
2550 4175 2636 4230 ille
2660 4177 2782 4236 tuis,
2806 4181 2978 4233 celsos
3000 4182 3276 4238 subsidere
3303 4197 3536 4252 montes,

548 4244 677 4312 Qua:
704 4248 898 4314 probet
926 4249 1139 4303 ablutos
1167 4251 1328 4303 vitam
1365 4252 1646 4308 damnasse.
1669 4258 1918 4326 priorem.
2240 4263 2384 4317 Idem
2413 4264 2694 4332 depressas
2723 4265 2884 4322 faciet
2912 4285 3237 4343 consurgere
3261 4278 3428 4332 valles
3453 4297 3466 4330 :

631 4333 810 4389 Paruit
840 4335 1036 4392 auditis
1065 4338 1341 4395 famulanti
1383 4353 1562 4398 mente
1585 4343 1880 4411 Iohannes,
2028 4428 2063 4436 _
2241 4353 2441 4422 Diriget
2467 4355 2552 4410 hic
2579 4372 2698 4425 quae
2729 4373 2912 4428 prava,
2945 4371 2999 4416 et
3020 4333 3182 4418 leniet
3213 4382 3426 4436 aspera,
3459 4370 3588 4424 dura

551 4424 802 4481 Protinus
825 4437 880 4483 et
909 4430 1054 4500 ripas
1077 4430 1212 4500 jussi
1231 4433 1509 4489 descendit
1537 4437 1602 4491 ad
1633 4440 1823 4493 anmis.
2027 4428 2073 4485 Ι)
2243 4443 2461 4507 Molliet,
2489 4454 2543 4499 et
2572 4424 2743 4501 totum
2763 4424 2919 4516 Coget
2941 4452 3250 4520 planescere
3275 4424 3552 4513 inunilum.

399 4511 512 4571 270
552 4516 808 4610 Pimdieat
832 4521 916 4577 hic
945 4533 1209 4594 przecepta
1234 4526 1326 4580 Dei
1355 4543 1601 4583 sermone
1629 4531 1881 4594 verendo,
2098 4529 2202 4582 5ιῦ
2311 4532 2664 4606 345-346
2693 4511 2862 4604 Tune,
2894 4511 3104 4610 precor,
3132 4511 3549 4604 donum
3572 4549 3669 4602 Pa-

551 4607 888 4679 Inl'unditque
915 4629 1108 4667 novam
1136 4617 1444 4670 credcntmn
1476 4619 1526 4672 in
1549 4620 1710 4674 corda
1739 4622 1982 4676 salutem.
2977 4634 3116 4706 [tris,
3149 4639 3287 4693 alme
3312 4640 3599 4702 Joltannes,

549 4695 713 4752 Diluit
734 4700 918 4754 infusis
943 4703 1252 4757 credentum
1279 4706 1501 4759 crimina
1530 4709 1775 4778 lymphis,
2241 4715 2374 4769 Cum
2419 4717 2635 4772 Christo
2665 4723 2926 4789 promisse
2952 4729 3117 4788 venis,
3147 4738 3304 4798 teque
3335 4735 3556 4802 imputat
3587 4733 3669 4787 ille

551 4788 901 4859 Absolvitque
938 4802 1112 4848 metus
1141 4793 1444 4860 hominum,
1481 4813 1770 4868 pumasque
1810 4805 1990 4858 remit-
2241 4806 2501 4870 Quimisit
2531 4788 2740 4866 natum?
2770 4813 2914 4880 (une,
2943 4831 2974 4869 ο
2998 4788 3250 4886 piaadiete
3276 4788 3567 4894 prophetis,

1801 4891 1880 4962 [tit
1900 4931 1915 4957 ,
2238 4901 2474 4954 Nominis
2504 4904 2730 4969 angelici
2760 4913 2815 4958 tu
2843 4908 3189 4977 participatus
3218 4891 3466 4968 honore?

552 4969 728 5038 Atque
756 4970 932 5038 ignem
953 4972 1233 5042 restinguit
1259 4976 1412 5044 aquis
1437 4995 1448 5027 :
1483 4977 1677 5032 oblivia
1709 4984 1898 5036 suadet
2242 4987 2344 5043 Per
2369 4999 2420 5046 te
2449 4991 2616 5060 prima
2647 4991 2738 5046 Dei
2761 4969 2880 5048 sese
2909 4969 3188 5053 clementia
3218 5002 3454 5070 profert:

406 5057 512 5116 275
551 5060 823 5127 Errorum,
850 5071 1172 5131 prestatque
1202 5081 1351 5120 nova:
1378 5084 1512 5121 nova
1536 5086 1760 5138 corpora
1794 5075 1932 5128 vita).
2093 5079 2196 5133 52‘.)
2235 5079 2410 5135 Prima
2443 5083 2536 5135 tibi
2559 5083 2745 5136 danda:
2766 5087 2934 5140 venia:
2964 5091 3220 5156 permissa
3253 5103 3526 5160 potestas:

615 5151 660 5208 0
687 5150 876 5222 Pater,
907 5171 940 5210 o
971 5155 1246 5210 hominum
1279 5175 1558 5228 rerumque
1586 5172 1785 5218 aeterne
1826 5182 1982 5220 crea-
2236 5172 2311 5226 Te
2335 5188 2454 5226 cum
2481 5175 2646 5226 multa
2677 5189 2827 5229 novae
2853 5187 3098 5246 peterent
3127 5183 3378 5238 miracula
3409 5187 3594 5253 plebis,

1774 5256 1910 5326 [_tor,
2231 5262 2306 5316 De
2333 5271 2382 5314 te
2404 5261 2648 5316 Christus
2674 5264 2746 5317 ait
2775 5283 2786 5316 :
2817 5265 3143 5323 Concessum
3183 5281 3264 5326 est
3292 5275 3464 5328 visere
3488 5274 3661 5338 talem,

553 5333 692 5401 Quot
727 5333 976 5402 gradibus
1002 5336 1175 5404 parcit
1199 5336 1368 5406 pietas
1399 5341 1520 5394 tua!
1553 5342 1672 5410 quis
1701 5353 1855 5414 pater
1883 5360 1984 5400 un-
2233 5351 2455 5416 Qualem
2484 5353 2622 5406 nulla
2654 5355 2799 5422 prius
2823 5358 3067 5413 viderunt
3093 5364 3235 5417 seela
3262 5367 3592 5434 prophetam.

1737 5435 1915 5509 [quam
2233 5441 2362 5494 Dico
2387 5455 2508 5507 ego,
2532 5444 2620 5509 qui
2652 5445 2795 5500 solus
2819 5463 2938 5515 qua:
2977 5461 3124 5516 gesta
3153 5455 3490 5522 gerendaque
3518 5455 3655 5515 novi,

485 5537 834 5628 :Iv'ide‘vers.
863 5538 1101 5628 SM.sz
1304 5608 1405 5628 om
2173 5553 2272 5628 (μ),
2297 5549 2385 5605 Sic
2416 5552 2751 5628 ed‘it».uLttgd.
2796 5557 2937 5614 Edit.
2982 5560 3166 5628 Rosv.,
3201 5566 3485 5618 mirabitur.
3532 5562 3658 5617 Vide

479 5605 505 5644 ι’
537 5607 587 5679 |_d
606 5617 688 5662 est
716 5622 942 5678 percata.
979 5610 1110 5669 Vide
1138 5627 1279 5668 vers.
1304 5608 1429 5664 2I8.
2101 5639 2154 5677 ν.
2310 5629 2364 5676 ct
2391 5643 2444 5678 ν.

485 5687 507 5714 ε
539 5676 684 5735 Isaia:
701 5676 787 5749 η,
812 5680 845 5737 5
867 5689 922 5738 et
941 5681 994 5736 4.
2117 5676 2120 5677 ν
2177 5693 2250 5764 (l2)
2274 5692 2349 5748 Ita
2379 5676 2541 5752 editio
2566 5676 2803 5768 ltugdun.
2837 5697 2932 5754 Ed.
2964 5699 3148 5767 Ito-sva,
3183 5701 3285 5774 Da,
3319 5703 3486 5760 minus
3504 5704 3650 5759 bene.
