  <div class='ocr_page' id='page_1' title='image "/cluster/home/n/w/nwhite01/storage/ocr_20150623/61/hvd.32044054758685/230.png"; bbox 0 0 3988 6176; ppageno 0'>
   <div class='ocr_carea' id='block_1_1' title="bbox 326 322 1917 390">
    <p class='ocr_par' dir='ltr' id='par_1_1' title="bbox 326 322 1917 380">
     <span class='ocr_line' id='line_1_1' title="bbox 326 322 1917 380; baseline -0.001 -1"><span class='ocrx_word' id='word_1_1' title='bbox 326 326 421 380; x_wconf 67' lang='grc' dir='ltr'><strong>ιω</strong></span> <span class='ocrx_word' id='word_1_2' title='bbox 1757 322 1917 380; x_wconf 65' lang='lat' dir='ltr'><strong>POED</strong></span> 
     </span>
    </p>
   </div>
   <div class='ocr_carea' id='block_1_2' title="bbox 2034 322 3572 390">
    <p class='ocr_par' dir='ltr' id='par_1_2' title="bbox 2034 323 3572 390">
     <span class='ocr_line' id='line_1_2' title="bbox 2034 323 3572 390; baseline 0 -12"><span class='ocrx_word' id='word_1_3' title='bbox 2034 323 2158 379; x_wconf 75' lang='lat' dir='ltr'><strong>Vill.</strong></span> <span class='ocrx_word' id='word_1_4' title='bbox 2481 335 2484 338; x_wconf 87' lang='lat'><strong><em>&#39;</em></strong></span> <span class='ocrx_word' id='word_1_5' title='bbox 3467 333 3572 390; x_wconf 68' lang='lat'><strong>450</strong></span> 
     </span>
    </p>
   </div>
   <div class='ocr_carea' id='block_1_3' title="bbox 322 433 3427 514">
    <p class='ocr_par' dir='ltr' id='par_1_3' title="bbox 322 433 3427 514">
     <span class='ocr_line' id='line_1_3' title="bbox 322 433 3427 514; baseline 0.001 -20"><span class='ocrx_word' id='word_1_6' title='bbox 322 439 420 494; x_wconf 72' lang='lat'><strong>525</strong></span> <span class='ocrx_word' id='word_1_7' title='bbox 451 436 591 490; x_wconf 90' lang='lat' dir='ltr'><strong>lnter</strong></span> <span class='ocrx_word' id='word_1_8' title='bbox 617 436 871 490; x_wconf 88' lang='lat' dir='ltr'><strong>mortales</strong></span> <span class='ocrx_word' id='word_1_9' title='bbox 894 434 1098 490; x_wconf 89' lang='lat' dir='ltr'><strong>dederit</strong></span> <span class='ocrx_word' id='word_1_10' title='bbox 1122 451 1255 504; x_wconf 89' lang='lat' dir='ltr'><strong>quos</strong></span> <span class='ocrx_word' id='word_1_11' title='bbox 1284 434 1474 488; x_wconf 82' lang='lat' dir='ltr'><strong>femina</strong></span> <span class='ocrx_word' id='word_1_12' title='bbox 1505 444 1711 504; x_wconf 88' lang='lat' dir='ltr'><strong>partus,</strong></span> <span class='ocrx_word' id='word_1_13' title='bbox 1919 434 1959 499; x_wconf 67' lang='grc' dir='ltr'>Α</span> <span class='ocrx_word' id='word_1_14' title='bbox 2136 433 2269 514; x_wconf 79' lang='lat' dir='ltr'><strong>Qu_ia</strong></span> <span class='ocrx_word' id='word_1_15' title='bbox 2294 448 2454 488; x_wconf 90' lang='lat' dir='ltr'><strong>carne</strong></span> <span class='ocrx_word' id='word_1_16' title='bbox 2483 433 2675 500; x_wconf 87' lang='lat' dir='ltr'><strong>vietus,</strong></span> <span class='ocrx_word' id='word_1_17' title='bbox 2696 443 2878 490; x_wconf 91' lang='lat' dir='ltr'><strong>mente</strong></span> <span class='ocrx_word' id='word_1_18' title='bbox 2897 451 3005 492; x_wconf 90' lang='lat' dir='ltr'><strong>non</strong></span> <span class='ocrx_word' id='word_1_19' title='bbox 3027 453 3212 495; x_wconf 87' lang='lat' dir='ltr'><strong>versus</strong></span> <span class='ocrx_word' id='word_1_20' title='bbox 3226 447 3427 508; x_wconf 87' lang='lat' dir='ltr'><strong>tamen,</strong></span> 
     </span>
    </p>
   </div>
   <div class='ocr_carea' id='block_1_4' title="bbox 451 526 3053 597">
    <p class='ocr_par' dir='ltr' id='par_1_4' title="bbox 451 526 3053 597">
     <span class='ocr_line' id='line_1_4' title="bbox 451 526 3053 597; baseline 0.001 -17"><span class='ocrx_word' id='word_1_21' title='bbox 451 531 705 597; x_wconf 86' lang='lat' dir='ltr'><strong>Quosque</strong></span> <span class='ocrx_word' id='word_1_22' title='bbox 734 527 880 582; x_wconf 89' lang='lat' dir='ltr'><strong>dabit</strong></span> <span class='ocrx_word' id='word_1_23' title='bbox 899 526 1144 581; x_wconf 85' lang='lat' dir='ltr'><strong>sollemni</strong></span> <span class='ocrx_word' id='word_1_24' title='bbox 1175 527 1450 581; x_wconf 85' lang='lat' dir='ltr'><strong>hominum</strong></span> <span class='ocrx_word' id='word_1_25' title='bbox 1471 527 1538 582; x_wconf 91' lang='lat' dir='ltr'><strong>de</strong></span> <span class='ocrx_word' id='word_1_26' title='bbox 1562 543 1709 580; x_wconf 88' lang='lat' dir='ltr'><strong>more</strong></span> <span class='ocrx_word' id='word_1_27' title='bbox 1739 542 1888 581; x_wconf 89' lang='lat' dir='ltr'><strong>crea—</strong></span> <span class='ocrx_word' id='word_1_28' title='bbox 2028 526 2097 579; x_wconf 73' lang='grc'><strong>40</strong></span> <span class='ocrx_word' id='word_1_29' title='bbox 2137 526 2246 579; x_wconf 81' lang='lat' dir='ltr'><strong>Etsi</strong></span> <span class='ocrx_word' id='word_1_30' title='bbox 2269 527 2477 593; x_wconf 87' lang='lat' dir='ltr'><strong>negarit</strong></span> <span class='ocrx_word' id='word_1_31' title='bbox 2497 526 2729 580; x_wconf 89' lang='lat' dir='ltr'><strong>debitam</strong></span> <span class='ocrx_word' id='word_1_32' title='bbox 2753 527 2854 595; x_wconf 71' lang='lat' dir='ltr'><strong>legi</strong></span> <span class='ocrx_word' id='word_1_33' title='bbox 2874 528 3053 589; x_wconf 85' lang='lat' dir='ltr'><strong>fidem.</strong></span> 
     </span>
    </p>
   </div>
   <div class='ocr_carea' id='block_1_5' title="bbox 1680 616 3158 690">
    <p class='ocr_par' dir='ltr' id='par_1_5' title="bbox 1680 616 3158 690">
     <span class='ocr_line' id='line_1_5' title="bbox 1680 616 3158 690; baseline 0 -17"><span class='ocrx_word' id='word_1_34' title='bbox 1680 619 1791 690; x_wconf 82' lang='lat' dir='ltr'><strong>[tos</strong></span> <span class='ocrx_word' id='word_1_35' title='bbox 1805 661 1818 683; x_wconf 96' lang='lat'><strong>,</strong></span> <span class='ocrx_word' id='word_1_36' title='bbox 2135 616 2235 669; x_wconf 83' lang='lat' dir='ltr'><strong>Per</strong></span> <span class='ocrx_word' id='word_1_37' title='bbox 2256 617 2418 669; x_wconf 91' lang='lat' dir='ltr'><strong>multa</strong></span> <span class='ocrx_word' id='word_1_38' title='bbox 2441 632 2580 686; x_wconf 62' lang='lat' dir='ltr'><strong>satpe</strong></span> <span class='ocrx_word' id='word_1_39' title='bbox 2600 618 2883 673; x_wconf 82' lang='lat' dir='ltr'><strong>devolutus</strong></span> <span class='ocrx_word' id='word_1_40' title='bbox 2902 621 3123 674; x_wconf 84' lang='lat' dir='ltr'><strong>crimina</strong></span> <span class='ocrx_word' id='word_1_41' title='bbox 3144 637 3158 673; x_wconf 86' lang='lat'><strong>:</strong></span> 
     </span>
    </p>
   </div>
   <div class='ocr_carea' id='block_1_6' title="bbox 451 707 3224 780">
    <p class='ocr_par' dir='ltr' id='par_1_6' title="bbox 451 707 3224 780">
     <span class='ocr_line' id='line_1_6' title="bbox 451 707 3224 780; baseline 0.001 -15"><span class='ocrx_word' id='word_1_42' title='bbox 451 711 634 765; x_wconf 88' lang='lat' dir='ltr'><strong>Nullus</strong></span> <span class='ocrx_word' id='word_1_43' title='bbox 655 709 757 764; x_wconf 90' lang='lat' dir='ltr'><strong>erit</strong></span> <span class='ocrx_word' id='word_1_44' title='bbox 781 710 948 779; x_wconf 79' lang='lat' dir='ltr'><strong>possit</strong></span> <span class='ocrx_word' id='word_1_45' title='bbox 966 710 1055 780; x_wconf 87' lang='lat' dir='ltr'><strong>qui</strong></span> <span class='ocrx_word' id='word_1_46' title='bbox 1085 725 1142 763; x_wconf 88' lang='lat' dir='ltr'><strong>se</strong></span> <span class='ocrx_word' id='word_1_47' title='bbox 1172 711 1424 778; x_wconf 73' lang='lat' dir='ltr'><strong>prmferre</strong></span> <span class='ocrx_word' id='word_1_48' title='bbox 1448 709 1698 762; x_wconf 87' lang='lat' dir='ltr'><strong>Johanni.</strong></span> <span class='ocrx_word' id='word_1_49' title='bbox 2135 707 2336 760; x_wconf 88' lang='lat' dir='ltr'><strong>Tamen</strong></span> <span class='ocrx_word' id='word_1_50' title='bbox 2363 708 2480 762; x_wconf 83' lang='lat' dir='ltr'><strong>fidei</strong></span> <span class='ocrx_word' id='word_1_51' title='bbox 2505 725 2698 763; x_wconf 90' lang='lat' dir='ltr'><strong>nomen</strong></span> <span class='ocrx_word' id='word_1_52' title='bbox 2719 720 2978 764; x_wconf 64' lang='lat' dir='ltr'><strong>aeternum</strong></span> <span class='ocrx_word' id='word_1_53' title='bbox 3013 727 3224 779; x_wconf 88' lang='lat' dir='ltr'><strong>gerens,</strong></span> 
     </span>
    </p>
   </div>
   <div class='ocr_carea' id='block_1_7' title="bbox 454 799 3170 871">
    <p class='ocr_par' dir='ltr' id='par_1_7' title="bbox 454 799 3170 871">
     <span class='ocr_line' id='line_1_7' title="bbox 454 799 3170 871; baseline -0.003 -13"><span class='ocrx_word' id='word_1_54' title='bbox 454 804 577 858; x_wconf 76' lang='lat' dir='ltr'><strong>Ihec</strong></span> <span class='ocrx_word' id='word_1_55' title='bbox 599 804 667 858; x_wconf 92' lang='lat' dir='ltr'><strong>de</strong></span> <span class='ocrx_word' id='word_1_56' title='bbox 696 811 749 857; x_wconf 89' lang='lat' dir='ltr'><strong>te</strong></span> <span class='ocrx_word' id='word_1_57' title='bbox 776 804 864 857; x_wconf 92' lang='lat' dir='ltr'><strong>ille</strong></span> <span class='ocrx_word' id='word_1_58' title='bbox 889 803 1067 865; x_wconf 79' lang='lat' dir='ltr'><strong>refert,</strong></span> <span class='ocrx_word' id='word_1_59' title='bbox 1095 804 1183 870; x_wconf 88' lang='lat' dir='ltr'><strong>qui</strong></span> <span class='ocrx_word' id='word_1_60' title='bbox 1217 803 1466 871; x_wconf 83' lang='lat' dir='ltr'><strong>qu:elihet</strong></span> <span class='ocrx_word' id='word_1_61' title='bbox 1493 803 1674 856; x_wconf 90' lang='lat' dir='ltr'><strong>intima</strong></span> <span class='ocrx_word' id='word_1_62' title='bbox 1715 803 1893 856; x_wconf 83' lang='lat' dir='ltr'><strong>cordis</strong></span> <span class='ocrx_word' id='word_1_63' title='bbox 2131 799 2427 865; x_wconf 81' lang='lat' dir='ltr'><strong>Numquam</strong></span> <span class='ocrx_word' id='word_1_64' title='bbox 2456 800 2641 854; x_wconf 87' lang='lat' dir='ltr'><strong>salutis</strong></span> <span class='ocrx_word' id='word_1_65' title='bbox 2663 802 2928 855; x_wconf 79' lang='lat' dir='ltr'><strong>exsulabit</strong></span> <span class='ocrx_word' id='word_1_66' title='bbox 2959 802 3170 857; x_wconf 76' lang='lat' dir='ltr'><strong>finibus.</strong></span> 
     </span>
    </p>
   </div>
   <div class='ocr_carea' id='block_1_8' title="bbox 453 887 1917 964">
    <p class='ocr_par' dir='ltr' id='par_1_8' title="bbox 453 893 1894 964">
     <span class='ocr_line' id='line_1_8' title="bbox 453 893 1894 964; baseline -0.001 -16"><span class='ocrx_word' id='word_1_67' title='bbox 453 896 715 964; x_wconf 82' lang='lat' dir='ltr'><strong>Humani,</strong></span> <span class='ocrx_word' id='word_1_68' title='bbox 745 907 798 949; x_wconf 90' lang='lat' dir='ltr'><strong>et</strong></span> <span class='ocrx_word' id='word_1_69' title='bbox 823 904 1044 948; x_wconf 84' lang='lat' dir='ltr'><strong>cunctos</strong></span> <span class='ocrx_word' id='word_1_70' title='bbox 1072 896 1337 948; x_wconf 90' lang='lat' dir='ltr'><strong>seelorum</strong></span> <span class='ocrx_word' id='word_1_71' title='bbox 1365 910 1428 948; x_wconf 78' lang='lat' dir='ltr'><strong>ex</strong></span> <span class='ocrx_word' id='word_1_72' title='bbox 1471 893 1662 947; x_wconf 64' lang='lat' dir='ltr'><strong>ordine</strong></span> <span class='ocrx_word' id='word_1_73' title='bbox 1693 903 1894 947; x_wconf 89' lang='lat' dir='ltr'><strong>tractus</strong></span> 
     </span>
    </p>
   </div>
   <div class='ocr_carea' id='block_1_9' title="bbox 2034 887 3146 964">
    <p class='ocr_par' dir='ltr' id='par_1_9' title="bbox 2132 887 3146 957">
     <span class='ocr_line' id='line_1_9' title="bbox 2132 887 3146 957; baseline 0.007 -18"><span class='ocrx_word' id='word_1_74' title='bbox 2132 887 2332 941; x_wconf 83' lang='lat' dir='ltr'><strong>Idcirco</strong></span> <span class='ocrx_word' id='word_1_75' title='bbox 2354 890 2529 942; x_wconf 79' lang='lat' dir='ltr'><strong>cuncti</strong></span> <span class='ocrx_word' id='word_1_76' title='bbox 2558 906 2698 944; x_wconf 91' lang='lat' dir='ltr'><strong>nunc</strong></span> <span class='ocrx_word' id='word_1_77' title='bbox 2722 892 2772 944; x_wconf 92' lang='lat' dir='ltr'><strong>in</strong></span> <span class='ocrx_word' id='word_1_78' title='bbox 2796 891 2900 946; x_wconf 86' lang='lat' dir='ltr'><strong>isto</strong></span> <span class='ocrx_word' id='word_1_79' title='bbox 2932 892 3146 957; x_wconf 82' lang='lat' dir='ltr'><strong>seculo,</strong></span> 
     </span>
    </p>
   </div>
   <div class='ocr_carea' id='block_1_10' title="bbox 317 978 3144 1054">
    <p class='ocr_par' dir='ltr' id='par_1_10' title="bbox 317 978 3144 1054">
     <span class='ocr_line' id='line_1_10' title="bbox 317 978 3144 1054; baseline 0.001 -13"><span class='ocrx_word' id='word_1_80' title='bbox 317 987 414 1041; x_wconf 75' lang='lat'><strong>550</strong></span> <span class='ocrx_word' id='word_1_81' title='bbox 452 985 720 1050; x_wconf 74' lang='lat' dir='ltr'><strong>Pcrvidet,</strong></span> <span class='ocrx_word' id='word_1_82' title='bbox 754 994 810 1038; x_wconf 93' lang='lat' dir='ltr'><strong>ut</strong></span> <span class='ocrx_word' id='word_1_83' title='bbox 838 1000 956 1054; x_wconf 71' lang='lat' dir='ltr'><strong>qum</strong></span> <span class='ocrx_word' id='word_1_84' title='bbox 985 992 1109 1036; x_wconf 88' lang='lat' dir='ltr'><strong>sunt</strong></span> <span class='ocrx_word' id='word_1_85' title='bbox 1131 985 1297 1037; x_wconf 90' lang='lat' dir='ltr'><strong>oculis</strong></span> <span class='ocrx_word' id='word_1_86' title='bbox 1318 983 1559 1052; x_wconf 85' lang='lat' dir='ltr'><strong>subjecta</strong></span> <span class='ocrx_word' id='word_1_87' title='bbox 1591 983 1848 1038; x_wconf 84' lang='lat' dir='ltr'><strong>videmus.</strong></span> <span class='ocrx_word' id='word_1_88' title='bbox 2027 978 2098 1029; x_wconf 78' lang='grc'><strong>45</strong></span> <span class='ocrx_word' id='word_1_89' title='bbox 2135 979 2268 1031; x_wconf 90' lang='lat' dir='ltr'><strong>Dum</strong></span> <span class='ocrx_word' id='word_1_90' title='bbox 2291 979 2457 1032; x_wconf 91' lang='lat' dir='ltr'><strong>currit</strong></span> <span class='ocrx_word' id='word_1_91' title='bbox 2477 987 2625 1043; x_wconf 67' lang='lat' dir='ltr'><strong>retas,</strong></span> <span class='ocrx_word' id='word_1_92' title='bbox 2650 988 2704 1033; x_wconf 91' lang='lat' dir='ltr'><strong>et</strong></span> <span class='ocrx_word' id='word_1_93' title='bbox 2723 981 2835 1037; x_wconf 89' lang='lat' dir='ltr'><strong>dies</strong></span> <span class='ocrx_word' id='word_1_94' title='bbox 2856 983 2952 1034; x_wconf 65' lang='grc' dir='ltr'><strong>ιηνὶ</strong></span> <span class='ocrx_word' id='word_1_95' title='bbox 2977 990 3144 1050; x_wconf 62' lang='lat' dir='ltr'><strong>patet,</strong></span> 
     </span>
    </p>
   </div>
   <div class='ocr_carea' id='block_1_11' title="bbox 888 1071 1917 1148">
    <p class='ocr_par' dir='ltr' id='par_1_11' title="bbox 888 1093 1305 1148">
     <span class='ocr_line' id='line_1_11' title="bbox 888 1093 1305 1148; baseline 0.002 -1"><span class='ocrx_word' id='word_1_96' title='bbox 888 1093 1119 1147; x_wconf 80' lang='grc' dir='ltr'>ΡΟΕΜΑ</span> <span class='ocrx_word' id='word_1_97' title='bbox 1161 1095 1244 1148; x_wconf 81' lang='lat' dir='ltr'><strong>Vll</strong></span> <span class='ocrx_word' id='word_1_98' title='bbox 1269 1098 1305 1148; x_wconf 81' lang='lat'><strong>&#39;.</strong></span> 
     </span>
    </p>
   </div>
   <div class='ocr_carea' id='block_1_12' title="bbox 2034 1071 3186 1148">
    <p class='ocr_par' dir='ltr' id='par_1_12' title="bbox 2135 1071 3186 1143">
     <span class='ocr_line' id='line_1_12' title="bbox 2135 1071 3186 1143; baseline 0.004 -21"><span class='ocrx_word' id='word_1_99' title='bbox 2135 1071 2326 1125; x_wconf 90' lang='lat' dir='ltr'><strong>Rectas</strong></span> <span class='ocrx_word' id='word_1_100' title='bbox 2349 1085 2568 1139; x_wconf 82' lang='lat' dir='ltr'><strong>agamus</strong></span> <span class='ocrx_word' id='word_1_101' title='bbox 2597 1073 2815 1127; x_wconf 83' lang='lat' dir='ltr'><strong>semitas</strong></span> <span class='ocrx_word' id='word_1_102' title='bbox 2847 1072 2999 1128; x_wconf 83' lang='lat' dir='ltr'><strong>firmo</strong></span> <span class='ocrx_word' id='word_1_103' title='bbox 3029 1073 3186 1143; x_wconf 84' lang='lat' dir='ltr'><strong>pede,</strong></span> 
     </span>
    </p>
   </div>
   <div class='ocr_carea' id='block_1_13' title="bbox 2132 1160 3084 1230">
    <p class='ocr_par' dir='ltr' id='par_1_13' title="bbox 2132 1160 3084 1230">
     <span class='ocr_line' id='line_1_13' title="bbox 2132 1160 3084 1230; baseline 0.005 -17"><span class='ocrx_word' id='word_1_104' title='bbox 2132 1160 2240 1214; x_wconf 84' lang='lat' dir='ltr'><strong>Nec</strong></span> <span class='ocrx_word' id='word_1_105' title='bbox 2262 1160 2566 1215; x_wconf 79' lang='lat' dir='ltr'><strong>deferamur</strong></span> <span class='ocrx_word' id='word_1_106' title='bbox 2588 1163 2790 1216; x_wconf 86' lang='lat' dir='ltr'><strong>lubrico</strong></span> <span class='ocrx_word' id='word_1_107' title='bbox 2813 1164 2932 1218; x_wconf 67' lang='lat' dir='ltr'><strong>lata:</strong></span> <span class='ocrx_word' id='word_1_108' title='bbox 2956 1166 3051 1218; x_wconf 74' lang='lat' dir='ltr'><strong>via:</strong></span> <span class='ocrx_word' id='word_1_109' title='bbox 3070 1206 3084 1230; x_wconf 94' lang='lat'><strong>,</strong></span> 
     </span>
    </p>
   </div>
   <div class='ocr_carea' id='block_1_14' title="bbox 2135 1249 3397 1318">
    <p class='ocr_par' dir='ltr' id='par_1_14' title="bbox 2135 1249 3397 1318">
     <span class='ocr_line' id='line_1_14' title="bbox 2135 1249 3397 1318; baseline 0.01 -18"><span class='ocrx_word' id='word_1_110' title='bbox 2135 1249 2355 1303; x_wconf 61' lang='lat' dir='ltr'><strong>Praestat</strong></span> <span class='ocrx_word' id='word_1_111' title='bbox 2383 1265 2477 1318; x_wconf 90' lang='lat' dir='ltr'><strong>per</strong></span> <span class='ocrx_word' id='word_1_112' title='bbox 2505 1261 2710 1304; x_wconf 90' lang='lat' dir='ltr'><strong>arctum</strong></span> <span class='ocrx_word' id='word_1_113' title='bbox 2733 1253 2752 1281; x_wconf 85' lang='grc'>³</span> <span class='ocrx_word' id='word_1_114' title='bbox 2778 1253 3092 1309; x_wconf 83' lang='lat' dir='ltr'><strong>dimicantes</strong></span> <span class='ocrx_word' id='word_1_115' title='bbox 3129 1257 3397 1312; x_wconf 81' lang='lat' dir='ltr'><strong>tramitem</strong></span> 
     </span>
    </p>
   </div>
   <div class='ocr_carea' id='block_1_15' title="bbox 2135 1339 2934 1398">
    <p class='ocr_par' dir='ltr' id='par_1_15' title="bbox 2135 1339 2934 1398">
     <span class='ocr_line' id='line_1_15' title="bbox 2135 1339 2934 1398; baseline 0.005 -6"><span class='ocrx_word' id='word_1_116' title='bbox 2135 1339 2440 1394; x_wconf 87' lang='lat' dir='ltr'><strong>Laboriosis</strong></span> <span class='ocrx_word' id='word_1_117' title='bbox 2464 1341 2686 1394; x_wconf 83' lang='lat' dir='ltr'><strong>introire</strong></span> <span class='ocrx_word' id='word_1_118' title='bbox 2712 1343 2934 1398; x_wconf 80' lang='lat' dir='ltr'><strong>nisibus.</strong></span> 
     </span>
    </p>
   </div>
   <div class='ocr_carea' id='block_1_16' title="bbox 2031 1428 3185 1500">
    <p class='ocr_par' dir='ltr' id='par_1_16' title="bbox 2031 1428 3185 1500">
     <span class='ocr_line' id='line_1_16' title="bbox 2031 1428 3185 1500; baseline 0.006 -18"><span class='ocrx_word' id='word_1_119' title='bbox 2031 1429 2098 1483; x_wconf 83' lang='grc'><strong>50</strong></span> <span class='ocrx_word' id='word_1_120' title='bbox 2135 1428 2258 1484; x_wconf 83' lang='lat' dir='ltr'><strong>Vias</strong></span> <span class='ocrx_word' id='word_1_121' title='bbox 2286 1429 2550 1484; x_wconf 90' lang='lat' dir='ltr'><strong>bonorum</strong></span> <span class='ocrx_word' id='word_1_122' title='bbox 2584 1431 2731 1485; x_wconf 70' lang='lat' dir='ltr'><strong>laetus</strong></span> <span class='ocrx_word' id='word_1_123' title='bbox 2753 1433 2991 1500; x_wconf 79' lang='lat' dir='ltr'><strong>agnoscit</strong></span> <span class='ocrx_word' id='word_1_124' title='bbox 3025 1433 3185 1499; x_wconf 86' lang='lat' dir='ltr'><strong>Deus,</strong></span> 
     </span>
    </p>
   </div>
   <div class='ocr_carea' id='block_1_17' title="bbox 2135 1519 3182 1590">
    <p class='ocr_par' dir='ltr' id='par_1_17' title="bbox 2135 1519 3182 1590">
     <span class='ocr_line' id='line_1_17' title="bbox 2135 1519 3182 1590; baseline 0.004 -18"><span class='ocrx_word' id='word_1_125' title='bbox 2135 1519 2204 1573; x_wconf 82' lang='lat' dir='ltr'><strong>At</strong></span> <span class='ocrx_word' id='word_1_126' title='bbox 2221 1520 2498 1590; x_wconf 89' lang='lat' dir='ltr'><strong>impiorum</strong></span> <span class='ocrx_word' id='word_1_127' title='bbox 2521 1535 2748 1590; x_wconf 89' lang='lat' dir='ltr'><strong>pronum</strong></span> <span class='ocrx_word' id='word_1_128' title='bbox 2771 1521 2874 1576; x_wconf 84' lang='lat' dir='ltr'><strong>iter</strong></span> <span class='ocrx_word' id='word_1_129' title='bbox 2897 1522 3182 1578; x_wconf 90' lang='lat' dir='ltr'><strong>delebitur.</strong></span> 
     </span>
    </p>
   </div>
   <div class='ocr_carea' id='block_1_18' title="bbox 784 1221 1411 1260">
    <p class='ocr_par' dir='ltr' id='par_1_18' title="bbox 784 1221 1411 1260">
     <span class='ocr_line' id='line_1_18' title="bbox 784 1221 1411 1260; baseline 0 -2"><span class='ocrx_word' id='word_1_130' title='bbox 784 1221 1135 1260; x_wconf 73' lang='lat' dir='ltr'><strong>PARAPBRASIS</strong></span> <span class='ocrx_word' id='word_1_131' title='bbox 1166 1221 1350 1260; x_wconf 73' lang='lat' dir='ltr'><strong>PSALII</strong></span> <span class='ocrx_word' id='word_1_132' title='bbox 1375 1222 1411 1258; x_wconf 86' lang='grc'><strong>1.</strong></span> 
     </span>
    </p>
   </div>
   <div class='ocr_carea' id='block_1_19' title="bbox 319 1311 1894 1384">
    <p class='ocr_par' dir='ltr' id='par_1_19' title="bbox 319 1311 1894 1384">
     <span class='ocr_line' id='line_1_19' title="bbox 319 1311 1894 1384; baseline -0.006 -10"><span class='ocrx_word' id='word_1_133' title='bbox 319 1316 588 1378; x_wconf 80' lang='lat' dir='ltr'><strong>Paulinus,</strong></span> <span class='ocrx_word' id='word_1_134' title='bbox 609 1326 726 1372; x_wconf 84' lang='lat' dir='ltr'><strong>tunc</strong></span> <span class='ocrx_word' id='word_1_135' title='bbox 743 1316 1164 1384; x_wconf 79' lang='lat' dir='ltr'><strong>Theologirorum</strong></span> <span class='ocrx_word' id='word_1_136' title='bbox 1180 1329 1484 1366; x_wconf 75' lang='lat' dir='ltr'><strong>arcmtorum</strong></span> <span class='ocrx_word' id='word_1_137' title='bbox 1502 1311 1663 1384; x_wconf 76' lang='lat' dir='ltr'><strong>rudis,</strong></span> <span class='ocrx_word' id='word_1_138' title='bbox 1679 1313 1894 1384; x_wconf 77' lang='lat' dir='ltr'><strong>putabat</strong></span> 
     </span>
    </p>
   </div>
   <div class='ocr_carea' id='block_1_20' title="bbox 382 1382 1892 1455">
    <p class='ocr_par' dir='ltr' id='par_1_20' title="bbox 382 1382 1892 1455">
     <span class='ocr_line' id='line_1_20' title="bbox 382 1382 1892 1455; baseline -0.003 -15"><span class='ocrx_word' id='word_1_139' title='bbox 382 1388 702 1441; x_wconf 79' lang='lat' dir='ltr'><strong>Christianos</strong></span> <span class='ocrx_word' id='word_1_140' title='bbox 719 1403 915 1450; x_wconf 82' lang='lat' dir='ltr'><strong>omnes,</strong></span> <span class='ocrx_word' id='word_1_141' title='bbox 939 1382 1174 1455; x_wconf 67' lang='lat' dir='ltr'><strong>quamvis</strong></span> <span class='ocrx_word' id='word_1_142' title='bbox 1208 1384 1392 1455; x_wconf 82' lang='lat' dir='ltr'><strong>mulos,</strong></span> <span class='ocrx_word' id='word_1_143' title='bbox 1413 1383 1562 1434; x_wconf 84' lang='lat' dir='ltr'><strong>modo</strong></span> <span class='ocrx_word' id='word_1_144' title='bbox 1588 1382 1892 1435; x_wconf 83' lang='lat' dir='ltr'><strong>incolumem</strong></span> 
     </span>
    </p>
   </div>
   <div class='ocr_carea' id='block_1_21' title="bbox 381 1454 1826 1524">
    <p class='ocr_par' dir='ltr' id='par_1_21' title="bbox 381 1454 1826 1524">
     <span class='ocr_line' id='line_1_21' title="bbox 381 1454 1826 1524; baseline -0.006 -12"><span class='ocrx_word' id='word_1_145' title='bbox 381 1466 663 1512; x_wconf 80' lang='lat' dir='ltr'><strong>servassent</strong></span> <span class='ocrx_word' id='word_1_146' title='bbox 690 1458 864 1524; x_wconf 81' lang='lat' dir='ltr'><strong>ﬁdem,</strong></span> <span class='ocrx_word' id='word_1_147' title='bbox 893 1454 1110 1508; x_wconf 78' lang='lat' dir='ltr'><strong>salutent</strong></span> <span class='ocrx_word' id='word_1_148' title='bbox 1145 1454 1418 1518; x_wconf 85' lang='lat' dir='ltr'><strong>quamdam</strong></span> <span class='ocrx_word' id='word_1_149' title='bbox 1448 1458 1826 1505; x_wconf 76' lang='lat' dir='ltr'><strong>consecuturos.</strong></span> 
     </span>
    </p>
   </div>
   <div class='ocr_carea' id='block_1_22' title="bbox 450 1546 1475 1616">
    <p class='ocr_par' dir='ltr' id='par_1_22' title="bbox 450 1546 1475 1616">
     <span class='ocr_line' id='line_1_22' title="bbox 450 1546 1475 1616; baseline -0.006 -13"><span class='ocrx_word' id='word_1_150' title='bbox 450 1551 648 1603; x_wconf 87' lang='lat' dir='ltr'><strong>Beatus</strong></span> <span class='ocrx_word' id='word_1_151' title='bbox 672 1549 776 1610; x_wconf 87' lang='lat' dir='ltr'><strong>ille,</strong></span> <span class='ocrx_word' id='word_1_152' title='bbox 810 1547 900 1616; x_wconf 90' lang='lat' dir='ltr'><strong>qui</strong></span> <span class='ocrx_word' id='word_1_153' title='bbox 923 1546 1103 1614; x_wconf 86' lang='lat' dir='ltr'><strong>procul</strong></span> <span class='ocrx_word' id='word_1_154' title='bbox 1131 1546 1292 1598; x_wconf 88' lang='lat' dir='ltr'><strong>vitam</strong></span> <span class='ocrx_word' id='word_1_155' title='bbox 1323 1560 1475 1598; x_wconf 88' lang='lat' dir='ltr'><strong>suam</strong></span> 
     </span>
    </p>
   </div>
   <div class='ocr_carea' id='block_1_23' title="bbox 447 1637 3010 1709">
    <p class='ocr_par' dir='ltr' id='par_1_23' title="bbox 447 1637 3010 1709">
     <span class='ocr_line' id='line_1_23' title="bbox 447 1637 3010 1709; baseline -0.007 -16"><span class='ocrx_word' id='word_1_156' title='bbox 447 1642 530 1694; x_wconf 80' lang='lat' dir='ltr'><strong>Ah</strong></span> <span class='ocrx_word' id='word_1_157' title='bbox 558 1639 844 1709; x_wconf 88' lang='lat' dir='ltr'><strong>impiorum</strong></span> <span class='ocrx_word' id='word_1_158' title='bbox 867 1637 1160 1704; x_wconf 85' lang='lat' dir='ltr'><strong>segregarit</strong></span> <span class='ocrx_word' id='word_1_159' title='bbox 1182 1637 1427 1698; x_wconf 66' lang='lat' dir='ltr'><strong>canibus,</strong></span> <span class='ocrx_word' id='word_1_160' title='bbox 2555 1651 2783 1706; x_wconf 70' lang='lat' dir='ltr'><strong>pOEMA</strong></span> <span class='ocrx_word' id='word_1_161' title='bbox 2814 1653 2922 1707; x_wconf 63' lang='lat' dir='ltr'><strong>v1“</strong></span> 
     </span>
    </p>
   </div>
   <div class='ocr_carea' id='block_1_24' title="bbox 446 1729 1504 1798">
    <p class='ocr_par' dir='ltr' id='par_1_24' title="bbox 446 1729 1504 1798">
     <span class='ocr_line' id='line_1_24' title="bbox 446 1729 1504 1798; baseline -0.006 -13"><span class='ocrx_word' id='word_1_162' title='bbox 446 1732 516 1785; x_wconf 83' lang='lat' dir='ltr'><strong>Et</strong></span> <span class='ocrx_word' id='word_1_163' title='bbox 545 1733 595 1784; x_wconf 92' lang='lat' dir='ltr'><strong>in</strong></span> <span class='ocrx_word' id='word_1_164' title='bbox 621 1731 702 1784; x_wconf 78' lang='lat' dir='ltr'><strong>via</strong></span> <span class='ocrx_word' id='word_1_165' title='bbox 727 1729 1060 1798; x_wconf 85' lang='lat' dir='ltr'><strong>peccantium</strong></span> <span class='ocrx_word' id='word_1_166' title='bbox 1088 1742 1194 1781; x_wconf 88' lang='lat' dir='ltr'><strong>non</strong></span> <span class='ocrx_word' id='word_1_167' title='bbox 1229 1729 1504 1790; x_wconf 89' lang='lat' dir='ltr'><strong>manserit,</strong></span> 
     </span>
    </p>
   </div>
   <div class='ocr_carea' id='block_1_25' title="bbox 447 1818 1484 1888">
    <p class='ocr_par' dir='ltr' id='par_1_25' title="bbox 447 1818 1484 1888">
     <span class='ocr_line' id='line_1_25' title="bbox 447 1818 1484 1888; baseline -0.007 -10"><span class='ocrx_word' id='word_1_168' title='bbox 447 1824 562 1878; x_wconf 74' lang='lat' dir='ltr'><strong>Nec</strong></span> <span class='ocrx_word' id='word_1_169' title='bbox 588 1824 640 1878; x_wconf 89' lang='lat' dir='ltr'><strong>in</strong></span> <span class='ocrx_word' id='word_1_170' title='bbox 670 1820 924 1875; x_wconf 86' lang='lat' dir='ltr'><strong>cathedra</strong></span> <span class='ocrx_word' id='word_1_171' title='bbox 955 1819 1222 1888; x_wconf 75' lang='lat' dir='ltr'><strong>pestilenti</strong></span> <span class='ocrx_word' id='word_1_172' title='bbox 1249 1818 1447 1871; x_wconf 90' lang='lat' dir='ltr'><strong>sederit</strong></span> <span class='ocrx_word' id='word_1_173' title='bbox 1473 1836 1484 1870; x_wconf 91' lang='lat'>:</span> 
     </span>
    </p>
   </div>
   <div class='ocr_carea' id='block_1_26' title="bbox 376 1907 1435 1974">
    <p class='ocr_par' dir='ltr' id='par_1_26' title="bbox 376 1907 1435 1974">
     <span class='ocr_line' id='line_1_26' title="bbox 376 1907 1435 1974; baseline -0.008 -5"><span class='ocrx_word' id='word_1_174' title='bbox 376 1913 409 1969; x_wconf 84' lang='lat'><strong>5</strong></span> <span class='ocrx_word' id='word_1_175' title='bbox 447 1913 554 1967; x_wconf 88' lang='lat' dir='ltr'><strong>Sed</strong></span> <span class='ocrx_word' id='word_1_176' title='bbox 578 1910 741 1965; x_wconf 78' lang='lat' dir='ltr'><strong>corde</strong></span> <span class='ocrx_word' id='word_1_177' title='bbox 763 1917 878 1962; x_wconf 90' lang='lat' dir='ltr'><strong>toto</strong></span> <span class='ocrx_word' id='word_1_178' title='bbox 907 1909 1040 1962; x_wconf 78' lang='lat' dir='ltr'><strong>fixus</strong></span> <span class='ocrx_word' id='word_1_179' title='bbox 1070 1909 1121 1961; x_wconf 90' lang='lat' dir='ltr'><strong>in</strong></span> <span class='ocrx_word' id='word_1_180' title='bbox 1147 1908 1316 1974; x_wconf 86' lang='lat' dir='ltr'><strong>legem</strong></span> <span class='ocrx_word' id='word_1_181' title='bbox 1343 1907 1435 1961; x_wconf 88' lang='lat' dir='ltr'><strong>Dei</strong></span> 
     </span>
    </p>
   </div>
   <div class='ocr_carea' id='block_1_27' title="bbox 450 1999 1450 2072">
    <p class='ocr_par' dir='ltr' id='par_1_27' title="bbox 450 1999 1450 2072">
     <span class='ocr_line' id='line_1_27' title="bbox 450 1999 1450 2072; baseline -0.006 -14"><span class='ocrx_word' id='word_1_182' title='bbox 450 2005 726 2072; x_wconf 70' lang='lat' dir='ltr'><strong>Pnrcepta</strong></span> <span class='ocrx_word' id='word_1_183' title='bbox 757 2002 878 2055; x_wconf 63' lang='lat' dir='ltr'><strong>vita:</strong></span> <span class='ocrx_word' id='word_1_184' title='bbox 903 2009 1059 2053; x_wconf 90' lang='lat' dir='ltr'><strong>nocte</strong></span> <span class='ocrx_word' id='word_1_185' title='bbox 1080 1999 1248 2053; x_wconf 81' lang='lat' dir='ltr'><strong>volvit</strong></span> <span class='ocrx_word' id='word_1_186' title='bbox 1267 2007 1320 2053; x_wconf 90' lang='lat' dir='ltr'><strong>et</strong></span> <span class='ocrx_word' id='word_1_187' title='bbox 1341 1999 1450 2067; x_wconf 91' lang='lat' dir='ltr'><strong>die,</strong></span> 
     </span>
    </p>
   </div>
   <div class='ocr_carea' id='block_1_28' title="bbox 1929 1780 3114 1864">
    <p class='ocr_par' dir='ltr' id='par_1_28' title="bbox 1929 1780 3114 1864">
     <span class='ocr_line' id='line_1_28' title="bbox 1929 1780 3114 1864; baseline 0.005 -50"><span class='ocrx_word' id='word_1_188' title='bbox 1929 1804 1972 1864; x_wconf 69' lang='grc' dir='ltr'><strong>Β</strong></span> <span class='ocrx_word' id='word_1_189' title='bbox 2453 1780 2805 1820; x_wconf 68' lang='grc' dir='ltr'>ΡΑιιΑῐιιιιιΑειε</span> <span class='ocrx_word' id='word_1_190' title='bbox 2844 1781 3030 1819; x_wconf 78' lang='lat' dir='ltr'><strong>PSALIII</strong></span> <span class='ocrx_word' id='word_1_191' title='bbox 3060 1782 3114 1820; x_wconf 86' lang='grc'><strong>11.</strong></span> 
     </span>
    </p>
   </div>
   <div class='ocr_carea' id='block_1_29' title="bbox 2141 1870 3421 1940">
    <p class='ocr_par' dir='ltr' id='par_1_29' title="bbox 2141 1870 3421 1940">
     <span class='ocr_line' id='line_1_29' title="bbox 2141 1870 3421 1940; baseline 0.005 -14"><span class='ocrx_word' id='word_1_192' title='bbox 2141 1870 2247 1926; x_wconf 89' lang='lat' dir='ltr'><strong>Cur</strong></span> <span class='ocrx_word' id='word_1_193' title='bbox 2266 1879 2451 1940; x_wconf 81' lang='lat' dir='ltr'><strong>gentes</strong></span> <span class='ocrx_word' id='word_1_194' title='bbox 2471 1870 2756 1938; x_wconf 83' lang='lat' dir='ltr'><strong>fremuere,</strong></span> <span class='ocrx_word' id='word_1_195' title='bbox 2779 1881 2835 1926; x_wconf 92' lang='lat' dir='ltr'><strong>et</strong></span> <span class='ocrx_word' id='word_1_196' title='bbox 2863 1874 3036 1928; x_wconf 89' lang='lat' dir='ltr'><strong>inania</strong></span> <span class='ocrx_word' id='word_1_197' title='bbox 3060 1891 3156 1930; x_wconf 93' lang='lat' dir='ltr'><strong>cur</strong></span> <span class='ocrx_word' id='word_1_198' title='bbox 3182 1876 3421 1933; x_wconf 83' lang='lat' dir='ltr'><strong>meditati</strong></span> 
     </span>
    </p>
   </div>
   <div class='ocr_carea' id='block_1_30' title="bbox 2141 1964 3576 2040">
    <p class='ocr_par' dir='ltr' id='par_1_30' title="bbox 2141 1964 3576 2040">
     <span class='ocr_line' id='line_1_30' title="bbox 2141 1964 3576 2040; baseline 0.007 -23"><span class='ocrx_word' id='word_1_199' title='bbox 2141 1964 2278 2018; x_wconf 90' lang='lat' dir='ltr'><strong>Sunt</strong></span> <span class='ocrx_word' id='word_1_200' title='bbox 2305 1965 2520 2034; x_wconf 87' lang='lat' dir='ltr'><strong>populi?</strong></span> <span class='ocrx_word' id='word_1_201' title='bbox 2549 1964 2869 2020; x_wconf 83' lang='lat' dir='ltr'><strong>adstiteruut</strong></span> <span class='ocrx_word' id='word_1_202' title='bbox 2898 1980 3151 2035; x_wconf 80' lang='lat' dir='ltr'><strong>proceres</strong></span> <span class='ocrx_word' id='word_1_203' title='bbox 3191 1983 3314 2023; x_wconf 89' lang='lat' dir='ltr'><strong>cum</strong></span> <span class='ocrx_word' id='word_1_204' title='bbox 3361 1971 3576 2040; x_wconf 75' lang='lat' dir='ltr'><strong>regibus</strong></span> 
     </span>
    </p>
   </div>
   <div class='ocr_carea' id='block_1_31' title="bbox 447 2062 3574 2164">
    <p class='ocr_par' dir='ltr' id='par_1_31' title="bbox 447 2062 3574 2164">
     <span class='ocr_line' id='line_1_31' title="bbox 447 2062 3574 2164; baseline -0.01 -16"><span class='ocrx_word' id='word_1_205' title='bbox 447 2096 792 2162; x_wconf 80' lang='lat' dir='ltr'><strong>Mentemque</strong></span> <span class='ocrx_word' id='word_1_206' title='bbox 821 2092 979 2146; x_wconf 89' lang='lat' dir='ltr'><strong>castis</strong></span> <span class='ocrx_word' id='word_1_207' title='bbox 1006 2091 1262 2145; x_wconf 87' lang='lat' dir='ltr'><strong>institutis</strong></span> <span class='ocrx_word' id='word_1_208' title='bbox 1287 2091 1503 2144; x_wconf 77' lang='lat' dir='ltr'><strong>excolit.</strong></span> <span class='ocrx_word' id='word_1_209' title='bbox 2151 2147 2170 2164; x_wconf 48' lang='grc' dir='ltr'><strong>Δ</strong></span> <span class='ocrx_word' id='word_1_210' title='bbox 2202 2147 2214 2164; x_wconf 49' lang='grc' dir='ltr'><strong>Ι</strong></span> <span class='ocrx_word' id='word_1_211' title='bbox 2268 2163 2275 2164; x_wconf 14' lang='lat'><em>7</em></span> <span class='ocrx_word' id='word_1_212' title='bbox 2416 2163 2420 2164; x_wconf 15' lang='grc' dir='ltr'><em>ν</em></span> <span class='ocrx_word' id='word_1_213' title='bbox 2459 2147 2522 2164; x_wconf 49' lang='grc' dir='ltr'>η</span> <span class='ocrx_word' id='word_1_214' title='bbox 2595 2148 2634 2164; x_wconf 10' lang='grc' dir='ltr'><strong>,ν</strong></span> <span class='ocrx_word' id='word_1_215' title='bbox 2673 2163 2678 2164; x_wconf 11' lang='lat'><em>7</em></span> <span class='ocrx_word' id='word_1_216' title='bbox 2797 2157 2809 2164; x_wconf 32' lang='grc' dir='ltr'><strong><em>Δ</em></strong></span> <span class='ocrx_word' id='word_1_217' title='bbox 2845 2150 2901 2164; x_wconf 65' lang='lat' dir='ltr'><strong>m</strong></span> <span class='ocrx_word' id='word_1_218' title='bbox 2957 2152 2968 2164; x_wconf 33' lang='grc' dir='ltr'>ι</span> <span class='ocrx_word' id='word_1_219' title='bbox 3007 2159 3017 2164; x_wconf 29' lang='grc' dir='ltr'><strong><em>Δ</em></strong></span> <span class='ocrx_word' id='word_1_220' title='bbox 3407 2155 3420 2164; x_wconf 33' lang='grc'><strong><em>⁸</em></strong></span> <span class='ocrx_word' id='word_1_221' title='bbox 3447 2062 3574 2164; x_wconf 33' lang='lat' dir='ltr'><strong>[lacti</strong></span> 
     </span>
    </p>
   </div>
   <div class='ocr_carea' id='block_1_32' title="bbox 454 2147 1917 2316">
    <p class='ocr_par' dir='ltr' id='par_1_32' title="bbox 454 2180 1676 2316">
     <span class='ocr_line' id='line_1_32' title="bbox 454 2180 1676 2250; baseline -0.004 -12"><span class='ocrx_word' id='word_1_222' title='bbox 454 2185 574 2238; x_wconf 82' lang='lat' dir='ltr'><strong>Erit</strong></span> <span class='ocrx_word' id='word_1_223' title='bbox 610 2183 698 2236; x_wconf 91' lang='lat' dir='ltr'><strong>ille</strong></span> <span class='ocrx_word' id='word_1_224' title='bbox 723 2190 777 2235; x_wconf 89' lang='lat' dir='ltr'><strong>ut</strong></span> <span class='ocrx_word' id='word_1_225' title='bbox 801 2182 960 2234; x_wconf 88' lang='lat' dir='ltr'><strong>arbor</strong></span> <span class='ocrx_word' id='word_1_226' title='bbox 980 2196 1100 2248; x_wconf 73' lang='lat' dir='ltr'><strong>quae</strong></span> <span class='ocrx_word' id='word_1_227' title='bbox 1130 2181 1423 2250; x_wconf 82' lang='lat' dir='ltr'><strong>propinqua</strong></span> <span class='ocrx_word' id='word_1_228' title='bbox 1453 2180 1676 2244; x_wconf 78' lang='lat' dir='ltr'><strong>(lumini,</strong></span> 
     </span>
     <span class='ocr_line' id='line_1_33' title="bbox 454 2274 1421 2316; baseline 0 0"><span class='ocrx_word' id='word_1_229' title='bbox 454 2276 687 2316; x_wconf 73' lang='lat' dir='ltr'><strong>Ilnmm-n</strong></span> <span class='ocrx_word' id='word_1_230' title='bbox 717 2275 844 2316; x_wconf 76' lang='lat' dir='ltr'><strong>rinzn</strong></span> <span class='ocrx_word' id='word_1_231' title='bbox 875 2274 1142 2316; x_wconf 61' lang='lat' dir='ltr'><strong>nutriente</strong></span> <span class='ocrx_word' id='word_1_232' title='bbox 1169 2274 1421 2316; x_wconf 68' lang='lat' dir='ltr'><strong>nascitur-</strong></span> 
     </span>
    </p>
   </div>
   <div class='ocr_carea' id='block_1_33' title="bbox 2034 2147 3576 2316">
    <p class='ocr_par' dir='ltr' id='par_1_33' title="bbox 2139 2147 3576 2316">
     <span class='ocr_line' id='line_1_34' title="bbox 2139 2147 3576 2225; baseline 0.006 -25"><span class='ocrx_word' id='word_1_233' title='bbox 2139 2147 2431 2202; x_wconf 85' lang='lat' dir='ltr'><strong>Adversum</strong></span> <span class='ocrx_word' id='word_1_234' title='bbox 2459 2147 2739 2203; x_wconf 90' lang='lat' dir='ltr'><strong>Dominum</strong></span> <span class='ocrx_word' id='word_1_235' title='bbox 2760 2157 2815 2206; x_wconf 86' lang='lat' dir='ltr'><strong>et</strong></span> <span class='ocrx_word' id='word_1_236' title='bbox 2842 2150 3113 2207; x_wconf 86' lang='lat' dir='ltr'><strong>Christum</strong></span> <span class='ocrx_word' id='word_1_237' title='bbox 3131 2194 3147 2220; x_wconf 92' lang='lat'><strong>,</strong></span> <span class='ocrx_word' id='word_1_238' title='bbox 3175 2169 3370 2209; x_wconf 89' lang='lat' dir='ltr'><strong>vesana</strong></span> <span class='ocrx_word' id='word_1_239' title='bbox 3400 2155 3477 2225; x_wconf 81' lang='grc' dir='ltr'><strong>(α)</strong></span> <span class='ocrx_word' id='word_1_240' title='bbox 3500 2155 3576 2210; x_wconf 83' lang='lat' dir='ltr'><strong>fe-</strong></span> 
     </span>
     <span class='ocr_line' id='line_1_35' title="bbox 3352 2244 3574 2316; baseline 0 -18"><span class='ocrx_word' id='word_1_241' title='bbox 3352 2244 3574 2316; x_wconf 85' lang='lat' dir='ltr'><strong>[rentes.</strong></span> 
     </span>
    </p>
   </div>
   <div class='ocr_carea' id='block_1_34' title="bbox 3377 2259 3574 2300">
    <p class='ocr_par' dir='ltr' id='par_1_34' title="bbox 3377 2259 3574 2300">
     <span class='ocr_line' id='line_1_36' title="bbox 3377 2259 3574 2300; baseline 0 -2"><span class='ocrx_word' id='word_1_242' title='bbox 3377 2259 3574 2300; x_wconf 85' lang='lat' dir='ltr'><strong>rentes.</strong></span> 
     </span>
    </p>
   </div>
   <div class='ocr_carea' id='block_1_35' title="bbox 444 2274 1423 2342">
    <p class='ocr_par' dir='ltr' id='par_1_35' title="bbox 444 2274 1423 2342">
     <span class='ocr_line' id='line_1_37' title="bbox 444 2274 1423 2342; baseline -0.003 -14"><span class='ocrx_word' id='word_1_243' title='bbox 444 2276 687 2330; x_wconf 90' lang='lat' dir='ltr'><strong>llumore</strong></span> <span class='ocrx_word' id='word_1_244' title='bbox 717 2275 844 2342; x_wconf 75' lang='lat' dir='ltr'><strong>rip-.e</strong></span> <span class='ocrx_word' id='word_1_245' title='bbox 874 2274 1142 2326; x_wconf 88' lang='lat' dir='ltr'><strong>nutriente</strong></span> <span class='ocrx_word' id='word_1_246' title='bbox 1169 2274 1423 2341; x_wconf 80' lang='lat' dir='ltr'><strong>pascitur,</strong></span> 
     </span>
    </p>
   </div>
   <div class='ocr_carea' id='block_1_36' title="bbox 344 2361 1591 2432">
    <p class='ocr_par' dir='ltr' id='par_1_36' title="bbox 344 2361 1591 2432">
     <span class='ocr_line' id='line_1_38' title="bbox 344 2361 1591 2432; baseline -0.004 -12"><span class='ocrx_word' id='word_1_247' title='bbox 344 2367 406 2420; x_wconf 72' lang='grc'><strong>10</strong></span> <span class='ocrx_word' id='word_1_248' title='bbox 445 2366 668 2432; x_wconf 85' lang='lat' dir='ltr'><strong>Suoque</strong></span> <span class='ocrx_word' id='word_1_249' title='bbox 691 2361 918 2416; x_wconf 86' lang='lat' dir='ltr'><strong>fructum</strong></span> <span class='ocrx_word' id='word_1_250' title='bbox 940 2363 1095 2430; x_wconf 92' lang='lat' dir='ltr'><strong>plena</strong></span> <span class='ocrx_word' id='word_1_251' title='bbox 1123 2361 1302 2415; x_wconf 77' lang='lat' dir='ltr'><strong>reddet</strong></span> <span class='ocrx_word' id='word_1_252' title='bbox 1330 2373 1591 2429; x_wconf 88' lang='lat' dir='ltr'><strong>tempore,</strong></span> 
     </span>
    </p>
   </div>
   <div class='ocr_carea' id='block_1_37' title="bbox 445 2451 1691 2519">
    <p class='ocr_par' dir='ltr' id='par_1_37' title="bbox 445 2451 1691 2519">
     <span class='ocr_line' id='line_1_39' title="bbox 445 2451 1691 2519; baseline -0.003 -11"><span class='ocrx_word' id='word_1_253' title='bbox 445 2455 537 2515; x_wconf 84' lang='lat' dir='ltr'><strong>Et,</strong></span> <span class='ocrx_word' id='word_1_254' title='bbox 572 2451 758 2506; x_wconf 83' lang='lat' dir='ltr'><strong>fronde</strong></span> <span class='ocrx_word' id='word_1_255' title='bbox 783 2465 1066 2518; x_wconf 87' lang='lat' dir='ltr'><strong>numquam</strong></span> <span class='ocrx_word' id='word_1_256' title='bbox 1099 2451 1385 2513; x_wconf 81' lang='lat' dir='ltr'><strong>defluente,</strong></span> <span class='ocrx_word' id='word_1_257' title='bbox 1415 2452 1691 2519; x_wconf 81' lang='lat' dir='ltr'><strong>pervircns</strong></span> 
     </span>
    </p>
   </div>
   <div class='ocr_carea' id='block_1_38' title="bbox 446 2542 1567 2613">
    <p class='ocr_par' dir='ltr' id='par_1_38' title="bbox 446 2542 1567 2613">
     <span class='ocr_line' id='line_1_40' title="bbox 446 2542 1567 2613; baseline -0.005 -13"><span class='ocrx_word' id='word_1_258' title='bbox 446 2547 628 2600; x_wconf 80' lang='lat' dir='ltr'><strong>Stabit</strong></span> <span class='ocrx_word' id='word_1_259' title='bbox 655 2543 877 2613; x_wconf 88' lang='lat' dir='ltr'><strong>perenni</strong></span> <span class='ocrx_word' id='word_1_260' title='bbox 909 2542 1138 2594; x_wconf 86' lang='lat' dir='ltr'><strong>vividum</strong></span> <span class='ocrx_word' id='word_1_261' title='bbox 1170 2542 1367 2608; x_wconf 83' lang='lat' dir='ltr'><strong>lignum</strong></span> <span class='ocrx_word' id='word_1_262' title='bbox 1393 2556 1567 2596; x_wconf 88' lang='lat' dir='ltr'><strong>coma.</strong></span> 
     </span>
    </p>
   </div>
   <div class='ocr_carea' id='block_1_39' title="bbox 441 2632 1539 2702">
    <p class='ocr_par' dir='ltr' id='par_1_39' title="bbox 441 2632 1539 2702">
     <span class='ocr_line' id='line_1_41' title="bbox 441 2632 1539 2702; baseline -0.007 -10"><span class='ocrx_word' id='word_1_263' title='bbox 441 2638 569 2692; x_wconf 74' lang='lat' dir='ltr'><strong>Non</strong></span> <span class='ocrx_word' id='word_1_264' title='bbox 598 2637 711 2690; x_wconf 73' lang='lat' dir='ltr'><strong>hzec</strong></span> <span class='ocrx_word' id='word_1_265' title='bbox 740 2636 950 2702; x_wconf 90' lang='lat' dir='ltr'><strong>iniquos</strong></span> <span class='ocrx_word' id='word_1_266' title='bbox 973 2641 1326 2702; x_wconf 87' lang='lat' dir='ltr'><strong>prosequetur</strong></span> <span class='ocrx_word' id='word_1_267' title='bbox 1347 2632 1539 2700; x_wconf 89' lang='lat' dir='ltr'><strong>gloria,</strong></span> 
     </span>
    </p>
   </div>
   <div class='ocr_carea' id='block_1_40' title="bbox 457 2722 1551 2792">
    <p class='ocr_par' dir='ltr' id='par_1_40' title="bbox 457 2722 1551 2792">
     <span class='ocr_line' id='line_1_42' title="bbox 457 2722 1551 2792; baseline -0.005 -10"><span class='ocrx_word' id='word_1_268' title='bbox 457 2727 564 2782; x_wconf 88' lang='lat' dir='ltr'><strong>Sed</strong></span> <span class='ocrx_word' id='word_1_269' title='bbox 593 2735 650 2780; x_wconf 88' lang='lat' dir='ltr'><strong>ut</strong></span> <span class='ocrx_word' id='word_1_270' title='bbox 671 2725 901 2778; x_wconf 87' lang='lat' dir='ltr'><strong>favillam</strong></span> <span class='ocrx_word' id='word_1_271' title='bbox 924 2723 1158 2792; x_wconf 86' lang='lat' dir='ltr'><strong>pulveris</strong></span> <span class='ocrx_word' id='word_1_272' title='bbox 1182 2730 1372 2776; x_wconf 89' lang='lat' dir='ltr'><strong>ventus</strong></span> <span class='ocrx_word' id='word_1_273' title='bbox 1393 2722 1551 2792; x_wconf 90' lang='lat' dir='ltr'><strong>rapit,</strong></span> 
     </span>
    </p>
   </div>
   <div class='ocr_carea' id='block_1_41' title="bbox 343 2811 1447 2885">
    <p class='ocr_par' dir='ltr' id='par_1_41' title="bbox 343 2811 1447 2885">
     <span class='ocr_line' id='line_1_43' title="bbox 343 2811 1447 2885; baseline -0.009 -9"><span class='ocrx_word' id='word_1_274' title='bbox 343 2821 407 2876; x_wconf 74' lang='lat' dir='ltr'><strong>i5</strong></span> <span class='ocrx_word' id='word_1_275' title='bbox 445 2820 542 2874; x_wconf 82' lang='lat' dir='ltr'><strong>Sic</strong></span> <span class='ocrx_word' id='word_1_276' title='bbox 564 2820 641 2874; x_wconf 89' lang='lat' dir='ltr'><strong>ira</strong></span> <span class='ocrx_word' id='word_1_277' title='bbox 673 2819 881 2885; x_wconf 88' lang='lat' dir='ltr'><strong>iniquus</strong></span> <span class='ocrx_word' id='word_1_278' title='bbox 900 2823 1079 2868; x_wconf 90' lang='lat' dir='ltr'><strong>verret</strong></span> <span class='ocrx_word' id='word_1_279' title='bbox 1099 2830 1128 2868; x_wconf 86' lang='lat' dir='ltr'><strong>a</strong></span> <span class='ocrx_word' id='word_1_280' title='bbox 1158 2815 1306 2868; x_wconf 90' lang='lat' dir='ltr'><strong>vultu</strong></span> <span class='ocrx_word' id='word_1_281' title='bbox 1335 2811 1447 2868; x_wconf 75' lang='lat' dir='ltr'><strong>Dei.</strong></span> 
     </span>
    </p>
   </div>
   <div class='ocr_carea' id='block_1_42' title="bbox 449 2905 1313 2966">
    <p class='ocr_par' dir='ltr' id='par_1_42' title="bbox 449 2905 1313 2966">
     <span class='ocr_line' id='line_1_44' title="bbox 449 2905 1313 2966; baseline -0.007 -1"><span class='ocrx_word' id='word_1_282' title='bbox 449 2911 660 2966; x_wconf 80' lang='lat' dir='ltr'><strong>Idcirco</strong></span> <span class='ocrx_word' id='word_1_283' title='bbox 686 2908 777 2962; x_wconf 86' lang='lat' dir='ltr'><strong>tali</strong></span> <span class='ocrx_word' id='word_1_284' title='bbox 801 2905 1101 2959; x_wconf 85' lang='lat' dir='ltr'><strong>dividentur</strong></span> <span class='ocrx_word' id='word_1_285' title='bbox 1125 2905 1313 2960; x_wconf 87' lang='lat' dir='ltr'><strong>ordine</strong></span> 
     </span>
    </p>
   </div>
   <div class='ocr_carea' id='block_1_43' title="bbox 452 2993 1694 3068">
    <p class='ocr_par' dir='ltr' id='par_1_43' title="bbox 452 2993 1694 3068">
     <span class='ocr_line' id='line_1_45' title="bbox 452 2993 1694 3068; baseline -0.003 -12"><span class='ocrx_word' id='word_1_286' title='bbox 452 3001 742 3056; x_wconf 81' lang='lat' dir='ltr'><strong>Hominum</strong></span> <span class='ocrx_word' id='word_1_287' title='bbox 766 3012 860 3065; x_wconf 90' lang='lat' dir='ltr'><strong>per</strong></span> <span class='ocrx_word' id='word_1_288' title='bbox 881 2996 1062 3049; x_wconf 90' lang='lat' dir='ltr'><strong>orbem</strong></span> <span class='ocrx_word' id='word_1_289' title='bbox 1085 2993 1462 3065; x_wconf 82' lang='lat' dir='ltr'><strong>dissipatorum</strong></span> <span class='ocrx_word' id='word_1_290' title='bbox 1486 3011 1694 3068; x_wconf 80' lang='lat' dir='ltr'><strong>greges,</strong></span> 
     </span>
    </p>
   </div>
   <div class='ocr_carea' id='block_1_44' title="bbox 450 3088 1436 3160">
    <p class='ocr_par' dir='ltr' id='par_1_44' title="bbox 450 3088 1436 3160">
     <span class='ocr_line' id='line_1_46' title="bbox 450 3088 1436 3160; baseline -0.005 -12"><span class='ocrx_word' id='word_1_291' title='bbox 450 3093 524 3148; x_wconf 82' lang='lat' dir='ltr'><strong>lit</strong></span> <span class='ocrx_word' id='word_1_292' title='bbox 545 3088 819 3160; x_wconf 85' lang='lat' dir='ltr'><strong>judicandi</strong></span> <span class='ocrx_word' id='word_1_293' title='bbox 841 3105 945 3141; x_wconf 93' lang='lat' dir='ltr'><strong>non</strong></span> <span class='ocrx_word' id='word_1_294' title='bbox 969 3097 1249 3155; x_wconf 79' lang='lat' dir='ltr'><strong>resurgant</strong></span> <span class='ocrx_word' id='word_1_295' title='bbox 1270 3089 1436 3158; x_wconf 89' lang='lat' dir='ltr'><strong>impii,</strong></span> 
     </span>
    </p>
   </div>
   <div class='ocr_carea' id='block_1_45' title="bbox 449 3168 1967 3248">
    <p class='ocr_par' dir='ltr' id='par_1_45' title="bbox 449 3168 1967 3248">
     <span class='ocr_line' id='line_1_47' title="bbox 449 3168 1967 3248; baseline -0.003 -13"><span class='ocrx_word' id='word_1_296' title='bbox 449 3182 556 3248; x_wconf 87' lang='lat' dir='ltr'><strong>Qui</strong></span> <span class='ocrx_word' id='word_1_297' title='bbox 586 3182 919 3248; x_wconf 69' lang='lat' dir='ltr'><strong>denegat-unt</strong></span> <span class='ocrx_word' id='word_1_298' title='bbox 940 3178 1176 3235; x_wconf 88' lang='lat' dir='ltr'><strong>debitum</strong></span> <span class='ocrx_word' id='word_1_299' title='bbox 1197 3180 1395 3233; x_wconf 90' lang='lat' dir='ltr'><strong>cultum</strong></span> <span class='ocrx_word' id='word_1_300' title='bbox 1428 3178 1568 3241; x_wconf 92' lang='lat' dir='ltr'><strong>Deo,</strong></span> <span class='ocrx_word' id='word_1_301' title='bbox 1923 3168 1967 3230; x_wconf 88' lang='lat' dir='ltr'>C</span> 
     </span>
    </p>
   </div>
   <div class='ocr_carea' id='block_1_46' title="bbox 348 3270 1673 3343">
    <p class='ocr_par' dir='ltr' id='par_1_46' title="bbox 348 3270 1673 3343">
     <span class='ocr_line' id='line_1_48' title="bbox 348 3270 1673 3343; baseline -0.003 -15"><span class='ocrx_word' id='word_1_302' title='bbox 348 3275 414 3328; x_wconf 75' lang='lat'><strong>20</strong></span> <span class='ocrx_word' id='word_1_303' title='bbox 447 3273 563 3327; x_wconf 89' lang='lat' dir='ltr'><strong>Sed</strong></span> <span class='ocrx_word' id='word_1_304' title='bbox 592 3273 880 3343; x_wconf 73' lang='lat' dir='ltr'><strong>puniendi:</strong></span> <span class='ocrx_word' id='word_1_305' title='bbox 913 3289 1033 3326; x_wconf 90' lang='lat' dir='ltr'><strong>nam</strong></span> <span class='ocrx_word' id='word_1_306' title='bbox 1056 3287 1209 3326; x_wconf 83' lang='lat' dir='ltr'><strong>suum</strong></span> <span class='ocrx_word' id='word_1_307' title='bbox 1238 3272 1439 3325; x_wconf 90' lang='lat' dir='ltr'><strong>crimen</strong></span> <span class='ocrx_word' id='word_1_308' title='bbox 1464 3270 1673 3334; x_wconf 87' lang='lat' dir='ltr'><strong>videns,</strong></span> 
     </span>
    </p>
   </div>
   <div class='ocr_carea' id='block_1_47' title="bbox 450 3363 1399 3432">
    <p class='ocr_par' dir='ltr' id='par_1_47' title="bbox 450 3363 1399 3432">
     <span class='ocr_line' id='line_1_49' title="bbox 450 3363 1399 3432; baseline -0.003 -14"><span class='ocrx_word' id='word_1_309' title='bbox 450 3364 573 3418; x_wconf 77' lang='lat' dir='ltr'><strong>Non</strong></span> <span class='ocrx_word' id='word_1_310' title='bbox 597 3364 850 3432; x_wconf 78' lang='lat' dir='ltr'><strong>indigebit</strong></span> <span class='ocrx_word' id='word_1_311' title='bbox 877 3365 1170 3432; x_wconf 71' lang='lat' dir='ltr'><strong>qumstione</strong></span> <span class='ocrx_word' id='word_1_312' title='bbox 1199 3363 1399 3429; x_wconf 82' lang='lat' dir='ltr'><strong>detegi,</strong></span> 
     </span>
    </p>
   </div>
   <div class='ocr_carea' id='block_1_48' title="bbox 450 3452 1894 3525">
    <p class='ocr_par' dir='ltr' id='par_1_48' title="bbox 450 3452 1894 3525">
     <span class='ocr_line' id='line_1_50' title="bbox 450 3452 1894 3525; baseline -0.003 -16"><span class='ocrx_word' id='word_1_313' title='bbox 450 3456 722 3522; x_wconf 86' lang='lat' dir='ltr'><strong>Quoniam</strong></span> <span class='ocrx_word' id='word_1_314' title='bbox 771 3456 1136 3510; x_wconf 89' lang='lat' dir='ltr'><strong>imminentem</strong></span> <span class='ocrx_word' id='word_1_315' title='bbox 1181 3458 1194 3486; x_wconf 82' lang='lat'>&#39;</span> <span class='ocrx_word' id='word_1_316' title='bbox 1243 3454 1526 3525; x_wconf 70' lang='lat' dir='ltr'><strong>prmferent</strong></span> <span class='ocrx_word' id='word_1_317' title='bbox 1564 3452 1750 3507; x_wconf 93' lang='lat' dir='ltr'><strong>mortis</strong></span> <span class='ocrx_word' id='word_1_318' title='bbox 1795 3468 1894 3506; x_wconf 89' lang='lat' dir='ltr'><strong>no-</strong></span> 
     </span>
    </p>
   </div>
   <div class='ocr_carea' id='block_1_49' title="bbox 1657 3544 1819 3614">
    <p class='ocr_par' dir='ltr' id='par_1_49' title="bbox 1657 3544 1819 3614">
     <span class='ocr_line' id='line_1_51' title="bbox 1657 3544 1819 3614; baseline -0.012 -18"><span class='ocrx_word' id='word_1_319' title='bbox 1657 3544 1787 3614; x_wconf 80' lang='lat' dir='ltr'><strong>[tam</strong></span> <span class='ocrx_word' id='word_1_320' title='bbox 1803 3580 1819 3606; x_wconf 91' lang='lat'><strong>,</strong></span> 
     </span>
    </p>
   </div>
   <div class='ocr_carea' id='block_1_50' title="bbox 447 3632 1602 3703">
    <p class='ocr_par' dir='ltr' id='par_1_50' title="bbox 447 3632 1602 3703">
     <span class='ocr_line' id='line_1_52' title="bbox 447 3632 1602 3703; baseline -0.003 -14"><span class='ocrx_word' id='word_1_321' title='bbox 447 3636 676 3703; x_wconf 84' lang='lat' dir='ltr'><strong>Signum</strong></span> <span class='ocrx_word' id='word_1_322' title='bbox 703 3635 889 3688; x_wconf 88' lang='lat' dir='ltr'><strong>salutis</strong></span> <span class='ocrx_word' id='word_1_323' title='bbox 919 3650 1024 3688; x_wconf 88' lang='lat' dir='ltr'><strong>non</strong></span> <span class='ocrx_word' id='word_1_324' title='bbox 1053 3643 1300 3702; x_wconf 81' lang='lat' dir='ltr'><strong>gerentes</strong></span> <span class='ocrx_word' id='word_1_325' title='bbox 1322 3632 1602 3686; x_wconf 87' lang='lat' dir='ltr'><strong>frontibus.</strong></span> 
     </span>
    </p>
   </div>
   <div class='ocr_carea' id='block_1_51' title="bbox 454 3725 1614 3793">
    <p class='ocr_par' dir='ltr' id='par_1_51' title="bbox 454 3725 1614 3793">
     <span class='ocr_line' id='line_1_53' title="bbox 454 3725 1614 3793; baseline -0.003 -15"><span class='ocrx_word' id='word_1_326' title='bbox 454 3725 721 3780; x_wconf 84' lang='lat' dir='ltr'><strong>Peccator</strong></span> <span class='ocrx_word' id='word_1_327' title='bbox 749 3735 946 3790; x_wconf 89' lang='lat' dir='ltr'><strong>autem,</strong></span> <span class='ocrx_word' id='word_1_328' title='bbox 981 3741 1088 3778; x_wconf 93' lang='lat' dir='ltr'><strong>non</strong></span> <span class='ocrx_word' id='word_1_329' title='bbox 1115 3733 1167 3777; x_wconf 85' lang='lat' dir='ltr'><strong>et</strong></span> <span class='ocrx_word' id='word_1_330' title='bbox 1191 3725 1384 3793; x_wconf 83' lang='lat' dir='ltr'><strong>impius</strong></span> <span class='ocrx_word' id='word_1_331' title='bbox 1414 3734 1614 3785; x_wconf 91' lang='lat' dir='ltr'><strong>tamen,</strong></span> 
     </span>
    </p>
   </div>
   <div class='ocr_carea' id='block_1_52' title="bbox 347 3811 1750 3882">
    <p class='ocr_par' dir='ltr' id='par_1_52' title="bbox 347 3811 1750 3882">
     <span class='ocr_line' id='line_1_54' title="bbox 347 3811 1750 3882; baseline -0.002 -14"><span class='ocrx_word' id='word_1_332' title='bbox 347 3814 413 3868; x_wconf 77' lang='lat'><strong>25</strong></span> <span class='ocrx_word' id='word_1_333' title='bbox 449 3815 582 3881; x_wconf 63' lang='lat' dir='ltr'><strong>Quae</strong></span> <span class='ocrx_word' id='word_1_334' title='bbox 614 3827 800 3882; x_wconf 79' lang='lat' dir='ltr'><strong>magna</strong></span> <span class='ocrx_word' id='word_1_335' title='bbox 829 3814 980 3867; x_wconf 86' lang='lat' dir='ltr'><strong>turba</strong></span> <span class='ocrx_word' id='word_1_336' title='bbox 1009 3821 1111 3876; x_wconf 90' lang='lat' dir='ltr'><strong>est,</strong></span> <span class='ocrx_word' id='word_1_337' title='bbox 1140 3829 1245 3866; x_wconf 92' lang='lat' dir='ltr'><strong>non</strong></span> <span class='ocrx_word' id='word_1_338' title='bbox 1279 3819 1518 3879; x_wconf 89' lang='lat' dir='ltr'><strong>resurget</strong></span> <span class='ocrx_word' id='word_1_339' title='bbox 1545 3811 1750 3879; x_wconf 65' lang='lat' dir='ltr'><strong>gloriaa,</strong></span> 
     </span>
    </p>
   </div>
   <div class='ocr_carea' id='block_1_53' title="bbox 454 3902 1537 3973">
    <p class='ocr_par' dir='ltr' id='par_1_53' title="bbox 454 3902 1537 3973">
     <span class='ocr_line' id='line_1_55' title="bbox 454 3902 1537 3973; baseline -0.004 -15"><span class='ocrx_word' id='word_1_340' title='bbox 454 3907 654 3959; x_wconf 88' lang='lat' dir='ltr'><strong>Verum</strong></span> <span class='ocrx_word' id='word_1_341' title='bbox 687 3914 929 3972; x_wconf 85' lang='lat' dir='ltr'><strong>resurget</strong></span> <span class='ocrx_word' id='word_1_342' title='bbox 957 3903 1262 3973; x_wconf 82' lang='lat' dir='ltr'><strong>deputanda</strong></span> <span class='ocrx_word' id='word_1_343' title='bbox 1286 3902 1537 3956; x_wconf 84' lang='lat' dir='ltr'><strong>examini.</strong></span> 
     </span>
    </p>
   </div>
   <div class='ocr_carea' id='block_1_54' title="bbox 449 3993 1611 4063">
    <p class='ocr_par' dir='ltr' id='par_1_54' title="bbox 449 3993 1611 4063">
     <span class='ocr_line' id='line_1_56' title="bbox 449 3993 1611 4063; baseline -0.004 -12"><span class='ocrx_word' id='word_1_344' title='bbox 449 3998 562 4051; x_wconf 85' lang='lat' dir='ltr'><strong>Nec</strong></span> <span class='ocrx_word' id='word_1_345' title='bbox 587 3997 728 4050; x_wconf 89' lang='lat' dir='ltr'><strong>enim</strong></span> <span class='ocrx_word' id='word_1_346' title='bbox 759 3995 944 4050; x_wconf 90' lang='lat' dir='ltr'><strong>sedere</strong></span> <span class='ocrx_word' id='word_1_347' title='bbox 967 4011 1086 4049; x_wconf 92' lang='lat' dir='ltr'><strong>eum</strong></span> <span class='ocrx_word' id='word_1_348' title='bbox 1111 3995 1212 4063; x_wconf 91' lang='lat' dir='ltr'><strong>piis</strong></span> <span class='ocrx_word' id='word_1_349' title='bbox 1229 3993 1391 4062; x_wconf 81' lang='lat' dir='ltr'><strong>judex</strong></span> <span class='ocrx_word' id='word_1_350' title='bbox 1415 4000 1611 4062; x_wconf 88' lang='lat' dir='ltr'><strong>potest,</strong></span> 
     </span>
    </p>
   </div>
   <div class='ocr_carea' id='block_1_55' title="bbox 2140 2325 3486 2400">
    <p class='ocr_par' dir='ltr' id='par_1_55' title="bbox 2140 2325 3486 2400">
     <span class='ocr_line' id='line_1_57' title="bbox 2140 2325 3486 2400; baseline 0.005 -21"><span class='ocrx_word' id='word_1_351' title='bbox 2140 2325 2359 2382; x_wconf 80' lang='lat' dir='ltr'><strong>Vincula</strong></span> <span class='ocrx_word' id='word_1_352' title='bbox 2384 2344 2710 2399; x_wconf 86' lang='lat' dir='ltr'><strong>rumpamus,</strong></span> <span class='ocrx_word' id='word_1_353' title='bbox 2731 2331 2856 2400; x_wconf 87' lang='lat' dir='ltr'><strong>juga</strong></span> <span class='ocrx_word' id='word_1_354' title='bbox 2886 2331 3228 2388; x_wconf 83' lang='lat' dir='ltr'><strong>discutiamus</strong></span> <span class='ocrx_word' id='word_1_355' title='bbox 3255 2347 3446 2388; x_wconf 86' lang='lat' dir='ltr'><strong>eorum</strong></span> <span class='ocrx_word' id='word_1_356' title='bbox 3472 2350 3486 2386; x_wconf 90' lang='lat'><strong>:</strong></span> 
     </span>
    </p>
   </div>
   <div class='ocr_carea' id='block_1_56' title="bbox 2070 2417 3411 2490">
    <p class='ocr_par' dir='ltr' id='par_1_56' title="bbox 2070 2417 3411 2490">
     <span class='ocr_line' id='line_1_58' title="bbox 2070 2417 3411 2490; baseline 0.007 -20"><span class='ocrx_word' id='word_1_357' title='bbox 2070 2417 2104 2470; x_wconf 83' lang='grc'><strong>5</strong></span> <span class='ocrx_word' id='word_1_358' title='bbox 2139 2419 2240 2485; x_wconf 92' lang='lat' dir='ltr'><strong>Qui</strong></span> <span class='ocrx_word' id='word_1_359' title='bbox 2271 2428 2451 2475; x_wconf 87' lang='lat' dir='ltr'><strong>manet</strong></span> <span class='ocrx_word' id='word_1_360' title='bbox 2479 2431 2680 2476; x_wconf 81' lang='lat' dir='ltr'><strong>aeterno</strong></span> <span class='ocrx_word' id='word_1_361' title='bbox 2702 2424 2830 2477; x_wconf 89' lang='lat' dir='ltr'><strong>totis</strong></span> <span class='ocrx_word' id='word_1_362' title='bbox 2851 2423 3218 2478; x_wconf 87' lang='lat' dir='ltr'><strong>moderamine</strong></span> <span class='ocrx_word' id='word_1_363' title='bbox 3239 2425 3411 2490; x_wconf 62' lang='lat' dir='ltr'><strong>malis,</strong></span> 
     </span>
    </p>
   </div>
   <div class='ocr_carea' id='block_1_57' title="bbox 2141 2510 3257 2582">
    <p class='ocr_par' dir='ltr' id='par_1_57' title="bbox 2141 2510 3257 2582">
     <span class='ocr_line' id='line_1_59' title="bbox 2141 2510 3257 2582; baseline 0.004 -19"><span class='ocrx_word' id='word_1_364' title='bbox 2141 2510 2513 2576; x_wconf 90' lang='lat' dir='ltr'><strong>Irridebiteos,</strong></span> <span class='ocrx_word' id='word_1_365' title='bbox 2533 2513 2781 2582; x_wconf 76' lang='lat' dir='ltr'><strong>iustaque</strong></span> <span class='ocrx_word' id='word_1_366' title='bbox 2797 2515 3050 2582; x_wconf 84' lang='lat' dir='ltr'><strong>loquetur</strong></span> <span class='ocrx_word' id='word_1_367' title='bbox 3077 2516 3126 2568; x_wconf 92' lang='lat' dir='ltr'><strong>in</strong></span> <span class='ocrx_word' id='word_1_368' title='bbox 3161 2516 3257 2578; x_wconf 89' lang='lat' dir='ltr'><strong>ira,</strong></span> 
     </span>
    </p>
   </div>
   <div class='ocr_carea' id='block_1_58' title="bbox 2138 2599 3403 2675">
    <p class='ocr_par' dir='ltr' id='par_1_58' title="bbox 2138 2599 3403 2675">
     <span class='ocr_line' id='line_1_60' title="bbox 2138 2599 3403 2675; baseline 0.006 -22"><span class='ocrx_word' id='word_1_369' title='bbox 2138 2599 2492 2670; x_wconf 87' lang='lat' dir='ltr'><strong>Terribilique</strong></span> <span class='ocrx_word' id='word_1_370' title='bbox 2522 2605 2698 2656; x_wconf 78' lang='lat' dir='ltr'><strong>minax</strong></span> <span class='ocrx_word' id='word_1_371' title='bbox 2713 2605 2878 2658; x_wconf 88' lang='lat' dir='ltr'><strong>verbo</strong></span> <span class='ocrx_word' id='word_1_372' title='bbox 2907 2605 3140 2659; x_wconf 86' lang='lat' dir='ltr'><strong>turbabit</strong></span> <span class='ocrx_word' id='word_1_373' title='bbox 3169 2606 3403 2675; x_wconf 87' lang='lat' dir='ltr'><strong>iniquos.</strong></span> 
     </span>
    </p>
   </div>
   <div class='ocr_carea' id='block_1_59' title="bbox 2138 2691 3367 2762">
    <p class='ocr_par' dir='ltr' id='par_1_59' title="bbox 2138 2691 3367 2762">
     <span class='ocr_line' id='line_1_61' title="bbox 2138 2691 3367 2762; baseline 0.006 -20"><span class='ocrx_word' id='word_1_374' title='bbox 2138 2691 2237 2742; x_wconf 75' lang='lat' dir='ltr'><strong>Ast</strong></span> <span class='ocrx_word' id='word_1_375' title='bbox 2265 2705 2366 2758; x_wconf 87' lang='lat' dir='ltr'><strong>ego</strong></span> <span class='ocrx_word' id='word_1_376' title='bbox 2398 2691 2509 2746; x_wconf 76' lang='lat' dir='ltr'><strong>Rex</strong></span> <span class='ocrx_word' id='word_1_377' title='bbox 2539 2694 2604 2746; x_wconf 89' lang='lat' dir='ltr'><strong>ab</strong></span> <span class='ocrx_word' id='word_1_378' title='bbox 2625 2707 2692 2748; x_wconf 89' lang='lat' dir='ltr'><strong>eo</strong></span> <span class='ocrx_word' id='word_1_379' title='bbox 2724 2694 2874 2762; x_wconf 70' lang='lat' dir='ltr'><strong>parili</strong></span> <span class='ocrx_word' id='word_1_380' title='bbox 2905 2694 3109 2749; x_wconf 91' lang='lat' dir='ltr'><strong>ditione</strong></span> <span class='ocrx_word' id='word_1_381' title='bbox 3136 2704 3367 2761; x_wconf 89' lang='lat' dir='ltr'><strong>creatus,</strong></span> 
     </span>
    </p>
   </div>
   <div class='ocr_carea' id='block_1_60' title="bbox 2143 2780 3577 2856">
    <p class='ocr_par' dir='ltr' id='par_1_60' title="bbox 2143 2780 3577 2856">
     <span class='ocr_line' id='line_1_62' title="bbox 2143 2780 3577 2856; baseline 0.009 -23"><span class='ocrx_word' id='word_1_382' title='bbox 2143 2780 2473 2852; x_wconf 71' lang='lat' dir='ltr'><strong>Prmeeptum</strong></span> <span class='ocrx_word' id='word_1_383' title='bbox 2500 2783 2705 2838; x_wconf 88' lang='lat' dir='ltr'><strong>Domini</strong></span> <span class='ocrx_word' id='word_1_384' title='bbox 2735 2800 2896 2854; x_wconf 91' lang='lat' dir='ltr'><strong>super</strong></span> <span class='ocrx_word' id='word_1_385' title='bbox 2915 2786 3113 2840; x_wconf 89' lang='lat' dir='ltr'><strong>almum</strong></span> <span class='ocrx_word' id='word_1_386' title='bbox 3135 2787 3365 2856; x_wconf 68' lang='lat' dir='ltr'><strong>przedieo</strong></span> <span class='ocrx_word' id='word_1_387' title='bbox 3385 2789 3511 2843; x_wconf 88' lang='lat' dir='ltr'><strong>Sion</strong></span> <span class='ocrx_word' id='word_1_388' title='bbox 3536 2791 3577 2846; x_wconf 84' lang='lat'><strong>&#39;.</strong></span> 
     </span>
    </p>
   </div>
   <div class='ocr_carea' id='block_1_61' title="bbox 2033 2870 3576 2944">
    <p class='ocr_par' dir='ltr' id='par_1_61' title="bbox 2033 2870 3576 2944">
     <span class='ocr_line' id='line_1_63' title="bbox 2033 2870 3576 2944; baseline 0.006 -21"><span class='ocrx_word' id='word_1_389' title='bbox 2033 2870 2100 2925; x_wconf 78' lang='grc'><strong>10</strong></span> <span class='ocrx_word' id='word_1_390' title='bbox 2136 2871 2252 2940; x_wconf 87' lang='lat' dir='ltr'><strong>Ipse</strong></span> <span class='ocrx_word' id='word_1_391' title='bbox 2282 2872 2348 2926; x_wconf 89' lang='lat' dir='ltr'><strong>ad</strong></span> <span class='ocrx_word' id='word_1_392' title='bbox 2372 2888 2456 2927; x_wconf 91' lang='lat' dir='ltr'><strong>me</strong></span> <span class='ocrx_word' id='word_1_393' title='bbox 2486 2873 2762 2936; x_wconf 70' lang='lat' dir='ltr'><strong>Dominus,</strong></span> <span class='ocrx_word' id='word_1_394' title='bbox 2797 2875 2964 2941; x_wconf 88' lang='lat' dir='ltr'><strong>Meus,</strong></span> <span class='ocrx_word' id='word_1_395' title='bbox 2997 2877 3188 2944; x_wconf 90' lang='lat' dir='ltr'><strong>inquit,</strong></span> <span class='ocrx_word' id='word_1_396' title='bbox 3231 2879 3371 2933; x_wconf 82' lang='lat' dir='ltr'><strong>filius</strong></span> <span class='ocrx_word' id='word_1_397' title='bbox 3415 2894 3472 2932; x_wconf 89' lang='lat' dir='ltr'><strong>es</strong></span> <span class='ocrx_word' id='word_1_398' title='bbox 3498 2889 3576 2944; x_wconf 91' lang='lat' dir='ltr'><strong>tu,</strong></span> 
     </span>
    </p>
   </div>
   <div class='ocr_carea' id='block_1_62' title="bbox 2139 2960 3577 3034">
    <p class='ocr_par' dir='ltr' id='par_1_62' title="bbox 2139 2960 3577 3034">
     <span class='ocr_line' id='line_1_64' title="bbox 2139 2960 3577 3034; baseline 0.008 -21"><span class='ocrx_word' id='word_1_399' title='bbox 2139 2960 2321 3030; x_wconf 88' lang='lat' dir='ltr'><strong>Teque</strong></span> <span class='ocrx_word' id='word_1_400' title='bbox 2343 2962 2501 3016; x_wconf 90' lang='lat' dir='ltr'><strong>hodie</strong></span> <span class='ocrx_word' id='word_1_401' title='bbox 2529 2964 2686 3030; x_wconf 91' lang='lat' dir='ltr'><strong>genui</strong></span> <span class='ocrx_word' id='word_1_402' title='bbox 2719 2963 2815 3034; x_wconf 75' lang='grc' dir='ltr'><strong>(ὁ).</strong></span> <span class='ocrx_word' id='word_1_403' title='bbox 2842 2964 2972 3020; x_wconf 86' lang='lat' dir='ltr'><strong>Pete</strong></span> <span class='ocrx_word' id='word_1_404' title='bbox 3003 2983 3017 3018; x_wconf 90' lang='lat'><strong>:</strong></span> <span class='ocrx_word' id='word_1_405' title='bbox 3054 2965 3130 3020; x_wconf 87' lang='lat' dir='ltr'><strong>sis</strong></span> <span class='ocrx_word' id='word_1_406' title='bbox 3173 2967 3304 3020; x_wconf 90' lang='lat' dir='ltr'><strong>mihi</strong></span> <span class='ocrx_word' id='word_1_407' title='bbox 3331 2969 3577 3034; x_wconf 81' lang='lat' dir='ltr'><strong>gentibus</strong></span> 
     </span>
    </p>
   </div>
   <div class='ocr_carea' id='block_1_63' title="bbox 3373 3058 3571 3130">
    <p class='ocr_par' dir='ltr' id='par_1_63' title="bbox 3373 3058 3571 3130">
     <span class='ocr_line' id='line_1_65' title="bbox 3373 3058 3571 3130; baseline 0.005 -17"><span class='ocrx_word' id='word_1_408' title='bbox 3373 3058 3571 3130; x_wconf 89' lang='lat' dir='ltr'><strong>[heres,</strong></span> 
     </span>
    </p>
   </div>
   <div class='ocr_carea' id='block_1_64' title="bbox 2139 3141 3309 3215">
    <p class='ocr_par' dir='ltr' id='par_1_64' title="bbox 2139 3141 3309 3215">
     <span class='ocr_line' id='line_1_66' title="bbox 2139 3141 3309 3215; baseline 0.003 -20"><span class='ocrx_word' id='word_1_409' title='bbox 2139 3141 2202 3196; x_wconf 88' lang='lat' dir='ltr'><strong>Et</strong></span> <span class='ocrx_word' id='word_1_410' title='bbox 2231 3151 2316 3197; x_wconf 91' lang='lat' dir='ltr'><strong>tua</strong></span> <span class='ocrx_word' id='word_1_411' title='bbox 2339 3142 2367 3182; x_wconf 74' lang='grc' dir='ltr'>δ</span> <span class='ocrx_word' id='word_1_412' title='bbox 2394 3143 2646 3198; x_wconf 91' lang='lat' dir='ltr'><strong>fundatur</strong></span> <span class='ocrx_word' id='word_1_413' title='bbox 2672 3145 2799 3199; x_wconf 92' lang='lat' dir='ltr'><strong>totis</strong></span> <span class='ocrx_word' id='word_1_414' title='bbox 2826 3146 3096 3215; x_wconf 87' lang='lat' dir='ltr'><strong>possessio</strong></span> <span class='ocrx_word' id='word_1_415' title='bbox 3138 3146 3309 3201; x_wconf 90' lang='lat' dir='ltr'><strong>terris.</strong></span> 
     </span>
    </p>
   </div>
   <div class='ocr_carea' id='block_1_65' title="bbox 2145 3233 3578 3306">
    <p class='ocr_par' dir='ltr' id='par_1_65' title="bbox 2145 3233 3578 3306">
     <span class='ocr_line' id='line_1_67' title="bbox 2145 3233 3578 3306; baseline 0.006 -21"><span class='ocrx_word' id='word_1_416' title='bbox 2145 3233 2335 3287; x_wconf 82' lang='lat' dir='ltr'><strong>Ferrea</strong></span> <span class='ocrx_word' id='word_1_417' title='bbox 2360 3235 2504 3304; x_wconf 88' lang='lat' dir='ltr'><strong>virga</strong></span> <span class='ocrx_word' id='word_1_418' title='bbox 2533 3235 2625 3289; x_wconf 89' lang='lat' dir='ltr'><strong>tibi</strong></span> <span class='ocrx_word' id='word_1_419' title='bbox 2655 3243 2760 3302; x_wconf 89' lang='lat' dir='ltr'><strong>est,</strong></span> <span class='ocrx_word' id='word_1_420' title='bbox 2791 3237 2967 3291; x_wconf 89' lang='lat' dir='ltr'><strong>valido</strong></span> <span class='ocrx_word' id='word_1_421' title='bbox 3011 3237 3136 3306; x_wconf 87' lang='lat' dir='ltr'><strong>quia</strong></span> <span class='ocrx_word' id='word_1_422' title='bbox 3159 3236 3280 3304; x_wconf 89' lang='lat' dir='ltr'><strong>jure</strong></span> <span class='ocrx_word' id='word_1_423' title='bbox 3311 3245 3578 3294; x_wconf 84' lang='lat' dir='ltr'><strong>tumentes</strong></span> 
     </span>
    </p>
   </div>
   <div class='ocr_carea' id='block_1_66' title="bbox 2141 3324 3578 3399">
    <p class='ocr_par' dir='ltr' id='par_1_66' title="bbox 2141 3324 3578 3399">
     <span class='ocr_line' id='line_1_68' title="bbox 2141 3324 3578 3399; baseline 0.006 -22"><span class='ocrx_word' id='word_1_424' title='bbox 2141 3324 2283 3380; x_wconf 82' lang='lat' dir='ltr'><strong>Orbe</strong></span> <span class='ocrx_word' id='word_1_425' title='bbox 2311 3328 2450 3395; x_wconf 90' lang='lat' dir='ltr'><strong>regis</strong></span> <span class='ocrx_word' id='word_1_426' title='bbox 2483 3335 2597 3381; x_wconf 91' lang='lat' dir='ltr'><strong>toto</strong></span> <span class='ocrx_word' id='word_1_427' title='bbox 2643 3329 2910 3397; x_wconf 88' lang='lat' dir='ltr'><strong>populos:</strong></span> <span class='ocrx_word' id='word_1_428' title='bbox 2941 3343 3040 3383; x_wconf 86' lang='lat' dir='ltr'><strong>ceu</strong></span> <span class='ocrx_word' id='word_1_429' title='bbox 3067 3344 3192 3385; x_wconf 81' lang='lat' dir='ltr'><strong>vasa</strong></span> <span class='ocrx_word' id='word_1_430' title='bbox 3241 3329 3312 3399; x_wconf 88' lang='lat' dir='ltr'><strong>(c)</strong></span> <span class='ocrx_word' id='word_1_431' title='bbox 3362 3340 3578 3386; x_wconf 88' lang='lat' dir='ltr'><strong>recocto</strong></span> 
     </span>
    </p>
   </div>
   <div class='ocr_carea' id='block_1_67' title="bbox 2036 3415 3577 3488">
    <p class='ocr_par' dir='ltr' id='par_1_67' title="bbox 2036 3415 3577 3488">
     <span class='ocr_line' id='line_1_69' title="bbox 2036 3415 3577 3488; baseline 0.003 -20"><span class='ocrx_word' id='word_1_432' title='bbox 2036 3415 2102 3468; x_wconf 80' lang='grc'><strong>15</strong></span> <span class='ocrx_word' id='word_1_433' title='bbox 2141 3417 2286 3470; x_wconf 83' lang='lat' dir='ltr'><strong>Ficta</strong></span> <span class='ocrx_word' id='word_1_434' title='bbox 2311 3419 2422 3472; x_wconf 88' lang='lat' dir='ltr'><strong>luto</strong></span> <span class='ocrx_word' id='word_1_435' title='bbox 2453 3419 2703 3488; x_wconf 75' lang='lat' dir='ltr'><strong>frangens</strong></span> <span class='ocrx_word' id='word_1_436' title='bbox 2730 3418 2914 3484; x_wconf 89' lang='lat' dir='ltr'><strong>corda,</strong></span> <span class='ocrx_word' id='word_1_437' title='bbox 2939 3427 2998 3472; x_wconf 90' lang='lat' dir='ltr'><strong>ut</strong></span> <span class='ocrx_word' id='word_1_438' title='bbox 3030 3420 3252 3474; x_wconf 86' lang='lat' dir='ltr'><strong>meliora</strong></span> <span class='ocrx_word' id='word_1_439' title='bbox 3299 3419 3577 3474; x_wconf 89' lang='lat' dir='ltr'><strong>reformes.</strong></span> 
     </span>
    </p>
   </div>
   <div class='ocr_carea' id='block_1_68' title="bbox 2209 3507 3578 3575">
    <p class='ocr_par' dir='ltr' id='par_1_68' title="bbox 2209 3507 3578 3575">
     <span class='ocr_line' id='line_1_70' title="bbox 2209 3507 3578 3575; baseline 0.002 -15"><span class='ocrx_word' id='word_1_440' title='bbox 2209 3507 2275 3560; x_wconf 87' lang='lat' dir='ltr'><strong>Et</strong></span> <span class='ocrx_word' id='word_1_441' title='bbox 2305 3524 2444 3563; x_wconf 91' lang='lat' dir='ltr'><strong>nunc</strong></span> <span class='ocrx_word' id='word_1_442' title='bbox 2466 3523 2593 3563; x_wconf 92' lang='lat' dir='ltr'><strong>ecce</strong></span> <span class='ocrx_word' id='word_1_443' title='bbox 2638 3524 2827 3566; x_wconf 88' lang='lat' dir='ltr'><strong>onmes</strong></span> <span class='ocrx_word' id='word_1_444' title='bbox 2871 3510 3055 3564; x_wconf 86' lang='lat' dir='ltr'><strong>stratis</strong></span> <span class='ocrx_word' id='word_1_445' title='bbox 3101 3509 3384 3575; x_wconf 87' lang='lat' dir='ltr'><strong>advertite,</strong></span> <span class='ocrx_word' id='word_1_446' title='bbox 3426 3521 3578 3575; x_wconf 86' lang='lat' dir='ltr'><strong>reges</strong></span> 
     </span>
    </p>
   </div>
   <div class='ocr_carea' id='block_1_69' title="bbox 2142 3597 3576 3668">
    <p class='ocr_par' dir='ltr' id='par_1_69' title="bbox 2142 3597 3576 3668">
     <span class='ocr_line' id='line_1_71' title="bbox 2142 3597 3576 3668; baseline 0.003 -18"><span class='ocrx_word' id='word_1_447' title='bbox 2142 3597 2427 3665; x_wconf 83' lang='lat' dir='ltr'><strong>Mentibus,</strong></span> <span class='ocrx_word' id='word_1_448' title='bbox 2459 3607 2514 3653; x_wconf 91' lang='lat' dir='ltr'><strong>et</strong></span> <span class='ocrx_word' id='word_1_449' title='bbox 2560 3601 2883 3668; x_wconf 91' lang='lat' dir='ltr'><strong>quicumque</strong></span> <span class='ocrx_word' id='word_1_450' title='bbox 2933 3599 3209 3653; x_wconf 90' lang='lat' dir='ltr'><strong>hominum</strong></span> <span class='ocrx_word' id='word_1_451' title='bbox 3265 3598 3576 3654; x_wconf 83' lang='lat' dir='ltr'><strong>famulantia</strong></span> 
     </span>
    </p>
   </div>
   <div class='ocr_carea' id='block_1_70' title="bbox 3347 3689 3575 3761">
    <p class='ocr_par' dir='ltr' id='par_1_70' title="bbox 3347 3689 3575 3761">
     <span class='ocr_line' id='line_1_72' title="bbox 3347 3689 3575 3761; baseline 0.004 -18"><span class='ocrx_word' id='word_1_452' title='bbox 3347 3689 3352 3693; x_wconf 84' lang='grc'><em>’</em></span> <span class='ocrx_word' id='word_1_453' title='bbox 3389 3689 3575 3761; x_wconf 85' lang='lat' dir='ltr'><strong>[corda</strong></span> 
     </span>
    </p>
   </div>
   <div class='ocr_carea' id='block_1_71' title="bbox 2136 3771 3398 3846">
    <p class='ocr_par' dir='ltr' id='par_1_71' title="bbox 2136 3771 3398 3846">
     <span class='ocr_line' id='line_1_73' title="bbox 2136 3771 3398 3846; baseline 0.001 -15"><span class='ocrx_word' id='word_1_454' title='bbox 2136 3778 2344 3832; x_wconf 85' lang='lat' dir='ltr'><strong>Judicio</strong></span> <span class='ocrx_word' id='word_1_455' title='bbox 2371 3779 2571 3843; x_wconf 84' lang='lat' dir='ltr'><strong>regitis.</strong></span> <span class='ocrx_word' id='word_1_456' title='bbox 2598 3793 2881 3846; x_wconf 88' lang='lat' dir='ltr'><strong>rerumque</strong></span> <span class='ocrx_word' id='word_1_457' title='bbox 2903 3779 3094 3832; x_wconf 85' lang='lat' dir='ltr'><strong>tenetis</strong></span> <span class='ocrx_word' id='word_1_458' title='bbox 3121 3771 3359 3833; x_wconf 81' lang='lat' dir='ltr'><strong>habenas</strong></span> <span class='ocrx_word' id='word_1_459' title='bbox 3384 3796 3398 3832; x_wconf 89' lang='lat'>:</span> 
     </span>
    </p>
   </div>
   <div class='ocr_carea' id='block_1_72' title="bbox 2138 3868 3302 3936">
    <p class='ocr_par' dir='ltr' id='par_1_72' title="bbox 2138 3868 3302 3936">
     <span class='ocr_line' id='line_1_74' title="bbox 2138 3868 3302 3936; baseline 0.003 -17"><span class='ocrx_word' id='word_1_460' title='bbox 2138 3868 2408 3921; x_wconf 86' lang='lat' dir='ltr'><strong>Deservite</strong></span> <span class='ocrx_word' id='word_1_461' title='bbox 2433 3869 2540 3921; x_wconf 89' lang='lat' dir='ltr'><strong>Deo</strong></span> <span class='ocrx_word' id='word_1_462' title='bbox 2571 3868 2786 3936; x_wconf 83' lang='lat' dir='ltr'><strong>trepidi,</strong></span> <span class='ocrx_word' id='word_1_463' title='bbox 2816 3870 3089 3936; x_wconf 80' lang='lat' dir='ltr'><strong>mixtoque</strong></span> <span class='ocrx_word' id='word_1_464' title='bbox 3119 3868 3302 3922; x_wconf 81' lang='lat' dir='ltr'><strong>ﬁdeles</strong></span> 
     </span>
    </p>
   </div>
   <div class='ocr_carea' id='block_1_73' title="bbox 2031 3966 3328 4031">
    <p class='ocr_par' dir='ltr' id='par_1_73' title="bbox 2031 3966 3328 4031">
     <span class='ocr_line' id='line_1_75' title="bbox 2031 3966 3328 4031; baseline 0.001 -11"><span class='ocrx_word' id='word_1_465' title='bbox 2031 3966 2098 4020; x_wconf 64' lang='grc' dir='ltr'><strong>ει)</strong></span> <span class='ocrx_word' id='word_1_466' title='bbox 2137 3966 2412 4020; x_wconf 74' lang='lat' dir='ltr'><strong>Exsultate</strong></span> <span class='ocrx_word' id='word_1_467' title='bbox 2442 3976 2582 4020; x_wconf 87' lang='lat' dir='ltr'><strong>metu</strong></span> <span class='ocrx_word' id='word_1_468' title='bbox 2619 3967 2748 4020; x_wconf 80' lang='lat' dir='ltr'><strong>:liat</strong></span> <span class='ocrx_word' id='word_1_469' title='bbox 2776 3967 3044 4021; x_wconf 87' lang='lat' dir='ltr'><strong>discordia</strong></span> <span class='ocrx_word' id='word_1_470' title='bbox 3083 3981 3328 4031; x_wconf 75' lang='lat' dir='ltr'><strong>concors,</strong></span> 
     </span>
    </p>
   </div>
   <div class='ocr_carea' id='block_1_74' title="bbox 453 4067 3395 4147">
    <p class='ocr_par' dir='ltr' id='par_1_74' title="bbox 453 4067 3395 4147">
     <span class='ocr_line' id='line_1_76' title="bbox 453 4067 3395 4147; baseline -0.001 -23"><span class='ocrx_word' id='word_1_471' title='bbox 453 4087 660 4140; x_wconf 41' lang='lat' dir='ltr'><strong>Causas</strong></span> <span class='ocrx_word' id='word_1_472' title='bbox 681 4102 897 4139; x_wconf 66' lang='lat' dir='ltr'><strong>suorum</strong></span> <span class='ocrx_word' id='word_1_473' title='bbox 926 4085 1228 4139; x_wconf 51' lang='lat' dir='ltr'><strong>redditurus</strong></span> <span class='ocrx_word' id='word_1_474' title='bbox 1257 4092 1492 4147; x_wconf 52' lang='lat' dir='ltr'><strong>actuum,</strong></span> <span class='ocrx_word' id='word_1_475' title='bbox 2136 4067 2426 4120; x_wconf 85' lang='lat' dir='ltr'><strong>Dissimiles</strong></span> <span class='ocrx_word' id='word_1_476' title='bbox 2452 4067 2660 4120; x_wconf 86' lang='lat' dir='ltr'><strong>socians</strong></span> <span class='ocrx_word' id='word_1_477' title='bbox 2680 4067 2901 4121; x_wconf 80' lang='lat' dir='ltr'><strong>affectus</strong></span> <span class='ocrx_word' id='word_1_478' title='bbox 2922 4074 3142 4136; x_wconf 89' lang='lat' dir='ltr'><strong>pectore</strong></span> <span class='ocrx_word' id='word_1_479' title='bbox 3169 4068 3222 4120; x_wconf 90' lang='lat' dir='ltr'><strong>in</strong></span> <span class='ocrx_word' id='word_1_480' title='bbox 3253 4081 3395 4132; x_wconf 90' lang='lat' dir='ltr'><strong>uno;</strong></span> 
     </span>
    </p>
   </div>
   <div class='ocr_carea' id='block_1_75' title="bbox 454 4156 3470 4247">
    <p class='ocr_par' dir='ltr' id='par_1_75' title="bbox 454 4156 3470 4247">
     <span class='ocr_line' id='line_1_77' title="bbox 454 4156 3470 4247; baseline 0.001 -39"><span class='ocrx_word' id='word_1_481' title='bbox 454 4178 721 4247; x_wconf 62' lang='lat' dir='ltr'><strong>varieque</strong></span> <span class='ocrx_word' id='word_1_482' title='bbox 749 4179 910 4244; x_wconf 51' lang='lat' dir='ltr'><strong>gestis</strong></span> <span class='ocrx_word' id='word_1_483' title='bbox 937 4185 1028 4230; x_wconf 64' lang='lat' dir='ltr'><strong>am</strong></span> <span class='ocrx_word' id='word_1_484' title='bbox 1050 4175 1373 4246; x_wconf 52' lang='lat' dir='ltr'><strong>probandus,</strong></span> <span class='ocrx_word' id='word_1_485' title='bbox 1406 4183 1497 4229; x_wconf 67' lang='grc' dir='ltr'><strong>³,η</strong></span> <span class='ocrx_word' id='word_1_486' title='bbox 1518 4159 1658 4229; x_wconf 56' lang='grc' dir='ltr'><strong>θεας,</strong></span> <span class='ocrx_word' id='word_1_487' title='bbox 2135 4157 2210 4210; x_wconf 87' lang='lat' dir='ltr'><strong>Ne</strong></span> <span class='ocrx_word' id='word_1_488' title='bbox 2244 4156 2404 4210; x_wconf 87' lang='lat' dir='ltr'><strong>timor</strong></span> <span class='ocrx_word' id='word_1_489' title='bbox 2433 4156 2630 4224; x_wconf 78' lang='lat' dir='ltr'><strong>affligat</strong></span> <span class='ocrx_word' id='word_1_490' title='bbox 2658 4167 2885 4225; x_wconf 87' lang='lat' dir='ltr'><strong>mentes,</strong></span> <span class='ocrx_word' id='word_1_491' title='bbox 2908 4157 2994 4212; x_wconf 88' lang='lat' dir='ltr'><strong>vel</strong></span> <span class='ocrx_word' id='word_1_492' title='bbox 3019 4157 3211 4225; x_wconf 86' lang='lat' dir='ltr'><strong>gaudia</strong></span> <span class='ocrx_word' id='word_1_493' title='bbox 3239 4157 3470 4226; x_wconf 87' lang='lat' dir='ltr'><strong>solvant,</strong></span> 
     </span>
    </p>
   </div>
   <div class='ocr_carea' id='block_1_76' title="bbox 347 4255 3272 4336">
    <p class='ocr_par' dir='ltr' id='par_1_76' title="bbox 347 4255 3272 4336">
     <span class='ocr_line' id='line_1_78' title="bbox 347 4255 3272 4336; baseline -0.002 -17"><span class='ocrx_word' id='word_1_494' title='bbox 347 4266 413 4320; x_wconf 68' lang='grc' dir='ltr'><strong>ὅθ</strong></span> <span class='ocrx_word' id='word_1_495' title='bbox 451 4268 580 4320; x_wconf 88' lang='lat' dir='ltr'><strong>Sine</strong></span> <span class='ocrx_word' id='word_1_496' title='bbox 611 4267 726 4334; x_wconf 89' lang='lat' dir='ltr'><strong>lege</strong></span> <span class='ocrx_word' id='word_1_497' title='bbox 753 4268 944 4336; x_wconf 87' lang='lat' dir='ltr'><strong>passim</strong></span> <span class='ocrx_word' id='word_1_498' title='bbox 973 4267 1104 4333; x_wconf 83' lang='lat' dir='ltr'><strong>legis</strong></span> <span class='ocrx_word' id='word_1_499' title='bbox 1135 4266 1301 4334; x_wconf 87' lang='lat' dir='ltr'><strong>ignari</strong></span> <span class='ocrx_word' id='word_1_500' title='bbox 1324 4265 1536 4325; x_wconf 89' lang='lat' dir='ltr'><strong>cadent,</strong></span> <span class='ocrx_word' id='word_1_501' title='bbox 2137 4255 2192 4310; x_wconf 91' lang='lat' dir='ltr'><strong>Si</strong></span> <span class='ocrx_word' id='word_1_502' title='bbox 2209 4265 2426 4310; x_wconf 86' lang='lat' dir='ltr'><strong>careant</strong></span> <span class='ocrx_word' id='word_1_503' title='bbox 2453 4257 2592 4324; x_wconf 72' lang='lat' dir='ltr'><strong>lzclo,</strong></span> <span class='ocrx_word' id='word_1_504' title='bbox 2621 4259 2794 4328; x_wconf 86' lang='lat' dir='ltr'><strong>pavidi</strong></span> <span class='ocrx_word' id='word_1_505' title='bbox 2822 4257 3103 4313; x_wconf 86' lang='lat' dir='ltr'><strong>formidine</strong></span> <span class='ocrx_word' id='word_1_506' title='bbox 3122 4259 3272 4313; x_wconf 90' lang='lat' dir='ltr'><strong>lethi.</strong></span> 
     </span>
    </p>
   </div>
   <div class='ocr_carea' id='block_1_77' title="bbox 455 4348 3467 4426">
    <p class='ocr_par' dir='ltr' id='par_1_77' title="bbox 455 4348 3467 4426">
     <span class='ocr_line' id='line_1_79' title="bbox 455 4348 3467 4426; baseline -0.001 -20"><span class='ocrx_word' id='word_1_507' title='bbox 455 4358 512 4411; x_wconf 87' lang='lat' dir='ltr'><strong>In</strong></span> <span class='ocrx_word' id='word_1_508' title='bbox 545 4359 660 4425; x_wconf 70' lang='lat' dir='ltr'><strong>lege</strong></span> <span class='ocrx_word' id='word_1_509' title='bbox 691 4359 890 4426; x_wconf 81' lang='lat' dir='ltr'><strong>lapsus,</strong></span> <span class='ocrx_word' id='word_1_510' title='bbox 913 4358 1027 4424; x_wconf 81' lang='lat' dir='ltr'><strong>lege</strong></span> <span class='ocrx_word' id='word_1_511' title='bbox 1048 4357 1390 4425; x_wconf 88' lang='lat' dir='ltr'><strong>judicabitur.</strong></span> <span class='ocrx_word' id='word_1_512' title='bbox 2135 4348 2330 4402; x_wconf 84' lang='lat' dir='ltr'><strong>Discite</strong></span> <span class='ocrx_word' id='word_1_513' title='bbox 2354 4349 2633 4416; x_wconf 88' lang='lat' dir='ltr'><strong>justitiam,</strong></span> <span class='ocrx_word' id='word_1_514' title='bbox 2667 4357 2949 4417; x_wconf 89' lang='lat' dir='ltr'><strong>rectosque</strong></span> <span class='ocrx_word' id='word_1_515' title='bbox 2969 4350 3235 4419; x_wconf 88' lang='lat' dir='ltr'><strong>capessite</strong></span> <span class='ocrx_word' id='word_1_516' title='bbox 3269 4363 3467 4413; x_wconf 89' lang='lat' dir='ltr'><strong>mores,</strong></span> 
     </span>
    </p>
   </div>
   <div class='ocr_carea' id='block_1_78' title="bbox 452 4437 3343 4516">
    <p class='ocr_par' dir='ltr' id='par_1_78' title="bbox 452 4437 3343 4516">
     <span class='ocr_line' id='line_1_80' title="bbox 452 4437 3343 4516; baseline -0.003 -14"><span class='ocrx_word' id='word_1_517' title='bbox 452 4447 600 4515; x_wconf 84' lang='lat' dir='ltr'><strong>Opus</strong></span> <span class='ocrx_word' id='word_1_518' title='bbox 631 4463 728 4516; x_wconf 90' lang='lat' dir='ltr'><strong>per</strong></span> <span class='ocrx_word' id='word_1_519' title='bbox 745 4462 905 4500; x_wconf 90' lang='lat' dir='ltr'><strong>omne</strong></span> <span class='ocrx_word' id='word_1_520' title='bbox 933 4455 1112 4501; x_wconf 85' lang='lat' dir='ltr'><strong>curret</strong></span> <span class='ocrx_word' id='word_1_521' title='bbox 1139 4457 1162 4482; x_wconf 77' lang='grc' dir='ltr'>ει</span> <span class='ocrx_word' id='word_1_522' title='bbox 1185 4446 1324 4515; x_wconf 86' lang='lat' dir='ltr'><strong>ignis</strong></span> <span class='ocrx_word' id='word_1_523' title='bbox 1344 4446 1560 4510; x_wconf 89' lang='lat' dir='ltr'><strong>arbiter,</strong></span> <span class='ocrx_word' id='word_1_524' title='bbox 2025 4437 2097 4490; x_wconf 73' lang='lat'><strong>25</strong></span> <span class='ocrx_word' id='word_1_525' title='bbox 2136 4437 2360 4508; x_wconf 84' lang='lat' dir='ltr'><strong>Etjusto</strong></span> <span class='ocrx_word' id='word_1_526' title='bbox 2392 4438 2652 4507; x_wconf 89' lang='lat' dir='ltr'><strong>trepidate</strong></span> <span class='ocrx_word' id='word_1_527' title='bbox 2681 4438 2814 4506; x_wconf 92' lang='lat' dir='ltr'><strong>Deo,</strong></span> <span class='ocrx_word' id='word_1_528' title='bbox 2843 4439 3068 4506; x_wconf 89' lang='lat' dir='ltr'><strong>gaudete</strong></span> <span class='ocrx_word' id='word_1_529' title='bbox 3092 4438 3343 4504; x_wconf 84' lang='lat' dir='ltr'><strong>benigno,</strong></span> 
     </span>
    </p>
   </div>
   <div class='ocr_carea' id='block_1_79' title="bbox 451 4535 3482 4608">
    <p class='ocr_par' dir='ltr' id='par_1_79' title="bbox 451 4535 3482 4608">
     <span class='ocr_line' id='line_1_81' title="bbox 451 4535 3482 4608; baseline 0 -18"><span class='ocrx_word' id='word_1_530' title='bbox 451 4538 607 4603; x_wconf 91' lang='lat' dir='ltr'><strong>Quod</strong></span> <span class='ocrx_word' id='word_1_531' title='bbox 640 4554 744 4592; x_wconf 91' lang='lat' dir='ltr'><strong>non</strong></span> <span class='ocrx_word' id='word_1_532' title='bbox 777 4539 1024 4592; x_wconf 90' lang='lat' dir='ltr'><strong>cremarit</strong></span> <span class='ocrx_word' id='word_1_533' title='bbox 1056 4537 1286 4598; x_wconf 82' lang='lat' dir='ltr'><strong>flamma.</strong></span> <span class='ocrx_word' id='word_1_534' title='bbox 1315 4536 1407 4591; x_wconf 89' lang='lat' dir='ltr'><strong>sed</strong></span> <span class='ocrx_word' id='word_1_535' title='bbox 1439 4538 1762 4606; x_wconf 88' lang='lat' dir='ltr'><strong>probaverit,</strong></span> <span class='ocrx_word' id='word_1_536' title='bbox 1921 4535 1971 4595; x_wconf 90' lang='lat' dir='ltr'><strong>D</strong></span> <span class='ocrx_word' id='word_1_537' title='bbox 2134 4539 2428 4608; x_wconf 86' lang='lat' dir='ltr'><strong>Nequando</strong></span> <span class='ocrx_word' id='word_1_538' title='bbox 2452 4539 2697 4590; x_wconf 91' lang='lat' dir='ltr'><strong>meritum</strong></span> <span class='ocrx_word' id='word_1_539' title='bbox 2726 4537 2868 4592; x_wconf 89' lang='lat' dir='ltr'><strong>Deus</strong></span> <span class='ocrx_word' id='word_1_540' title='bbox 2898 4538 3160 4592; x_wconf 88' lang='lat' dir='ltr'><strong>irascatur</strong></span> <span class='ocrx_word' id='word_1_541' title='bbox 3187 4537 3239 4590; x_wconf 93' lang='lat' dir='ltr'><strong>in</strong></span> <span class='ocrx_word' id='word_1_542' title='bbox 3273 4536 3482 4602; x_wconf 89' lang='lat' dir='ltr'><strong>orbem,</strong></span> 
     </span>
    </p>
   </div>
   <div class='ocr_carea' id='block_1_80' title="bbox 451 4627 3277 4698">
    <p class='ocr_par' dir='ltr' id='par_1_80' title="bbox 451 4627 3277 4698">
     <span class='ocr_line' id='line_1_82' title="bbox 451 4627 3277 4698; baseline -0.002 -15"><span class='ocrx_word' id='word_1_543' title='bbox 451 4628 586 4683; x_wconf 86' lang='lat' dir='ltr'><strong>Illud</strong></span> <span class='ocrx_word' id='word_1_544' title='bbox 608 4629 856 4698; x_wconf 90' lang='lat' dir='ltr'><strong>perrenni</strong></span> <span class='ocrx_word' id='word_1_545' title='bbox 879 4630 1095 4698; x_wconf 65' lang='lat' dir='ltr'><strong>praemio</strong></span> <span class='ocrx_word' id='word_1_546' title='bbox 1125 4628 1450 4698; x_wconf 89' lang='lat' dir='ltr'><strong>pensabitur.</strong></span> <span class='ocrx_word' id='word_1_547' title='bbox 2140 4630 2351 4698; x_wconf 84' lang='lat' dir='ltr'><strong>Vosque</strong></span> <span class='ocrx_word' id='word_1_548' title='bbox 2380 4631 2462 4681; x_wconf 89' lang='lat' dir='ltr'><strong>via</strong></span> <span class='ocrx_word' id='word_1_549' title='bbox 2487 4627 2786 4696; x_wconf 89' lang='lat' dir='ltr'><strong>justajuste</strong></span> <span class='ocrx_word' id='word_1_550' title='bbox 2822 4628 3053 4696; x_wconf 90' lang='lat' dir='ltr'><strong>pereatis</strong></span> <span class='ocrx_word' id='word_1_551' title='bbox 3082 4627 3277 4680; x_wconf 88' lang='lat' dir='ltr'><strong>abacti.</strong></span> 
     </span>
    </p>
   </div>
   <div class='ocr_carea' id='block_1_81' title="bbox 345 4715 3376 4788">
    <p class='ocr_par' dir='ltr' id='par_1_81' title="bbox 345 4715 3376 4788">
     <span class='ocr_line' id='line_1_83' title="bbox 345 4715 3376 4788; baseline -0.001 -15"><span class='ocrx_word' id='word_1_552' title='bbox 345 4720 416 4772; x_wconf 77' lang='lat'><strong>35</strong></span> <span class='ocrx_word' id='word_1_553' title='bbox 455 4720 555 4784; x_wconf 87' lang='lat' dir='ltr'><strong>Qui</strong></span> <span class='ocrx_word' id='word_1_554' title='bbox 579 4719 967 4773; x_wconf 89' lang='lat' dir='ltr'><strong>concremanda</strong></span> <span class='ocrx_word' id='word_1_555' title='bbox 987 4719 1230 4784; x_wconf 84' lang='lat' dir='ltr'><strong>gesserit,</strong></span> <span class='ocrx_word' id='word_1_556' title='bbox 1259 4717 1510 4769; x_wconf 88' lang='lat' dir='ltr'><strong>damnum</strong></span> <span class='ocrx_word' id='word_1_557' title='bbox 1539 4715 1696 4782; x_wconf 85' lang='lat' dir='ltr'><strong>feret,</strong></span> <span class='ocrx_word' id='word_1_558' title='bbox 2138 4721 2344 4774; x_wconf 84' lang='lat' dir='ltr'><strong>Amodo</strong></span> <span class='ocrx_word' id='word_1_559' title='bbox 2369 4722 2478 4787; x_wconf 88' lang='lat' dir='ltr'><strong>jam</strong></span> <span class='ocrx_word' id='word_1_560' title='bbox 2511 4721 2716 4774; x_wconf 87' lang='lat' dir='ltr'><strong>resilire</strong></span> <span class='ocrx_word' id='word_1_561' title='bbox 2744 4721 2828 4772; x_wconf 89' lang='lat' dir='ltr'><strong>via</strong></span> <span class='ocrx_word' id='word_1_562' title='bbox 2849 4718 3148 4788; x_wconf 89' lang='lat' dir='ltr'><strong>properelis</strong></span> <span class='ocrx_word' id='word_1_563' title='bbox 3179 4717 3376 4784; x_wconf 88' lang='lat' dir='ltr'><strong>iniqua,</strong></span> 
     </span>
    </p>
   </div>
   <div class='ocr_carea' id='block_1_82' title="bbox 453 4805 3500 4878">
    <p class='ocr_par' dir='ltr' id='par_1_82' title="bbox 453 4805 3500 4878">
     <span class='ocr_line' id='line_1_84' title="bbox 453 4805 3500 4878; baseline -0.001 -13"><span class='ocrx_word' id='word_1_564' title='bbox 453 4808 558 4865; x_wconf 86' lang='lat' dir='ltr'><strong>Sed</strong></span> <span class='ocrx_word' id='word_1_565' title='bbox 591 4811 704 4878; x_wconf 90' lang='lat' dir='ltr'><strong>ipse</strong></span> <span class='ocrx_word' id='word_1_566' title='bbox 733 4810 911 4864; x_wconf 88' lang='lat' dir='ltr'><strong>salvus</strong></span> <span class='ocrx_word' id='word_1_567' title='bbox 930 4809 1162 4861; x_wconf 87' lang='lat' dir='ltr'><strong>evolabit</strong></span> <span class='ocrx_word' id='word_1_568' title='bbox 1191 4807 1414 4876; x_wconf 89' lang='lat' dir='ltr'><strong>ignibus.</strong></span> <span class='ocrx_word' id='word_1_569' title='bbox 2139 4809 2272 4864; x_wconf 83' lang='lat' dir='ltr'><strong>Ecce</strong></span> <span class='ocrx_word' id='word_1_570' title='bbox 2301 4811 2468 4875; x_wconf 89' lang='lat' dir='ltr'><strong>brevi,</strong></span> <span class='ocrx_word' id='word_1_571' title='bbox 2501 4825 2620 4864; x_wconf 89' lang='lat' dir='ltr'><strong>cum</strong></span> <span class='ocrx_word' id='word_1_572' title='bbox 2651 4825 2842 4878; x_wconf 87' lang='lat' dir='ltr'><strong>magna</strong></span> <span class='ocrx_word' id='word_1_573' title='bbox 2873 4809 3108 4877; x_wconf 75' lang='lat' dir='ltr'><strong>potentis</strong></span> <span class='ocrx_word' id='word_1_574' title='bbox 3130 4807 3378 4861; x_wconf 89' lang='lat' dir='ltr'><strong>inarserit</strong></span> <span class='ocrx_word' id='word_1_575' title='bbox 3397 4805 3500 4874; x_wconf 78' lang='lat' dir='ltr'><strong>ira,</strong></span> 
     </span>
    </p>
   </div>
   <div class='ocr_carea' id='block_1_83' title="bbox 457 4898 3496 4968">
    <p class='ocr_par' dir='ltr' id='par_1_83' title="bbox 457 4898 3496 4968">
     <span class='ocr_line' id='line_1_85' title="bbox 457 4898 3496 4968; baseline -0.001 -12"><span class='ocrx_word' id='word_1_576' title='bbox 457 4903 659 4956; x_wconf 85' lang='lat' dir='ltr'><strong>Tamen</strong></span> <span class='ocrx_word' id='word_1_577' title='bbox 688 4902 891 4955; x_wconf 90' lang='lat' dir='ltr'><strong>subusti</strong></span> <span class='ocrx_word' id='word_1_578' title='bbox 922 4901 1163 4968; x_wconf 88' lang='lat' dir='ltr'><strong>corporis</strong></span> <span class='ocrx_word' id='word_1_579' title='bbox 1191 4900 1354 4966; x_wconf 88' lang='lat' dir='ltr'><strong>signis</strong></span> <span class='ocrx_word' id='word_1_580' title='bbox 1374 4900 1538 4953; x_wconf 88' lang='lat' dir='ltr'><strong>miser</strong></span> <span class='ocrx_word' id='word_1_581' title='bbox 2028 4900 2098 4955; x_wconf 80' lang='lat'><strong>30</strong></span> <span class='ocrx_word' id='word_1_582' title='bbox 2133 4898 2361 4955; x_wconf 86' lang='lat' dir='ltr'><strong>Ventilet</strong></span> <span class='ocrx_word' id='word_1_583' title='bbox 2422 4911 2480 4956; x_wconf 90' lang='lat' dir='ltr'><strong>ut</strong></span> <span class='ocrx_word' id='word_1_584' title='bbox 2545 4909 2714 4955; x_wconf 89' lang='lat' dir='ltr'><strong>totum</strong></span> <span class='ocrx_word' id='word_1_585' title='bbox 2738 4902 2917 4954; x_wconf 87' lang='lat' dir='ltr'><strong>divino</strong></span> <span class='ocrx_word' id='word_1_586' title='bbox 2948 4901 3192 4954; x_wconf 78' lang='lat' dir='ltr'><strong>examine</strong></span> <span class='ocrx_word' id='word_1_587' title='bbox 3221 4900 3496 4964; x_wconf 89' lang='lat' dir='ltr'><strong>mundum,</strong></span> 
     </span>
    </p>
   </div>
   <div class='ocr_carea' id='block_1_84' title="bbox 450 4989 3344 5063">
    <p class='ocr_par' dir='ltr' id='par_1_84' title="bbox 450 4989 3344 5063">
     <span class='ocr_line' id='line_1_86' title="bbox 450 4989 3344 5063; baseline -0 -17"><span class='ocrx_word' id='word_1_588' title='bbox 450 4992 803 5063; x_wconf 63' lang='grc'><strong>347-348</strong></span> <span class='ocrx_word' id='word_1_589' title='bbox 833 4990 1006 5044; x_wconf 87' lang='lat' dir='ltr'><strong>Vitam</strong></span> <span class='ocrx_word' id='word_1_590' title='bbox 1057 4990 1260 5044; x_wconf 82' lang='lat' dir='ltr'><strong>tenebit</strong></span> <span class='ocrx_word' id='word_1_591' title='bbox 1311 4991 1351 5052; x_wconf 87' lang='lat'><strong>&#39;,</strong></span> <span class='ocrx_word' id='word_1_592' title='bbox 1381 5005 1489 5043; x_wconf 85' lang='lat' dir='ltr'><strong>non</strong></span> <span class='ocrx_word' id='word_1_593' title='bbox 1534 4989 1736 5043; x_wconf 89' lang='lat' dir='ltr'><strong>tenebit</strong></span> <span class='ocrx_word' id='word_1_594' title='bbox 1777 4989 1893 5057; x_wconf 82' lang='lat' dir='ltr'><strong>glo-</strong></span> <span class='ocrx_word' id='word_1_595' title='bbox 2136 4990 2388 5058; x_wconf 86' lang='lat' dir='ltr'><strong>Segreget</strong></span> <span class='ocrx_word' id='word_1_596' title='bbox 2417 5001 2472 5045; x_wconf 88' lang='lat' dir='ltr'><strong>et</strong></span> <span class='ocrx_word' id='word_1_597' title='bbox 2492 4991 2673 5060; x_wconf 91' lang='lat' dir='ltr'><strong>paleas</strong></span> <span class='ocrx_word' id='word_1_598' title='bbox 2703 4991 2831 5059; x_wconf 88' lang='lat' dir='ltr'><strong>igni,</strong></span> <span class='ocrx_word' id='word_1_599' title='bbox 2862 4991 3123 5044; x_wconf 89' lang='lat' dir='ltr'><strong>frumenta</strong></span> <span class='ocrx_word' id='word_1_600' title='bbox 3153 4991 3344 5046; x_wconf 88' lang='lat' dir='ltr'><strong>saluti:</strong></span> 
     </span>
    </p>
   </div>
   <div class='ocr_carea' id='block_1_85' title="bbox 1689 5079 3494 5152">
    <p class='ocr_par' dir='ltr' id='par_1_85' title="bbox 1689 5079 3494 5152">
     <span class='ocr_line' id='line_1_87' title="bbox 1689 5079 3494 5152; baseline 0.002 -19"><span class='ocrx_word' id='word_1_601' title='bbox 1689 5081 1842 5152; x_wconf 87' lang='lat' dir='ltr'><strong>[riam</strong></span> <span class='ocrx_word' id='word_1_602' title='bbox 1875 5099 1887 5133; x_wconf 90' lang='lat'><strong>:</strong></span> <span class='ocrx_word' id='word_1_603' title='bbox 2137 5079 2283 5134; x_wconf 88' lang='lat' dir='ltr'><strong>Tunc</strong></span> <span class='ocrx_word' id='word_1_604' title='bbox 2312 5096 2518 5144; x_wconf 84' lang='lat' dir='ltr'><strong>omnes,</strong></span> <span class='ocrx_word' id='word_1_605' title='bbox 2545 5082 2735 5150; x_wconf 88' lang='lat' dir='ltr'><strong>quibus</strong></span> <span class='ocrx_word' id='word_1_606' title='bbox 2763 5090 2844 5136; x_wconf 90' lang='lat' dir='ltr'><strong>est</strong></span> <span class='ocrx_word' id='word_1_607' title='bbox 2874 5081 2924 5134; x_wconf 93' lang='lat' dir='ltr'><strong>in</strong></span> <span class='ocrx_word' id='word_1_608' title='bbox 2951 5097 3016 5134; x_wconf 94' lang='lat' dir='ltr'><strong>eo</strong></span> <span class='ocrx_word' id='word_1_609' title='bbox 3045 5096 3166 5150; x_wconf 90' lang='lat' dir='ltr'><strong>spes</strong></span> <span class='ocrx_word' id='word_1_610' title='bbox 3187 5080 3309 5146; x_wconf 76' lang='lat' dir='ltr'><strong>fida,</strong></span> <span class='ocrx_word' id='word_1_611' title='bbox 3330 5081 3494 5137; x_wconf 90' lang='lat' dir='ltr'><strong>beati.</strong></span> 
     </span>
    </p>
   </div>
   <div class='ocr_carea' id='block_1_86' title="bbox 386 5212 3558 5287">
    <p class='ocr_par' dir='ltr' id='par_1_86' title="bbox 386 5212 3558 5287">
     <span class='ocr_line' id='line_1_88' title="bbox 386 5212 3558 5287; baseline 0.001 -15"><span class='ocrx_word' id='word_1_612' title='bbox 386 5223 402 5241; x_wconf 88' lang='lat'><strong><em>‘</em></strong></span> <span class='ocrx_word' id='word_1_613' title='bbox 439 5219 582 5273; x_wconf 81' lang='lat' dir='ltr'><strong>Alias</strong></span> <span class='ocrx_word' id='word_1_614' title='bbox 609 5218 676 5280; x_wconf 87' lang='lat'><strong>6;</strong></span> <span class='ocrx_word' id='word_1_615' title='bbox 704 5215 854 5287; x_wconf 79' lang='lat' dir='ltr'><strong>quod</strong></span> <span class='ocrx_word' id='word_1_616' title='bbox 900 5223 1080 5269; x_wconf 90' lang='lat' dir='ltr'><strong>autem</strong></span> <span class='ocrx_word' id='word_1_617' title='bbox 1119 5215 1149 5266; x_wconf 89' lang='lat'><strong>7</strong></span> <span class='ocrx_word' id='word_1_618' title='bbox 1192 5221 1328 5280; x_wconf 87' lang='lat' dir='ltr'><strong>erat,</strong></span> <span class='ocrx_word' id='word_1_619' title='bbox 1360 5229 1502 5270; x_wconf 90' lang='lat' dir='ltr'><strong>nunc</strong></span> <span class='ocrx_word' id='word_1_620' title='bbox 1527 5212 1582 5268; x_wconf 89' lang='lat'><strong>8.</strong></span> <span class='ocrx_word' id='word_1_621' title='bbox 1614 5214 1883 5284; x_wconf 88' lang='lat' dir='ltr'><strong>Scriptum</strong></span> <span class='ocrx_word' id='word_1_622' title='bbox 1989 5216 2138 5287; x_wconf 82' lang='lat' dir='ltr'><strong>Grin.</strong></span> <span class='ocrx_word' id='word_1_623' title='bbox 2167 5223 2223 5268; x_wconf 90' lang='lat' dir='ltr'><strong>et</strong></span> <span class='ocrx_word' id='word_1_624' title='bbox 2253 5213 2476 5277; x_wconf 86' lang='lat' dir='ltr'><strong>Poelm.,</strong></span> <span class='ocrx_word' id='word_1_625' title='bbox 2510 5218 2779 5285; x_wconf 80' lang='lat' dir='ltr'><strong>frementes</strong></span> <span class='ocrx_word' id='word_1_626' title='bbox 2812 5232 2829 5268; x_wconf 91' lang='lat'><strong><em>:</em></strong></span> <span class='ocrx_word' id='word_1_627' title='bbox 2859 5215 3000 5284; x_wconf 88' lang='lat' dir='ltr'><strong>quod</strong></span> <span class='ocrx_word' id='word_1_628' title='bbox 3029 5217 3278 5287; x_wconf 84' lang='lat' dir='ltr'><strong>placeret,</strong></span> <span class='ocrx_word' id='word_1_629' title='bbox 3305 5218 3405 5274; x_wconf 87' lang='lat' dir='ltr'><strong>nisi</strong></span> <span class='ocrx_word' id='word_1_630' title='bbox 3445 5218 3558 5286; x_wconf 88' lang='lat' dir='ltr'><strong>jam</strong></span> 
     </span>
    </p>
   </div>
   <div class='ocr_carea' id='block_1_87' title="bbox 310 5285 2869 5354">
    <p class='ocr_par' dir='ltr' id='par_1_87' title="bbox 310 5285 2869 5354">
     <span class='ocr_line' id='line_1_89' title="bbox 310 5285 2869 5354; baseline -0.003 -9"><span class='ocrx_word' id='word_1_631' title='bbox 310 5291 454 5345; x_wconf 89' lang='lat' dir='ltr'><strong>circa</strong></span> <span class='ocrx_word' id='word_1_632' title='bbox 487 5303 680 5342; x_wconf 89' lang='lat' dir='ltr'><strong>annum</strong></span> <span class='ocrx_word' id='word_1_633' title='bbox 702 5285 825 5338; x_wconf 72' lang='lat'><strong>390.</strong></span> <span class='ocrx_word' id='word_1_634' title='bbox 1086 5353 1096 5354; x_wconf 17' lang='grc' dir='ltr'>ί</span> <span class='ocrx_word' id='word_1_635' title='bbox 1489 5351 1504 5354; x_wconf 32' lang='grc' dir='ltr'><strong>Α</strong></span> <span class='ocrx_word' id='word_1_636' title='bbox 1573 5351 1598 5354; x_wconf 26' lang='grc' dir='ltr'><strong>Α</strong></span> <span class='ocrx_word' id='word_1_637' title='bbox 1989 5286 2202 5354; x_wconf 70' lang='lat' dir='ltr'><strong>dictum</strong></span> <span class='ocrx_word' id='word_1_638' title='bbox 2215 5293 2356 5338; x_wconf 88' lang='lat' dir='ltr'><strong>esset</strong></span> <span class='ocrx_word' id='word_1_639' title='bbox 2396 5297 2569 5354; x_wconf 81' lang='lat' dir='ltr'><strong>gentes</strong></span> <span class='ocrx_word' id='word_1_640' title='bbox 2601 5289 2869 5354; x_wconf 72' lang='lat' dir='ltr'><strong>fremuere.</strong></span> 
     </span>
    </p>
   </div>
   <div class='ocr_carea' id='block_1_88' title="bbox 386 5351 3561 5425">
    <p class='ocr_par' dir='ltr' id='par_1_88' title="bbox 386 5351 3561 5425">
     <span class='ocr_line' id='line_1_90' title="bbox 386 5351 3561 5425; baseline -0 -15"><span class='ocrx_word' id='word_1_641' title='bbox 386 5358 577 5412; x_wconf 61' lang='lat' dir='ltr'><strong>“Alias</strong></span> <span class='ocrx_word' id='word_1_642' title='bbox 602 5357 632 5408; x_wconf 88' lang='lat'><strong>7</strong></span> <span class='ocrx_word' id='word_1_643' title='bbox 658 5375 671 5409; x_wconf 87' lang='lat'><strong>:</strong></span> <span class='ocrx_word' id='word_1_644' title='bbox 701 5355 844 5425; x_wconf 89' lang='lat' dir='ltr'><strong>quod</strong></span> <span class='ocrx_word' id='word_1_645' title='bbox 875 5362 1052 5408; x_wconf 90' lang='lat' dir='ltr'><strong>autem</strong></span> <span class='ocrx_word' id='word_1_646' title='bbox 1078 5353 1111 5406; x_wconf 90' lang='lat'>8</span> <span class='ocrx_word' id='word_1_647' title='bbox 1140 5362 1254 5408; x_wconf 89' lang='lat' dir='ltr'><strong>erat</strong></span> <span class='ocrx_word' id='word_1_648' title='bbox 1274 5393 1288 5418; x_wconf 96' lang='lat'><strong>,</strong></span> <span class='ocrx_word' id='word_1_649' title='bbox 1320 5369 1459 5409; x_wconf 90' lang='lat' dir='ltr'><strong>nunc</strong></span> <span class='ocrx_word' id='word_1_650' title='bbox 1479 5351 1530 5406; x_wconf 88' lang='lat'><strong>9.</strong></span> <span class='ocrx_word' id='word_1_651' title='bbox 1561 5351 1723 5408; x_wconf 89' lang='lat' dir='ltr'><strong>Forte</strong></span> <span class='ocrx_word' id='word_1_652' title='bbox 1743 5354 1884 5409; x_wconf 87' lang='lat' dir='ltr'><strong>circa</strong></span> <span class='ocrx_word' id='word_1_653' title='bbox 1994 5421 2020 5425; x_wconf 72' lang='lat'>_</span> <span class='ocrx_word' id='word_1_654' title='bbox 2062 5353 2134 5425; x_wconf 79' lang='grc' dir='ltr'><strong>(ὁ)</strong></span> <span class='ocrx_word' id='word_1_655' title='bbox 2167 5352 2243 5406; x_wconf 77' lang='lat' dir='ltr'><strong>Ex</strong></span> <span class='ocrx_word' id='word_1_656' title='bbox 2272 5351 2781 5425; x_wconf 46' lang='lat' dir='ltr'><strong>ms._codice&#39;R_eg&#39;.o</strong></span> <span class='ocrx_word' id='word_1_657' title='bbox 2812 5363 2866 5425; x_wconf 90' lang='lat' dir='ltr'><strong>et</strong></span> <span class='ocrx_word' id='word_1_658' title='bbox 2895 5353 3052 5408; x_wconf 86' lang='lat' dir='ltr'><strong>editis</strong></span> <span class='ocrx_word' id='word_1_659' title='bbox 3095 5353 3264 5425; x_wconf 86' lang='lat' dir='ltr'><strong>Bad.,</strong></span> <span class='ocrx_word' id='word_1_660' title='bbox 3295 5354 3454 5408; x_wconf 89' lang='lat' dir='ltr'><strong>Grav.</strong></span> <span class='ocrx_word' id='word_1_661' title='bbox 3504 5365 3561 5411; x_wconf 91' lang='lat' dir='ltr'><strong>et</strong></span> 
     </span>
    </p>
   </div>
   <div class='ocr_carea' id='block_1_89' title="bbox 312 5421 3560 5494">
    <p class='ocr_par' dir='ltr' id='par_1_89' title="bbox 312 5421 3560 5494">
     <span class='ocr_line' id='line_1_91' title="bbox 312 5421 3560 5494; baseline -0 -12"><span class='ocrx_word' id='word_1_662' title='bbox 312 5421 762 5494; x_wconf 31' lang='lat' dir='ltr'><strong>idem&#39;tempusﬂ</strong></span> <span class='ocrx_word' id='word_1_663' title='bbox 909 5493 923 5494; x_wconf 19' lang='grc' dir='ltr'>ί</span> <span class='ocrx_word' id='word_1_664' title='bbox 1434 5490 1465 5494; x_wconf 88' lang='lat'><strong>__</strong></span> <span class='ocrx_word' id='word_1_665' title='bbox 1581 5490 1590 5494; x_wconf 89' lang='lat'>_</span> <span class='ocrx_word' id='word_1_666' title='bbox 1844 5491 1857 5494; x_wconf 92' lang='lat'><em>_</em></span> <span class='ocrx_word' id='word_1_667' title='bbox 1988 5421 2174 5494; x_wconf 60' lang='lat' dir='ltr'><strong>Schut.</strong></span> <span class='ocrx_word' id='word_1_668' title='bbox 2198 5423 2600 5479; x_wconf 77' lang='lat' dir='ltr'><strong>einendavimus</strong></span> <span class='ocrx_word' id='word_1_669' title='bbox 2644 5421 2984 5493; x_wconf 79' lang='lat' dir='ltr'><strong>.Péte,juxta</strong></span> <span class='ocrx_word' id='word_1_670' title='bbox 3011 5433 3214 5478; x_wconf 84' lang='lat' dir='ltr'><strong>textum</strong></span> <span class='ocrx_word' id='word_1_671' title='bbox 3235 5421 3560 5492; x_wconf 69' lang='lat' dir='ltr'><strong>Scriptura).</strong></span> 
     </span>
    </p>
   </div>
   <div class='ocr_carea' id='block_1_90' title="bbox 385 5490 2476 5564">
    <p class='ocr_par' dir='ltr' id='par_1_90' title="bbox 385 5490 2476 5564">
     <span class='ocr_line' id='line_1_92' title="bbox 385 5490 2476 5564; baseline -0.001 -16"><span class='ocrx_word' id='word_1_672' title='bbox 385 5507 411 5534; x_wconf 77' lang='grc' dir='ltr'><strong>ι</strong></span> <span class='ocrx_word' id='word_1_673' title='bbox 441 5496 572 5550; x_wconf 82' lang='lat' dir='ltr'><strong>Vide</strong></span> <span class='ocrx_word' id='word_1_674' title='bbox 590 5490 676 5564; x_wconf 81' lang='lat' dir='ltr'><strong>ep.</strong></span> <span class='ocrx_word' id='word_1_675' title='bbox 706 5493 796 5562; x_wconf 72' lang='lat'><strong>28,</strong></span> <span class='ocrx_word' id='word_1_676' title='bbox 823 5510 876 5547; x_wconf 85' lang='grc' dir='ltr'>ιι.</span> <span class='ocrx_word' id='word_1_677' title='bbox 899 5493 952 5559; x_wconf 73' lang='grc'><strong>2,</strong></span> <span class='ocrx_word' id='word_1_678' title='bbox 981 5501 1037 5547; x_wconf 91' lang='lat' dir='ltr'><strong>et</strong></span> <span class='ocrx_word' id='word_1_679' title='bbox 1057 5506 1142 5561; x_wconf 89' lang='lat' dir='ltr'><strong>ep.</strong></span> <span class='ocrx_word' id='word_1_680' title='bbox 1169 5491 1236 5546; x_wconf 89' lang='lat' dir='ltr'><strong>ad</strong></span> <span class='ocrx_word' id='word_1_681' title='bbox 1255 5490 1557 5546; x_wconf 85' lang='lat' dir='ltr'><strong>Marcellam</strong></span> <span class='ocrx_word' id='word_1_682' title='bbox 1578 5490 1632 5545; x_wconf 90' lang='lat' dir='ltr'><strong>in</strong></span> <span class='ocrx_word' id='word_1_683' title='bbox 1654 5491 1880 5562; x_wconf 89' lang='lat' dir='ltr'><strong>append.</strong></span> <span class='ocrx_word' id='word_1_684' title='bbox 1988 5491 2086 5564; x_wconf 80' lang='lat' dir='ltr'><strong>Ed.</strong></span> <span class='ocrx_word' id='word_1_685' title='bbox 2114 5491 2308 5564; x_wconf 79' lang='lat' dir='ltr'><strong>_Ros_v.,</strong></span> <span class='ocrx_word' id='word_1_686' title='bbox 2341 5504 2476 5562; x_wconf 85' lang='lat' dir='ltr'><strong>peto.</strong></span> 
     </span>
    </p>
   </div>
   <div class='ocr_carea' id='block_1_91' title="bbox 316 5557 3562 5631">
    <p class='ocr_par' dir='ltr' id='par_1_91' title="bbox 316 5557 3562 5631">
     <span class='ocr_line' id='line_1_93' title="bbox 316 5557 3562 5631; baseline -0.001 -13"><span class='ocrx_word' id='word_1_687' title='bbox 316 5566 369 5629; x_wconf 73' lang='grc'><strong>1,</strong></span> <span class='ocrx_word' id='word_1_688' title='bbox 402 5583 459 5620; x_wconf 89' lang='lat' dir='ltr'><strong>n.</strong></span> <span class='ocrx_word' id='word_1_689' title='bbox 490 5565 542 5617; x_wconf 72' lang='grc' dir='ltr'><strong>τι.</strong></span> <span class='ocrx_word' id='word_1_690' title='bbox 624 5557 642 5564; x_wconf 83' lang='grc'><em>’</em></span> <span class='ocrx_word' id='word_1_691' title='bbox 782 5557 792 5562; x_wconf 79' lang='grc'><em>’</em></span> <span class='ocrx_word' id='word_1_692' title='bbox 940 5557 947 5559; x_wconf 60' lang='grc'>⁷</span> <span class='ocrx_word' id='word_1_693' title='bbox 991 5630 996 5631; x_wconf 16' lang='grc' dir='ltr'>ί</span> <span class='ocrx_word' id='word_1_694' title='bbox 1044 5630 1051 5631; x_wconf 17' lang='grc' dir='ltr'>ί</span> <span class='ocrx_word' id='word_1_695' title='bbox 1088 5557 1105 5561; x_wconf 79' lang='grc'><em>’</em></span> <span class='ocrx_word' id='word_1_696' title='bbox 1312 5627 1331 5631; x_wconf 86' lang='lat'>_</span> <span class='ocrx_word' id='word_1_697' title='bbox 1479 5627 1566 5631; x_wconf 32' lang='lat' dir='ltr'><strong>A__</strong></span> <span class='ocrx_word' id='word_1_698' title='bbox 1689 5557 1742 5562; x_wconf 78' lang='grc'><em>””</em></span> <span class='ocrx_word' id='word_1_699' title='bbox 1989 5628 2016 5631; x_wconf 81' lang='lat'><em>_</em></span> <span class='ocrx_word' id='word_1_700' title='bbox 2061 5561 2131 5631; x_wconf 59' lang='lat' dir='ltr'><strong>(fc)</strong></span> <span class='ocrx_word' id='word_1_701' title='bbox 2178 5561 2288 5631; x_wconf 11' lang='lat' dir='ltr'><strong>Sic,</strong></span> <span class='ocrx_word' id='word_1_702' title='bbox 2319 5557 2416 5615; x_wconf 85' lang='lat' dir='ltr'><strong>ms.</strong></span> <span class='ocrx_word' id='word_1_703' title='bbox 2467 5561 2638 5617; x_wconf 82' lang='lat' dir='ltr'><strong>codex</strong></span> <span class='ocrx_word' id='word_1_704' title='bbox 2692 5562 2888 5629; x_wconf 85' lang='lat' dir='ltr'><strong>Regius</strong></span> <span class='ocrx_word' id='word_1_705' title='bbox 2942 5577 3064 5617; x_wconf 91' lang='lat' dir='ltr'><strong>cum</strong></span> <span class='ocrx_word' id='word_1_706' title='bbox 3109 5560 3265 5617; x_wconf 87' lang='lat' dir='ltr'><strong>editis</strong></span> <span class='ocrx_word' id='word_1_707' title='bbox 3307 5557 3457 5617; x_wconf 87' lang='lat' dir='ltr'><strong>Grin.</strong></span> <span class='ocrx_word' id='word_1_708' title='bbox 3506 5575 3562 5622; x_wconf 83' lang='lat' dir='ltr'><strong>et</strong></span> 
     </span>
    </p>
   </div>
   <div class='ocr_carea' id='block_1_92' title="bbox 387 5627 2845 5702">
    <p class='ocr_par' dir='ltr' id='par_1_92' title="bbox 387 5627 2845 5702">
     <span class='ocr_line' id='line_1_94' title="bbox 387 5627 2845 5702; baseline -0.001 -14"><span class='ocrx_word' id='word_1_709' title='bbox 387 5636 414 5673; x_wconf 77' lang='grc' dir='ltr'>δ</span> <span class='ocrx_word' id='word_1_710' title='bbox 433 5633 594 5702; x_wconf 18' lang='grc' dir='ltr'>ιᾱίθει</span> <span class='ocrx_word' id='word_1_711' title='bbox 618 5633 934 5702; x_wconf 71' lang='lat' dir='ltr'><strong>e/I&#39;undatur.</strong></span> <span class='ocrx_word' id='word_1_712' title='bbox 961 5630 1091 5702; x_wconf 74' lang='lat' dir='ltr'><strong>Vide</strong></span> <span class='ocrx_word' id='word_1_713' title='bbox 1113 5644 1279 5702; x_wconf 69' lang='lat' dir='ltr'><strong>carm.</strong></span> <span class='ocrx_word' id='word_1_714' title='bbox 1303 5627 1357 5696; x_wconf 84' lang='grc'><strong>6,</strong></span> <span class='ocrx_word' id='word_1_715' title='bbox 1389 5645 1438 5682; x_wconf 84' lang='lat' dir='ltr'><strong>v.</strong></span> <span class='ocrx_word' id='word_1_716' title='bbox 1472 5627 1608 5702; x_wconf 61' lang='lat'><strong>230.</strong></span> <span class='ocrx_word' id='word_1_717' title='bbox 1641 5699 1652 5702; x_wconf 91' lang='lat'>_</span> <span class='ocrx_word' id='word_1_718' title='bbox 1726 5697 1757 5702; x_wconf 34' lang='grc' dir='ltr'>μ</span> <span class='ocrx_word' id='word_1_719' title='bbox 1820 5699 1832 5702; x_wconf 94' lang='lat'><em>_</em></span> <span class='ocrx_word' id='word_1_720' title='bbox 1989 5627 2193 5686; x_wconf 84' lang='lat' dir='ltr'><strong>Poelm.</strong></span> <span class='ocrx_word' id='word_1_721' title='bbox 2218 5629 2359 5685; x_wconf 80' lang='lat' dir='ltr'><strong>Edit.</strong></span> <span class='ocrx_word' id='word_1_722' title='bbox 2393 5631 2556 5688; x_wconf 89' lang='lat' dir='ltr'><strong>Rosv.</strong></span> <span class='ocrx_word' id='word_1_723' title='bbox 2578 5673 2594 5698; x_wconf 97' lang='lat'><strong>,</strong></span> <span class='ocrx_word' id='word_1_724' title='bbox 2625 5627 2845 5688; x_wconf 64' lang='lat' dir='ltr'><strong>recocta.</strong></span> 
     </span>
    </p>
   </div>
   <div class='ocr_carea' id='block_1_93' title="bbox 391 5697 1882 5773">
    <p class='ocr_par' dir='ltr' id='par_1_93' title="bbox 391 5697 1882 5773">
     <span class='ocr_line' id='line_1_95' title="bbox 391 5697 1882 5773; baseline -0.003 -15"><span class='ocrx_word' id='word_1_725' title='bbox 391 5705 472 5768; x_wconf 75' lang='lat' dir='ltr'><strong>ta)</strong></span> <span class='ocrx_word' id='word_1_726' title='bbox 502 5697 888 5773; x_wconf 75' lang='lat' dir='ltr'><strong>Manuscriptus</strong></span> <span class='ocrx_word' id='word_1_727' title='bbox 935 5699 1107 5757; x_wconf 77' lang='lat' dir='ltr'><strong>codex</strong></span> <span class='ocrx_word' id='word_1_728' title='bbox 1151 5699 1347 5771; x_wconf 79' lang='lat' dir='ltr'><strong>Regius</strong></span> <span class='ocrx_word' id='word_1_729' title='bbox 1375 5714 1498 5756; x_wconf 89' lang='lat' dir='ltr'><strong>cum</strong></span> <span class='ocrx_word' id='word_1_730' title='bbox 1525 5699 1684 5756; x_wconf 88' lang='lat' dir='ltr'><strong>editis</strong></span> <span class='ocrx_word' id='word_1_731' title='bbox 1725 5697 1882 5768; x_wconf 89' lang='lat' dir='ltr'><strong>Bad.,</strong></span> 
     </span>
    </p>
   </div>
  </div>
