3988 6176
482 278 572 334 ιδι
1390 275 1444 327 S.
1489 271 1755 328 PAULINI
1797 271 2042 326 NOLANI
2083 269 2382 324 EPISCOI‘I
2425 269 2766 323 POEMATA.
3424 294 3426 296 ·
3622 275 3715 329 ‘5!

1044 371 1272 445 ΡὉΕΜΑ
1309 383 1381 438 IX
1423 389 1460 438 '.

848 495 1196 534 I’ARAPIIRASIS
1234 495 1418 534 I‘SMJII
1455 494 1670 533 CXXXVI.

618 570 959 641 3&9-350
976 568 1221 623 Sedimus
1249 571 1458 636 ignotos
1482 581 1504 604 ει
1535 569 1664 623 dira:
1684 567 1970 637 Babylonis
1991 565 2058 618 ad

931 711 933 713 ,
1851 657 2058 727 [amnes

615 750 843 818 Captivi,
873 748 1055 803 Judtea
1079 765 1288 812 manus,
1329 748 1631 802 miserabile
1661 747 1866 801 flentes.

618 840 750 894 Cum
782 840 1009 909 patrium
1039 841 1260 893 memori
1289 840 1621 892 traheremus
1649 845 1867 906 pectore
1903 835 2056 902 Sion,

619 930 686 984 Et
715 930 1124 999 meritumjusta
1151 930 1542 998 suspiraremus
1568 929 1634 982 ab
1666 929 1742 981 ira

551 1021 585 1073 5
622 1021 879 1075 Exsilium
913 1039 925 1073 :
953 1021 1110 1074 lentis
1137 1034 1241 1088 qua
1272 1020 1476 1094 consita
1506 1019 1621 1088 ripa
1658 1017 1877 1078 salictis.

622 1111 930 1180 llospitibus
956 1111 1168 1180 populis
1197 1111 1410 1164 umbras
1440 1108 1714 1178 praebebat
1749 1107 1965 1161 amicas.

621 1203 732 1257 Illic
755 1204 982 1274 Assyriae
1010 1203 1272 1256 mediisin
1301 1201 1564 1255 mamibus
1595 1200 1760 1262 urbis,

615 1294 777 1348 Obliti
803 1295 950 1349 laetas
980 1309 1076 1363 per
1097 1300 1280 1348 mmsta
1317 1291 1529 1346 silentia
1555 1305 1736 1353 voces,

619 1384 697 1439 De
725 1386 950 1439 salicum
976 1385 1138 1437 ramis
1160 1382 1538 1452 suspendimus
1559 1395 1758 1449 organa
1781 1387 1985 1434 nostra.

513 1476 579 1531 10
684 1475 922 1544 Namque
964 1475 1128 1530 dabat
1177 1473 1332 1528 nobis
1376 1473 1568 1528 durum
1599 1471 1776 1539 gravis
1824 1471 1902 1522 ira
1956 1469 2058 1523 do-

1844 1559 2056 1630 [lorem,

617 1656 770 1723 Quod
797 1656 953 1711 solita
985 1656 1036 1708 in
1064 1663 1252 1709 sancto
1275 1653 1515 1724 depromi
1545 1653 1752 1708 cantica
1783 1651 1986 1721 templo

622 1745 746 1799 Ilmc
775 1745 838 1797 ad
870 1744 1090 1798 delicias
1119 1745 1218 1797 sibi
1247 1759 1344 1797 nos
1365 1751 1584 1797 cantare
1606 1741 1830 1808 jubebat

621 1836 818 1904 Impius
847 1835 954 1899 ille,
984 1835 1147 1888 domo
1177 1835 1266 1901 qui
1299 1849 1396 1887 nos
1422 1833 1735 1895 abduxerat,
1758 1831 1946 1886 hostis.

618 1924 830 1992 Ergone
858 1925 1064 1977 divinas
1095 1923 1279 1978 laudes
1307 1931 1362 1977 et
1381 1923 1622 1977 carmina
1650 1922 1813 1976 castis

517 2015 585 2070 15
621 2017 758 2086 Apta
805 2017 1013 2082 choris,
1049 2017 1189 2070 inter
1258 2030 1412 2070 sacra
1487 2014 1748 2077 barbara,
1813 2013 2058 2082 foedaque

1859 2105 2054 2178 [busta.

613 2199 761 2254 Inter
787 2208 840 2254 et
859 2213 1114 2253 accensas
1136 2197 1360 2252 funestis
1391 2197 1599 2265 ignibus
1627 2212 1771 2261 aras,

619 2289 766 2342 lleu!
801 2288 935 2342 male
955 2287 1023 2342 de
1045 2293 1230 2341 nostro
1253 2286 1387 2340 laetis
1415 2301 1667 2356 mmrore,
1697 2286 1986 2341 canemus?

620 2380 801 2446 Deque
829 2379 919 2447 pio
942 2379 1046 2434 ritu
1066 2379 1246 2432 luxum
1271 2377 1526 2432 faciemus
1549 2379 1807 2446 iniquum,

621 2471 842 2542 Mystica
872 2470 936 2523 ad
964 2470 1211 2524 hostilem
1235 2470 1573 2524 modulantes
1600 2471 1810 2525 cantica
1835 2469 2056 2524 ludum?

512 2565 583 2619 20
619 2564 736 2630 Quo
759 2563 937 2618 miseri
959 2579 1099 2617 nunc
1127 2578 1220 2617 ore
1245 2579 1430 2618 sacros
1449 2562 1783 2618 cantabimus
1804 2565 2058 2634 hymnos?

623 2657 808 2721 Quove
838 2656 957 2710 loco
985 2655 1222 2726 Babylon
1251 2655 1422 2724 poscit
1450 2655 1548 2710 sibi
1570 2655 1778 2710 cantica
1809 2654 1975 2709 Sion?

620 2747 724 2802 Sed
756 2747 965 2800 Domini
995 2761 1211 2800 carmen
1243 2745 1402 2800 tellus
1431 2745 1606 2800 aliena
1637 2746 1832 2800 mereri

622 2839 739 2893 Non
771 2840 794 2876 δ
826 2839 988 2908 capit,
1023 2837 1265 2904 indignas
1285 2851 1436 2890 sacra
1468 2852 1570 2891 vos
1596 2837 1856 2891 avertitur
1877 2852 2051 2893 aures.

693 2930 750 2984 Si
780 2939 957 2985 tamen
981 2937 1037 2983 ut
1063 2929 1236 2998 captis
1256 2928 1508 2983 dominus
1553 2927 1839 2993 violentior
1867 2927 1898 2982 i:
1922 2937 2054 2997 stas,

515 3021 586 3075 25
621 3021 704 3086 Et,
735 3022 778 3075 si
803 3027 980 3074 tantus
1001 3034 1172 3083 amor,
1196 3017 1322 3071 Sion
1347 3019 1433 3087 pia
1455 3031 1677 3072 noscere
1694 3018 1843 3072 vobis

619 3111 857 3174 Cantica,
885 3110 930 3163 si
961 3109 1135 3178 pergis
1164 3123 1249 3161 me
1275 3123 1468 3176 cogere
1499 3123 1604 3161 non
1632 3116 1721 3160 tua
1753 3106 1872 3173 fari,

619 3202 685 3254 Et
713 3201 891 3254 divina
915 3200 1008 3252 tibi
1037 3213 1280 3265 quamam
1310 3199 1418 3250 sint
1447 3198 1656 3252 cantica
1683 3197 1837 3263 Sion,

621 3291 818 3358 Accipe
848 3289 972 3356 quid
999 3297 1167 3356 capta:
1191 3289 1330 3342 Deus
1360 3288 1500 3341 ultor
1520 3289 1784 3357 spondeat
1816 3289 1952 3342 urbi.

687 3381 763 3436 Ne
786 3382 999 3448 longum
1025 3394 1208 3448 speres
1236 3380 1336 3434 isto
1359 3379 1590 3446 gaudere
1615 3379 1906 3449 triutnpho,

511 3473 580 3528 50
621 3472 816 3541 lmpie;
848 3486 955 3539 quo
979 3485 1186 3524 sacrum
1209 3469 1362 3539 prodi
1383 3469 1475 3522 tibi
1493 3470 1736 3538 praecipis
1759 3470 2046 3540 hymnum:

615 3563 753 3620 Ecce
796 3563 915 3632 quis
959 3571 1041 3617 est
1082 3562 1310 3632 hymnus
1370 3560 1606 3626 Domini,
1656 3575 1777 3628 qua:
1836 3562 2048 3617 cantica

1855 3651 2004 3724 [Sion
2031 3670 2044 3705 :

680 3743 738 3799 Si
769 3744 918 3798 fuero
947 3743 1148 3799 oblitus
1169 3757 1289 3797 mea
1312 3743 1530 3808 maznia,
1559 3750 1613 3798 te
1639 3758 1759 3798 mea
1787 3757 1914 3798 cura
1933 3784 1947 3807 ,

614 3837 752 3892 Urbs
781 3837 1132 3902 Hierusalem,
1166 3835 1257 3888 liat
1285 3851 1402 3890 mea
1435 3851 1540 3890 non
1575 3851 1782 3890 memor
1812 3851 2046 3904 unquam

615 3931 810 3984 Dextra
841 3928 968 3992 mei,
992 3943 1110 3980 mea
1140 3927 1320 3992 lingua
1356 3926 1489 3979 meis
1511 3934 1566 3980 et
1592 3925 1862 3981 adhmreat
1890 3941 2048 3982 arens

503 4023 572 4076 5'5
612 4020 893 4080 Faucibus,
924 4026 1128 4070 :eterno
1157 4016 1256 4068 nisi
1288 4024 1340 4069 te
1362 4016 1692 4083 complectar
1717 4032 1902 4070 amore
1932 4034 1942 4068 :

609 4111 676 4164 Et
706 4109 803 4163 nisi
829 4107 1091 4176 principio
1121 4105 1367 4173 promissi
1405 4106 1457 4156 in
1485 4105 1661 4158 secula
1691 4109 1864 4176 regni,

609 4195 938 4262 Lartitizeque
960 4208 1089 4246 mea:
1120 4194 1290 4260 primo
1319 4192 1633 4245 reminiscar
1664 4193 1714 4246 in
1738 4210 1900 4258 anno,

609 4287 684 4340 Te
713 4285 918 4340 cunctis
945 4283 1280 4338 Hierusalem
1309 4299 1620 4352 praeponere
1645 4287 1818 4340 terris.

613 4373 736 4430 Esto
757 4387 962 4427 memor
989 4381 1099 4426 tum
1127 4372 1290 4442 prolis
1314 4371 1501 4439 Edom,
1530 4381 1587 4426 ut
1614 4390 1762 4429 versa
1795 4375 1909 4431 vice
1941 4392 2039 4431 no-

1845 4467 2037 4537 l'strum
2070 4461 2117 4519 Ι)

499 4561 568 4615 40
610 4559 842 4628 Aspiciat
870 4557 1088 4613 confusa
1118 4557 1280 4622 diem,
1307 4570 1412 4624 quo
1436 4556 1584 4625 plebs
1615 4564 1702 4610 tua
1733 4558 1930 4614 claram

604 4651 866 4705 Mentibus
893 4648 1108 4702 mternis
1132 4659 1150 4684 ο
1180 4646 1510 4700 llicrusalem
1543 4647 1824 4711 habitabit,

601 4738 700 4792 Cui
731 4754 874 4791 nunc
895 4750 1023 4803 gens
1053 4737 1217 4790 oblita
1243 4737 1338 4798 tui,
1366 4735 1580 4790 crudele
1603 4737 1837 4790 minatur

604 4827 900 4890 Excidium,
926 4825 1109 4879 dicens
1143 4843 1155 4877 :
1188 4824 1412 4878 lnvisam
1445 4825 1678 4880 funditus
1707 4819 1908 4880 urbem-

601 4917 804 4970 Diruite
825 4922 878 4968 et
907 4923 1129 4968 vacuatc
1161 4931 1338 4978 manu,
1366 4917 1587 4982 vestigia
1618 4916 1791 4970 donec

490 5007 560 5062 45
597 5006 747 5061 Nulla
778 5004 1168 5072 relinquantur,
1191 5006 1357 5058 muris
1387 5005 1453 5059 ad
1485 5006 1641 5060 inane
1668 5007 1918 5062 redactis.

599 5095 783 5152 Infelix
813 5093 1019 5147 misera:
1046 5093 1332 5164 Babylonis
1355 5095 1459 5148 ﬁlia
1480 5134 1494 5156 ,
1529 5095 1652 5150 felix

595 5183 696 5250 Qui
719 5183 812 5238 tibi
842 5197 938 5252 pro
959 5183 1114 5236 nobis
1141 5184 1194 5236 in
1216 5200 1315 5240 nos
1346 5194 1434 5238 tua
1457 5195 1607 5254 gesta
1640 5187 1917 5256 rependet.

529 5302 544 5320 ⁶
571 5296 783 5420 ’ᾼὲξιεβ
809 5297 983 5366 :quod
998 5304 1178 5352 autem
1206 5296 1239 5350 9
1267 5309 1404 5366 erat,
1423 5316 1563 5357 nunc
1585 5301 1668 5356 l0.
1691 5300 1854 5358 Forte
1880 5304 2020 5359 circa

531 5409 544 5420 .
571 5385 602 5420 ί)
677 5408 690 5420 .

531 5409 544 5422 .
571 5385 690 5422 OUU.

454 5384 544 5424 an.
571 5384 690 5422 ουυ.

529 5441 568 5458 ’⁵
599 5436 804 5508 Scripta
834 5437 1042 5508 videtur
1055 5450 1210 5508 anno
1239 5435 1362 5490 390.

524 5509 588 5528 ‘“
616 5505 824 5576 Scripta
853 5522 992 5561 anno
1013 5505 1136 5559 591.

527 5577 614 5647 "'_°
644 5574 850 5647 Scripta
878 5576 1083 5647 videtur
1111 5590 1253 5628 anno
1279 5574 1400 5647 3933.

525 5654 548 5683 ι
573 5643 890 5703 Prudentius
912 5648 964 5703 in
992 5646 1238 5717 Diptyco,
1269 5661 1323 5700 n.
1354 5643 1442 5700 ‘23.

2311 383 2418 438 Nec
2446 386 2623 440 minus
2650 385 2738 438 ille
2767 385 2954 440 beatus
2975 385 3098 451 erit,
3122 370 3213 456 qui
3249 369 3405 456 parva
3431 388 3622 444 tenebit

2303 473 2368 526 Et
2387 474 2545 528 simul
2573 474 2737 548 elidet
2764 477 2784 506 ’
2812 475 2996 528 solida:
3029 488 3114 528 tua
3145 481 3166 509 ε’
3195 478 3412 545 pignora
3444 487 3622 548 petras.

2200 560 2266 615 50
2373 563 2428 616 Si
2460 547 2611 632 cupis
2638 565 2900 618 exstincta
2929 565 3218 636 Babylonis
3237 567 3402 634 stirpe
3424 547 3587 635 beari,

2301 651 2358 705 In
2383 662 2436 706 te
2458 654 2576 722 ipso
2604 655 2788 723 primis
2816 655 3097 723 gliscentia
3124 656 3347 710 crimina
3380 655 3600 714 flammis

2304 744 2511 815 Frange
2535 744 2658 810 lide,
2687 746 2800 815 jam
2825 755 3047 817 propter
3081 759 3103 785 ε
3127 747 3279 803 adest
3301 757 3450 818 petra
3474 749 3719 810 Christus:

3524 843 3596 915 [in
3618 844 3721 913 ipso

2179 927 2222 954 κ
2304 925 2587 994 Vipeream
2617 928 2858 982 sobolem
2884 929 3073 984 validis
3100 929 3238 984 elide
3267 930 3503 986 lacertis.

2305 1013 2434 1066 Nam
2462 1015 2700 1086 Babylon
2724 1032 2920 1071 nomen
2945 1017 3201 1072 Confusio
3235 1037 3246 1070 :
3283 1019 3385 1072 lilia
3419 1020 3562 1086 cujus

2198 1102 2266 1155 55
2304 1102 2396 1157 Est
2422 1120 2569 1169 caro,
2603 1107 2842 1176 peccatis
2866 1115 3040 1162 mater
3069 1125 3081 1160 :
3113 1123 3232 1176 qua:
3263 1109 3417 1162 turba
3441 1109 3594 1164 saluti

2305 1191 2494 1250 Noxia.
2528 1195 2806 1263 corporeis
2828 1196 2977 1249 ducit
3002 1197 3140 1250 mala
3166 1198 3372 1252 semina
3402 1197 3560 1252 fibris.

2303 1284 2461 1354 351
2483 1285 2684 1355 -352
2726 1285 2852 1341 llaec
2879 1287 3137 1342 vincenda
3171 1288 3284 1353 tibi,
3315 1289 3361 1342 si
3388 1289 3466 1343 vis
3493 1290 3725 1344 evincere

3382 1381 3620 1452 [mortem
3645 1401 3656 1436 :

2303 1465 2542 1536 Namque
2573 1469 2677 1522 tuis
2707 1469 2841 1538 tales
2869 1470 3102 1524 inclusos
3131 1472 3340 1527 ossibus
3362 1473 3564 1542 hostes,

2304 1557 2360 1611 Si
2392 1560 2767 1626 permittantur
2795 1562 3088 1615 crescendo
3118 1578 3394 1618 assumere
3422 1566 3578 1629 vires,

2160 1648 2229 1703 60
2303 1648 2512 1703 Dillicili
2543 1650 2722 1704 vinces
2751 1650 3037 1706 luctamine
3067 1670 3080 1704 :
3120 1655 3348 1724 prmripe
3376 1655 3396 1684 ³
3425 1671 3628 1724 parvos,

2306 1741 2439 1794 Dum
2467 1741 2614 1796 rudis
2643 1757 2708 1795 ex
2740 1749 2894 1796 utero
2923 1743 3100 1797 cordis
3123 1759 3219 1812 per
3247 1754 3464 1814 pectora
3492 1758 3639 1816 capta

2302 1831 2497 1900 Reptat
2524 1832 2698 1887 adlmc
2725 1834 2923 1886 teneris
2945 1834 3193 1888 vitiorum
3222 1835 3444 1890 infantia
3469 1839 3722 1893 membris:

2300 1922 2430 1989 Qum
2459 1925 2559 1977 nisi
2590 1939 2910 1993 praecaveas,
2941 1933 3096 1980 aucta
3125 1927 3321 1981 virtute
3353 1930 3564 1983 necabit

2157 2013 2227 2067 65
2296 2013 2630 2070 Concordem
2664 2016 2801 2070 vitiis
2829 2016 3062 2070 animam
3095 2024 3307 2071 terrena
3339 2034 3593 2088 propago.

2300 2106 2376 2161 Ne
2404 2123 2592 2177 parcas
2622 2107 2782 2174 igitur
2810 2108 2973 2161 talem
3005 2115 3242 2162 mactare
3269 2119 3560 2166 catervam.

2301 2197 2417 2250 Non
2443 2197 2536 2250 tibi
2559 2197 2761 2252 crimen
2785 2199 2908 2265 erit,
2940 2199 3236 2253 nocituram
3260 2201 3488 2270 perdere
3507 2213 3718 2269 gentem,

2306 2285 2666 2356 Ultricemque
2692 2289 2833 2343 malo
2853 2287 3174 2358 perfundere
3198 2293 3460 2361 sanguine
3481 2301 3672 2362 petram
3695 2311 3706 2346 :

2299 2377 2507 2432 Gaudet
2536 2378 2679 2432 enim
2703 2379 2882 2448 justus
2906 2421 2919 2444 ,
2950 2379 2994 2434 si
3021 2381 3268 2436 concidat
3296 2383 3461 2454 impia
3491 2386 3691 2454 proles:

2160 2467 2228 2521 70
2298 2467 2431 2522 Nam
2466 2470 2635 2537 magis
2664 2477 2826 2541 atque
2857 2471 3024 2540 magis
3056 2472 3173 2542 pius
3204 2473 3302 2528 ista
3333 2477 3482 2532 cmde
3509 2479 3693 2548 piatur,

2301 2557 2359 2611 Si
2387 2560 2615 2628 perimat
2644 2570 2864 2630 peccata
2894 2563 3003 2619 suis
3030 2562 3365 2619 dominantia
3397 2569 3660 2632 membris,

2299 2649 2365 2704 Et
2395 2651 2559 2706 fracta
2591 2653 2642 2705 in
2666 2652 2879 2706 Christo
2905 2654 3155 2708 vitiorum
3193 2655 3211 2692 ί
3244 2657 3405 2726 plebe
3427 2659 3721 2731 triumphet.

2627 2743 2990 2800 EPISTULA
3024 2746 3232 2802 XXIII
3260 2751 3299 2770 “

2637 2853 2837 2891 AUSONII
2867 2854 2933 2892 Αῐ)
2966 2855 3246 2895 ΡΑυιιΝωί.

2158 2905 2383 2960 Paulino
2409 2908 2461 2985 in
2494 2907 2754 2985 Hispania
2781 2909 3187 2985 degentiscribit
3211 2914 3502 2985 Auspnius,
3532 2916 3720 2985 ejusque

2228 2979 2608 3054 conversionem
2637 2977 2812 3054 tribuit
2841 2979 3004 3054 animi
3032 2981 3246 3034 levitati.
3284 2977 3592 3054 Expostulut
3619 2977 3720 3037 cum

2225 3047 2315 3125 illo
2359 3046 2422 3099 de
2467 3048 2846 3101 intermissione
2871 3049 3158 3103 litterarum
3179 3091 3194 3116 ,
3228 3046 3445 3125 euntque
3483 3057 3549 3108 ad
3575 3073 3626 3110 se
3650 3055 3719 3108 in-

2229 3118 2371 3169 vitat.

2543 3201 2796 3241 AUSONIUS
2826 3203 3048 3242 PAULINO
3077 3205 3344 3246 SALUTEII.

2295 3253 2631 3319 Discutimus,
2658 3255 2910 3320 Pauline,
2921 3259 3104 3330 jugum
3129 3263 3265 3331 quod
3291 3273 3437 3317 certa
3453 3263 3644 3335 fovebat

2297 3345 2618 3415 Temperies:
2645 3348 2750 3402 lere
2769 3350 2903 3418 quod
2923 3352 3144 3420 positum
3167 3361 3216 3406 et
3241 3355 3509 3409 tolerabile
3520 3355 3717 3424 junctis.

2225 3435 2382 3504 (Vide
2421 3437 2566 3506 hanc
2605 3438 2886 3506 epistolam
2917 3440 3057 3494 inter
3085 3441 3424 3498 Ausonianas
3463 3446 3559 3500 sub
3587 3459 3718 3498 num.

2154 3502 2244 3571 23,
2278 3513 2426 3561 tomo
2455 3504 2568 3558 XIX
2599 3502 2794 3560 nostra:
2825 3507 3164 3578 Patrologim,
3198 3513 3304 3566 col.
3338 3513 3490 3585 952.)

2587 3597 2951 3654 EPISTULA
2991 3601 3130 3656 XXI
3147 3603 3185 3656 V
3235 3607 3296 3625 '“

2619 3706 2822 3744 KUSONII
2861 3709 2928 3746 AD
2968 3709 3249 3748 PAULISUI.

2151 3773 2350 3852 Iterum
2393 3777 2455 3831 de
2483 3779 2703 3852 silentio
2737 3779 2942 3852 Paulini
2972 3785 3202 3852 queritur
3230 3787 3518 3852 Ausonius,
3550 3798 3597 3842 et
3619 3791 3716 3842 vio-

2220 3847 2342 3900 latw
2375 3849 2632 3967 :IIllCiliw
2677 3851 2873 3903 crimen
2922 3847 3125 3922 in'ejus
3164 3872 3384 3910 uxorem
3433 3847 3716 3912 Therasium

2220 3919 2370 3968 refun
2412 3918 2471 3968 it.

2219 3925 2471 3986 refundit.

2456 4025 2705 4065 AUSONIUS
2746 4027 2968 4067 PAULINO
3007 4030 3105 4068 SUO
3145 4031 3412 4073 SALUTEM.

2288 4095 2540 4150 Proxima
2563 4116 2676 4167 qua:
2700 4111 2894 4155 nostra:
2923 4104 3092 4172 fuerat
3113 4110 3437 4174 querimonia
3467 4111 3654 4163 clam-tte

2285 4184 2619 4240 Credideram
2647 4191 2782 4257 quod
2812 4201 2879 4258 te,
2911 4191 3151 4262 Pauline,
3182 4198 3443 4264 inﬂectere
3469 4209 3650 4270 posset.

2218 4275 2390 4341 (Hanc
2423 4279 2703 4347 epistolam
2735 4280 2912 4344 legere
2950 4292 3032 4337 est
3072 4285 3212 4339 inter
3259 4287 3592 4344 Ausonianas
3626 4291 3713 4343 sub

2145 4362 2370 4402 numero
2399 4347 2488 4413 ἥ,
2521 4357 2668 4403 tomo
2700 4348 2816 4402 XIX
2845 4360 3040 4406 nostrae
3072 4354 3413 4428 Patrologiaa,
3445 4361 3549 4415 col.
3574 4360 3712 4430 951.)

2580 4441 2943 4496 EPISTOLA
2981 4444 3141 4500 XXV
3186 4450 3273 4469 ““

2608 4554 2815 4593 AUSONII
2854 4556 2919 4594 AD
2959 4557 3240 4598 PAULINUM.

2146 4623 2296 4708 Nihil
2321 4608 2657 4711 respondente
2684 4630 3190 4711 Ραυιίηο-ᾼεεεοηὶτιδ
3219 4642 3370 4695 tertio
3395 4644 3710 4711 conqueritur

2211 4699 2443 4777 epistola.
2479 4701 2672 4768 scripta
2695 4719 2856 4777 _a_nno
2885 4703 3026 4777 592;
3072 4722 3187 4773 qua:
3225 4712 3435 4765 excidit.
3470 4699 3707 4777 Quartam

2212 4765 2346 4818 hanc
2374 4768 2443 4820 ad
2468 4765 2777 4822 eum'scribit
2797 4772 2976 4824 eodem
3003 4765 3322 4844 argumento.

2464 4873 2718 4914 Ausosws
2757 4876 2979 4916 raucum
3017 4879 3115 4919 suo
3154 4871 3416 4926 SALUTEM.

2281 4945 2478 5010 Quarta
2507 4949 2595 5002 tibi
2624 4950 2732 5003 [nec
2761 4961 2908 5006 notos
2937 4954 3130 5009 detexit
3162 4961 3382 5027 epistola
3419 4971 3640 5032 questus,

2283 5037 2520 5103 Pauline,
2543 5050 2590 5092 et
2613 5039 2800 5094 blando
2827 5045 3040 5098 residem
3071 5063 3305 5103 sermone
3332 5051 3551 5106 lacessit.

2210 5125 2442 5198 (Videsis
2480 5129 2618 5198 hanc
2645 5131 2926 5198 epistolam
2957 5135 3096 5189 inter
3130 5138 3462 5195 Ausonianas
3491 5143 3588 5196 sub
3615 5155 3708 5193 nu-

2137 5211 2289 5249 mero
2316 5196 2406 5260 ξι,
2433 5206 2580 5252 tomo
2610 5196 2728 5252 XIX
2760 5213 2957 5258 nos-tne
2987 5202 3323 5276 Patrologitn,
3352 5211 3457 5264 col.
3489 5211 3638 5277 954.)

2200 5307 2309 5363 Hd
2343 5320 2434 5389 est
2483 5328 2587 5366 non
2635 5330 2803 5383 capax.
2851 5326 2963 5380 est,
3013 5333 3116 5371 non
3165 5319 3496 5389 petest.Vid.
3540 5336 3699 5380 carm.

2132 5376 2227 5441 II,
2260 5396 2312 5432 ν.
2339 5379 2423 5432 67.

2203 5460 2226 5487 ε
2260 5448 2390 5503 Vide
2413 5457 2522 5502 not.
2555 5449 2678 5504 29.5.

2200 5515 2224 5552 ἀ
2251 5517 2307 5590 l_d_
2326 5528 2407 5571 est
2435 5519 2639 5573 liberos.
2671 5520 2798 5576 Vide
2819 5537 2987 5577 carm.
3022 5523 3108 5590 l8,
3134 5541 3186 5580 v.
3216 5526 3340 5584 227.

2205 5597 2227 5658 ιτ
2341 5596 2423 5640 est
2454 5606 2633 5658 prope.

2209 5657 2225 5692 ί
2256 5654 2312 5708 Id
2333 5665 2413 5712 est
2444 5654 2765 5716 inullitudine
2789 5677 2885 5717 seu
2915 5680 3147 5718 numero.
