3988 6176
510 295 612 352 155

648 405 776 471 Sed,
807 418 900 459 cur
927 406 1166 456 remotus
1196 393 1390 450 tamdiu
1420 391 1629 459 degam,
1662 390 1861 457 arguis,

794 496 995 562 l’ioque
1027 499 1173 545 motu
1204 486 1481 541 irasceris:

650 589 911 646 Conducit
938 583 1100 650 istud,
1132 590 1223 635 aut
1252 592 1469 634 necesse
1497 583 1598 636 est,
1632 582 1725 628 aut
1753 574 1929 643 placet
1957 587 1968 621 :

789 676 1028 739 Veniale,
1050 672 1124 743 (α)
1155 669 1409 739 quidquid
1440 669 1632 721 horum
1663 665 1789 718 erit.

652 771 869 838 Ignosce
898 765 1118 828 amanti,
1142 763 1186 815 si
1214 774 1395 828 geram
1421 756 1564 825 quod
1590 755 1809 824 expedit
1835 771 1845 804 :

793 858 1037 919 Gratare,
1068 854 1111 908 si
1141 853 1312 906 vivam
1342 858 1401 902 ut
1427 848 1571 902 libet.

510 683 612 736 100

658 1050 681 1075 α
714 1037 905 1091 Defore
934 1050 1017 1088 me
1046 1032 1233 1103 patriis
1260 1037 1372 1083 tota
1400 1026 1674 1083 trieteride
1703 1024 1883 1087 terris,

656 1132 827 1197 Atque
857 1128 1016 1181 alium
1048 1125 1236 1191 legisse
1264 1122 1410 1189 vagis
1438 1120 1709 1174 erroribus
1739 1117 1944 1178 orbem,

519 1221 621 1276 1Οὸ
656 1222 806 1273 Culta
838 1219 983 1287 prius
1010 1223 1200 1268 vestra:
1228 1213 1450 1266 oblitum
1480 1209 1751 1264 consortia
1783 1208 1903 1260 vita:

655 1310 948 1378 lncrepitas
976 1304 1178 1359 sanctis
1206 1311 1352 1355 mota
1384 1301 1583 1369 pietate
1614 1299 1655 1329 ¹⁷
1681 1296 1934 1365 querelis.

656 1400 967 1467 Amplector
986 1395 1160 1464 patrio
1187 1390 1520 1447 venerandos
1550 1395 1767 1451 pectore
1792 1397 1988 1450 motus,

658 1490 721 1542 Et
750 1489 823 1559 (b)
856 1487 982 1540 mihi
1006 1482 1292 1553 gratandas
1319 1480 1481 1535 salvis
1507 1478 1785 1533 alfectibus
1813 1476 1940 1530 iras.

622 1580 729 1635 Sed
792 1577 1023 1632 reditum
1084 1572 1207 1627 inde
1264 1584 1441 1625 meum
1496 1568 1708 1637 genitor
1765 1573 1819 1620 te
1873 1578 2097 1635 poscere

1783 1656 2022 1728 [mallem

521 1762 623 1815 110
666 1759 814 1815 Unde
841 1757 953 1810 dari
980 1755 1169 1825 possit.
1214 1749 1591 1805 “evocandum
1621 1763 1706 1801 me
1738 1748 1830 1801 tibi
1860 1746 2097 1810 credam,
2134 1738 2176 1796 Β

663 1849 795 1902 Cum
827 1846 1036 1899 steriles
1067 1842 1254 1895 fundas
1284 1856 1389 1893 non
1420 1838 1485 1891 ad
1513 1838 1691 1890 divina
1721 1844 1990 1904 precatus,

662 1934 945 1990 Castalidis
973 1931 1196 2000 supplex
1226 1944 1415 1982 averso
1444 1925 1671 1980 Numine
1699 1923 1904 1977 Musis?

659 2027 774 2081 Non
804 2026 889 2079 his
917 2022 1222 2077 numinibus
1249 2019 1343 2073 tibi
1365 2032 1451 2071 me
1479 2016 1776 2085 patrimque
1798 2012 2094 2067 reduces”.

662 2117 814 2184 Quod
863 2114 1018 2168 datur
1040 2151 1056 2178 ,
1104 2112 1156 2165 iu
1204 2109 1431 2164 nihilum
1462 2107 1598 2176 (sine
1626 2104 1853 2158 Numine
1882 2100 2098 2156 nomina

1829 2192 2028 2263 [Musas

521 2298 624 2351 115
695 2294 868 2350 Surda
898 2307 1062 2347 vocas
1084 2327 1100 2354 ,
1149 2297 1204 2345 et
1236 2288 1381 2342 nulla
1409 2278 1589 2355 rogas)
1631 2283 1765 2338 levis
1795 2285 1864 2352 (c)
1896 2279 2101 2334 auferet

1851 2372 2025 2443 [aura,

662 2476 814 2529 irrita
846 2480 1081 2527 ventosae
1111 2470 1323 2539 rapiunt
1351 2468 1464 2523 hzec
1492 2474 1615 2521 vota
1647 2467 1689 2499 ¹⁹
1720 2463 1987 2534 procella),

662 2563 792 2628 Qum
822 2579 927 2615 non
958 2561 1115 2613 missa
1151 2559 1259 2612 Deo
1292 2557 1471 2611 vacuis
1497 2557 1550 2608 in
1581 2555 1809 2610 nubibus
1836 2553 2058 2615 luerent,

661 2653 770 2707 Nec
799 2659 1081 2721 penetrant
1108 2648 1285 2717 superi
1312 2647 1615 2701 stellantem
1638 2645 1799 2712 [tegis
1820 2644 1871 2696 in
1896 2641 2095 2695 aulam.

731 2742 1126 2811 357—368
1161 2737 1216 2793 Si
1253 2736 1348 2791 tibi
1376 2752 1505 2791 cura
1549 2735 1655 2788 mei
1684 2734 1915 2797 reditus,
1950 2731 2096 2784 illum

1578 2823 1799 2895 [aspice,
1824 2829 1879 2875 et
1908 2836 2024 2886 ora,

522 2924 623 2976 120
661 2921 759 2988 Qui
792 2921 994 2975 tonitru
1023 2917 1215 2974 summi
1242 2916 1414 2985 quatit
1443 2916 1596 2983 ignea
1626 2914 1856 2967 culmina
1888 2911 2039 2975 coeli,

665 3015 763 3081 Qui
809 3012 984 3066 trifido
1024 3011 1147 3079 igne
1193 3009 1395 3072 micat,
1452 3022 1551 3060 nec
1597 3004 1772 3058 inania
1822 3015 2095 3054 murmura

1732 3093 1744 3163 |
1758 3093 1960 3153 miscet,

657 3194 866 3261 Quique
892 3191 1019 3246 satis
1047 3188 1185 3242 cmlo
1217 3186 1357 3240 soles
1380 3185 1601 3251 largitur
1620 3224 1634 3246 ,
1663 3191 1718 3236 et
1746 3181 1965 3240 imbres,

655 3284 755 3349 Qui
780 3296 939 3350 super
966 3292 1124 3333 omne
1149 3276 1291 3345 quod
1316 3282 1416 3339 est,
1446 3275 1532 3327 vel
1561 3273 1613 3326 in
1644 3272 1719 3342 (ιι)
1750 3269 1928 3323 omnia
1954 3275 2097 3321 totus

1730 3359 1949 3430 [ubique

658 3460 914 3515 Omnibus
943 3456 1145 3511 infusus
1173 3455 1333 3508 rebus
1362 3452 1499 3520 regit
1529 3450 1706 3505 omnia
1736 3449 2001 3513 Christus,

523 3554 625 3608 1Ἐὶ
672 3553 772 3619 Qui
817 3559 1024 3604 mentes
1072 3554 1217 3600 tenet
1263 3552 1424 3614 atque
1453 3548 1669 3605 movet,
1722 3541 1814 3608 qui
1854 3547 2095 3606 tempora

1821 3628 2025 3699 [nostra

660 3734 728 3787 Et
757 3734 872 3786 loca
903 3728 1162 3800 disponit;
1198 3726 1267 3798 (e)
1293 3724 1435 3794 quod
1463 3722 1506 3777 si
1536 3718 1803 3776 contraria
1832 3716 1971 3771 votis

661 3823 963 3877 Constituat
988 3819 1207 3884 nostris,
1242 3830 1399 3885 prere
1424 3810 1790 3866 (lellecteudus
1814 3807 1867 3861 in
1900 3806 1986 3859 illa
2016 3812 2099 3858 est

662 3915 791 3978 Qua:
834 3912 1119 3965 volumus:
1170 3906 1298 3975 quid
1347 3919 1432 3958 me
1468 3902 1730 3954 accusas?
1780 3898 1822 3952 si
1853 3896 2099 3965 displicet

1854 3986 2028 4057 [actus

658 4095 825 4161 Quem
848 4104 975 4159 gero
1004 4095 1196 4155 agente
1226 4084 1354 4147 Deo,
1381 4083 1526 4151 prius
1549 4088 1631 4135 est
1659 4079 1751 4150 [(n
1777 4077 1822 4129 si
1853 4076 1950 4147 las]
1976 4091 2097 4131 reus

1851 4169 2030 4240 [auter

524 4283 624 4336 l30
659 4280 757 4334 Cui
781 4278 956 4348 placet
984 4281 1075 4327 aut
1096 4272 1328 4325 formare
1350 4281 1520 4330 meos,
1543 4273 1637 4319 aut
1657 4274 1863 4318 vertere
1886 4280 2092 4319 sensus.
2152 4246 2157 4249 1

662 4372 792 4425 Nam
816 4383 933 4423 mea
952 4367 997 4419 si
1020 4371 1232 4433 reputes
1254 4376 1372 4429 quae
1391 4358 1636 4428 pristina,
1668 4372 1786 4425 qua:
1824 4356 1917 4409 tibi
1947 4364 2092 4419 nota,

2122 3102 2168 3165 C

1456 281 1511 336 S.
1547 275 1817 333 PAULlNl
1847 272 2095 331 NOLANI
2136 266 2435 324 EPlSCOPl
2476 266 2801 321 POEMATA
3639 268 3730 327 455

2103 391 2154 446 Α

2327 381 2391 433 Et
2422 394 2703 449 perversus
2727 392 2873 433 enim
2892 415 2904 437 ,
2938 375 3054 431 falsi
3083 376 3314 449 caligine
3337 392 3573 442 cernens,

2194 473 2291 528 l55
2328 472 2502 527 Stulta
2528 472 2622 526 Dei
2648 471 2863 539 sapiens
2890 469 2954 533 ’°,
2987 478 3041 523 et
3070 470 3258 524 mortis
3284 468 3309 507 δ
3341 470 3525 538 pabula
3550 470 3734 526 vivens.

2329 562 2447 628 Quo
2462 562 2630 628 magis
2644 560 2845 629 ignosci
2861 559 2989 613 mihi
3005 558 3103 621 fas,
3126 559 3251 627 quia
3266 559 3523 627 promtius
3540 574 3605 613 ex
3625 560 3719 615 hoc

2328 652 2557 720 Agnosci
2588 652 2763 714 datur,
2796 664 2825 703 a
2856 664 3066 703 summo
3096 648 3352 703 Genitore
3378 650 3582 713 novari,

2328 743 2481 809 Quod
2528 757 2637 796 non
2682 755 2832 794 more
2879 755 3000 794 meo
3048 740 3291 808 geritur;
3355 755 3462 793 non
3508 740 3740 805 arbitror,

3491 828 3623 901 [istis
3641 830 3681 861 ¹¹

2329 920 2618 976 Confessus
2642 921 2790 975 dicar
2810 928 3026 974 mutata:
3056 920 3108 973 in
3140 935 3303 988 prava
3328 921 3616 974 notandum

2191 1013 2293 1067 MU
2333 1013 2580 1067 Erroretn
2604 1013 2817 1075 mentis,
2849 1012 3104 1080 quoniam
3129 1011 3228 1064 sim
3256 1019 3449 1080 sponte
3472 1010 3745 1080 professus,

2335 1101 2417 1155 Me
2446 1118 2553 1154 non
2584 1110 2763 1155 mente
2789 1116 2906 1154 mea
2932 1101 3095 1153 vitam
3121 1109 3353 1153 mutasse
3384 1100 3633 1168 priorem.

2333 1190 2481 1244 Mens
2509 1178 2647 1245 nova
2677 1205 2762 1244 me
2798 1188 2971 1242 fateor
2999 1189 3141 1257 cepit
3170 1190 3215 1220 “
3243 1230 3257 1254 ,
3309 1204 3460 1243 mens
3501 1205 3604 1243 non
3645 1184 3751 1244 mea

2663 1276 2669 1281 ’
3382 1278 3687 1351 [quondam,

2335 1371 2440 1427 Sed
2471 1386 2587 1425 mea
2617 1387 2757 1426 nunc
2785 1378 2974 1425 autore
3005 1371 3135 1436 Deo,
3167 1371 3257 1438 qui
3278 1370 3322 1424 si
3352 1371 3477 1439 quid
3508 1372 3559 1424 in
3589 1379 3705 1425 actu

2336 1462 2623 1529 lngeniove
2649 1478 2768 1516 meo
2797 1478 2890 1515 sua
2918 1462 3135 1528 dignum
3160 1460 3225 1513 ad
3256 1461 3434 1514 munia
3462 1460 3608 1525 vidit,

2198 1551 2299 1607 145
2336 1551 2517 1607 Gratia
2544 1552 2713 1623 prima
2744 1553 2860 1617 tibi,
2893 1551 2987 1605 tibi
3014 1551 3180 1619 gloria
3209 1550 3387 1605 debita
3421 1550 3495 1621 (g)
3524 1550 3691 1616 cedet,

2338 1644 2503 1714 Cujus
2562 1645 2843 1714 prteceptis
2908 1653 3116 1713 partum
3189 1650 3273 1697 est
3327 1642 3473 1713 quod
3530 1641 3758 1698 Christus

3450 1733 3691 1806 [amaret.

2413 1826 2589 1894 Quare
2617 1826 2932 1896 gratandum
2967 1825 3134 1893 magis
3160 1832 3243 1880 est
3270 1824 3366 1880 tibi
3393 1838 3555 1893 quam
3587 1823 3756 1893 queri-

3444 1913 3695 1980 nandum,

2344 2006 2498 2073 Quod
2528 2014 2652 2060 tuus
2680 2005 2785 2069 ille,
2814 2004 2918 2058 tuis
2946 2002 3138 2058 studiis
3164 2012 3219 2059 et
3247 2003 3490 2059 moribus
3515 2012 3680 2071 ortus,

2346 2098 2618 2161 Paulinus,
2639 2097 2723 2151 cui
2755 2106 2807 2150 te
2837 2112 2941 2149 non
2971 2094 3205 2150 inficiare
3234 2103 3515 2164 patentem

2203 2189 2307 2244 150
2348 2190 2455 2244 Nec
2503 2187 2662 2242 modo
2686 2227 2700 2251 ,
2750 2201 2873 2241 cum
2920 2185 3092 2240 credis
3137 2199 3485 2254 perversum,
3541 2183 3617 2237 sic
3654 2197 3762 2236 mea

3554 2273 3702 2346 [verti

2341 2369 2598 2430 Consilia,
2622 2376 2682 2421 ut
2695 2366 2793 2420 sim
2815 2365 3138 2435 promeritus
3152 2362 3352 2417 Christi
3373 2362 3512 2425 lore,
3524 2361 3643 2416 dum
3660 2375 3763 2415 sum

2345 2461 2597 2524 Ausonii;
2631 2459 2765 2514 feret
2791 2459 2877 2512 ille
2908 2465 3008 2511 tua:
3032 2472 3125 2511 sua
3152 2456 3372 2524 prmmia
3403 2454 3569 2517 laudi,

2343 2552 2524 2619 Deque
2557 2559 2647 2603 tua
2676 2548 2905 2617 primum
2938 2544 3029 2597 tibi
3058 2543 3260 2598 deferet
3288 2542 3486 2596 arbore
3512 2540 3744 2595 fructum.

2418 2639 2571 2694 Unde
2620 2651 2812 2708 precor
2854 2635 3077 2690 meliora
3127 2641 3321 2702 putes,
3388 2647 3500 2686 nec
3554 2630 3765 2684 maxima

3499 2723 3704 2795 [perdas

2204 2823 2304 2880 155
2342 2822 2584 2887 Prmmia,
2616 2818 2931 2877 detestando
2960 2818 3064 2873 tuis
3092 2816 3233 2871 bona
3265 2814 3504 2871 fontibus
3532 2824 3663 2868 orta.

2342 2900 2456 2971 Non
2487 2914 2684 2970 etenim
2712 2911 2841 2965 mihi
2870 2925 3020 2964 mens
3047 2909 3121 2979 (Ιι)
3153 2922 3305 2976 vaga,
3335 2907 3431 2962 sed
3462 2921 3631 2977 neque
3652 2919 3767 2975 paro

3371 2997 3701 3068 [ticipantum

2341 3096 2458 3150 Vita
2478 3096 2634 3161 fugax
2649 3093 2944 3157 hominum,
2965 3090 3136 3161 Lyeire
3157 3104 3260 3158 qua
3281 3089 3475 3143 scribis
3496 3090 3546 3142 in
3565 3085 3767 3141 antris"

2341 3186 2631 3254 Pegaseum
2662 3185 2858 3237 vixisse
2886 3184 3118 3250 equitem
3137 3221 3151 3245 ,
3186 3180 3309 3234 licet
3338 3179 3463 3233 avia
3491 3179 3637 3233 multi

2342 3277 2566 3331 Numine
2587 3282 2779 3343 agente
2801 3274 2997 3337 colant,
3024 3272 3151 3326 clari
3176 3270 3319 3323 velut
3339 3278 3470 3325 ante
3493 3270 3766 3338 sophorum

2202 3367 2303 3421 160
2342 3367 2443 3420 Pro
2465 3366 2653 3419 studiis
2679 3364 2946 3432 Musisque
2968 3362 3076 3416 suis
3103 3378 3115 3413 :
3150 3369 3209 3414 ut
3232 3375 3369 3414 nunc
3390 3374 3607 3427 quoque
3620 3356 3767 3412 castis

2338 3456 2437 3522 Qui
2465 3454 2732 3509 Christum
2762 3467 2999 3508 sumsere
3027 3451 3218 3506 animis
3249 3461 3271 3489 α
3302 3451 3511 3518 agitare
3534 3450 3767 3518 frequen-

3483 3540 3617 3612 [tant
3639 3538 3702 3602 ",

2341 3626 2458 3690 Non
2489 3635 2675 3702 inopes
2705 3632 2887 3691 animi,
2915 3646 3089 3701 neque
3115 3630 3180 3683 de
3211 3628 3421 3683 feritate
3454 3631 3685 3698 legentes

2341 3725 2575 3779 Desertis
2605 3723 2847 3776 habitare
2877 3722 3036 3782 locis,
3070 3720 3162 3774 sed
3195 3721 3245 3773 in
3277 3719 3445 3773 ardua
3478 3720 3617 3774 versi

2340 3816 2558 3878 Sidera,
2589 3821 3001 3883 spectantesque
3032 3812 3199 3865 Deum
3218 3850 3233 3873 ,
3260 3810 3486 3878 verique
3515 3807 3765 3880 profunda

2202 3905 2305 3961 165
2344 3904 2654 3973 Perspicere
2685 3903 2892 3965 intenti,
2925 3901 2990 3955 de
3019 3901 3167 3954 vanis
3193 3900 3359 3954 libera
3389 3901 3537 3956 curis

2341 3995 2461 4049 Otia
2489 4002 2708 4059 amant;
2740 3994 3103 4062 strepitusque
3129 3994 3176 4023 ³⁵
3210 3991 3342 4055 fori,
3374 4005 3659 4061 rerumque
3692 3997 3768 4043 tu-

3465 4083 3700 4156 [multus,

2341 4179 2653 4245 Cunctaque
2682 4175 2874 4228 divinis
2904 4174 3118 4229 inimica
3148 4174 3361 4240 negotia
3390 4174 3567 4239 donis,

2344 4268 2627 4322 Et-Christi
2660 4266 2897 4334 imperiis
2926 4273 2980 4319 et
3013 4279 3194 4318 amore
3220 4264 3427 4327 salutis,
3462 4264 3765 4317 abhorrent.

2341 4361 2553 4429 Speque
2575 4357 2783 4425 lideque
2801 4357 2963 4409 Deum
2987 4371 3180 4424 sponsa
3199 4354 3446 4408 mercede
3462 4362 3767 4422 sequuntur,

660 4462 863 4529 Sponte
895 4457 1103 4510 fatebor
1129 4467 1251 4507 eum
1278 4450 1439 4504 modo
1467 4463 1553 4501 me
1582 4463 1688 4500 nou
1717 4461 1836 4499 esse
1878 4446 1975 4499 sub
2006 4445 2097 4499 illo
2132 4464 2179 4523 ι)
2206 4450 2308 4504 170
2348 4449 2742 4521 369--370
2770 4444 2938 4512 Quam
2968 4445 3165 4500 referet
3203 4452 3381 4498 certus
3432 4461 3541 4497 nun
3591 4444 3771 4511 despe-

663 4553 930 4621 Tempore
972 4548 1064 4620 qui
1098 4546 1330 4611 fuerim,
1358 4556 1467 4611 quo
1512 4555 1619 4594 non
1667 4551 1955 4607 perversus
2001 4536 2099 4590 ha-

1820 4628 1833 4698 ί
1844 4628 2027 4692 bebar,

595 4830 620 4857 ι
650 4818 747 4872 llic
775 4817 900 4871 olim
930 4812 1217 4881 incipiebat
1243 4821 1460 4865 carmen
1488 4804 1575 4858 12.

596 4889 623 4927 δ
680 4888 808 4940 Vide
834 4893 943 4938 not.
975 4883 1098 4935 ⁸225.

597 4972 620 4997 ε
652 4958 705 5010 ld
732 4964 813 5009 est
843 4956 1126 5025 frequentes
1166 4957 1342 5025 agunt.

595 5011 1055 5097 (a)7Edd.'ALtigd_..,
1082 5011 1270 5097 _Gr_a_ii._,
1300 5015 1506 5097 l’oelm.
1528 5022 1583 5095 et
1605 5013 1793 5097 Schot.
1817 5011 1869 5097 in
1891 5022 2096 5079 margg.

528 5083 972 5157 cuiu/Sacchiuo:
998 5090 1090 5143 Vel
1120 5089 1262 5142 aliud
1291 5088 1471 5157 horum
1494 5083 1737 5157 quidquid
1764 5090 1859 5157 est:

597 5147 799 5239 (inibis.
822 5147 1027 5239 ‘Regius
1056 5158 1236 5239 codex
1260 5196 1275 5221 ,
1305 5155 1430 5236 ,H'a:
1467 5147 1612 5239 mihi“
1629 5147 1910 5239 'gratundjqz‘
1944 5147 2098 5239 slulvjs

525 5216 941 5307 afehlibﬁirw?
964 5229 1027 5282 Hi
1056 5227 1124 5280 ὃὸ
1153 5216 1335 5281 versus
1446 5240 1545 5307 uis.
1576 5216 1703 5291 Re'g.
1731 5219 1933 5302 etedit.
1962 5216 2090 5270 Bad.

526 5292 701 5364 locum
732 5304 926 5357 habent
957 5306 1079 5368 post
1106 5312 1318 5351 versum
1342 5293 1571 5368 Moribus
1600 5301 1649 5368 et
1672 5292 1887 5368 monitu.

592 5356 789 5500 geii‘Sic
816 5356 1096 5439 legendum
1144 5382 1229 5420 me
1259 5363 1465 5419 monuit
1495 5361 1559 5414 V.
1593 5360 1652 5414 C.
1683 5358 1797 5414 Nic.
1831 5356 2094 5422 Heinsius,

611 5443 913 5500 ragantibus
941 5438 1215 5492 codicibus
1241 5436 1292 5488 in
1326 5433 1517 5500 quibus
1546 5432 1642 5500 hoc,
1667 5432 1813 5500 feret.
1884 5497 1893 5500 Α

527 5432 913 5513 refragantibus
941 5438 1215 5513 codicibus
1241 5436 1292 5488 in
1326 5433 1517 5502 quibus
1546 5432 1645 5513 hoc
1667 5432 1813 5513 fere}.

600 5497 783 5587 (ἀῑίω
816 5507 1226 5587 _emendavimus
1248 5497 1358 5587 ρι’
1384 5517 1486 5587 ms.
1517 5497 2005 5587 rcodicejvossiauo

526 5566 673 5641 edit?
706 5566 929 5644 Poelm.,
954 5574 1385 5644 succurrentibus
1428 5585 1552 5625 mss.
1584 5567 1759 5644 _Lugd.
1800 5575 1855 5644 et
1879 5566 2011 5644 Reg.
2043 5573 2098 5619 et

529 5634 686 5708 editis
706 5634 842 5706 Bad.
874 5634 929 5703 et
956 5648 1156 5711 Viuot.,
1189 5647 1241 5699 in
1268 5643 1457 5711 quibus
1487 5640 1616 5711 regit
1637 5645 1732 5711 ;‘et
1758 5636 1877 5711 edd.
1904 5634 2091 5711 Gram,

530 5705 735 5778 l’oelin.
765 5705 846 5777 ﬂet
890 5718 1071 5774 Schot.
1117 5705 1171 5773 in
1218 5705 1442 5782 margg.,
1495 5705 1777 5780 inquibus
1822 5706 2013 5776 legitur
2041 5705 2097 5757 in

3239 4536 3506 4607 [rantibus
3535 4544 3704 4594 auter,

2348 4628 2403 4683 Si
2434 4628 2594 4683 modo
2623 4642 2732 4681 non
2763 4624 2979 4681 vincant
3002 4626 3184 4679 vacuis
3212 4624 3496 4693 prmsentia
3520 4624 3709 4686 rebus;

2199 4802 2373 4856 omnia
2400 4840 2412 4854 .
2442 4841 2455 4854 .
2484 4841 2497 4855 .
2524 4842 2537 4855 .
2565 4841 2577 4854 .
2602 4802 2805 4872 infusus
2828 4839 2884 4872 .A.
2907 4839 2926 4872 Α.
2956 4839 2969 4852 .
2999 4798 3229 4872 Christus
3257 4836 3270 4850 .
3299 4836 3313 4851 .
3342 4837 3357 4851 .
3386 4836 3400 4851 .
3425 4798 3511 4868 qui
3533 4805 3773 4864 tempora.

2202 4874 2372 4926 Antea
2404 4868 2677 4938 legebatur
2704 4872 2756 4924 in
2794 4869 3027 4925 editione
3056 4868 3237 4948 Rosva

2327 4984 2419 5041 Qui
2443 4996 2589 5044 super
2611 4996 2753 5032 omne
2779 4982 2900 5039 quod
2927 4989 3018 5038 est,
3046 4989 3097 5029 et
3122 4982 3165 5027 in
3191 4980 3317 5044 omni
3337 4987 3470 5044 totus
3494 4979 3675 5041 ubique

2328 5040 2566 5094 Omniniis
2590 5044 2748 5091 infuso
2767 5045 2916 5091 rebus
2937 5046 3037 5103 agit
3054 5045 3212 5089 omna
3238 5040 3443 5095 Christo,

2328 5106 2433 5164 Quo
2457 5117 2649 5154 mentes
2672 5113 2810 5153 tenet
2834 5115 2980 5166 atque
3006 5111 3188 5159 metet,
3212 5115 3307 5164 quo
3331 5110 3547 5163 tempora
3573 5109 3747 5152 nostra.

2275 5214 2349 5353 ge)
2366 5213 2754 5281 Manuscriptus
2769 5212 2940 5267 codex
2959 5210 3315 5266 Vossianusin
3334 5209 3541 5276 Anglia,
3564 5209 3773 5280 nequid.

2300 5287 2343 5353 Γ)
2374 5283 2659 5353 Μείγοεε.
2700 5298 2820 5336 cum
2851 5283 3008 5335 editis
3034 5280 3238 5353 Lugd_._,
3259 5351 3267 5353 _
3290 5279 3461 5353 Vinet.
3492 5290 3550 5353 et
3578 5279 3773 5353 Poehu.

2300 5279 2343 5354 Γ)
2374 5279 2659 5363 Ms.nV_oss'.
2686 5298 2820 5363 .cum
2851 5283 3008 5335 editis
3034 5280 3238 5363 [λψςιῷ
3258 5351 3268 5363 1
3290 5279 3461 5363 Vinet.
3492 5290 3550 5363 et
3578 5279 3775 5357 Poehu.

2203 5348 2445 5475 eluvie:
2473 5352 2657 5407 Schot.
2685 5352 2737 5406 in
2768 5364 2992 5419 margg.,
3024 5351 3137 5419 ﬁat.
3173 5349 3394 5417 Vulgata
3427 5349 3587 5404 lectio
3615 5348 3778 5415 magis

2203 5438 2236 5477 ι)
2262 5438 2354 5477 ace
2385 5462 2397 5475 .

2532 5488 2663 5558 Reg.
2715 5496 2771 5544 et
2817 5488 2938 5544 edd.
2986 5487 3118 5542 Bad.
3147 5528 3162 5555 ,
3226 5486 3431 5542 Poelm.
3472 5495 3529 5541 et
3577 5486 3775 5549 Vinet.,

2202 5570 2360 5701 αῗλῖ
2381 5628 2767 5701 Manuscriptus
2807 5627 3005 5701 Regius
3032 5627 3204 5701 codex
3230 5641 3351 5681 cum
3384 5618 3542 5701 editis
3566 5623 3696 5677 Bad.
3725 5629 3776 5701 et

2197 5692 2384 5755 sum.
2422 5700 2475 5754 in
2510 5692 2930 5768 marg.,dcmcu}
2970 5697 3181 5764 Sacch.,
3205 5711 3273 5751 an
3303 5692 3514 5766 praeripi
3541 5692 3774 5748 tantum!
