3988 6176
199 296 291 352 δὲίτ
1732 296 1774 353 Ρ

1933 298 1969 355 Α
2004 297 2075 355 x.
3347 292 3454 351 tzrs
3496 356 3508 373 κ

322 406 555 480 Quaque
598 408 747 468 videt
787 420 1043 482 spernat,
1092 424 1211 480 quae
1241 424 1349 465 non
1388 408 1532 464 videt
1558 416 1618 464 ut
1644 423 1760 464 me-
1788 421 1835 477 Α
2008 408 2125 465 Νοη
2160 408 2272 464 lare
2299 406 2767 477 barbaricoorigui,
2796 414 3032 463 mutatus
3061 405 3115 463 in
3147 407 3315 479 ipsos,

1462 501 1683 574 [reatur,
1867 500 1971 555 2I0
2008 500 2152 555 Inter
2178 515 2314 571 quos
2345 497 2421 571 (b)
2449 498 2610 554 habui
2636 499 2782 553 socia
2809 496 3042 564 feritate,
3067 498 3308 554 colonos.

319 593 535 650 Secreta
564 594 762 665 ignitus
790 603 1081 665 penetrans
1106 595 1346 651 coelestia
1365 610 1580 650 sensus.
2005 591 2124 649 Non
2165 592 2357 663 recipit
2381 606 2534 647 mens
2566 606 2700 661 pura
2730 590 2934 646 malum
2958 631 2972 657 ,
3024 605 3199 660 neque
3238 590 3450 646 levibus

320 686 557 756 Namque
583 685 783 740 caduca
811 694 997 756 patent
1025 686 1244 751 nostris,
1267 693 1468 741 mterna
1498 692 1763 753 negantur
3148 683 3376 755 [haerent

195 779 283 833 I75
323 778 558 842 Visibus,
606 785 663 833 et
686 794 829 833 nunc
857 793 952 847 spe
979 779 1254 848 sequimur
1290 778 1435 847 quod
1465 787 1646 832 mente
1674 777 1758 831 vi-
2006 777 2267 847 lnspersaa
2290 774 2435 830 libris
2461 774 2682 829 maculae
2707 792 2719 827 :
2751 774 2831 830 sic
2858 774 3106 830 Vascone
3130 774 3270 829 saltu

1458 867 1689 939 [demus,
2005 867 2257 937 Quisquis
2302 867 2411 935 agit
2459 881 2625 936 purus
2670 865 2891 920 sceleris
2941 866 3107 921 vitam
3156 867 3300 921 inter
3347 866 3453 921 ini—

319 962 647 1031 Spcrnentes
675 961 852 1016 varias
880 958 1393 1030 rerumrspectacula
1426 957 1661 1025 formas,
3127 958 3288 1031 [quos
3312 961 3382 1027 ",

320 1054 385 1107 Et
409 1054 553 1108 male
576 1068 871 1123 corporeos
892 1053 1039 1122 bona
1067 1051 1415 1107 sollicitantia
1446 1052 1610 1105 visus.
2005 1051 2160 1107 Nulla
2186 1052 2253 1107 ab
2281 1050 2573 1106 inhumano
2600 1064 2811 1105 morum
2849 1051 3098 1118 contagia
3129 1050 3276 1107 ducit

318 1149 569 1201 Attamen
598 1147 714 1200 hmo
740 1155 766 1184 ι
794 1145 995 1200 sedisse
1023 1145 1070 1175 "
1100 1144 1204 1197 illis
1231 1143 1496 1198 sententia
1520 1143 1632 1196 visa
1660 1149 1761 1208 est,
1864 1140 1979 1215 215
2009 1143 2251 1213 Hospite.
2284 1141 2391 1197 Sed
2419 1143 2548 1197 mihi
2570 1159 2668 1198 cur
2694 1144 2764 1197 sit
2784 1144 2850 1197 ab
2874 1144 2961 1198 illo
2984 1144 3201 1198 nomine
3222 1143 3450 1209 crimen,

320 1241 455 1295 Tota
477 1240 671 1309 quibus
688 1238 804 1307 jam
835 1238 924 1291 lux
952 1237 1124 1307 patuit
1148 1236 1369 1303 verique
1392 1234 1647 1301 bonique,
2007 1232 2109 1298 Qui
2140 1232 2353 1287 diversa
2382 1232 2525 1295 colo,
2558 1240 2616 1286 ut
2643 1232 2816 1297 colui,
2849 1232 2965 1287 loca
2988 1231 3173 1301 juncta
3202 1234 3454 1303 superbis

194 1340 281 1392 18.)
318 1336 543 1391 Venturi
569 1342 832 1388 aeternum
860 1331 1007 1395 secli,
1041 1339 1095 1384 et
1126 1328 1406 1400 praesentis
1435 1328 1617 1381 inane.
2013 1321 2264 1384 Urbibus,
2295 1329 2352 1376 et
2378 1321 2514 1375 l-.etis
2540 1321 2817 1375 hominum
2848 1321 3199 1376 celeberrima
3221 1322 3423 1377 cultis?

386 1426 461 1479 At
493 1425 625 1479 mihi
654 1439 761 1478 non
791 1422 979 1477 eadem
1006 1420 1091 1475 cui
1121 1420 1323 1488 gloria,
1352 1433 1451 1472 cur
1479 1416 1667 1472 eadem
1695 1415 1768 1471 sit
2010 1414 2086 1467 Ac
2112 1412 2158 1468 si
2186 1411 2501 1466 Vasconicis
2529 1411 2659 1465 mihi
2685 1411 2793 1465 vita
2824 1409 3012 1466 fuisset
3041 1412 3093 1465 in
3122 1413 3254 1477 oris,

317 1518 482 1572 Fama
505 1519 528 1570 ?
551 1516 681 1569 ﬁdes
707 1514 817 1569 voti
837 1514 881 1544 ’⁷
915 1527 1015 1581 par
1044 1518 1146 1583 est,
1173 1509 1267 1564 sed
1302 1523 1515 1563 amoena
1545 1507 1764 1569 colenti,
2009 1505 2117 1560 Cur
2145 1520 2252 1559 non
2283 1518 2434 1557 more
2456 1518 2578 1558 meo
2600 1503 2778 1571 potius
2804 1501 3052 1567 formata,
3082 1503 3283 1583 ferinos

319 1607 474 1662 Nunc
490 1606 653 1661 etiam
676 1613 732 1660 et
753 1576 947 1658 blanda
968 1580 1145 1672 posito
1173 1598 1456 1669 locupletis
1480 1598 1533 1652 in
1556 1597 1581 1635 ιι
1597 1599 1765 1652 acta“
1866 1596 1969 1651 220
2007 1596 2241 1652 Poneret
2262 1594 2288 1632 ἀ
2312 1597 2365 1650 in
2386 1604 2601 1650 nostros
2621 1596 2855 1663 migrans
2879 1611 3009 1664 gens
3031 1576 3262 1650 barbara
3281 1596 3453 1652 ritus?

324 1699 564 1761 Littoris,
595 1697 737 1751 unde
767 1696 881 1749 haec
903 1695 1013 1763 jam
1042 1700 1154 1746 tam
1181 1690 1432 1745 festinata
1463 1689 1724 1751 locorum,
2009 1688 2143 1742 Nam
2168 1687 2314 1757 quod
2341 1688 2394 1741 in
2422 1687 2492 1759 (c)
2521 1688 2724 1741 aversis
2747 1687 3048 1741 habitacula
3070 1688 3225 1756 ponis
3245 1686 3456 1741 Hiberis

196 1793 282 1848 185
317 1790 522 1845 Invidia
552 1788 678 1843 est?
709 1785 910 1840 utinam
932 1783 1108 1853 justus
1135 1796 1223 1836 me
1250 1794 1474 1850 carpere
1503 1779 1642 1832 livor
1797 1782 1843 1841 B
2014 1778 2266 1843 Urbibus,
2302 1786 2358 1832 et
2383 1778 2593 1832 deserta
2626 1787 2717 1832 tuo
2747 1778 2879 1845 legis
2905 1779 3101 1847 oppida
3130 1793 3308 1841 versu,

315 1880 560 1949 Incipiat,
592 1876 789 1931 Christi
816 1876 914 1929 sub
944 1873 1161 1940 nomine
1188 1871 1386 1941 probra
1416 1870 1722 1939 placebunt.
2010 1868 2429 1935 Montanamque
2450 1866 2581 1920 mihi
2604 1864 2937 1935 Calagurrim
2960 1875 3014 1921 et
3033 1866 3261 1921 Bilbilim
3285 1868 3455 1922 acutis

316 1973 434 2027 Non
478 1968 683 2041 patitur
729 1975 973 2022 tenerum
1021 1978 1174 2019 mens
1201 1960 1430 2016 Numine
1472 1960 1624 2014 Iirma
1660 1973 1754 2028 pu-
2011 1955 2345 2011 Pendentem
2372 1955 2630 2024 scopulis,
2662 1956 2963 2025 collemque
2984 1956 3217 2024 jacentis
3247 1958 3429 2013 Ilerda:

1465 2049 1693 2122 [dorem,
1865 2047 1969 2101 225
2006 2046 2336 2117 Exprobras,
2359 2047 2509 2101 velut
2533 2046 2618 2100 his
2638 2045 2874 2101 habitem
2905 2047 3035 2102 laris
3055 2048 3208 2101 exsul
3230 2056 3285 2102 et
3305 2047 3454 2103 urbis

314 2152 379 2207 Et
404 2152 531 2206 laus
557 2150 645 2204 hic
668 2154 942 2204 contemta
964 2144 1106 2200 redit
1130 2142 1260 2197 mihi
1285 2140 1464 2211 judice
1492 2138 1723 2194 Christo.
1870 2138 2220 2210 371-372
2256 2135 2417 2191 Extra
2462 2137 2738 2192 hominum
2780 2144 2921 2192 tecta
2960 2145 3121 2205 atque
3160 2137 3273 2191 vias
3325 2156 3338 2190 :
3384 2152 3452 2191 an

378 2242 466 2296 Ne
495 2255 582 2295 me
611 2240 773 2309 igitur
791 2279 807 2305 ,
833 2233 1137 2291 venerande
1165 2247 1362 2303 parens
1379 2272 1394 2298 ,
1425 2230 1508 2285 his
1536 2240 1595 2283 ut
1624 2228 1766 2283 male
3015 2228 3211 2299 [credis
3240 2226 3452 2282 Hiberae

1453 2321 1692 2393 [versum
2013 2320 2120 2374 Has
2149 2319 2354 2375 telluris
2380 2333 2529 2389 opes,
2556 2318 2775 2390 Hispani
2798 2318 3010 2373 nescius
3038 2319 3184 2373 orbis
3201 2358 3216 2385 ,

195 2423 277 2476 I90
311 2422 613 2492 Increpites
640 2418 848 2483 studiis,
879 2430 1053 2485 neque
1076 2428 1162 2469 me
1191 2412 1277 2468 vel
1303 2409 1529 2480 conjuge
1550 2425 1761 2481 carpas,
2013 2411 2132 2478 Quo
2160 2411 2339 2480 gravis
2369 2411 2459 2465 ille
2489 2409 2599 2480 poli
2628 2410 2728 2465 sub
2755 2410 2993 2479 pondere
3014 2410 3256 2464 constitit
3280 2408 3456 2475 Atlas,

316 2514 409 2569 Vel
444 2513 644 2567 mentis
671 2509 804 2564 vitio
829 2527 842 2561 :
876 2522 982 2562 non
1010 2505 1169 2559 anxia
1199 2502 1630 2573 Bellerophontis
2018 2501 2210 2556 Ultima
2241 2516 2384 2556 nunc
2410 2500 2527 2570 ejus
2548 2516 2704 2555 mons
2731 2500 2909 2570 portio
2945 2508 3198 2568 metaque
3227 2508 3385 2555 terra:

314 2604 470 2660 Mens
517 2610 601 2657 est
626 2643 643 2670 ,
692 2615 793 2656 nec
837 2596 1102 2665 Tanaquil
1147 2593 1319 2659 mihi,
1378 2592 1473 2648 sed
1516 2590 1765 2646 Lucretia
1868 2593 1974 2648 250
2010 2593 2268 2649 Discludit
2292 2593 2552 2648 bimarem
2592 2592 2736 2647 celso
2760 2593 2852 2661 qui
2882 2593 3085 2648 vertice
3111 2591 3350 2661 Calpen?

1450 2683 1689 2758 [conjux.
2015 2683 2217 2738 Bilbilis
2232 2684 2357 2737 huic
2376 2689 2607 2750 tantum,
2625 2682 2947 2749 Calagurris,
2967 2682 3137 2737 Ilerda
3155 2683 3450 2747 notatur",

345 2790 457 2846 Nec
486 2789 623 2844 mihi
651 2803 793 2844 nunc
811 2786 974 2858 patrii
995 2792 1077 2840 est
1104 2783 1186 2855 (ut
1209 2781 1312 2851 vis)
1342 2780 1541 2835 oblivio
1569 2780 1691 2836 οωιὶ
1710 2820 1726 2845 ,
2011 2774 2256 2830 Cmsarea
2280 2780 2365 2828 cst
2386 2773 2621 2841 Augusta
2643 2772 2749 2834 cui,
2766 2771 2843 2841 (ά)
2861 2773 2948 2826 cui
2976 2772 3204 2828 Barcino
3224 2788 3455 2840 ammna,

347 2886 449 2952 Qui
481 2897 756 2938 summum
784 2886 1037 2950 suspecto
1066 2875 1305 2940 Patrem,
1336 2888 1496 2943 quem
1518 2872 1608 2942 qui
1637 2872 1768 2928 colit
2012 2862 2077 2917 Et
2104 2864 2279 2932 capite
2308 2862 2502 2929 insigni
2532 2861 2852 2929 despectans
2878 2861 3112 2916 Tarraco
3140 2872 3384 2932 pontum.

1473 2964 1691 3037 [unua],
2085 2952 2224 3019 Quid
2253 2965 2530 3005 numerem
2558 2950 2804 3019 egregias
2832 2951 2992 3005 terris
3020 2958 3077 3005 et
3118 2953 3387 3008 moenibus
3416 2955 3455 2987 ³¹

198 3066 284 3120 I95
321 3065 414 3122 llic
432 3080 570 3120 vere
590 3078 797 3119 memor
818 3069 903 3117 est
919 3060 1063 3115 cmli.
1098 3055 1271 3111 Crede
1291 3068 1441 3124 ergo,
1466 3063 1639 3125 pater,
1666 3069 1766 3108 nos
3252 3042 3455 3114 [urbcs,

317 3158 422 3211 Nec
457 3154 587 3211 cceli
610 3155 970 3214 immemores,
997 3165 1097 3205 nec
1114 3149 1297 3203 vivere
1316 3146 1512 3202 mentis
1531 3153 1770 3213 egentes,
1801 3148 1847 3212 ο
1875 3134 1982 3190 235
2017 3134 2131 3202 Qua
2162 3134 2432 3204 geminum
2463 3131 2591 3187 felix
2618 3132 2873 3203 Hispania
2903 3132 3073 3187 tendit
3102 3133 3153 3188 in
3181 3148 3385 3203 aequor,

323 3248 694 3315 Humanisque
722 3244 927 3311 agitare
958 3241 1129 3306 locis;
1173 3239 1350 3294 studia
1379 3239 1495 3307 ipsa
1520 3236 1735 3307 piorum
2016 3225 2131 3294 Qua
2172 3224 2246 3298 (e)
2295 3224 2442 3283 Betis
2479 3222 2773 3291 Oceanum,
2817 3221 3261 3295 Tyrrhenumque
3303 3233 3461 3294 auget

318 3342 615 3396 Testantur
660 3350 842 3391 mores
888 3334 1203 3388 hominum:
1261 3346 1364 3386 nec
1409 3330 1554 3385 enim
1606 3328 1773 3397 impia
3189 3317 3459 3391 [Iliberus,

1412 3419 1702 3494 [summum
2018 3410 2257 3482 Lataque
2285 3409 2534 3466 distantis
2554 3409 2728 3481 pelagi
2747 3409 2974 3466 divortia
2997 3410 3251 3481 complet,

319 3524 464 3580 Gens
484 3519 690 3593 poterit
710 3518 925 3573 novisse
945 3516 1114 3570 Deum
1143 3532 1157 3579 ;
1188 3514 1296 3569 sint
1316 3512 1481 3566 multa
1502 3510 1769 3573 locorum,
2017 3502 2159 3558 Orbe
2187 3518 2285 3558 suo
2315 3500 2476 3557 linem
2504 3516 2713 3570 ponens
2743 3500 2793 3554 in
2823 3500 2992 3556 limite
3016 3500 3246 3555 mundi?

197 3616 286 3672 200
322 3591 504 3671 Multa
521 3612 800 3667 hominum
827 3606 1018 3663 studiis
1044 3605 1265 3672 inculta,
1294 3601 1541 3672 expertia
1570 3600 1771 3667 legum,
2086 3596 2169 3649 An
2217 3593 2334 3660 tibi,
2378 3594 2453 3648 mi
2500 3592 2717 3647 domine
2746 3592 2990 3658 illustris,
3039 3591 3085 3646 si
3114 3591 3351 3647 scribere
3395 3591 3468 3646 sit

322 3707 448 3773 Qua:
478 3704 633 3772 regio
669 3700 866 3770 agresti
906 3698 1011 3753 ritu
1039 3696 1229 3752 caret?
1280 3701 1373 3748 aut
1399 3690 1528 3760 quid
1569 3696 1644 3758 (α)
1672 3690 1771 3743 1ιο-

3264 3682 3464 3752 [mens,

1511 3779 1701 3853 [nestis
1872 3774 1977 3828 240
2013 3774 2129 3841 Qua
2151 3773 2374 3841 regione
2402 3771 2632 3837 habites,
2665 3770 2877 3840 placeat
2904 3769 3132 3824 reticere
3167 3770 3427 3825 nitentem

323 3885 648 3957 Improliitas
673 3882 849 3937 aliena
877 3880 1082 3935 nocet?
1111 3877 1248 3943 Quid
1278 3884 1334 3929 tu
1363 3875 1494 3929 mihi
1526 3881 1704 3929 vastos
2018 3864 2378 3932 Burdigalam,
2412 3870 2467 3917 et
2499 3863 2682 3931 piceos
2711 3861 2866 3915 malis
2894 3860 3199 3915 describere
3228 3860 3427 3916 Boios?

324 3953 606 4033 Vasconiaz
629 3974 827 4038 saltus,
857 3979 913 4025 et
944 3982 963 4007 ε
997 3967 1251 4035 ninguida
1282 3964 1526 4033 Pyrenaei
2016 3959 2259 4024 Cumque
2288 3954 2609 4023 Marojalicis
2638 3962 2728 4008 tua
2757 3953 2995 4023 prodigis
3023 3962 3047 3990 ο
3080 3953 3192 4007 otia
3211 3953 3459 4019 thermis,

323 4070 528 4138 Objicis
552 4065 805 4136 hospitia,
839 4063 890 4116 in
921 4062 1095 4131 primo
1120 4058 1273 4127 quasi
1299 4056 1482 4112 limine
1506 4054 1643 4109 Iixus
2014 4048 2160 4103 Inter
2188 4056 2244 4101 et
2282 4046 2560 4101 umbrosos
2586 4046 2755 4100 donas
2781 4045 2874 4099 tibi
2897 4045 3077 4098 vivere
3102 4044 3279 4110 lucos,

195 4160 285 4216 205
323 4134 576 4231 Hispanae
604 4134 840 4224 regionis
868 4167 1042 4220 agam,
1074 4166 1175 4205 nec
1201 4150 1267 4205 sit
1298 4149 1447 4204 locus
1475 4160 1699 4215 usquam
2018 4139 2161 4194 Lzeta
2189 4139 2342 4203 locis,
2366 4145 2421 4191 et
2448 4137 2584 4191 mira
2614 4135 2796 4190 colens
2818 4134 3121 4188 habitacula
3154 4135 3309 4189 tectis
3339 4153 3351 4187 :

323 4226 471 4310 Καί-θ
520 4250 606 4306 vel
654 4248 787 4303 urbe
835 4246 1004 4309 mihi,
1062 4257 1329 4298 summum
1373 4255 1480 4310 qua
1526 4239 1675 4293 dives
1716 4236 1772 4291 in
1872 4236 1981 4291 245
2015 4233 2366 4301 Nigrantesne
2394 4244 2549 4285 casas
2592 4236 2647 4281 et
2677 4227 2746 4298 (f)
2777 4234 2919 4280 texta
2966 4226 3197 4295 mapalia
3241 4227 3460 4293 culmo,

1490 4332 1699 4405 [orbem
2014 4318 2326 4392 Dignaquer
2358 4319 2555 4389 pellitis
2580 4318 2787 4371 habitas
2812 4316 3024 4372 deserta
3055 4316 3320 4384 Bigerris?

322 4438 509 4508 Usque
538 4442 688 4506 patet
716 4447 921 4487 mersos
950 4438 1198 4501 spectans
1226 4427 1481 4497 Hispania
1510 4425 1699 4480 soles?
1797 4504 1828 4508 Δ
1920 4480 1937 4491 ,
2015 4415 2225 4508 Quique
2247 4410 2478 4481 superba
2508 4418 2609 4463 tua:
2637 4409 2680 4440 ³³
2709 4409 3011 4508 conte-mnis
3052 4410 3249 4508 mtenia
3278 4409 3463 4508 Roma:

387 4499 503 4583 sed
525 4499 688 4580 fuerit
713 4522 957 4586 fortuna,
980 4499 1122 4590 jugis
1153 4518 1423 4573 habitasse
1452 4516 1719 4571 latronum
1749 4532 1762 4567 :
1795 4504 1845 4566 Ι)
2012 4505 2232 4571 Consul,
2260 4516 2517 4571 arenosos
2547 4510 2572 4546 κ
2604 4515 2730 4554 num
2752 4499 3043 4567 dedignare
3072 4499 3338 4555 Vasatas?

252 4680 272 4705 ι·
301 4670 354 4724 Id
384 4676 473 4724 est
500 4665 776 4737 placuisse.
808 4662 942 4718 Vide
963 4676 1105 4716 vers.
1140 4657 1224 4711 I2.
1874 4665 1988 4737 ms.‘
2007 4646 2210 4737 codice,
2224 4641 2687 4737 Aet—cdd“;
2705 4640 2891 4696 Schot.
2928 4637 3027 4692 Ed.
3061 4636 3321 4693 Rosv.....
3354 4638 3461 4693 Au-

301 4716 354 4724 -_
387 4716 471 4724 νυ-
859 4716 931 4718 η

252 4750 274 4786 b
304 4748 493 4816 Virgil.
518 4746 668 4803 ἀκτή.

1874 4729 2023 4791 gusta
2052 4719 2133 4770 cui
2166 4716 2459 4770 Barcinnns
2487 4728 2707 4765 amoma.

254 4841 273 4864 ε·
1892 4877 1925 4881 μ
1948 4804 2205 4881 (_e)_Prior
2227 4803 2429 4881 syllaba
2460 4802 2511 4855 in
2534 4800 2703 4881 .Baztis
2730 4814 3010 4881 perperam
3038 4798 3328 4881 corripitur
3341 4815 3461 4855 cum

1876 4868 2238 4946 diphthongus
2258 4868 2366 4946 'sit'L
2379 4880 2442 4946 et
2468 4872 2647 4941 priore
2677 4868 2842 4940 longa
2881 4869 3075 4937 legitur
3097 4869 3264 4946 apud
3289 4868 3463 4946 Luca-

1879 4939 2027 5009 num,
2054 4939 2307 5002 Statium,
2336 4939 2544 5004 Silium,
2569 4949 2625 4994 et
2652 4939 2840 4996 omnes
2862 4947 3070 5009 poetas.
3102 4939 3171 4992 Ut
3198 4939 3463 5007 igiturlex

1879 5016 2036 5071 metri
2061 5020 2369 5068 Servaretur
2397 5012 2627 5079 legerem
2663 5029 2676 5062 :

1969 5116 2072 5174 Qua
2095 5114 2218 5163 Baeti
2244 5112 2509 5168 Oceanum,
2533 5111 2939 5173 'I‘yrrhenumque
2964 5113 3115 5170 auget
3139 5107 3348 5158 Hibero.

251 4906 273 4942 ἀ
307 4907 359 4959 Id
383 4914 472 4960 est
502 4904 794 4973 deponeret.
820 4897 953 4953 Vide
974 4911 1143 4951 carm.
1176 4893 1263 4962 I4,
1294 4910 1346 4948 v.
1378 4893 1467 4947 81.

257 4999 277 5021 ε
308 4986 447 5039 Vide
473 4990 589 5036 not.
624 4980 747 5033 227.

258 5064 275 5101 ί
308 5064 450 5116 Vide
477 5069 591 5115 not.
624 5057 749 5111 228.

257 5154 280 5189 ε
308 5142 444 5196 Vide
468 5148 582 5194 not.
612 5137 734 5191 229.

256 5234 331 5302 (α)
366 5232 447 5284 Ita
474 5247 571 5284 ms.
601 5230 739 5283 Voss
768 5237 823 5283 et
847 5227 975 5283 edit.
1006 5226 1185 5281 Vinet.
1216 5222 1341 5291 Alii,
1364 5223 1414 5277 in
1440 5223 1575 5277 istis.
1607 5220 1770 5277 Utra-

1886 5213 2022 5302 Puos
2047 5225 2232 5302 amnes
2260 5208 2501 5302 dLenotat,
2534 5221 2763 5275 quorum
2788 5205 2946 5259 Bmtis
2975 5206 3027 5259 in
3053 5201 3461 5302 ocea‘nu‘mnﬂi-

192 5274 746 5372 q.,),“ie;f{{(;'};c.gg.;j
770 5274 823 5283 “”
849 5274 975 5283 w'"
1445 5274 1477 5276 ⁷⁷
1620 5274 1642 5276 “
1876 5282 2039 5335 herus
2065 5280 2117 5333 in
2144 5278 2479 5372 Tyrrhenum
2510 5274 2658 5329 mare
2686 5291 2805 5329 sese
2831 5282 3149 5372 exongrarlit.
3179 5274 3460 5341 Vulgatam

1616 5371 1622 5372 ,
1878 5360 2054 5372 .-_---..
2087 5349 2399 5372 _-.:_...:.........
2449 5347 2714 5372 Ληιεηηη...
2767 5360 2923 5372 ,νη-...η
3012 5360 3075 5372 η..
3103 5344 3171 5372 :n:
3205 5358 3323 5372 m-N.
3367 5359 3427 5372 --

256 5343 775 5447 ἷοῖὶῑὶιῑιὶίῒῖᾶἒέι
805 5375 1046 5431 habitavi.
1079 5374 1167 5430 Sic
1196 5373 1382 5427 habere
1410 5388 1509 5441 pro
1536 5371 1769 5425 habitare
1876 5360 2057 5447 ξεξιειιεη
2087 5343 2410 5447 τειίξιυίξηιρξ
2428 5347 2737 5447 “etiam;
2763 5343 3454 5447 ξιξθηπξξηξεξιλιξῑξξ,ξεξῖεξωξξ-

191 5416 575 5513 υεὸξδέίιῖἦζξ
1876 5421 2160 5514 b'i‘tramur,
2191 5434 2313 5474 cum
2350 5433 2469 5472 eam
2494 5416 2739 5471 codicum
2763 5416 3002 5469 omnium
3033 5422 3248 5468 tueatur
3272 5421 3457 5467 aucto-

192 5535 221 5568 v
268 5492 394 5572 269.
431 5516 563 5571 Vide
586 5516 861 5573 Heinsium
892 5492 945 5571 i’n
973 5518 1133 5571 nolis.
1406 5502 1421 5514 ’
1748 5492 1766 5509 ’
1876 5492 2027 5546 ritas-

258 5569 1034 5666 “;Antererat'erersis.VLevi
1058 5569 1196 5651 facta
1219 5594 1592 5649 irmnutatione
1613 5606 1769 5662 repo-
1878 5649 1918 5666 ἢ
1948 5581 2017 5666 (ί)
2049 5579 2144 5666 εἰς
2161 5594 2293 5666 mnss‘.
2327 5578 2552 5666 codices
2569 5577 2704 5666 Heg.
2739 5569 3452 5666 etfxoszz‘et'eiljti

190 5639 1196 5729 suiﬁugfﬁe'riig,"iigf'éggigfm
1219 5639 1591 5649 "mum-ww
1616 5639 1742 5662 ’Ἰν
1878 5639 2182 5729 Ροξίιηηςξ
2204 5649 2390 5705 Schot.
2426 5650 2479 5729 in
2501 5639 2709 5729 ψει-δῖε.
2744 5646 2875 5699 Vide
2921 5643 3033 5729 Nic.
3085 5639 3359 5694 Heinsium
3398 5642 3455 5697 in

259 5745 339 5814 (ἀ)
367 5712 452 5798 lia
478 5712 737 5806 editiones
753 5712 1113 5811 Constantini,
1135 5743 1339 5800 Poclm.
1372 5751 1428 5797 et
1447 5741 1623 5800 Vinet.
1642 5757 1765 5798 cum

486 5831 713 5877 pri-nm
795 5834 816 5877 1
833 5833 894 5877 Υ
912 5833 953 5877 Ικ

1681 5757 1765 5797 um
1877 5723 2021 5778 notis
2040 5721 2109 5775 ad
2139 5719 2428 5777 Nasonem.
2451 5719 2574 5787 Alii,
2608 5712 2758 5784 tecta,
2789 5730 2910 5771 cum
2932 5712 3093 5766 Rosv.

3182 5816 3256 5877 15

483 5831 745 5894 Ριτιιοι..
795 5833 957 5893 LXI.
