3988 6176
201 316 300 373 465

1470 518 1699 589 [nore_m.

262 608 295 662 5
332 608 460 662 Nam
485 606 778 662 Confessor
802 607 935 669 obit,
960 622 1147 676 poenas
1169 623 1275 662 non
1305 615 1497 677 sponte
1519 608 1772 673 lucratus,

337 701 664 768 Acceptantc
695 699 804 753 Deo
826 698 983 752 ﬁdam
1008 714 1106 768 pro
1132 698 1388 766 sanguine
1407 706 1676 763 mentem;

332 791 429 858 Qui
459 792 639 846 cordis
662 790 809 844 taciti
837 798 1126 853 scrutator,
1159 789 1299 844 ferre
1323 798 1541 859 paratos

331 881 657 950 .iEquiparat
679 882 698 911 ¹
720 880 910 949 passis,
933 888 1016 933 sat
1039 880 1241 934 habens
1261 879 1468 932 interna
1493 878 1773 947 probasse,

328 970 662 1040 Supplicium
692 970 867 1025 carnis
884 968 1024 1037 justa
1051 971 1252 1038 pietate
1275 968 1500 1022 remittit
1526 968 1567 1033 ³,

236 1062 301 1115 10
338 1061 650 1133 Martyrium
673 1062 790 1116 sine
836 1060 979 1115 caede
1006 1060 1199 1129 placet,
1233 1058 1332 1130 [(a)
1364 1058 1409 1113 si
1456 1066 1665 1128 promta
1696 1058 1774 1111 fe-

896 1161 905 1169 '
1534 1150 1707 1221 [rcndi

327 1240 585 1308 Mensque
634 1239 873 1309 ﬁdesque
902 1241 1012 1295 Deo
1041 1239 1256 1309 caleat],
1281 1255 1501 1310 passura
1527 1240 1777 1295 voluntas

327 1330 557 1396 Sufﬁcit,
584 1341 639 1385 et
657 1346 865 1386 summa
896 1340 977 1385 est
1007 1332 1205 1399 meriti,
1239 1332 1456 1386 testatio
1478 1331 1610 1385 voti.

398 1421 542 1488 Ergo
571 1421 704 1482 dies,
736 1430 888 1475 tanto
917 1436 1036 1490 qua:
1076 1437 1297 1476 munere
1328 1422 1399 1491 (ὁ)
1430 1423 1635 1475 rettulit
1665 1422 1775 1476 alto

326 1508 559 1563 Felicem
590 1510 746 1575 coelo,
784 1512 952 1564 sacris
974 1511 1322 1566 sollemnibus
1351 1513 1452 1566 ista
1483 1521 1565 1566 est
1599 1530 1611 1565 :

229 1598 290 1652 15
329 1600 462 1654 Nam
510 1609 637 1669 post
684 1601 702 1631 "
733 1594 1043 1666 solstitium,
1090 1616 1197 1670 quo
1246 1601 1497 1657 Christus
1545 1618 1773 1671 corpore

1523 1692 1703 1764 [natus

322 1781 450 1835 Sole
473 1796 615 1835 novo
644 1780 830 1847 gelida:
858 1782 1082 1836 mutavit
1104 1790 1346 1851 tempora
1374 1782 1594 1845 brumaa,

326 1871 507 1939 Atque
556 1871 886 1925 salutiferum
927 1882 1187 1941 praestans
1231 1874 1544 1928 mortalibus
1571 1882 1769 1929 ortum.

326 1959 670 2015 Procedente
695 1961 781 2015 die
809 1976 993 2016 secum
1024 1961 1341 2019 decrescere
1369 1972 1557 2019 noctes

325 2050 517 2117 Jussit,
542 2052 609 2106 ab
639 2052 741 2107 hoc
760 2067 879 2121 qua:
909 2053 997 2106 lux
1027 2054 1198 2107 oritur
1226 2054 1475 2109 vicesima
1504 2056 1525 2087 ⁸
1550 2056 1703 2111 nobis

234 2138 294 2191 2t)
329 2139 613 2195 Sidereum
644 2141 821 2195 meriti
841 2142 1016 2210 signat
1037 2141 1229 2196 Felicis
1250 2144 1531 2197 honorem.

329 2230 573 2298 Denique
604 2231 677 2283 nil
708 2231 880 2300 impar
910 2231 1013 2296 his,
1044 2232 1135 2299 qui
1166 2231 1349 2286 fudere
1378 2248 1644 2298 cruorem,

326 2322 674 2388 Testibus,et
702 2323 856 2377 titulo
876 2324 1032 2376 simul
1056 2331 1110 2377 et
1134 2324 1331 2379 virtute
1364 2324 1433 2395 (c)
1462 2334 1697 2394 recepta,

329 2414 584 2486 Martyris
613 2415 845 2470 ostendit
870 2416 1138 2480 meritum,
1170 2432 1290 2470 cum
1313 2415 1436 2484 jure
1460 2417 1667 2485 potenti

324 2507 615 2562 Demonas
658 2516 894 2573 exercet,
940 2507 1293 2576 devinctaque
1322 2522 1548 2577 corpora
1589 2508 1767 2563 solvit.

228 2596 288 2648 ‘23
327 2599 463 2652 Nam
487 2599 585 2652 sibi
616 2598 846 2652 Felicem
875 2598 1029 2652 czccis
1057 2599 1363 2653 incumbere
1400 2600 1591 2669 pomis,

331 2689 582 2743 Pestiferi
608 2704 858 2759 proceres
888 2689 1025 2742 tristi
1050 2688 1282 2743 clamore
1306 2688 1559 2758 fatentur,

324 2782 688 2853 383-385,
710 2781 1061 2849 Occultasque
1082 2795 1268 2836 cruces
1287 2781 1485 2851 gemitu
1508 2790 1775 2838 testantur

1470 2872 1699 2945 [aperto,

324 2965 684 3034 Velatumque
714 2965 879 3020 oculis
910 2965 1243 3031 mortalibus,
1277 2975 1332 3020 at
1362 2966 1701 3021 manifestum

322 3058 561 3112 Auribus
588 3067 642 3111 et
670 3058 838 3110 multo
866 3064 1181 3125 praesentem
1205 3057 1422 3110 numine
1446 3056 1697 3125 produnt,

227 3148 288 3201 ὅθ
324 3152 462 3203 Cum
491 3150 700 3219 captiva
731 3150 870 3202 intra
898 3148 1145 3218 deprensi
1175 3164 1422 3218 corpora,
1448 3149 1719 3203 Christum
1797 3127 1843 3188 Ο

326 3245 381 3298 lu
415 3252 616 3297 sancto
647 3243 847 3310 fulgere
886 3259 985 3298 suo
1029 3243 1366 3310 clamantque
1412 3243 1769 3312 probantque,

325 3331 693 3384 Membrorum
718 3330 931 3383 incussu
952 3328 1185 3394 tremuli,
1207 3330 1550 3397 capitumque
1572 3339 1769 3395 rotatu,

324 3420 739 3486 Tormentisque
776 3419 905 3483 suis,
954 3417 1049 3472 sed
1090 3434 1201 3472 non
1242 3434 1338 3475 sua
1384 3434 1612 3487 corpora
1660 3426 1772 3472 tor-

1490 3511 1694 3581 [queut,

321 3603 637 3657 Clamantes
664 3602 911 3671 proprios
932 3602 1105 3656 aliena
1134 3616 1231 3670 per
1259 3616 1351 3654 ora
1381 3600 1594 3654 dolores

224 3690 285 3743 33
319 3695 586 3747 Urantum
615 3692 822 3746 veniam
851 3710 863 3744 :
896 3692 1027 3745 latet
1057 3691 1219 3756 ultor,
1246 3706 1403 3759 poena
1432 3689 1659 3743 videtur.

329 3784 463 3838 Tum
496 3784 544 3838 si
572 3799 709 3852 quos
734 3782 979 3850 graviore
1006 3781 1149 3834 malo
1180 3781 1465 3834 violentior
1493 3780 1663 3834 hostis

326 3875 590 3938 Vinxerit,
626 3875 724 3928 ista
752 3874 867 3927 dies
894 3872 1075 3927 divino
1104 3886 1327 3925 munere
1350 3870 1370 3900 ⁸
1399 3870 1576 3923 solvit.

392 3964 635 4019 Cernere
666 3972 789 4018 tunc
810 3963 1009 4033 passim
1038 3970 1122 4016 est
1140 3977 1291 4015 sacra
1312 3967 1535 4029 purgata
1560 3959 1767 4014 medela

327 4056 555 4112 Pectora
588 4054 613 4092 δ
644 4054 915 4108 liminibus
944 4052 1133 4117 sterni,
1160 4052 1273 4119 jam
1311 4058 1491 4105 mente
1520 4050 1765 4117 refectos,

223 4148 285 4201 40
320 4148 610 4202 Cratantms
634 4145 745 4213 jam
768 4160 899 4199 voce
926 4159 1021 4198 sua
1056 4161 1067 4195 :
1101 4142 1372 4197 concurrit
1400 4141 1640 4195 hiantnm

324 4239 506 4293 Turba
541 4246 772 4290 tremens
818 4235 1123 4297 hominum;
1165 4232 1343 4286 mixta:
1396 4233 1534 4285 inter
1578 4232 1768 4299 gaudia

1475 4321 1700 4392 [cunctis

320 4419 621 4476 Prosiliunt
686 4418 933 4487 lacrymae
978 4433 989 4468 :
1052 4429 1285 4484 prmsens
1330 4413 1469 4468 Deus
1524 4414 1770 4467 omnibus

1569 4506 1697 4576 [illic
1796 4488 1847 4545 Ι)

317 4606 573 4660 Creditur
608 4621 620 4655 :
654 4601 895 4655 immensi
926 4599 1073 4653 Felix
1096 4605 1178 4652 est
1204 4596 1372 4664 gloria
1403 4596 1619 4651 Christi.

394 4694 555 4747 Alma
615 4692 729 4745 dies
791 4689 1000 4757 magnis
1070 4686 1373 4741 celebratur
1446 4687 1708 4750 cmtibus,

1378 4774 1491 4847 [(d)
1514 4792 1700 4831 omnes

218 4877 281 4931 43
318 4877 461 4933 Vota
492 4874 675 4929 dicant
701 4871 869 4926 sacris
899 4881 920 4909 ο
952 4876 1069 4923 rata
1107 4867 1381 4938 postibus;
1417 4868 1593 4919 omnia
1636 4881 1770 4933 gau-

1549 4956 1699 5013 [dent

252 5132 275 5159 ε·
306 5122 398 5177 Sic
428 5135 560 5175 mss.

253 5188 277 5229 δ
306 5191 441 5245 Vide
467 5196 583 5245 not.
612 5187 738 5241 255.

254 5273 277 5300 ο
302 5260 437 5314 Vide
466 5274 635 5313 carm.
665 5257 717 5323 5,
750 5274 800 5310 ν.
829 5254 919 5320 58,
942 5259 997 5308 et
1025 5267 1192 5309 carm.
1223 5249 1305 5315 16,
1332 5266 1381 5303 v.
1420 5248 1503 5302 l0.

251 5330 274 5365 ί¹
302 5330 359 5383 1d
389 5338 478 5383 est
497 5345 657 5382 mare.

253 5413 276 5437 ε
307 5399 362 5453 ld
386 5409 474 5453 est
503 5400 771 5467 deponere.
804 5394 937 5467 Vide
964 5408 1133 5467 carm.
1162 5390 1245 5453 l7,
1278 5405 1327 5443 v.
1354 5388 1477 5442 2l8.

253 5471 322 5539 (α)
356 5468 517 5521 Hunc
563 5456 777 5521 versum
824 5465 1121 5519 addidimus
1171 5477 1239 5514 ex
1287 5474 1387 5513 ms.
1416 5457 1601 5514 codice
1628 5456 1762 5511 Ger-

186 5539 447 5593 manensi.

250 5610 321 5677 ib)
352 5607 508 5661 Idem
527 5608 692 5660 codex
722 5622 847 5670 ms.,
866 5602 1122 5677 condidit.

269 5668 339 5745 (ὁ)
390 5677 783 5747 Manuscriptus
837 5668 1033 5728 Germ.
1096 5668 1306 5732 codex,
1368 5668 1599 5735 recepti,
1657 5682 1765 5720 non

188 5750 343 5805 male.

1642 310 1869 367 POEMA
1907 313 2047 368 XIV.

329 428 617 484 Ccelestem
646 436 671 465 ἰ
700 435 929 483 nanctus
961 428 976 459 ¹
1004 429 1120 481 sine
1146 426 1405 495 sanguine
1434 433 1637 496 martyr
1672 425 1773 478 ho-
1803 429 1851 483 Α

3352 324 3458 379 ιϐϐ

2022 448 2307 505 Terrarum
2331 459 2383 505 et
2406 449 2572 522 coali,]
2602 452 2779 509 ridere
2807 455 3018 510 videtur
3044 455 3245 526 apertis

2024 540 2211 595 [Ethra
2244 543 2381 611 polis
2413 561 2425 595 :
2456 559 2679 598 vernum
2709 546 2915 615 spirare
2944 548 3225 603 silentibus
3252 562 3394 603 aura:

2022 631 2275 697 Flatibus,
2310 642 2363 687 et
2391 632 2568 687 laetum
2598 635 2753 703 plaga
2782 637 2997 705 cingere
3044 638 3215 693 lactea
3245 640 3457 693 malum.

2020 722 2127 777 Nec
2156 722 2344 776 modus
2367 732 2451 778 est
2472 726 2682 793 p0pulis
2704 728 3021 781 coeuntibus
3036 728 3249 797 agmine
3273 729 3459 793 denso,

1915 811 1983 865 50
2020 812 2130 891 Nec
2154 812 2392 881 requies,
2425 824 2716 883 properant
2745 815 2798 869 in
2826 816 2999 871 lucem
3021 831 3052 871 a
3082 825 3261 883 nocte,
3292 817 3460 871 diem-

3260 908 3393 980 ique

2019 991 2346 1062 Exspectare
2374 995 2549 1063 piget,
2583 995 2723 1050 votis
2751 996 2919 1051 avidis
2954 1013 3103 1052 mora
3132 1002 3305 1055 noctis

2022 1084 2323 1155 Rumpitur,
2352 1094 2408 1141 et
2436 1096 2649 1143 noctem
2680 1088 2905 1145 ﬁammis
2930 1091 3125 1146 funalia
3146 1093 3388 1160 vincunt,

2021 1174 2280 1243 Stipatam
2310 1176 2489 1231 multis
2519 1193 2676 1231 unam
2700 1177 2852 1246 juvat
2880 1180 3097 1235 urbibus
3125 1182 3309 1235 urbem

2023 1264 2279 1330 Cernere,
2311 1274 2498 1335 totque
2526 1283 2633 1322 uno
2661 1269 2936 1338 compulsa
2965 1271 3211 1325 examina
3240 1281 3389 1327 voto.

1916 1354 1983 1410 55
2023 1356 2220 1411 Lucani
2248 1366 2445 1412 coeunt
2467 1360 2671 1429 populi,
2700 1361 2810 1415 coit
2834 1361 3039 1431 Appula
3070 1363 3261 1431 pubes.

2022 1445 2087 1500 Et
2115 1446 2352 1514 Calabri,
2382 1456 2439 1503 et
2465 1450 2642 1504 cuneti
2689 1465 2826 1520 quos
2865 1450 3033 1506 adluit
3055 1448 3081 1489 ά
3123 1461 3285 1508 aestus
3315 1461 3456 1508 uter-

3241 1548 3390 1619 lane.

2018 1628 2119 1694 Qui
2148 1630 2283 1684 laeva
2308 1638 2363 1685 et
2388 1630 2575 1687 dextra
2600 1631 2812 1687 Latium
2841 1632 3202 1689 circumsonat
3224 1636 3369 1690 unda
3395 1654 3413 1691 :

2020 1719 2084 1773 Et
2106 1736 2210 1789 qua
2238 1722 2321 1777 bis
2351 1731 2528 1778 ternas
2556 1726 2575 1756 ⁷
2604 1723 2896 1793 Campania
2921 1726 3041 1779 laeta
3069 1741 3166 1796 per
3194 1728 3353 1782 urbes

2018 1808 2129 1864 Ceu
2160 1812 2386 1880 propriis
2414 1812 2608 1880 gaudet
2634 1812 2801 1877 festis,
2828 1828 2963 1882 quos
2982 1816 3245 1871 mmnibus
3270 1816 3456 1886 amplis

1908 1903 1978 1957 60
2014 1903 2171 1958 Dives
2192 1904 2354 1958 habet
2382 1903 2584 1974 Capua,
2617 1912 2671 1959 et
2694 1920 2829 1974 quos
2856 1906 3041 1975 pulcra
3070 1906 3339 1977 Neapolis,
3367 1915 3453 1965 aut

3225 1997 3385 2069 [quos

2012 2084 2221 2140 Gaurus
2243 2084 2358 2151 alit,
2388 2083 2508 2145 lana
2529 2094 2785 2139 exercent
2804 2085 2897 2154 qui
2922 2084 3165 2150 Massica,
3196 2088 3397 2155 quique

2017 2176 2262 2232 Ufentem
2305 2176 2643 2249 Sarnumque
2671 2179 2887 2245 bibunt,
2914 2181 3005 2248 qui
3034 2180 3171 2235 sicca
3202 2178 3454 2249 Tanagri,

2014 2267 2223 2336 Quique
2248 2270 2431 2323 colunt
2459 2269 2595 2337 rigui
2624 2268 2799 2323 felicia
2828 2269 2972 2323 culta
2996 2266 3196 2334 Galesi,

2018 2358 2163 2425 Quos
2190 2359 2349 2413 Atina
2375 2367 2589 2429 potens,
2616 2373 2752 2428 quos
2779 2366 2953 2412 mater
2978 2358 3156 2413 Aricia
3183 2358 3367 2413 mittit.

1914 2450 1983 2504 65
2021 2451 2247 2521 ipsaque
2292 2450 2573 2507 caelestum
2616 2451 2784 2506 sacris
2829 2465 3115 2521 procerum
3161 2450 3230 2521 (ε)
3278 2450 3455 2504 moni-

3170 2540 3386 2613 [mentis

2018 2634 2188 2690 Roma
2218 2633 2379 2690 Petro
2408 2632 2682 2703 Pauloque
2719 2642 2931 2704 potens,
2963 2646 3235 2688 rarescere
3262 2630 3455 2700 gaudet

2018 2726 2186 2796 llujus
2215 2727 2425 2781 honore
2454 2725 2523 2796 (ι’)
2552 2725 2677 2790 diei,
2709 2733 2987 2794 portaeque
3014 2739 3081 2778 ex
3111 2738 3206 2779 ore
3226 2720 3456 2793 Capenas

2016 2819 2181 2873 Millia
2210 2818 2538 2888 profundens
2566 2815 2635 2870 ad
2663 2817 2848 2870 amica:
2874 2815 3071 2871 mmnia
3099 2814 3266 2877 Nolae,

2017 2912 2247 2966 Dimittit
2274 2908 2521 2965 duodena
2548 2907 2734 2963 decem
2757 2921 2854 2976 per
2881 2906 3046 2960 millia
3075 2905 3244 2960 denso

1912 3003 1980 3058 70
2017 3003 2240 3071 Agmine
2265 3020 2278 3054 :
2310 3001 2564 3055 confertis
2591 2999 2748 3065 longe
2777 2998 2908 3051 latet
2929 2998 3097 3066 Appia
3122 2996 3308 3050 turbis.

1956 3100 1959 3103 ’
2090 3094 2198 3148 Nec
2240 3094 2435 3156 minus,
2466 3106 2531 3145 ex
2562 3090 2664 3143 alia
2693 3088 2906 3159 p0pulis
2934 3088 3152 3155 regione
3180 3084 3463 3157 profectis,

2017 3187 2218 3255 Aspera
2246 3192 2503 3238 montosae
2532 3188 2825 3251 carpuntur
2849 3188 3013 3235 strata
3040 3180 3268 3245 Latinae,

2016 3279 2162 3345 Quos
2190 3274 2458 3329 Praeneste
2482 3272 2670 3336 altum,
2701 3284 2837 3340 quos
2864 3268 3041 3325 fertile
3082 3269 3253 3340 pascit
3290 3267 3454 3336 Aqui-

3191 3359 3344 3432 [num
3368 3376 3382 3411 :

2018 3460 2269 3527 Quosque
2295 3454 2613 3511 suburbanis
2639 3460 2792 3506 vetus
2820 3450 2996 3507 Ardea
3036 3451 3200 3505 mittit
3228 3450 3295 3504 ab
3323 3447 3451 3514 oris,

1906 3552 1973 3606 ’75
2011 3543 2219 3618 Quique
2249 3547 2433 3602 urbem
2479 3545 2683 3613 liquere
2710 3539 2889 3609 Cales,
2917 3540 3293 3608 geminumque
3314 3536 3454 3591 Tea-

3206 3630 3378 3701 [ωιιη.

2015 3735 2184 3801 Quam
2214 3730 2390 3800 gravis
2418 3727 2719 3791 Auruncus,
2752 3724 2835 3779 vel
2863 3737 3022 3792 quam
3057 3721 3188 3776 colit
3216 3718 3454 3789 Appulus

1992 3874 2015 3894 ο
3156 3809 3337 3880 [asper
3366 3824 3380 3860 :

2014 3914 2128 3967 lluc
2156 3919 2213 3965 et
2237 3908 2481 3964 olivifero
2510 3902 2781 3960 concurrit
2808 3900 2965 3955 turba
2993 3897 3247 3961 Venafro,

2012 4002 2215 4073 Oppida
2245 3997 2516 4054 Samnites
2543 3993 2662 4049 duri
2686 3998 2941 4047 montana
2971 3989 3297 4055 relinquunt.

2015 4103 2152 4157 Vicit
2180 4102 2282 4155 iter
2309 4099 2501 4153 durum
2529 4096 2729 4165 pietas,
2758 4107 2911 4145 amor
2941 4089 3121 4144 omnia
3147 4086 3348 4141 Christi

1905 4200 1973 4254 80
2015 4196 2207 4259 Vincit,
2239 4202 2293 4247 et
2317 4191 2457 4246 alma
2482 4188 2614 4243 ﬁdes
2644 4205 2657 4239 :
2690 4185 2987 4252 animisque
3017 4182 3253 4249 locisque
3277 4179 3453 4342 figen-

3305 4279 3383 4324 tes

3305 4279 3383 4324 tes

2014 4389 2214 4445 Suadet
2262 4382 2455 4439 acerba
2512 4380 2663 4450 pati,
2715 4377 2875 4432 simul
2939 4388 3132 4444 aspera
3179 4380 3201 4408 ο
3252 4382 3456 4512 ρὲιιθτθ

3173 4461 3288 4512 lcor
3330 4475 3381 4512 a.

3173 4461 3381 4532 [corda.

2024 4570 2134 4623 Una
2166 4568 2281 4622 dies
2301 4569 2525 4620 cunctos
2552 4564 2733 4623 vocat,
2763 4571 2866 4609 una
2890 4561 2946 4607 et
2970 4552 3100 4607 Nola
3122 4555 3383 4618 receptat,

2021 4671 2261 4737 Totaque
2282 4666 2439 4734 plena
2469 4662 2598 4723 suis,
2631 4657 2974 4727 spaliosaque
3003 4653 3185 4706 limina
3214 4650 3454 4714 cunctis;

2023 4753 2583 4833 385-386Credas
2607 4747 2899 4804 innumeris
2922 4753 2979 4798 ut
2998 4744 3194 4799 mmnia
3216 4740 3453 4806 dilatari.

1917 4868 1988 4922 83
2024 4861 2354 4932 llospitibus,
2384 4855 2461 4909 sic
2499 4851 2632 4906 Nola
2673 4850 2753 4919 (g)
2793 4845 3025 4913 assurgit
3068 4841 3299 5003 imaginle
3348 4837 3457 4892 Ro-

3278 4945 3398 4984 mm.

3278 4945 3398 4984 mas.

1941 5109 2020 5179 (ά)
2052 5104 2151 5157 llic
2178 5113 2362 5179 versus
2409 5093 2618 5179 additus
2663 5083 3237 5179 estmex_ms_.mco_dieel
3266 5080 3454 5179 geri-1:.

1872 5150 2154 5234 Alite,
2182 5150 2419 5229 (testibus,
2450 5182 2539 5218 ore
2578 5161 2817 5215 Gaudent
2865 5170 3138 5219 terrarum,
3188 5161 3237 5206 et
3266 5150 3453 5213 ridere,

1871 5260 2014 5386 mila)
2046 5314 2125 5368 Ita
2154 5326 2255 5386 ms.
2286 5306 2471 5361 Germ.
2500 5318 2621 5358 cum
2651 5300 2808 5357 editis
2832 5296 2982 5351 Grin.
3015 5303 3071 5350 et
3094 5291 3296 5349 Poelm.
3329 5287 3454 5351 Alii,

1870 5394 2249 5528 ηιῗὸιέξὲ
2280 5449 2463 5528 Germ.
2490 5442 2679 5528 _codex
2719 5430 3449 5528 cum-edzzSellnol-Aiﬂnmgzg;

1868 5498 2460 5599 pei'éyiiiiébiiaﬁiiet
2490 5515 2602 5567 hunc
2641 5528 2746 5599 III”).
2789 5515 2870 5599 es}
2909 5498 3453 5599 “9‘3333'.ﬁ!';‘n".;‘3'35

1995 5561 2864 5656 lavet
2900 5581 3097 5630 nostra:
3121 5563 3365 5626 lectioni;
3398 5561 3451 5616 in

1871 5668 1957 5723 ed.
1985 5665 2174 5724 Rosv.,
2207 5655 2308 5719 die,
2341 5655 2485 5708 nullo
2514 5666 2694 5724 sensu.

1946 5737 2021 5807 (ῃ)
2052 5720 2387 5791 Μεζῦοηιι..
2418 5720 2675 5793 adsurgis.
