3988 6176
555 268 658 322 £67

763 382 840 457 (ᾳ)
869 380 947 436 Tu
979 396 1193 451 quoque
1221 390 1343 452 post
1370 377 1570 435 Urbem
1607 380 1792 434 titulos
1823 380 2014 434 sortita
2047 395 2140 435 se-~
2160 387 2211 443 Α

1792 468 2019 540 [cundos
2040 471 2064 522 ?

697 558 829 613 Nam
856 559 1003 629 prius
1032 560 1255 630 imperio
1281 567 1484 614 tantum
1514 566 1569 612 et
1595 557 1908 612 victricibus
1937 559 2130 620 armis,

695 648 847 703 Nunc
872 656 929 704 et
954 649 1261 720 apostolicis
1301 656 1562 703 terrarum
1590 655 1674 702 est
1700 646 1872 717 prima
1901 647 1922 678 ⁸
1948 646 2132 715 sepul-

1913 737 2060 810 [cris.

703 828 784 884 Tu
809 844 1023 899 quoque
1050 835 1336 900 perpetuas
1361 817 1560 898 duplici
1589 827 1687 883 sub
1715 827 1924 882 honore
1970 841 2132 882 coro-

939 936 948 946 ·
1603 954 1610 960 .
1895 915 2025 987 [nas
2044 954 2060 981 ,

593 1005 662 1058 90
699 1004 835 1061 Ante
861 1005 1175 1072 sacerdotis,
1199 1012 1322 1075 post
1348 1004 1618 1075 martyris,
1651 1017 1813 1058 omne
1842 1018 1940 1072 per
1962 1017 2134 1057 aevum

696 1093 887 1149 Felicis
907 1095 1187 1165 complexa
1218 1095 1314 1158 tui,
1345 1095 1559 1162 gemino
1587 1094 1725 1147 bene
1753 1092 1948 1147 cmlum

695 1181 972 1253 Contingis
995 1183 1386 1240 meritodivini
1415 1193 1588 1237 mater
1613 1183 1790 1236 amici.

775 1272 852 1328 Te
879 1273 1026 1342 prius
1048 1274 1186 1326 alma
1215 1273 1303 1342 pio
1331 1273 1608 1327 celebrans
1628 1271 1815 1324 altaria
1836 1271 1983 1325 cultu

698 1362 986 1435 Presbyter
1008 1364 1253 1427 instituit,
1278 1363 1486 1432 placido
1512 1371 1567 1416 et
1586 1362 1952 1415 moderamine
1974 1353 2131 1414 rexit.

594 1451 663 1507 95
702 1452 776 1524 (ὸ)
819 1451 955 1508 Hine
1000 1466 1214 1522 quoque
1260 1460 1520 1522 perpetuo
1566 1451 1788 1505 decorat
1826 1459 1881 1505 te
1918 1451 2135 1505 nomine

1867 1539 2058 1612 [Felix.

697 1633 936 1704 Namque
959 1639 1051 1690 tuo
1077 1631 1328 1688 meritum
1356 1631 1410 1686 in
1437 1631 1643 1700 gremio
1683 1637 1924 1686 sacratus
1962 1631 2134 1685 hono-

1904 1721 2059 1793 [rem,

700 1814 856 1870 Ducit
877 1811 1149 1870 odorifero
1175 1813 1262 1884 pia
1291 1811 1538 1869 conditus
1564 1826 1684 1867 ossa
1712 1812 1982 1882 sepulcro.

770 1904 950 1960 Aurea
977 1919 1119 1958 nunc
1145 1903 1315 1958 niveis
1343 1911 1607 1957 ornantur
1640 1902 1824 1957 limina
1849 1912 1874 1940 ι
1904 1902 2056 1966 velis,

694 1993 853 2050 Clara
877 2003 1206 2051 coronantur
1232 1994 1411 2049 densis
1439 1994 1628 2047 altaria
1659 1993 1885 2065 lychnis.

523 2117 526 2122 ι
557 2083 659 2140 100
699 2084 920 2140 Lumina
947 2085 1142 2140 ceratis
1162 2084 1444 2138 adolentur
1471 2083 1636 2138 odora
1668 2083 1694 2121 δ
1722 2083 1963 2154 papyris,

695 2174 863 2229 Nocte
890 2174 1082 2242 dieque
1111 2174 1330 2237 micant,
1360 2173 1438 2227 sic
1469 2189 1573 2227 nox
1593 2173 1878 2242 splendore
1905 2172 2010 2226 diei

699 2263 885 2330 Fulget
913 2279 925 2315 :
958 2270 1014 2316 et
1043 2263 1154 2332 ipsa
1183 2261 1297 2316 dies
1324 2261 1527 2316 cmlesti
1556 2262 1774 2315 illustris
1803 2262 2026 2324 honore,

697 2351 822 2408 Plus
856 2352 926 2423 (c)
950 2352 1113 2407 micat
1141 2351 1434 2406 innumeris
1459 2351 1634 2406 lucem
1663 2352 1931 2419 geminata
1961 2351 2133 2406 lucer-

1936 2441 2060 2518 [πίε.

693 2530 803 2587 Nos
825 2546 1038 2601 quoque
1061 2532 1260 2596 felices,
1286 2532 1477 2602 quibus
1503 2532 1663 2586 istum
1692 2545 1915 2586 cernere
1952 2547 2132 2587 coram

563 2620 662 2675 I05
699 2621 762 2676 Et
783 2623 1058 2678 celebrare
1084 2623 1225 2678 diem
1247 2623 1407 2677 datur
1423 2662 1438 2688 ,
1468 2631 1524 2677 et
1548 2630 1792 2693 spectare
1817 2625 2031 2692 patroni

700 2711 942 2778 Praemia,
971 2713 1354 2782 prmstantique
1373 2713 1484 2768 suis
1505 2721 1613 2766 tam
1635 2713 1855 2780 grandia
1885 2712 2100 2768 Christo

693 2800 927 2869 Gratari,
950 2811 1004 2857 et
1025 2803 1175 2858 Ianos
1205 2803 1344 2857 inter
1366 2803 1599 2872 gaudere
1624 2803 1903 2856 tumultus.

771 2893 929 2950 Ferte
955 2893 1085 2958 Deo,
1109 2895 1282 2964 pueri,
1311 2893 1541 2959 laudem,
1567 2894 1652 2964 pia
1677 2895 1870 2951 solvite
1891 2903 2042 2960 vota,

700 2981 768 3038 Et
799 2994 822 3023 ε
845 2986 1051 3055 pariter
1077 2985 1238 3040 castis
1258 2985 1383 3039 date
1411 2987 1646 3039 carmina
1670 2985 1804 3040 festa
1833 2987 2062 3053 choreis,

561 3075 660 3130 110
695 3074 940 3144 Spargite
967 3073 992 3113 δ
1017 3073 1150 3130 ﬂore
1177 3075 1371 3137 solum,
1397 3075 1675 3144 prmtexite
1705 3076 1887 3129 limina
1909 3078 2067 3131 sertis
2092 3094 2104 3130 :
2162 3091 2208 3154 ο

699 3165 1030 3242 Purpureum
1057 3181 1154 3220 ver
1179 3167 1345 3234 spiret
1366 3166 1554 3228 hiems,
1587 3167 1655 3220 sit
1683 3167 1884 3222 tloreus
1907 3183 2079 3223 annus

695 3255 834 3309 Ante
861 3255 1024 3321 diem,
1046 3263 1230 3309 sancto
1254 3255 1409 3310 cedat
1438 3264 1627 3310 natura
1656 3255 1784 3310 diei.

698 3341 945 3412 Martyris
972 3342 1038 3396 ad
1060 3342 1320 3395 tumulum
1345 3342 1508 3396 debes
1540 3352 1594 3397 et
1623 3351 1764 3397 terra
1795 3360 2045 3401 coronas.

697 3429 793 3484 Ast
818 3430 966 3484 illum
995 3429 1174 3499 superi
1196 3445 1348 3485 saera
1377 3431 1544 3499 gloria
1568 3432 1782 3486 luminis
1811 3436 1997 3497 ambit,

561 3522 659 3575 115
699 3519 1000 3575 Florentem
1027 3521 1238 3590 gemina
1262 3521 1388 3576 belli
1418 3522 1672 3590 pacisque
1698 3538 1919 3578 corona.

606 3618 608 3620 ’
764 3611 935 3677 Hunc,
968 3626 1177 3680 precor,
1203 3619 1403 3665 teterna
1433 3611 1708 3666 nobiseum
1732 3629 1864 3682 pace
1883 3629 2132 3669 serenum

697 3702 866 3760 Posce
889 3703 1049 3767 diem,
1081 3703 1187 3756 hoc
1209 3702 1402 3756 iterum
1432 3703 1591 3757 liceat
1619 3703 1854 3770 gaudere
1883 3720 2130 3772 reverso,

693 3795 989 3865 Annuaque
1013 3795 1098 3848 hic
1126 3801 1181 3848 et
1211 3802 1336 3848 vota
1367 3793 1469 3846 tuis
1494 3803 1549 3847 et
1581 3795 1817 3847 carmim
1843 3793 1991 3849 festis

697 3887 940 3942 Reddere
965 3886 1159 3956 placati
1183 3885 1470 3953 tranquillo
1501 3885 1717 3939 numine
1737 3885 1952 3940 Christi.

562 3980 659 4034 I20
696 3977 793 4032 IIic
813 3992 984 4040 amor,
1005 3975 1095 4029 hic
1122 3975 1274 4029 labor
1300 3982 1381 4029 est
1415 3975 1596 4039 nobis;
1630 3974 1745 4030 haec
1772 3982 1897 4030 vota
1919 3983 2132 4030 tuorum

694 4067 916 4137 Suscipe
942 4107 958 4133 ,
1003 4066 1425 4133 comnrendaque
1469 4065 1580 4119 Deo
1612 4104 1628 4130 ,
1671 4073 1730 4118 ut
1778 4081 1898 4120 eum
1945 4067 2130 4123 sedula

1901 4157 2052 4228 [cura

694 4247 980 4303 Servitium
1010 4253 1250 4299 nostrum
1279 4245 1442 4312 longo
1471 4245 1565 4300 tibi
1595 4245 1840 4314 penderit
1860 4263 1998 4315 aevo,

694 4335 841 4390 Tune
887 4335 1099 4390 demum
1129 4335 1208 4405 (d)
1238 4335 1476 4405 placidos
1502 4337 1700 4406 pietate
1726 4337 1924 4391 laboris
1960 4338 2129 4390 alum-

1937 4427 2058 4499 [uos
2156 4448 2208 4508 ι)

694 4518 952 4574 Absolvas
981 4517 1050 4589 (ε)
1079 4517 1320 4572 mittente
1348 4532 1508 4572 manu
1532 4533 1546 4581 ;
1579 4517 1884 4586 positasque
1913 4526 2125 4574 tuorum

553 4609 656 4663 125
693 4610 833 4664 Ante
863 4619 982 4664 tuos
1004 4609 1181 4663 vultus
1209 4609 1414 4662 animas
1440 4615 1654 4661 vectare
1678 4613 1902 4674 paterno

621 4743 637 4763 '
669 4742 812 4795 Alias
844 4740 905 4793 I9
930 4759 943 4794 :
967 4739 1107 4808 quod
1130 4748 1306 4792 autem
1331 4738 1398 4792 15
1418 4745 1555 4804 erat,
1576 4752 1718 4792 nunc
1739 4735 1828 4791 52.
1852 4735 2120 4807 Scriptum

550 4825 691 4865 anno
720 4809 851 4874 597,
883 4809 970 4863 die
1001 4808 1066 4860 M
1093 4808 1309 4862 Januar.

622 4891 648 4916 η
680 4879 798 4932 Vid.
831 4886 943 4931 not.
969 4877 1093 4930 251.

621 4948 644 4984 ι’
677 4947 791 5002 Vid.
817 4959 930 5000 not.
953 4944 1060 4999 255
1084 4954 1138 4998 et
1157 4943 1280 4997 256.

623 5028 644 5056 ο
673 5015 728 5068 Id
757 5023 837 5070 est
863 5015 1034 5068 simul.
1071 5014 1187 5066 Vid.
1211 5029 1376 5069 carm.
1407 5013 1492 5081 15,
1520 5031 1571 5068 v.
1603 5014 1727 5067 554.

617 5085 644 5123 ἀ
675 5084 804 5138 Vide
833 5092 946 5138 not.
973 5083 1095 5137 257.

618 5164 642 5191 θ
669 5153 738 5224 Id_
747 5163 838 5224 _est
857 5155 1093 5224 justitiw.

619 5225 696 5295 (a)
723 5221 786 5295 Hi
817 5219 924 5295 tres
953 5238 1138 5295 versus
1158 5221 1526 5295 desiderantur
1545 5223 1602 5295 in
1633 5238 1732 5295 ms.
1765 5223 1948 5295 codice
1983 5219 2119 5295 Ger-

545 5291 893 5356 tna'nensi.‘li,
909 5293 1095 5360 paucis
1109 5291 1418 5356 quibusdam
1436 5293 1656 5346 vocibus
1679 5291 1988 5352 immutatis,
2005 5292 2114 5358 jam

545 5362 885 5485 ggpetriggtur
913 5363 965 5415 in
1007 5361 1258 5415 Natalitio
1297 5362 1530 5415 carmine
1552 5361 1660 5415 28.
1694 5361 1904 5426 Felicis,
1940 5378 1989 5414 v.
2023 5361 2115 5425 ‘18,

635 5448 664 5483 e
791 5470 804 5483 .

635 5448 690 5483 ει
717 5448 804 5483 ου.

617 5499 693 5570 (b)
720 5498 1105 5570 Manuscriptus
1130 5497 1313 5553 Germ.
1343 5497 1512 5553 codex
1538 5513 1659 5554 cum
1686 5499 1843 5555 editis
1871 5499 2031 5554 Grav.
2065 5507 2120 5554 ct

543 5566 751 5629 Schot.,
784 5567 957 5621 Nunc.

615 5637 688 5708 (c)
719 5636 814 5691 Ms.
847 5638 1052 5703 Germ.,
1083 5637 1231 5689 nitet.

1534 268 1589 324 S.
1633 268 1908 324 PAULINI
1949 269 2201 326 NOLANI
2243 272 2540 328 EPISCOPI
2579 270 2919 326 POEMATA.
3681 271 3769 328 ωδ

2384 383 2461 437 Ne
2488 397 2682 436 renuas
2708 380 2915 450 gremio
2942 378 3154 434 Domini
3181 378 3440 448 fulgentis
3459 378 3520 434 ad
3539 396 3659 436 ora:

2384 473 2555 538 Quem
2576 473 2816 526 bonitate
2838 470 3005 540 pium,
3035 468 3128 524 sed
3157 470 3442 536 majestate
3462 471 3770 536 tremendum,

2386 564 2585 625 Exora,
2618 571 2676 617 ut
2703 562 2952 632 precibus
2977 561 3044 631 (ι’)
3068 560 3242 630 plenis
3263 560 3557 629 meritisque
3577 561 3772 618 redonet

2382 654 2571 708 Debita
2603 661 2790 708 nostra
2829 653 2954 719 tuis,
2984 667 3106 707 cum
3134 659 3191 705 tu
3231 665 3439 720 quoque
3474 665 3648 718 magna
3667 652 3770 720 pio-

3588 744 3713 815 [rum

2245 834 2347 889 I50
2386 832 2592 898 Portio,
2623 841 2936 901 regnantem
2966 832 3112 887 Felix
3135 832 3470 888 comitaberis
3489 831 3712 900 Agnum:

2380 922 2550 979 Posce
2611 923 2792 979 ovium
2847 936 3010 992 grege
3047 939 3148 978 nos
3200 921 3398 989 statui,
3441 929 3499 975 ut
3540 921 3773 976 sententia

3521 1013 3715 1085 [summi

2377 1101 2580 1160 Iudicis
2617 1104 2722 1160 hoc
2746 1119 2962 1174 quoque
2998 1119 3098 1159 nos
3131 1105 3321 1158 iterum
3344 1103 3436 1158 tibi
3464 1118 3669 1157 munere
3692 1102 3775 1157 doc

2378 1283 2456 1338 Ne
2481 1283 2621 1338 male
2644 1284 2868 1351 gratatis
2892 1285 3054 1340 laevos
3071 1284 3337 1353 adjudicet
3361 1284 3548 1351 hmdis,
3597 1195 3717 1267 luet,

2377 1375 2486 1430 Sed
2505 1375 2680 1443 potius
2711 1375 2788 1445 (g)
2809 1375 2998 1430 dextra
3020 1375 3226 1444 positos
3247 1376 3298 1430 in
3326 1384 3494 1445 parte,
3517 1376 3590 1444 (ἡ)
3611 1375 3775 1430 salutis

2239 1461 2341 1516 155
2377 1462 2625 1519 Munilico
2645 1463 2852 1535 pecori,
2880 1463 3217 1531 laudatisque
3235 1467 3255 1497 '
3275 1463 3527 1533 adgregat
3548 1465 3705 1532 agnis.

2804 1552 3037 1606 POEMA
3074 1552 3162 1606 XV
3205 1555 3243 1605 ⁴.

2495 1658 2562 1696 DE
2593 1657 2638 1697 Β.
2666 1659 2852 1698 FELICE
2882 1659 3206 1697 NATALITIL‘I
3236 1659 3444 1698 CARMEN
3473 1659 3542 1698 IV.

2163 1741 2207 1800 Β
2237 1731 2298 1786 S.
2327 1698 2515 1785 elicis
2542 1749 2701 1803 genus
2733 1741 2783 1786 et
2809 1733 3086 1813 originem"
3103 1733 3364 1813 describit,
3389 1742 3437 1788 et
3480 1741 3650 1787 sancta
3687 1732 3780 1804 ejus

2746 1800 2922 1854 muniit
2957 1803 3008 1855 in
3040 1800 3293 1855 Ecclesia.

2376 1891 2725 1964 387-388
2753 1892 2942 1946 Annua
2990 1899 3115 1947 vota
3159 1892 3290 1947 mihi
3336 1899 3603 1956 remeant,
3648 1891 3780 1946 simul

3325 1982 3522 2052 [annua
3552 1982 3724 2050 lingua:

2382 2070 2592 2139 Debita,
2624 2071 2816 2126 natalis
2845 2080 2988 2140 tuus,
3020 2087 3053 2127 o
3077 2071 3378 2128 clarissime
3397 2071 3602 2127 Christo

2376 2159 2548 2228 Felix,
2581 2161 2744 2215 natali
2774 2163 2991 2232 proprio
3018 2162 3148 2217 mihi
3173 2163 3350 2217 carior
3376 2180 3389 2229 ;
3421 2162 3474 2216 in
3501 2179 3601 2233 quo

2379 2249 2683 2314 Quamlibet
2711 2250 3004 2305 innumeris
3031 2251 3137 2306 sint
3163 2251 3355 2320 gaudia
3388 2252 3589 2321 publica
3617 2252 3783 2307 turbis.

2309 2337 2344 2391 5
2382 2338 2477 2394 Est
2502 2339 2703 2410 aliquid
2727 2340 2958 2410 speciale
2983 2342 3107 2408 tuis,
3131 2341 3276 2410 quod
3299 2357 3402 2397 nos
3429 2341 3520 2396 tibi
3539 2340 3759 2397 Christus

2379 2431 2510 2487 Esse
2535 2432 2699 2499 dedit,
2723 2433 2854 2485 viles
2881 2447 3008 2486 caro
3035 2432 3252 2500 largitus
3271 2433 3470 2486 amico.

2377 2522 2495 2576 Non
2523 2521 2646 2592 quia
2676 2530 2732 2574 tu
2759 2521 2949 2590 dignus
2971 2519 3178 2575 famulis
3208 2530 3313 2575 tam
3335 2523 3530 2575 vilibus
3556 2535 3711 2587 esses,

2381 2611 2619 2666 Alternis
2648 2611 2862 2679 dignate
2890 2611 3000 2666 Deo
3034 2612 3048 2642 ⁸
3077 2626 3260 2666 comes
3290 2611 3372 2666 ire
3396 2611 3696 2680 triumphis;

2381 2704 2486 2760 Sed
2513 2705 2634 2775 quia
2664 2720 2764 2759 nos
2791 2705 2978 2774 inopes
3023 2704 3087 2776 (ὅ)
3121 2702 3250 2772 justi
3292 2713 3316 2740 ο
3363 2704 3697 2772 indignosque
3717 2715 3789 2755 sa-

3588 2794 3724 2868 [lutis

2240 2950 2243 2952 _
2275 2883 2343 2939 10
2379 2884 2468 2940 Sic
2497 2885 2666 2939 voluit
2687 2885 2860 2939 ditare
2889 2883 3050 2938 Pater
3074 2884 3264 2948 bonus,
3297 2893 3360 2940 ut
3385 2886 3520 2940 male
3539 2885 3669 2940 dites

2379 2977 2703 3033 Criminibus
2732 2991 2883 3030 versa
2913 2977 2964 3030 in
2995 2977 3185 3031 melius
3215 2977 3328 3031 vice
3363 2977 3676 3040 divitiarum,

2383 3067 2486 3122 Pro
2513 3068 2720 3122 cunctis
2749 3067 2940 3136 opibus
2965 3069 3273 3136 cunctisque
3303 3067 3603 3130 affectibus,
3635 3074 3684 3121 et
3706 3079 3791 3136 pro

2377 3156 2652 3211 Nobilibus
2678 3156 2846 3210 titulis
2873 3165 2926 3209 et
2954 3156 3246 3210 honoribus
3275 3157 3463 3210 omnia
3493 3156 3654 3217 vanis,

2374 3249 2607 3304 Felicem
2648 3263 2962 3318 caperemus
2991 3247 3062 3319 (j)
3093 3262 3223 3317 opes
3246 3287 3259 3312 ,
3292 3249 3631 3317 patriamque
3652 3287 3665 3311 ,
3708 3242 3792 3295 do-

3449 3339 3728 3411 [mumque.

2270 3431 2338 3485 15
2447 3430 2525 3485 Tu
2550 3439 2722 3500 pater,
2755 3437 2810 3485 ct
2851 3431 3046 3500 patria,
3088 3438 3142 3485 et
3184 3429 3400 3497 domus,
3433 3440 3488 3485 et
3522 3425 3790 3484 substantia

3546 3520 3732 3594 [nobis,

2379 3613 2434 3667 In
2466 3614 2723 3684 gremium
2747 3613 2999 3667 translata
3024 3620 3168 3667 tuum
3199 3607 3473 3668 cunabula
3495 3621 3687 3677 nostra,

2376 3702 2442 3756 Et
2471 3712 2592 3757 tuus
2613 3711 2696 3756 est
2721 3702 2872 3757 nobis
2899 3701 3023 3756 nido
3054 3703 3228 3765 sinus,
3260 3702 3368 3757 hoc
3397 3703 3536 3757 bene
3563 3700 3652 3756 foti

2376 3791 2697 3860 Crescimus,
2729 3793 2888 3860 inque
2917 3791 3075 3844 aliam
3119 3799 3394 3846 mutantes
3438 3805 3659 3862 corpora
3698 3787 3794 3843 Ior-

3560 3884 3734 3956 [mam,

2377 3973 2610 4028 Terrena
2634 3972 2878 4028 exuimur
2904 3972 3069 4042 stirpe
3088 4014 3104 4039 ,
3134 3979 3189 4027 et
3209 3973 3564 4029 subeuntibus
3590 3973 3683 4027 alis

2268 4063 2338 4119 20
2376 4064 2643 4119 Vertimur
2672 4063 2723 4117 in
2755 4063 2998 4117 volucres
3025 4063 3189 4116 divini
3215 4065 3425 4120 semine
3452 4065 3620 4120 Verbi.

2377 4154 2453 4209 Te
2483 4154 2754 4208 relevante
2777 4152 2962 4221 jugum
2992 4151 3191 4207 Christi
3215 4153 3332 4208 leve
3361 4156 3648 4218 noscimus,
3681 4153 3726 4206 in
3753 4159 3797 4204 te

2374 4243 2606 4298 Blandus
2626 4251 2681 4298 et
2708 4243 2955 4310 indignis,
2982 4249 3036 4296 et
3060 4242 3229 4298 dulcis
3258 4243 3509 4299 Christus
3538 4243 3744 4298 amaris.

2370 4335 2473 4390 Ista
2503 4335 2616 4389 dies
2643 4347 2770 4402 ergo
2800 4341 2854 4387 et
2882 4333 3035 4386 nobis
3055 4333 3329 4387 sollemnis
3358 4335 3628 4396 habenda,

2373 4424 2501 4491 Quae
2530 4424 2624 4478 tibi
2651 4423 2870 4476 natalis:
2899 4423 3022 4491 quia
3055 4430 3108 4477 te
3136 4423 3275 4477 mala
3306 4433 3492 4478 nostra
3532 4423 3770 4477 abolcnte

2266 4516 2335 4570 25
2371 4515 2672 4571 Occidimus
2699 4513 2916 4578 mundo,
2942 4527 3222 4568 nascamur
3245 4522 3304 4568 ut
3325 4515 3376 4568 in
3409 4516 3551 4570 bona
3579 4513 3796 4568 Christo.

2442 4604 2610 4672 Surge
2638 4605 2797 4673 igitur
2824 4603 3026 4657 cithara
3045 4644 3060 4668 ,
3093 4613 3148 4658 et
3178 4605 3305 4658 totis
3334 4605 3617 4660 intendere
3645 4603 3798 4664 libris,

2300 4737 2381 4806 (ά)
2409 4735 2797 4806 Manuscriptus
2826 4733 2996 4789 codex
3024 4733 3227 4806 Garum,
3260 4738 3502 4806 placitos.

2296 4804 2372 4876 (ε)
2398 4805 2486 4860 Sic
2513 4805 2910 4860 emendavimus
2938 4820 3003 4857 ex
3033 4821 3129 4860 ms.
3173 4804 3529 4862 Germanensi
3553 4807 3732 4863 codice
3757 4811 3803 4859 et

2262 4875 2384 4929 ditis
2406 4877 2659 4929 auinoue.
2693 4873 2832 4928 Edit.
2871 4871 3056 4929 Rosv..
3084 4875 3344 4929 Absolvat.

2228 4890 2384 4930 CUIUS
2406 4890 2659 4930 aumaue.
2693 4890 2832 4928 bdll.
2871 4890 3056 4930 “05"..
3084 4890 3344 4930 Αυδοιυατ.

2303 4890 2384 4928 Ius
2447 4890 2659 4942 umque.
2693 4890 2832 4928 bdlt.
2871 4890 3056 4941 nosv.,

2303 4947 2370 5014 (f)
2402 4891 2508 5008 iis,
2529 4943 2734 5005 Germ.,
2760 4945 2908 4997 lenis.
2945 5012 2976 5014 77
3012 5013 3019 5014 7

2302 5012 2378 5084 (g)
2409 5013 2504 5084 Ms.
2536 5013 2716 5084 Germ.
2748 5027 2867 5066 cum
2895 5012 3053 5066 editis
3081 5014 3337 5082 quinque,
3363 5015 3584 5069 derum.
3623 5014 3802 5084 Vitiata

2226 5081 2390 5221 gosv.
2425 5083 2672 5164 editionis
2701 5081 3170 5151 interpunctio,iin
3200 5081 3347 5154 parte
3372 5086 3562 5139 salutis
3581 5127 3596 5152 ,
3636 5083 3802 5136 Muni-

2269 5170 2326 5206 co
2349 5169 2539 5220 μοί-οη.
2623 5220 2629 5221 7
2753 5220 2760 5221 7

2269 5170 2326 5206 σο
2350 5169 2539 5206 υσεοη.

2299 5170 2706 5289 ῗιιςσίῗεῖῃέοάεχ
2720 5220 3124 5291 Cemanensis,
3154 5222 3371 5291 piorum.

2325 5288 2365 5358 ἱ)
2392 5290 2486 5359 Ms.
2511 5290 2682 5359 codex
2707 5288 2886 5343 Germ.
2914 5330 2929 5353 ,
2956 5294 3108 5359 arqui.

2325 5294 2362 5358 ἱ)
2392 5294 2486 5343 Ms.
2511 5294 2682 5343 codex
2707 5294 2886 5343 Germ.
2914 5330 2929 5353 ,
2956 5294 3108 5359 arqui.

2300 5294 2364 5429 ὃ)
2394 5357 2546 5428 Opes.
2578 5357 2667 5429 Sic
2694 5374 2821 5412 mss.
2845 5361 2951 5413 duo
2973 5359 3151 5414 Germ.
3190 5371 3246 5417 et
3265 5362 3448 5418 Schol.
3477 5360 3533 5413 in
3564 5372 3730 5429 marg.
3752 5364 3802 5410 et

2222 5426 2392 5490 recte,
2423 5426 2520 5502 pro
2566 5426 2876 5502 substantia,
2919 5438 2977 5483 ut
3016 5431 3068 5484 in
3116 5433 3675 5502 sequenti7vers_u,_et7
3695 5427 3800 5495 jam

2226 5497 2501 5571 ρῐωοςξεὶι
2528 5497 2727 5571 mribus-
2755 5496 2970 5567 Legitur
2995 5496 3208 5571 quoqué
3238 5500 3400 5556 nata].
3428 5498 3464 5553 8
3491 5497 3550 5554 s.
3583 5497 3720 5564 εει,
3749 5509 3797 5547 ν.

2223 5565 2346 5630 356,
2381 5565 2568 5619 Felicis
2597 5582 2738 5634 opes.
