3988 6176
216 255 314 315 ισθ
1408 332 1416 333 ί
1612 259 1845 316 rosus
1884 261 1990 322 xv.

347 369 525 425 Excita
554 370 637 426 vis
665 372 857 428 animae
887 375 1052 430 tacito
1082 389 1198 430 mea
1229 376 1434 432 viscera
1463 384 1647 441 cantu,
1807 385 1860 438 Α

345 460 452 517 Non
483 461 647 514 tacita
676 461 853 518 cordis
884 464 1170 530 testudine,
1193 464 1442 520 dentibus
1463 466 1603 532 ictis,

344 550 522 607 Pulset
565 566 720 607 amor
746 553 978 622 linguae,
1020 555 1228 624 plectro
1269 554 1350 624 (a)
1389 555 1503 628 lyra
1529 563 1784 626 personet

1229 689 1236 695 .
1557 662 1708 700 IOIIS.

1229 689 1236 695 .
1579 662 1708 701 OI'IS.

237 735 302 788 ευ
405 732 518 788 Non
561 747 663 802 ego
708 732 1011 790 Castalidas
1053 743 1235 791 vatum
1264 647 1641 807 phantasmgta
1669 736 1782 792 Mu-

1621 841 1682 880 as

335 917 440 971 Nec
458 914 683 970 surdum
715 915 886 970 Aonia
912 914 1174 970 Phoebum
1199 916 1268 972 de
1296 932 1430 986 rupe
1451 827 1706 979 ciehfisfs’

333 1006 600 1062 Carminis
661 1006 910 1061 incentor
971 1005 1220 1062 Christus
1283 1007 1418 1064 mihi
1478 1025 1490 1059 :
1560 1021 1781 1061 munere

1488 1097 1708 1170 [Christi

334 1188 518 1244 Audeo
546 1196 803 1258 peccator
831 1187 913 1259 (ὁ)
939 1196 1186 1245 sanctum
1214 1197 1270 1244 et
1294 1189 1538 1245 coelestia
1567 1188 1685 1243 fari.

333 1280 436 1333 Nec
457 1278 554 1334 tibi
574 1277 810 1343 difﬁcile,
833 1276 1209 1348 Omnipotens.
1235 1295 1356 1336 mea
1374 1280 1589 1336 solvere
1606 1279 1782 1334 doctis

330 1369 431 1424 Ora
460 1370 654 1434 modis,
685 1370 779 1439 qui
807 1378 954 1424 muta
978 1370 1144 1439 loqui,
1170 1370 1336 1426 ﬂuere
1364 1371 1534 1434 arida,
1562 1370 1697 1424 solvi

332 1463 470 1518 Dura
491 1461 673 1533 jubes.
707 1459 787 1516 Tu
809 1475 1047 1531 namque
1075 1461 1281 1518 asinam
1309 1461 1537 1517 reboare
1559 1461 1778 1530 loquen-

1161 1567 1164 1572 ·
1537 1551 1631 1613 ldo
1655 1560 1700 1613 ³,

1161 1567 1164 1572 ·
1560 1551 1631 1604 do
1655 1560 1700 1613 ³,

331 1646 738 1715 Perfectamque
758 1644 854 1700 tibi
878 1643 1144 1701 lactentes
1164 1642 1195 1683 ιι
1221 1645 1242 1676 ⁸
1270 1642 1507 1698 condere
1527 1550 1738 1695 l[audem

332 1736 550 1803 Fecisti,
579 1743 636 1790 et
661 1733 895 1791 solidam
919 1734 938 1764 ⁸
959 1733 1166 1790 solvisti
1194 1733 1247 1788 in
1278 1731 1496 1786 ﬂumina
1526 1744 1737 1799 rupem,
1805 1729 1854 1790 Β

334 1827 395 1882 Et
419 1837 624 1882 terram
648 1827 766 1880 sine
790 1838 929 1892 aqua
952 1823 1144 1879 subitis
1172 1836 1394 1878 manere
1420 1819 1638 1876 ﬂuentis

232 1923 291 1974 tu
325 1919 559 1982 Iussisti,
583 1916 796 1971 deserta
824 1915 1006 1984 rigans
1032 1915 1087 1970 in
1113 1929 1265 1984 spem
1293 1913 1634 1983 populorum,

325 2014 378 2066 ln
399 2027 638 2080 quorum
666 2018 882 2066 arentes
911 2007 1120 2062 animas
1145 2006 1235 2076 pia
1262 2005 1433 2075 gratia
1463 2003 1632 2068 ﬂuxit,

319 2103 468 2168 Quos
495 2100 741 2155 Christus
763 2099 886 2153 vivo
909 2111 1135 2150 manans
1161 2103 1314 2165 petra
1337 2094 1486 2150 fonte
1510 2092 1717 2149 refecit.

397 2189 558 2247 Unde
585 2203 688 2258 ego
711 2204 836 2259 pars
857 2187 1139 2242 hominum
1159 2184 1404 2250 minima,
1428 2185 1530 2240 isto
1554 2199 1778 2240 munere

1483 2275 1673 2349 [lretus
1691 2318 1706 2344 ,

329 2372 507 2432 Ruris,
537 2370 770 2435 Christe,
802 2370 878 2424 tui
900 2368 1053 2423 vivos
1077 2381 1270 2438 precor
1291 2365 1470 2422 aridus
1496 2366 1740 2422 haustus.

231 2467 289 2517 t5
326 2467 392 2518 Da
429 2465 651 2519 verbum
676 2463 742 2517 de
764 2462 911 2517 fonte
934 2469 1058 2526 tuo;
1094 2468 1184 2514 tua
1204 2475 1312 2514 non
1332 2473 1476 2528 queo
1500 2457 1600 2513 fari

322 2555 394 2610 Te
421 2555 576 2619 sine;
608 2566 840 2623 namque
868 2551 946 2605 tui
975 2551 1092 2605 laus
1117 2549 1400 2620 martyris.
1446 2557 1504 2604 et
1532 2556 1624 2606 tua
1662 2549 1779 2604 laus

1581 2637 1702 2711 [est,

322 2736 420 2802 Qui
458 2734 588 2788 facis
610 2733 960 2802 Omnipotens
988 2731 1235 2786 homines
1261 2730 1440 2786 divina
1470 2724 1669 2795 valere,

326 2829 620 2897 Fortiaque
668 2824 892 2880 infirmis
937 2839 1232 2894 superans,
1281 2823 1352 2879 de
1395 2839 1560 2880 carne
1585 2825 1777 2879 trium—

1521 2913 1700 2986 fphas,

329 3007 691 3081 389-390
718 3004 908 3060 Aerias
937 3004 1015 3074 (ε)
1045 3017 1298 3074 proceres
1325 3003 1546 3060 vincens
1575 3005 1628 3060 in
1656 3018 1779 3060 cor-

1310 3097 1467 3168 [pore
1496 3105 1700 3152 nostro.
1803 3092 1850 3152 C

234 3195 293 3248 50
393 3193 582 3261 Quare
630 3191 792 3255 ades,
825 3197 886 3244 ut
923 3188 1062 3244 duce
1109 3196 1162 3243 te
1190 3197 1444 3259 repetens
1471 3189 1538 3244 ab
1576 3187 1782 3258 origine

1468 3279 1706 3352 [versam

331 3375 570 3431 Felicem
601 3387 821 3428 narrare
851 3380 1019 3435 tuum,
1046 3371 1130 3426 cui
1157 3370 1338 3426 nobile
1365 3370 1584 3426 ductum

330 3467 402 3521 Ex
436 3464 662 3519 Oriente
684 3477 852 3531 genus
884 3480 897 3515 :
933 3477 1032 3516 nec
1058 3462 1200 3515 enim
1230 3461 1400 3530 magis
1429 3462 1598 3516 altera
1629 3462 1786 3516 tellus

329 3556 530 3610 Felicis
555 3555 784 3624 patriam
811 3551 1010 3618 decuit,
1041 3565 1201 3619 quam
1230 3565 1348 3619 quae
1371 3551 1721 3620 patriarchas,

330 3648 578 3716 Quaeque
606 3645 724 3716 pios
774 3643 1003 3708 tulerat,
1045 3639 1242 3696 Christi
1286 3657 1438 3697 sacra
1467 3657 1624 3707 vasa,
1657 3657 1786 3712 pro-

1479 3731 1709 3804 [phetas.

243 3828 304 3880 55
339 3827 494 3884 Unde
519 3834 576 3882 et
603 3824 914 3897 apostolicis
944 3822 1174 3880 fundens
1199 3838 1293 3878 sua
1325 3823 1404 3895 (ά)
1435 3821 1650 3877 ﬂumina
1685 3823 1788 3876 lin-

1558 3911 1718 3984 [guis,

335 4009 537 4064 Totum
561 4007 836 4077 Evangelii
864 4021 1031 4062 sonus
1059 4008 1329 4062 emanavit
1355 4007 1408 4062 in
1438 4007 1644 4062 orbem.

339 4101 565 4155 Debitus
589 4099 711 4154 inde
737 4099 846 4153 Deo
876 4097 1048 4162 Felix,
1077 4100 1322 4167 genitore
1345 4097 1590 4167 profecto

338 4191 549 4245 Italiam
579 4190 804 4246 necdum
831 4188 1063 4256 genitus,
1096 4196 1276 4244 tamen
1307 4189 1360 4243 in
1389 4199 1542 4258 patre
1567 4193 1715 4247 venit
1744 4211 1754 4244 :

339 4281 488 4336 Civis
516 4288 576 4334 ut
601 4279 794 4335 aﬂ‘ectu
825 4278 1024 4334 nostris
1049 4277 1284 4333 oriretur
1304 4279 1358 4333 in
1387 4280 1525 4346 oris;

242 4373 306 4423 60
343 4373 450 4428 Nec
478 4373 731 4442 cuiquam
760 4380 947 4425 natum
987 4370 1087 4424 nisi
1114 4370 1270 4426 nobis
1294 4386 1354 4427 se
1379 4371 1726 4429 meminisset.

340 4463 430 4519 Sic
458 4471 619 4534 pater
646 4462 916 4518 Abraham
945 4461 1158 4517 Domini
1183 4471 1450 4533 praecepta
1471 4473 1704 4530 secutus,

345 4553 574 4608 Mutavit
602 4553 802 4621 patrias
825 4560 1054 4606 externo
1080 4551 1286 4620 cespite
1316 4559 1506 4614 terras,

345 4643 460 4715 [(e)
495 4643 855 4712 Deposuitque
900 4656 1110 4698 sacrum
1157 4640 1473 4697 Chananteis
1509 4656 1705 4697 semen
1741 4645 1791 4700 in

1519 4734 1681 4806 [arvis
1702 4753 1715 4800 ;

281 4852 302 4876 ⁸·
335 4843 492 4896 Num.
523 4859 652 4908 xxn,
675 4841 764 4896 ‘28.

285 4912 306 4947 ι’
339 4911 536 4966 Psalm.
567 4930 678 4976 VIII,
703 4912 756 4965 3.

286 4994 306 5018 ε
343 4983 476 5037 Vide
504 4991 619 5037 not.
652 4981 776 5036 554.

283 5050 305 5085 ά
335 5051 390 5122 Id
411 5061 497 5107 est
519 5054 709 5122 rapuit.

284 5121 447 5175 e‘v’ide
478 5121 588 5176 not.
621 5121 746 5176 258.

286 5199 361 5254 (ιι)
393 5190 492 5245 Ed.
523 5191 708 5254 Rosv.,
741 5210 847 5247 cor.

287 5259 364 5326 (ὁ)
396 5260 546 5316 Ms.l
581 5259 788 5326 Germ.,
821 5272 1023 5316 sancta.

289 5335 360 5398 (ε)
392 5329 493 5385 Hic
519 5346 705 5386 versus
729 5332 1066 5387 desideratur
1108 5336 1159 5388 in
1201 5351 1307 5390 uno
1330 5335 1681 5392 Germanensi
1705 5354 1800 5392 co-

220 5397 333 5478 dice
357 5415 463 5453 ms.
489 5401 654 5478 A_lter2
678 5403 859 5478 {terius
881 5418 1136 5478 proceres,
1163 5413 1328 5478 recte,
1350 5406 1399 5458 id
1421 5415 1501 5478 est
1521 5407 1800 5478 dmmoites.

220 5465 306 5521 Sic
336 5478 487 5523 amat
512 5471 656 5540 loqui
687 5465 970 5542 Paulinus;
1011 5473 1061 5526 in
1093 5465 1326 5542 epistola
1349 5476 1490 5528 enim
1513 5477 1582 5528 24
1607 5477 1672 5530 ad
1704 5477 1804 5529 Se-

226 5551 432 5611 verum,
462 5539 604 5611 num.
640 5539 728 5605 l4,
753 5543 913 5595 hostis
936 5543 1095 5605 aerii;
1127 5539 1252 5597 etin
1283 5544 1438 5611 epist.
1468 5545 1536 5598 23
1566 5547 1630 5599 ad
1658 5560 1808 5598 eum-

221 5606 361 5668 dem,
385 5624 441 5660 n.
470 5607 552 5671 20,
575 5611 862 5678 principum
884 5613 1018 5664 ueris
1043 5613 1211 5682 hujus.
1241 5606 1402 5674 Alias,
1430 5615 1665 5684 Assyrios
1689 5632 1807 5682 pro-

221 5689 376 5726 τίνει.

409 5743 542 5802 Edit.
594 5748 782 5813 Rosv.,
830 5749 1067 5818 fulmina,
1115 5749 1502 5821 refragantibus
1531 5753 1647 5807 aliis
1677 5769 1804 5808 mss.

1819 4456 1866 4514 ι)

3368 280 3469 340 4Ἱο

2031 399 2181 454 Unde
2203 404 2514 470 peregrinas
2539 406 2802 463 subeunte
2831 409 2851 438 ⁸
2881 409 3173 479 propagine
3201 418 3390 476 terras,
3417 409 3436 481 ]

1918 488 1988 544 65
2025 489 2246 561 Mystica
2278 492 2511 550 Felicem
2539 497 2694 552 nobis
2723 500 3015 554 transmisit
3040 502 3222 569 origo,

2024 577 2194 644 Quem
2225 583 2458 650 perfecta
2492 584 2622 640 ﬁdes
2653 587 2740 640 illa
2770 587 2953 643 radice
2977 588 3276 658 profectum

2026 668 2287 734 Prodidit,
2315 681 2374 726 ut
2403 675 2558 730 nobis
2583 685 2728 731 esset
2756 679 2845 747 pia
2873 694 3009 733 vena
3043 690 3064 717 ο
3097 679 3238 734 ﬁdei.

2024 757 2169 813 Felix
2199 777 2340 816 nunc
2363 764 2526 818 etiam
2557 767 2730 834 posita
2756 782 2877 822 cum
2899 783 3064 823 carne
3093 769 3343 838 quiescit,

2026 847 2258 917 Spiritus
2289 851 2340 904 in
2371 852 2586 907 Christo
2612 855 2812 920 vivens,
2846 857 3194 925 operantibus
3220 857 3342 912 altu:

1921 935 1986 989 70
2024 937 2246 993 Virtutis
2275 941 2482 997 meritis
2512 942 2741 998 Abraha:
2767 946 2973 1000 semine
2995 954 3166 999 mutat

2023 1026 2283 1082 Duritiam
2312 1030 2568 1099 lapidum,
2599 1049 2734 1103 quos
2754 1035 2977 1089 suscitat
3003 1034 3058 1088 in
3086 1035 3229 1089 bona
3259 1035 3398 1089 vitm.

2093 1119 2206 1174 Hac
2235 1120 2396 1188 igitur
2424 1125 2668 1192 genitore
2696 1124 2834 1195 Syro
2859 1134 3147 1192 generatus
3177 1127 3232 1179 in
3260 1127 3411 1189 urbe,

2025 1209 2282 1264 Dilectam
2315 1214 2482 1267 coluit
2511 1216 2697 1283 patria}
2723 1217 2822 1270 sub
2851 1215 3082 1283 imagine
3108 1216 3326 1283 Nolam,

2023 1299 2163 1354 Sede
2191 1301 2358 1357 beans
2385 1304 2580 1372 placita
2608 1322 2621 1357 :
2656 1306 2934 1374 multoque
2960 1306 3182 1361 relictus
3203 1307 3257 1361 in
3283 1323 3438 1376 auro,

1916 1389 1985 1443 75
2023 1389 2181 1445 Dives
2205 1406 2367 1460 opum
2393 1394 2580 1463 viguit,
2614 1396 2858 1463 quamvis
2884 1397 2910 1428 ⁸
2939 1412 3047 1451 non
3077 1399 3268 1453 unicus
3292 1399 3471 1454 heres.

2025 1479 2238 1534 Hermia
2269 1497 2389 1537 cum
2420 1481 2582 1538 fratre
2603 1485 2685 1538 sui
2714 1487 3033 1555 cognomine
3059 1487 3229 1556 patris

2025 1571 2292 1629 Terrenas
2319 1574 2498 1629 divisit
2519 1591 2683 1645 opes;
2709 1576 2948 1632 coalestia
2973 1578 3121 1632 solus

2019 1661 2260 1718 Obtinuit
2287 1664 2468 1732 Felix;
2499 1668 2741 1735 geminos
2768 1669 3037 1724 sententia
3075 1669 3284 1725 discors

2023 1753 2211 1808 Divisit
2233 1753 2424 1810 fratres
2450 1773 2463 1808 :
2493 1756 2766 1810 Hermiam
2795 1756 3028 1812 mundus
3058 1755 3084 1794 δ
3111 1759 3307 1826 abegit,

1910 1845 1979 1894 80
2020 1844 2255 1901 Felicem
2284 1844 2531 1902 Christus
2559 1848 2660 1902 sibi
2688 1847 2905 1902 sustulit
2933 1866 2946 1902 :
2979 1848 3070 1903 ille
3097 1850 3296 1905 caduca

2021 1935 2225 2000 Maluit,
2255 1938 2342 1992 hic
2374 1938 2442 2008 (f)
2493 1937 2665 1993 solida
2699 1957 2711 1991 :
2742 1939 3095 2008 praesentibus
3123 1941 3210 1995 ille
3229 1941 3470 2010 cohaesit,

2023 2027 2129 2083 Iste
2155 2029 2329 2083 solum
2358 2029 2498 2084 cmlo
2521 2029 2701 2094 vertit,
2733 2030 3056 2099 patrimonia
3078 2031 3298 2097 regnis:

2023 2117 2114 2172 Ille
2140 2119 2298 2173 heres
2325 2125 2532 2172 tantum
2560 2119 2765 2187 proprii
2791 2119 2982 2187 patris,
3012 2119 3114 2174 iste
3141 2121 3366 2174 coheres

2023 2207 2242 2262 Christi.
2266 2207 2372 2262 Sed
2400 2208 2519 2278 quis
2546 2215 2656 2261 tam
2686 2207 2886 2262 variam
2908 2209 3132 2263 miretur
3159 2210 3226 2264 ab
3251 2227 3359 2266 uno

1919 2297 1989 2352 85
2027 2298 2299 2366 Sanguine
2328 2298 2640 2368 progeniem
2661 2339 2676 2364 ,
2712 2306 2958 2354 veterum
2996 2299 3137 2355 inter
3162 2308 3348 2355 sancta
3377 2316 3473 2370 pa-

2481 2441 2486 2446 .
3169 2391 3403 2462 [rentum

2026 2475 2258 2547 Pignora
2285 2477 2377 2546 qui
2406 2477 2610 2546 relegat
2635 2479 2956 2548 populorum
2976 2480 3143 2550 stirpe
3164 2480 3391 2534 duorum

2024 2569 2329 2624 Fecundam
2355 2583 2559 2638 pugnas
2589 2571 2727 2624 uteri
2755 2571 2991 2626 doluisse
3019 2557 3359 2626 Rebeccam?

2024 2655 2498 2726 Conquestamque
2519 2658 2630 2713 Deo
2655 2660 2861 2728 gravidi
2885 2661 3173 2716 luctamina
3202 2662 3440 2716 ventris?

1991 2800 1993 2802 .
2022 2744 2156 2800 Cum
2176 2745 2288 2814 jam
2310 2754 2438 2802 tunc
2465 2745 2721 2803 fremeret
2740 2758 2937 2805 sanctae
2963 2751 3103 2805 intra
3129 2752 3332 2806 viscera
3361 2743 3474 2806 mal

3235 2844 3374 2914 [tris,

1917 2927 1986 2982 90
2023 2925 2152 2994 Qua:
2184 2943 2326 2982 nunc
2355 2928 2492 2981 intra
2518 2936 2726 2982 uterum
2756 2929 2940 2984 mundi
2967 2931 3233 2986 discordia
3264 2933 3432 2986 saevit.

2028 3017 2246 3087 Hispida
2272 3016 2467 3071 Judzcis
2496 3017 2576 3088 (g)
2603 3017 2731 3072 hirti
2758 3020 3085 3076 sectantibus
3105 3018 3242 3074 Esau

2025 3104 2273 3172 Perﬁdia,
2299 3104 2523 3160 addictis
2551 3106 2752 3176 popqu
2780 3108 2984 3163 servire
3012 3109 3226 3163 minori.

2027 3195 2095 3250 At
2122 3195 2276 3250 nobis
2303 3195 2489 3250 Iazvem
2518 3210 2615 3264 per
2643 3195 2722 3267 (li)
2750 3188 2888 3252 lenia
2919 3199 3067 3268 pacis
3095 3198 3274 3264 Iacob,

2027 3285 2142 3353 Qua
2170 3285 2257 3340 via
2286 3285 2420 3351 lucis
2449 3286 2578 3354 agit,
2611 3287 2838 3342 meliore
2867 3290 3215 3358 sequentibus
3243 3300 3383 3346 ortu.

1920 3377 1990 3432 95
2097 3377 2239 3446 Ergo
2265 3376 2381 3446 pari
2410 3377 2592 3446 dispar
2614 3376 2836 3432 fratrum
2858 3377 2926 3433 de
2946 3380 3204 3450 sanguine
3225 3381 3473 3448 sanguis:

2031 3469 2292 3533 llermias,
2325 3468 2472 3522 velut
2500 3483 2658 3539 asper
2688 3467 2854 3524 Edom
2885 3477 3101 3526 terrena
3133 3480 3373 3538 secutus,

2028 3559 2273 3628 Squaluit
2303 3559 2355 3612 in
2384 3573 2550 3612 vacua
2574 3559 2818 3628 captivus
2847 3558 3080 3627 imagine
3109 3563 3312 3628 mundi,

2030 3651 2279 3718 Duraque
2304 3649 2523 3702 Idumaei
2554 3649 2793 3715 praglegit
2820 3649 2884 3717 (ί)
2912 3665 3036 3703 rura
3067 3652 3324 3726 parentis,

2046 3742 2399 3814 391-392
2429 3740 2485 3794 In
2516 3739 2694 3807 gladio
2729 3740 2917 3795 vivens
2956 3741 3195 3810 proprio,
3225 3757 3478 3811 variatque

3215 3829 3479 3900 [laborem

1894 3921 1997 3976 IOO
2035 3919 2233 3974 Militia:
2261 3919 2497 3974 sterilem
2528 3919 2783 3986 tolerans,
2816 3920 2909 3988 qui
2939 3920 2960 3950 ⁸
2984 3919 3212 3974 Caesaris
3241 3921 3407 3975 armis

2040 4009 2353 4078 Succubuit,
2385 4010 2624 4087 privatus
2650 4024 2815 4080 agens
2835 4010 2903 4064 ad
2929 4010 3108 4064 munia
3135 4011 3354 4066 Christi.

2115 4101 2184 4156 At
2212 4115 2364 4157 meus
2396 4101 2580 4155 mtemi
2608 4110 2760 4157 satus
2811 4116 2960 4156 arma
2988 4115 3272 4170 capessere
3297 4101 3478 4170 Regis,

2035 4191 2094 4245 In
2125 4191 2293 4260 patris
2321 4191 2485 4246 Israel
2515 4191 2768 4260 migravit
2793 4192 3009 4247 nomina
3038 4191 3189 4246 Felix
3215 4209 3228 4244 :

2037 4282 2274 4352 Seseque
2302 4297 2332 4335 a
2359 4297 2528 4351 puero
2557 4283 2646 4352 pia
2675 4297 2828 4339 mens
2855 4283 3167 4338 cmlestibus
3189 4282 3378 4348 edens,

1901 4373 2002 4427 105
2038 4373 2272 4428 Instituit
2298 4374 2503 4429 servire
2533 4375 2677 4439 Deo;
2710 4390 2810 4429 nec
2837 4375 3006 4443 gratia
3033 4390 3237 4445 pauper

2034 4464 2234 4528 Adluit,
2267 4472 2321 4518 et
2347 4473 2605 4534 quantum
2636 4463 2852 4518 sitiebat
2875 4457 3043 4518 corde
3068 4465 3254 4532 capaci

2044 4541 2204 4608 Lucis
2231 4553 2382 4606 hians
2411 4553 2642 4615 animus,
2677 4559 2784 4606 tam
2822 4551 3040 4620 largiter
3069 4552 3229 4606 inﬂua
3258 4555 3422 4607 traxit

2048 4648 2192 4699 Dona
2223 4645 2334 4698 Dei.
2367 4642 2554 4696 Primis
2582 4653 2605 4680 ε
2639 4643 2808 4697 lector
2829 4642 3052 4698 servivit
3079 4642 3133 4697 in
3157 4643 3335 4696 annis.

2043 4736 2170 4790 Inde
2198 4734 2420 4804 gradum
2449 4733 2612 4802 cepit,
2636 4732 2722 4787 cui
2750 4749 2942 4787 munus
2971 4747 3107 4787 voce
3135 4731 3278 4786 lideli

1905 4861 1959 4906 et
1988 4851 2148 4905 editis
2177 4850 2468 4904 codicibus.
2503 4848 2740 4916 Utraque
2764 4849 2923 4902 lectio
2951 4849 3110 4901 bona.

1981 4921 2050 4991 (ε’)
2081 4921 2143 4974 Ili
2191 4921 2297 4974 duo
2344 4935 2529 4973 versus
2570 4919 2834 4973 adduntur
2864 4934 2929 4972 ex
2969 4933 3095 4971 mss.
3147 4918 3421 4973 codicibus
3464 4918 3496 4970 Ξ

1919 4990 2102 5046 Germ;

1983 5060 2060 5182 if)
2097 5059 2192 5114 llic
2223 5057 2474 5111 Paulinus
2498 5057 2756 5126 syllabam
2789 5065 2975 5110 natura
3009 5056 3242 5119 brevem,
3271 5057 3494 5124 positio-

2030 5143 2220 5182 ongam
2264 5128 2388 5182 fecit
2415 5128 2484 5181 ob
2526 5126 2658 5179 duas
2683 5127 3072 5182 subsequente;
3113 5128 3491 5180 consonantes.

1913 5126 2220 5196 nc'longam
2264 5128 2388 5182 fecit
2415 5128 2484 5181 ob
2526 5126 2658 5179 duas
2683 5127 3491 5196 subsequente;consonantes.

1912 5199 2047 5252 Vide
2076 5194 2324 5252 eamdem
2357 5197 2626 5252 licentiam
2654 5211 2818 5249 carm.
2846 5194 2935 5260 ‘24,
2962 5211 3012 5248 v.
3039 5194 3158 5246 508.

1987 5267 2065 5338 (g)
2097 5269 2198 5338 Sic
2231 5284 2356 5338 mss.
2391 5267 2620 5338 codices.
2665 5267 2733 5317 At
2757 5265 2888 5338 editi
2916 5307 2930 5332 ,
2957 5263 3493 5338 [iii-tissertantihus,

1909 5331 2073 5399 I'Isa'ii,
2100 5337 2236 5390 mala
2267 5337 2718 5406 interpunctionc.
2751 5334 2854 5406 Sed
2880 5334 3004 5404 quid
3035 5333 3132 5406 sibi
3159 5333 3273 5406 vult
3316 5331 3498 5400 Hispi-

1909 5407 2284 5482 da‘iferﬁdia?
2312 5402 2913 5482 Nt1m__l'orte_lcgcndum
2943 5402 3216 5482 per/indigni
3278 5469 3291 5482 Δ

1983 5476 2058 5547 (Ιι)
2095 5469 2167 5530 lla
2200 5492 2326 5531 mss.
2361 5475 2574 5530 codices
2595 5469 2774 5528 Ccﬁn.
2804 5490 2923 5528 cum
2944 5469 3244 5528 'cd.‘Schut.
3263 5469 3383 5533 Alii,
3411 5469 3500 5521 ltr-

1912 5563 2014 5600 vta.
2962 5579 2966 5582 -

1988 5613 2048 5683 (i)
2081 5615 2166 5670 Sic
2192 5616 2516 5669 restituimus
2539 5630 2602 5668 cx
2627 5615 2793 5667 veteri
2819 5611 3051 5665 Badiana
3074 5609 3325 5662 editione.
3354 5607 3499 5662 Alias

1905 5701 2046 5753 Juru.
