3988 6176
520 212 617 327 Hi
1469 262 1527 318 S.
1567 258 1843 317 PAULINI
1880 254 2126 314 NOLANI
2163 252 2464 311 EPISCOPI
2505 255 2843 310 POESIATA.
3628 251 3727 307 179

516 382 617 435 110
655 377 912 447 Adjurare
939 373 1128 437 malos,
1158 380 1215 427 et
1238 371 1406 427 sacris
1432 369 1635 440 pellere
1661 369 1682 397 τ
1708 367 1905 422 verbis.
2110 366 2165 425 Α
2189 362 2292 418 150
2327 364 2594 432 Caelestis,
2625 365 2785 418 vitam
2816 362 3066 433 praesenti
3095 371 3270 418 morte
3296 362 3513 418 futuram

654 465 809 533 Quod
846 465 969 535 quia
990 462 1268 533 perspicua
1295 460 1472 515 meriti
1509 459 1710 512 virtute
1739 456 1816 527 (a)
1843 454 2084 524 gerebat,
2329 458 2640 528 Comparat,
2665 467 2720 512 et
2741 458 2884 511 victo
2906 456 3178 511 victricem
3204 468 3423 522 corpore
3446 462 3661 509 mentem

651 555 779 611 Jure
797 553 1089 610 sacerdotis
1107 549 1408 607 veneranda
1432 548 1654 616 insignia
1676 554 1901 600 nanctus
1921 546 1976 609 ⁸;
2334 547 2478 602 Laeta
2507 548 2616 601 Deo
2646 547 2881 600 referens
2905 543 3260 611 gaudentibus
3284 543 3477 597 invehit
3503 544 3663 598 astris.

654 644 833 699 Mente
859 643 982 697 loco
1003 640 1161 709 digna
1186 640 1434 694 meritum
1463 635 1739 691 decoravit
1766 635 2050 688 honorem.
2333 637 2473 703 Quid
2495 636 2649 704 juvat
2677 650 2805 703 ergo
2834 634 2979 704 pium
3012 641 3157 687 tanta
3188 633 3329 701 quod
3365 634 3501 687 mole
3526 634 3699 692 furoris

728 739 838 794 Sed
877 750 947 791 ne
972 735 1086 790 sola
1118 733 1193 806 (b)
1222 746 1431 789 sacrum
1459 737 1620 801 caput
1658 726 1822 782 infula
1849 731 2089 781 conteret
2331 729 2564 784 Felicem
2594 742 2790 781 vesane
2818 726 2989 795 petis?
3012 732 3193 778 manet
3220 724 3359 777 intus
3385 733 3564 791 operto

1968 812 2087 885 iii“,
2193 816 2299 873 155
2335 818 2484 872 Mens
2513 816 2708 871 invicta
2735 815 2880 881 Deo;
2910 830 3013 871 nec
3029 814 3140 882 jam
3172 813 3267 867 tibi
3295 813 3406 866 sola
3433 813 3621 867 resistit

518 916 622 973 H5
658 915 874 969 Exstitit
897 920 951 967 et
971 911 1152 982 potior
1177 908 1508 979 geminandze
1529 920 1689 961 causa
1711 916 1945 958 coronae.
2336 908 2555 962 Ten-eui
2584 916 2774 961 natura
2801 906 3061 970 hominis;
3101 905 3239 958 Deus
3268 905 3377 973 ipse
3403 910 3646 972 repugnat

660 1007 782 1059 Dira
810 1002 1156 1074 profanorum
1185 1000 1363 1054 rabies
1390 1004 1579 1052 exorta
1606 994 1879 1056 furorum;
2164 1046 2171 1055 ι
2336 998 2503 1064 Quem
2523 997 2681 1066 petis,
2706 1006 2865 1065 atque
2888 996 2992 1050 tuis
3014 993 3041 1033 ἀ
3063 1010 3284 1065 serpens
3311 996 3521 1062 antique
3543 995 3736 1050 venenis

657 1095 789 1150 Cum
810 1094 898 1162 pia
921 1091 1180 1158 sacrilego
1210 1094 1521 1157 quateretur
1550 1094 1574 1123 ι
1600 1082 1805 1138 Eclesia
1834 1080 1999 1148 bello,

2333 1090 2454 1159 Ipse
2480 1089 2638 1144 offert
2666 1104 2724 1143 se
2764 1104 2861 1158 per
2887 1087 3204 1141 famulorum
3235 1102 3458 1154 corpora
3487 1085 3735 1155 Christus,

658 1183 1043 1251 PﬂBCipueque
1072 1179 1193 1234 “105
1220 1176 1419 1246 Ροριιιο
1449 1174 1766 1243 deposce?“
1792 1170 1941 1226 οωῐιί
1967 1173 1987 1203 ⁹
2336 1180 2519 1249 Teque
2547 1180 2651 1234 tuis
2672 1186 2893 1234 nectens
2919 1178 3142 1246 laqueis,
3177 1178 3229 1230 iu
3258 1177 3401 1231 aede
3427 1192 3632 1230 suorum

659 1275 932 1343 Impietas.
957 1285 1188 1339 quorum
1213 1268 1385 1338 Ρίθῐδε
1416 1265 1673 1334 iii-“dgnior
1696 1269 1837 1318 esset
1868 1279 1881 1314 ε
2198 1269 2302 1325 160
2339 1268 2563 1336 Sternit,
2610 1284 2710 1339 per
2752 1267 2941 1323 mortis
2981 1266 3215 1337 speciem
3260 1266 3328 1321 de
3377 1274 3543 1321 morte
3575 1267 3741 1320 trium-

525 1366 623 1421 1ἱο
659 1365 810 1419 Tunc
836 1363 1018 1418 senior
1044 1360 1243 1415 sanctis
1284 1359 1357 1427 (ο)
1387 1356 1643 1411 Nolanam
1675 1355 1882 1423 legibus
1908 1354 2097 1408 urbem
3550 1358 3739 1429 “ﬁmus,

662 1456 920 1511 Maximus
939 1449 1289 1524 (d)eplacido
1311 1448 1378 1520 (e)
1398 1448 1663 1504 formabat
1685 1446 1966 1515 episcopus
1984 1440 2100 1512 Ore,
2414 1450 2520 1507 Sed
2567 1450 2675 1507 fera
2718 1450 2879 1505 corda
2925 1449 3013 1522 (j)
3054 1464 3184 1505 suus
3222 1449 3452 1504 stimulis
3489 1448 3741 1504 furialibus

664 1546 987 1615 Presbytero
1015 1542 1195 1597 Felice
1228 1550 1450 1610 potens;
1480 1553 1641 1607 quem
1668 1546 1849 1591 mente
1874 1544 2100 1606 paterna
3592 1539 3745 1611 [εποι-

661 1634 990 1704 Complexus
1017 1630 1182 1685 veluti
1205 1637 1408 1694 natum,
1433 1628 1682 1696 sedisque
1774 1629 1795 1697 )
1818 1624 2033 1681 fovebat
2347 1635 2649 1704 Sanguinea
2679 1631 2904 1701 ﬂagrare
2933 1632 2974 1664 “
3004 1632 3090 1686 siti
3108 1672 3123 1696 ,
3156 1639 3499 1700 sanctumque
3524 1646 3743 1686 cruorem

666 1724 959 1787 Heredem;
989 1721 1167 1775 subita
1198 1718 1273 1790 (g)
1303 1718 1398 1773 sed
1418 1723 1736 1786 tempestate
1763 1715 1992 1784 fugatus,
2128 1713 2176 1776 B

2128 1713 2176 1776 Β
2344 1726 2600 1794 Urgebat,
2630 1725 2790 1779 veluti
2816 1723 3033 1779 sceleris
3060 1723 3352 1792 deposcere
3381 1724 3620 1791 palmam.

526 1816 630 1872 125
666 1816 783 1870 Νοη
812 1812 1037 1868 cedente
1065 1809 1190 1875 tide,
1215 1808 1370 1877 petiit
1397 1807 1607 1861 deserta
1636 1806 1896 1860 locorum.
2419 1820 2561 1886 Ergo
2590 1818 2678 1872 ubi
2710 1816 3000 1883 sacrilegos
3029 1814 3241 1883 excepit
3268 1814 3404 1867 Nola
3434 1814 3649 1877 furores,

745 1903 897 1957 Tunc
924 1900 1093 1969 magis
1119 1907 1280 1966 atque
1308 1896 1497 1965 magis,
1527 1896 1749 1964 quaesito
1774 1894 2014 1950 antistite
2035 1896 2097 1961 ⁸ο,
2201 1911 2303 1967 165

2035 1896 2097 1961 ¹⁰ν
2201 1911 2303 1967 165
2337 1911 2685 1977 Intentosque
2714 1909 2785 1978 (k)
2812 1907 2915 1976 piis
2941 1905 3156 1975 expavit
3181 1905 3387 1960 civibus
3414 1920 3591 1969 enses,

1952 1985 2102 2058 [ίθίίκ
2342 2000 2611 2067 Quaeritur
2637 2011 2860 2052 excussa
2889 1995 3039 2049 Felix
3064 1994 3404 2049 venerandus
3436 1995 3487 2048 in
3515 1994 3655 2048 urbe.

668 2083 872 2139 Claruit
892 2082 1170 2150 oppositus
1196 2079 1405 2149 gladiis,
1438 2078 1690 2146 solusque
1718 2075 1742 2112 ³³
1767 2076 1887 2130 fidei

2341 2090 2452 2145 Nec
2480 2088 2692 2157 refugit,
2726 2087 2871 2141 celso
2892 2084 3001 2153 jam
3030 2085 3241 2153 spirans
3269 2084 3445 2138 sidera
3472 2082 3614 2148 ﬂatu,

665 2173 866 2228 Invidia
894 2170 1114 2226 ali'ectus
1146 2188 1159 2221 :
1193 2185 1293 2224 nec
1319 2168 1662 2237 spectabatur
1690 2167 1921 2230 honore;

2343 2178 2412 2233 Et
2436 2179 2614 2233 tacitis
2641 2191 2838 2231 acuens
2860 2175 3089 2230 stimulis
3117 2174 3169 2228 in
3199 2175 3384 2243 prmlia
3406 2181 3625 2227 mentem
3642 2212 3655 2236 ,

665 2263 836 2331 Major
861 2262 1069 2316 honoro
1098 2259 1228 2314 ﬁdes
1252 2266 1461 2312 tantum
1488 2258 1612 2325 (Ιυίθ
1643 2258 1684 2288 ¹¹
1711 2271 1871 2311 causa
1904 2267 1925 2293 °
1954 2253 2100 2310 ﬁdei-
2340 2267 2644 2337 Impavidus
2669 2266 2932 2334 trepidum
2962 2265 3212 2319 servabat
3234 2272 3421 2333 pastor
3442 2265 3594 2326 ovile,

529 2354 631 2408 150
669 2352 819 2406 Tunc
872 2350 1094 2421 petitur,
1152 2362 1249 2403 sua
1304 2361 1426 2402 cum
1472 2345 1634 2400 draco
1686 2344 1881 2398 lividus
1905 2343 2105 2398 excitat
2204 2358 2306 2412 170
2342 2356 2601 2427 Ειεωριο
2631 2354 2873 2421 Domini,
2900 2362 3183 2425 promptus
3220 2353 3350 2408 dare
3392 2369 3486 2424 pro
3513 2366 3660 2421 grege
3686 2351 3752 2405 vi-

1908 2434 1927 2505 [
1930 2448 2101 2497 arma,
3564 2443 3683 2513 [tam
3710 2450 3748 2495 ε.

670 2530 934 2585 Proruere
971 2526 1025 2582 id
1062 2526 1316 2596 cupiens,
1364 2538 1472 2593 quo
1516 2522 1814 2593 surgimus,
1866 2530 1921 2577 et
1960 2522 2105 2576 cadit

2416 2538 2556 2607 Ergo
2585 2538 2764 2593 alacer
2790 2552 2961 2592 saevos
2986 2542 3191 2606 perstat
3209 2535 3361 2603 quasi
3390 2549 3567 2588 murus
3595 2533 3642 2586 in
3668 2532 3752 2584 ho-

1943 2612 2097 2683 [ipse.

3606 2624 3748 2696 [stes;

737 2707 877 2776 Ergo
901 2715 1079 2762 truces
1098 2720 1305 2775 poenas,
1329 2702 1563 2773 fugiente
1583 2702 1840 2765 antistite,
1863 2702 2029 2766 solus,

2020 2742 2029 2765 ν
2349 2721 2415 2775 Et
2442 2720 2610 2786 canis,
2642 2717 2867 2773 ﬂorente
2889 2717 3008 2781 (ide,
3039 2716 3318 2770 revirescit
3343 2716 3399 2769 in
3430 2715 3595 2778 annis,

672 2800 765 2855 vel
794 2799 996 2864 βΐίῐηιιε
1020 2797 1086 2851 de
1114 2797 1269 2867 Plee
1288 2838 1301 2861 τ
1333 2798 1487 2865 quasi
1512 2793 1577 2849 de
1605 2808 1834 2863 corpore
1856 2801 2063 2857 νθτῐθιν
2345 2810 2511 2864 Totus
2536 2809 2587 2862 in
2619 2816 2761 2862 astra
2786 2806 2985 2871 animo,
3016 2803 3212 2859 Christi
3242 2819 3471 2870 memor,
3502 2805 3755 2858 immemor

667 2890 1002 2960 Competitur
1030 2888 1200 2943 Felix.
1232 2886 1383 2942 Hunc
1406 2901 1596 2942 omnes
1618 2887 1832 2941 vincere
1862 2892 2100 2949 certant;
3629 2895 3751 2967 μηνί,

532 2983 632 3038 155
672 2981 735 3035 Et
760 2980 910 3050 quasi
939 2979 1246 3050 prmcelsam
1278 2978 1510 3034 obsessis
1539 2978 1592 3032 in
1630 2978 1898 3034 iuuenibus
1921 2991 2103 3031 arcem
2346 2992 2521 3047 Corde
2549 2990 2714 3044 Deum
2738 2996 2973 3057 gestans,
2995 2994 3051 3041 ει
3078 2986 3267 3056 plenus
3294 2994 3516 3055 pectora
3544 2984 3751 3039 Christo,

672 3072 833 3126 Facta
862 3071 1008 3125 mole
1035 3079 1256 3140 petunt;
1280 3070 1433 3139 cujus
1460 3071 1755 3125 munimine
1782 3071 1924 3125 victo
2128 3066 2176 3131 C
2205 3082 2310 3137 175
2346 3082 2455 3138 Nec
2475 3080 2585 3148 jam
2615 3095 2673 3136 se
2694 3080 2837 3149 capit
2868 3080 3011 3148 ipse;
3044 3091 3194 3131 sacer
3223 3091 3503 3144 majorque
3528 3073 3700 3136 videri,

665 3163 857 3217 Cetera
882 3161 993 3229 iam
1023 3162 1162 3215 facili
1184 3163 1341 3216 cadat
1369 3162 1494 3217 urbs
1526 3163 1602 3232 (Ιι)
1630 3171 1894 3230 prostrata
1924 3161 2098 3216 ruina.

2347 3174 2736 3241 Sidereumque
2770 3170 2789 3209 ί
2821 3170 2991 3225 oculis
3019 3175 3071 3223 et
3100 3168 3362 3222 honorem
3390 3165 3583 3234 fulgere
3603 3164 3751 3217 vultu.

751 3252 796 3305 0
825 3252 985 3318 ὁὶεηει
1016 3250 1193 3304 inﬁdis
1221 3250 1489 3305 dementia
1513 3250 1526 3303 ε
1560 3252 1796 3305 Orﬁdii!"
1820 3266 1927 3305 υιιο
2422 3263 2588 3318 lllicet
2608 3262 2860 3330 arripitur
2888 3258 3155 3326 gaudens;
3185 3257 3452 3324 saevisque
3481 3256 3726 3309 furentum

667 3340 1065 3408 Exstinguenda
1096 3340 1245 3407 fides,
1278 3349 1422 3395 totus
1449 3356 1607 3409 quam
1638 3340 1868 3395 credidit
1895 3341 2060 3395 orbis.

2352 3353 2693 3409 Protraliitur
2737 3349 2806 3420 (ι)
2854 3348 3137 3409 manibus,
3181 3345 3274 3400 sed
3306 3347 3426 3415 (qui
3455 3361 3567 3400 mos
3608 3342 3758 3398 hostis

533 3434 631 3486 HO
670 3432 785 3486 lleu
812 3431 1010 3485 misera
1039 3432 1311 3501 impietas!
1358 3432 1577 3517 infernis
1606 3434 1648 3462 "
1674 3447 1814 3487 cmca
1843 3434 2097 3500 tenebris,
3560 3432 3755 3509 [iniqui,

669 3526 786 3588 Quo
816 3524 961 3578 ruis?
988 3525 1042 3577 in
1065 3539 1223 3592 quem
1244 3526 1350 3580 tela
1380 3527 1599 3581 moves?
1627 3541 1693 3580 an
1721 3526 1897 3581 credis
1918 3527 1971 3580 in
1993 3542 2100 3581 uno
2344 3534 2445 3590 cui
2484 3535 2661 3606 potior
2699 3532 2851 3588 labor
2871 3540 2952 3587 est
2980 3530 3074 3603 (m)
3120 3531 3323 3586 animas
3370 3544 3529 3600 quam
3556 3538 3758 3594 corpora

670 3614 881 3669 Mortali
903 3622 1154 3669 constare
1182 3614 1385 3670 Deum?
1411 3623 1484 3681 et,
1508 3617 1553 3671 si
1573 3632 1801 3686 corpora
1829 3618 2027 3684 solvas,
3572 3615 3758 3688 [nostra

667 3704 786 3757 Vim
816 3704 974 3759 simul
1003 3712 1058 3759 et
1084 3713 1315 3760 mentem
1338 3706 1570 3761 divinam
1601 3722 1757 3776 posse
1784 3707 2031 3762 aboleri?
2206 3715 2309 3769 180
2354 3711 2630 3781 Perdere),
2661 3713 2882 3767 dilatum
2912 3711 3086 3779 gladio
3118 3710 3419 3766 terroribus
3447 3718 3568 3763 ante

669 3795 797 3861 Quae
818 3795 1001 3849 mundi
1023 3797 1369 3865 permembra
1384 3806 1547 3864 meat,
1570 3813 1673 3865 qua
1702 3800 1937 3853 nasceris
1967 3800 2100 3869 ipse,
2345 3805 2566 3868 Tentat,
2614 3812 2669 3858 et
2712 3803 2764 3857 in
2811 3812 3040 3857 mortem
3085 3800 3253 3868 surgit
3298 3800 3551 3867 gradibus
3592 3808 3761 3866 poena-

531 3882 632 3938 HS
666 3884 1024 3953 indignusque
1052 3885 1231 3951 aleris,
1257 3886 1407 3955 cujus
1434 3886 1501 3940 de
1528 3889 1745 3943 numine
1772 3887 1973 3958 pendet
3553 3888 3686 3961 [rum
3707 3885 3762 3938 “.

672 3975 897 4029 Vincere
923 3975 1011 4029 vel
1038 3975 1209 4039 vinci;
1235 3976 1385 4042 cujus
1407 3977 1606 4031 virtute
1634 3978 1718 4031 vel
1740 3996 1877 4035 unus
2426 3985 2636 4040 Primus
2663 3983 2908 4054 supplicii
2941 3982 3009 4037 de
3030 3997 3245 4037 carcere
3273 3983 3479 4038 texitur
3506 3980 3651 4036 ordo.

672 4066 1026 4137 393'395
1054 4066 1268 4121 Fortior
1306 4068 1601 4123 innumeris
1634 4084 1645 4119 ι
1679 4069 1880 4137 pietate
1920 4086 2096 4125 arma-
2347 4077 2543 4130 Ferrea
2571 4075 2868 4145 junguntur
2896 4074 3194 4129 tenebrosis
3225 4074 3438 4128 vincula
3469 4069 3731 4129 claustris;

1752 4158 1862 4229 [tus
1885 4160 2096 4229 inermi,
2344 4165 2462 4219 Stat
2504 4165 2749 4219 manibus
2777 4165 3024 4235 colloque
3062 4162 3302 4233 chalybs,
3334 4176 3607 4230 nervoque
3648 4170 3669 4205 Is
3701 4157 3765 4209 ri-

668 4249 917 4301 Armatos
943 4245 1105 4309 ferro,
1137 4245 1229 4300 sed
1256 4246 1488 4301 inermes
1515 4255 1733 4317 pectora
1758 4249 1987 4319 Christo,
3540 4249 3767 4321 [gescqu

670 4338 967 4391 Prosternit
994 4337 1056 4406 (ἱ)
1093 4344 1379 4406 superante
1405 4337 1529 4404 ﬁde,
1558 4353 1676 4407 qua:
1708 4341 1923 4396 conscia
1953 4344 2066 4399 veri
2136 4340 2181 4400 D
2208 4343 2314 4399 185
2352 4344 2643 4399 Diducente
2671 4340 2834 4413 pedes
2873 4359 2886 4395 :
2918 4348 3227 4397 sternuntur
3250 4340 3513 4409 fragmina
3543 4349 3703 4399 testm,

600 4482 623 4506 η
661 4470 789 4525 Vide
818 4478 929 4523 not.
958 4468 1082 4522 959.
2325 4476 2480 4524 infula
2501 4489 2642 4536 quam
2668 4468 3078 4536 nitidaeicomebat
3100 4480 3231 4524 casta
3251 4475 3497 4536 juventae.

600 4490 623 4506 "
666 4490 789 4525 vtae
818 4490 929 4523 ηοι.
959 4490 1082 4522 2011.

596 4541 623 4579 ιι
651 4539 781 4594 Vide
805 4548 917 4592 not.
952 4539 1074 4593 554.

2330 4490 2480 4524 "Uilla
2501 4490 2642 4589 (luam
2668 4490 2830 4523 mum?
2854 4490 3078 4523 comebat
3094 4490 3123 4547 .C

2279 4536 2350 4605 (ε)
2382 4536 2479 4606 Ms.
2567 4536 2770 4598 Germ.,
2800 4534 2992 4589 Nolam
3020 4552 3123 4606 qu}.

600 4623 614 4643 ι
652 4609 785 4663 Vide
805 4607 934 4663 ibid.
2210 4674 2213 4675 ν
2275 4602 2355 4675 (d)
2386 4604 2461 4659 lta
2502 4622 2629 4660 mss.
2670 4606 2885 4675 codices
2912 4602 3238 4675 duo'Germ.
3281 4612 3337 4659 et
3378 4604 3502 4660 edd.
3534 4602 3689 4659 Grav.
3719 4604 3768 4653 et

596 4678 619 4713 σί
656 4677 783 4732 Vide
808 4685 920 4731 not.
2201 4674 2397 4745 Schot,
2426 4675 2477 4729 in
2506 4689 2710 4743 margg.
2738 4674 2858 4745 Alii,
2890 4685 2938 4727 et
2966 4674 3189 4745 placido.

598 4758 622 4782 θ
652 4745 846 4799 Johan.
872 4763 925 4809 ι,
952 4744 1036 4798 15.

2272 4743 2343 4812 (e)
2375 4743 2464 4799 Sic
2517 4738 2853 4798 msféoder
2880 4738 3014 4798 unus
3051 4741 3234 4797 Germ.
3290 4758 3411 4797 cum
3452 4741 3574 4797 edd.
3624 4738 3763 4812 Grin.

600 4817 617 4850 ί
652 4814 889 4884 Licentia
910 4816 1140 4884 poetica.
1173 4815 1305 4871 Vide
1343 4832 1509 4872 carm.
1539 4817 1629 4884 25,
1658 4834 1710 4873 v.
1744 4818 1831 4874 98.
2202 4821 2258 4868 et
2283 4810 2492 4884 '_P'_oelm.
2525 4813 2624 4869 Ms.
2668 4813 2801 4884 alter
2830 4813 3034 4884 Germ.
3064 4813 3325 4884 ﬁrmabat.
3360 4813 3487 4880 Alii,
3519 4810 3765 4882 formavit.

600 4896 622 4931 ις
655 4883 785 4937 Vide
815 4881 926 4938 not.
956 4883 1079 4937 2M.
1615 4881 1622 4884 ’

2274 4881 2353 4951 (f)
2385 4882 2547 4947 Alias,
2577 4882 2802 4936 vovebat.
2834 4881 2965 4951 Vide
2992 4890 3102 4936 not.
3136 4882 3260 4951 240.

600 4896 622 4931 ις
655 4883 785 4937 Vide
815 4881 926 4938 not.
956 4883 1079 4937 241.
1615 4881 1622 4884 ’
2274 4881 2353 5015 (fg
2385 4882 2547 4947 Alias,
2577 4882 2802 4936 vovebat.
2834 4881 2965 4936 Vide
2992 4890 3102 4936 not.
3136 4882 3261 4935 240.
3522 4881 3526 4882 ⁷

597 4955 674 5021 (α)
698 4952 774 5033 ita
799 4952 1197 5007 emendavimus
1225 4969 1291 5007 ex
1315 4954 1523 5010 duobus
1551 4972 1678 5010 mss.
1711 4955 1893 5012 Germ.
1926 4967 1981 5012 et
2020 4962 2096 5016 sic
2274 4954 2329 5071 (ἵ
2382 4951 2479 5005 Ms.
2509 4952 2678 5006 codex
2709 4967 2847 5005 unus
2874 4949 3076 5032 Germ”
3109 4950 3199 5005 sub
3229 4958 3546 5031 temnenda!-

600 5023 820 5071 cclnnus
866 5021 1142 5071 [carendum
1190 5024 1461 5071 censebat-
1516 5026 1651 5071 Ante
1695 5037 1811 5071 erat
1856 5030 2061 5071 τρηριιηι
2275 5021 2352 5071 (il
2380 5020 2455 5071 ita
2486 5036 2609 5071 mss.
2638 5020 2744 5071 duo
2772 5021 2984 5071 codices
3011 5019 3191 5071 Germ.
3225 5020 3383 5071 Editi.
3416 5036 3546 5071 cons

525 5019 820 5099 Saccliinus
866 5021 1142 5099 legendum
1190 5024 1461 5099 censebat.
1513 5026 1651 5080 Ante
1695 5037 1811 5082 erat
1856 5030 2093 5099 regebat,
2378 5020 2455 5099 ita
2486 5036 2609 5076 mss.
2638 5020 2744 5074 duo
2772 5021 2984 5099 codices
3011 5019 3383 5099 Germ..l:_‘._diti,
3411 5025 3696 5099 constrata.

525 5094 663 5168 male
681 5106 836 5168 ςηιροη
864 5086 1014 5168 enim
1031 5090 1225 5146 dicitur
1251 5096 1520 5168 exorcistq;
1544 5112 1727 5168 munus
1758 5086 1950 5168 regere.
2082 5086 2093 5097 '
2275 5086 2465 5168 (ii-Sic
2486 5104 2584 5143 ms.
2609 5106 2746 5145 unus
2768 5089 3165 5145 Germanensis.
3196 5090 3297 5143 Alii
3325 5089 3507 5152 codd.
3539 5086 3767 5141 Ρνοιιεν·

594 5161 667 5229 (b)
698 5159 787 5214 Sic
811 5159 1138 5215 restituimus
1163 5176 1229 5215 ex
1248 5177 1376 5216 mss.
1401 5165 1676 5220 codicibus
1695 5166 1730 5219 ἓ
1752 5159 1934 5222 Germ.
1964 5169 2098 5224 Ante
2202 5159 2305 5214 πει·
2334 5159 2465 5229 Vide
2494 5173 2645 5229 399(1-

528 5226 687 5287 erat':
915 5296 926 5298 μ
2277 5230 2354 5298 (j)
2378 5227 2501 5298 Mss.
2533 5226 2639 5282 duo
2670 5236 2726 5283 et
2745 5227 2877 5282 editi
2904 5229 3155 5298 quinque,
3185 5229 3309 5281 suis.
3342 5226 3467 5295 Alii,
3496 5244 3638 5284 suus.

646 5299 745 5368 Sed
771 5310 833 5345 ne
860 5296 957 5345 sola
986 5298 1086 5368 viro
1112 5311 1298 5368 sacrum
1325 5309 1467 5362 caput
1494 5303 1640 5368 infula
1666 5305 1817 5353 velet.
2221 5367 2228 5368 ί
2280 5294 2354 5368 (li)
2388 5295 2476 5368 Sic
2521 5294 2933 5368 emendavimus’
2963 5313 3030 5351 ex
3052 5294 3282 5351 iduobus
3328 5294 3460 5352 mss.
3506 5294 3770 5352 codicibus

527 5361 837 5438 Aldheiinus
855 5373 1023 5438 carm.
1053 5359 1120 5414 de
1148 5358 1314 5416 Paulo
1342 5358 1588 5438 apostolo
1622 5382 1657 5438 εξ
2202 5358 2386 5438 Germ2
2412 5366 2548 5419 Ante
2577 5375 2693 5438 erat
2723 5365 3172 5438 Intentusque....A
3193 5368 3350 5438 ensis.

650 5429 799 5503 Ιτιῖιηκ
826 5429 1539 5505 κίὶιξίξιθζνψιθ¹ιιῦοῐηὶςε³·εηδ
1565 5436 1767 5505 pudore.
1861 5497 1905 5505 __
1963 5497 1995 5505 ﬂ
2056 5499 2076 5505 _
2210 5503 2223 5505 Α
2276 5436 2338 5505 (ι)
2369 5434 2455 5505 Ita
2476 5436 2815 5505 emendatum
2863 5452 2926 5489 ex
2971 5429 3099 5505 mss.
3144 5435 3351 5489 duobus
3376 5433 3561 5488 Germ.
3594 5440 3649 5488 et
3683 5429 3764 5505 ed-

526 5492 601 5570 ita
619 5492 770 5570 Enim
798 5488 1140 5570 SgribenCLUili
1162 5505 1192 5545 e
1210 5493 1549 5570 .membranis
1567 5488 1838 5570 admonet
2049 5499 2096 5570 J.
2202 5488 2388 5559 Selidt.
2433 5504 2501 5556 At
2528 5488 2653 5569 alii,
2678 5488 3025 5558 Pertraiiituir.
3057 5488 3330 5559 Correetio
3371 5515 3557 5558 nostra
3583 5501 3767 5558 conﬁr-

527 5562 585 5615 F.
614 5559 915 5641 Gr_on2vius
945 5558 1326 5641 i‘noEcclesiast.
1358 5562 1664 5633 0bservat.,
1695 5582 1742 5620 c.
1770 5564 1853 5620 15.
1880 5567 2098 5624 Aldhel-
2200 5558 2376 5628 matur
2400 5587 2463 5641 ex
2497 5558 2652 5641 epist:
2678 5573 2747 5626 ‘29
2773 5574 2839 5627 ad
2868 5574 3147 5639 Severum,
3179 5588 3324 5627 num.
3354 5571 3439 5625 11.

527 5647 642 5685 nius
668 5632 733 5685 de
757 5628 1047 5685 Eustochio
1083 5649 1093 5683 :
1652 5628 1661 5633 ⁷
2276 5642 2370 5709 (m)
2400 5640 2490 5698 Sic
2518 5628 2645 5698 mss.
2677 5643 2783 5698 duo
2807 5641 2990 5698 Germ.
3021 5628 3186 5707 Alias,
3206 5644 3420 5697 animos.
