3988 6176
470 267 577 323 ns
862 312 867 319 .
1354 257 1411 312 s.
1452 253 1721 312 PAULINI
1760 252 2007 310 norum
2042 250 2341 309 EPISCOPI
2383 253 2726 311 romana.
3259 240 3263 245 ’
3623 264 3712 317 ηδ

612 373 866 430 Distrahit
884 384 1182 439 exsangues
1205 377 1373 432 artus,
1404 377 1460 424 et
1488 370 1657 423 lurida
1688 383 1916 422 cernens
2070 371 2117 428 Α
2151 366 2254 420 525
2293 368 2472 422 Adfuit
2493 368 2871 439 Omnipotens,
2894 378 2949 425 et
2977 382 3029 427 te
3052 373 3428 443 mihimittere
3450 376 3473 413 ἀ
3504 379 3647 448 legit,

608 465 713 520 Ora
735 464 894 529 fame,
927 478 1024 518 nec
1048 463 1251 517 habens
1277 462 1565 531 quidquam
1593 478 1702 529 quo
1722 461 1885 515 rebus
1910 474 2043 527 egeo
2300 457 2405 513 Per
2428 474 2587 528 quem
2609 461 2750 515 dona
2776 463 2905 516 mihi
2926 479 3020 517 sua
3043 464 3295 521 redderet
3319 485 3330 519 :
3374 477 3531 531 utere,
3558 470 3639 534 fili,

1854 551 1870 623 [
1896 552 1978 604 nis
2294 547 2581 620 Prmceptis
2608 552 2823 621 pietatis
2844 549 2979 623 opus
3008 555 3401 623 mandantibus,
3426 568 3478 613 et
3496 576 3576 615 me

470 648 576 701 ἳδὸ
610 647 800 702 Ferret
824 660 981 715 opem
1000 683 1015 709 ,
1051 660 1155 699 non
1186 644 1308 713 igne
1338 641 1524 712 procul
1549 682 1565 708 ,
1597 655 1772 710 neque
1812 640 2043 694 commi-
2288 642 2592 715 Suscipiens
2614 648 2872 715 humeris,
2906 665 3194 707 commune
3216 653 3282 706 ad
3320 656 3458 711 ovile
3481 668 3696 727 reporta.

552 738 557 741 η
1593 729 1608 793 Ῐ
1634 746 1732 782 nus
1760 731 1801 760 ’⁷
1831 744 1973 783 esca.
2361 734 2588 806 Impiger
2614 745 2805 807 optato
2829 739 3043 807 gavisus
3070 757 3293 798 munere
3313 743 3458 798 Felix
3476 786 3490 810 ,

614 828 681 883 ιιι
708 829 846 897 dape
874 826 1144 881 tabentem
1166 831 1436 879 recrearet
1459 830 1515 878 et
1543 823 1664 891 igne
1684 822 1972 890 rigentem.
2150 822 2253 876 5⁸50
2289 823 2483 881 Carum
2515 842 2684 892 onus,
2709 836 2768 882 ut
2808 828 3005 883 Christi
3035 831 3244 900 pondus
3285 832 3419 901 leve,
3454 838 3624 902 sumit,
3658 847 3708 893 et

612 918 900 985 Qin'erenti,
923 926 979 972 et
1005 917 1169 971 multa
1200 914 1470 970 Christum
1507 928 1666 982 prece
1686 910 2047 976 convenienti,
3529 927 3709 998 [mum

612 1011 852 1076 Quanam
878 1024 1001 1078 ope,
1024 1022 1197 1076 quave
1226 1007 1311 1060 via
1328 1005 1535 1074 jussum
1557 1003 1830 1073 complere
1846 1003 2050 1057 valeret
2294 1006 2425 1063 Tam
2460 1008 2529 1078 (c)
2560 1008 2763 1064 volucri
2796 1026 2978 1078 cursu,
3009 1019 3282 1083 tamquam
3310 1016 3476 1085 magis
3505 1019 3612 1089 ipse
3637 1020 3709 1075 fe-

611 1101 921 1165 Servitium,
951 1099 1183 1154 subitam
1207 1097 1549 1167 omnipotens
1575 1094 1643 1149 de
1674 1093 1775 1166 (a)
1806 1093 2050 1149 sentibus
2464 1108 2469 1111 '
3514 1111 3710 1182 [κίων.

1767 1185 1788 1259 Ῐ
1820 1201 1977 1241 uvam
2294 1186 2403 1243 Nec
2430 1187 2593 1254 ferat;
2616 1198 2670 1244 et
2693 1205 2822 1245 vere
2845 1190 3090 1248 Christus
3110 1193 3212 1248 fert
3240 1195 3352 1265 ipse
3373 1195 3643 1265 ferentem,

470 1286 575 1340 290
611 1283 809 1349 Edidit,
841 1292 897 1339 et
917 1284 1077 1354 capiti
1102 1282 1262 1352 jussit
1288 1280 1527 1352 pendere
1549 1278 1926 1351 propinquam,
2292 1275 2359 1331 Et
2387 1279 2465 1349 (ά)
2496 1280 2719 1348 pedibus
2747 1282 2948 1351 pietate
2980 1285 3100 1339 citis
3129 1285 3271 1341 Deus
3291 1287 3495 1343 addidit
3522 1291 3646 1346 alas.

621 1373 690 1428 Ut
716 1373 868 1430 facile
896 1384 922 1411 ει
960 1374 1164 1444 attiguo
1193 1379 1378 1443 posset
1401 1371 1694 1441 decerpere
1716 1384 1867 1424 ramo
2290 1371 2458 1426 Nocte
2481 1381 2505 1409 ε
2535 1372 2721 1428 eadem
2744 1375 2949 1444 pariter
2967 1384 3047 1431 tot
3073 1393 3295 1434 munera
3321 1382 3544 1451 percipit
3562 1399 3709 1451 unus,

615 1464 805 1520 Natum
835 1472 1029 1534 sponte
1055 1464 1254 1519 cibum.
1277 1461 1544 1517 Divinitus
1565 1474 1695 1529 ergo
1723 1460 1975 1524 refectus,
2149 1458 2256 1515 555
2291 1459 2357 1514 Et
2383 1462 2540 1517 simul
2582 1465 2893 1533 exsequitur
2922 1465 3070 1520 Felix
3095 1484 3109 1531 ;
3140 1484 3237 1523 sua
3266 1486 3513 1540 rumpere
3549 1472 3716 1542 jussus

614 1554 792 1611 Mente
819 1556 905 1624 pia
934 1554 1117 1610 oblato
1146 1553 1358 1608 laetatur
1384 1566 1609 1607 munere
1633 1550 1816 1615 Felix;
2294 1550 2500 1618 Vincla,
2524 1554 2859 1609 sacerdotem
2885 1556 3078 1621 reﬁcit,
3107 1560 3424 1629 revehitque
3452 1562 3713 1629 refectum,

614 1648 1037 1718 Deeerptumque
1082 1647 1127 1679 "
1173 1662 1336 1700 manu
1372 1644 1651 1708 morientis
1678 1644 1746 1699 ad
1774 1659 1869 1699 ora
1898 1658 2049 1698 race-
2291 1641 2627 1712 Deponitque
2657 1645 2737 1699 sui
2767 1654 2937 1700 tutum
2967 1648 3065 1703 sub
3095 1649 3329 1705 culmine
3351 1653 3527 1719 tecti,

1793 1737 1978 1809 [mum
2081 1723 2126 1784 Β
2300 1730 2461 1786 Unica
2508 1733 2650 1803 quod
2696 1736 2945 1791 servabat
2972 1748 3274 1804 anus;tam
3322 1742 3500 1796 celsus
3527 1751 3581 1798 et
3626 1743 3718 1800 isto

469 1828 577 1882 295
616 1828 877 1884 Admovet
910 1846 923 1881 :
955 1836 1011 1884 et
1037 1829 1290 1898 quoniam
1320 1828 1523 1884 strictis
1546 1827 1656 1897 jam
1686 1828 1935 1883 dentibus
1966 1827 2044 1883 ille

2012 1827 2055 1883 le
2298 1821 2558 1879 Maximus
2585 1826 2832 1880 exstabat
2859 1828 3053 1884 merito
3080 1829 3392 1898 Confessor,
3429 1840 3487 1887 ut
3514 1834 3587 1889 illi

618 1920 686 1974 Ει
712 1922 913 1975 sentire
938 1929 1099 1991 nega;
1118 1921 1303 1978 dulces
1325 1931 1379 1977 οι
1404 1937 1623 1978 sumere
1646 1923 1817 1977 victus
1836 1925 1901 1987 ιι,
2154 1910 2257 1967 540
2297 1911 2471 1968 Turba
2498 1914 2711 1982 domus,
2742 1930 2951 1971 summa
2978 1925 3032 1972 et
3057 1933 3269 1985 census,
3302 1936 3440 1976 anus
3478 1938 3576 1977 una
3616 1939 3719 1978 ma-

614 2010 876 2081 Exprimit
915 2011 1198 2067 humentes
1250 2013 1453 2079 acinos,
1487 2028 1817 2084 succumque
1848 2012 2055 2081 liqucn-
3522 2014 3719 2086 lueret.

1834 2103 1853 2174 [
1876 2112 1982 2159 cem
2372 2094 2604 2153 Pulsatis
2635 2096 2838 2154 foribus
2866 2098 3014 2153 Felix
3042 2100 3182 2156 hanc
3202 2102 3406 2158 excitat
3433 2104 3510 2170 ³²;
3541 2105 3624 2160 illa

614 2189 857 2254 lustillat,
890 2191 1055 2259 digito
1085 2192 1341 2248 diducens
1363 2194 1509 2247 arida
1535 2194 1715 2259 labra;
2296 2183 2376 2240 Ad
2406 2187 2608 2256 Primos
2650 2189 2722 2259 (ε)
2780 2188 3060 2259 pavefacta
3106 2198 3305 2260 $01105,
3340 2194 3428 2248 vix
3476 2204 3596 2249 uota
3642 2210 3719 2249 re-

614 2283 794 2337 Donec
813 2292 869 2337 et
897 2283 1205 2352 adspirante
1236 2285 1346 2339 Deo
1376 2286 1659 2339 conatibus
1687 2286 1863 2353 aegris,
3529 2286 3719 2359 [noscit

470 2370 573 2425 300
613 2370 678 2425 Et
706 2372 943 2427 luctante
973 2389 1152 2439 manu,
1184 2374 1387 2443 rigidos
1413 2375 1687 2444 paulisper
1715 2376 1891 2431 hiatus

2294 2368 2560 2439 Alloquia,
2594 2377 2649 2425 et
2673 2370 2948 2425 dominum
2979 2372 3133 2427 tectis
3156 2376 3382 2429 assumit
3408 2376 3451 2408 ⁸³
3479 2379 3684 2446 apertis,

612 2462 864 2531 Laxavit,
895 2473 1215 2534 tenuemque
1244 2466 1446 2520 aditum
1472 2467 1618 2521 dedit
1646 2468 1755 2521 oris
1785 2469 1979 2537 aperti,
2296 2458 2441 2514 V000
2480 2459 2753 2530 ετειάυψιθ
2802 2468 3065 2530 "emensi
3094 2464 3376 2534 quatiente
3422 2467 3607 2523 “more
3641 2483 3719 2522 se-

609 2553 725 2618 Quo
754 2569 931 2608 rorem
956 2555 1202 2622 exiguum
1233 2556 1468 2610 resoluta
1495 2556 1801 2611 infunderet
1826 2572 1947 2610 uva.
3473 2556 3717 2629 [nectam

682 2644 817 2700 Hinc
845 2646 1035 2700 anima:
1063 2662 1269 2713 sensus,
1298 2648 1446 2703 calor
1474 2648 1705 2711 ossibus,
1735 2660 1896 2718 atque
1916 2664 2047 2703 ocu-
2150 2637 2255 2693 ’5ίὸ
2359 2639 2457 2696 Cui
2486 2640 2639 2697 Felix
2669 2660 2681 2697 :
2714 2641 2859 2714 Cape
2887 2643 3187 2715 depositum
3224 2646 3362 2717 hoc,
3419 2650 3559 2719 quod
3595 2666 3718 2705 con-

766 2794 769 2797 .
1738 2738 1837 2809 [lis
1865 2738 1978 2805 lux,
3360 2739 3495 2813 [scia
3524 2755 3717 2794 mecum

606 2825 832 2895 Vitaque
855 2835 966 2882 tota
988 2828 1124 2883 redit
1150 2846 1162 2882 :
1192 2844 1415 2899 qumque
1437 2829 1665 2884 lueserat
1694 2832 1867 2885 obsita
1890 2831 2048 2887 siccis
2290 2822 2481 2879 Sidera
2503 2825 2695 2890 ηοοῑίεν
2727 2833 2783 2882 εἰ
2802 2827 3057 2896 angelicae
3076 2829 3176 2884 sub
3206 2830 3456 2901 priﬂCipe
3484 2831 3714 2895 Οίιτίδιον

470 2915 572 2972 505
611 2915 892 2984 Faucibus,
918 2927 1136 2974 exercet
1163 2919 1348 2975 solitas
1367 2920 1477 2989 jam
1510 2920 1687 2989 lingua
1709 2921 1975 2989 loquelas,
2291 2915 2375 2972 Me
2428 2917 2676 2973 tradente
2700 2960 2716 2986 ,
2746 2934 2935 2974 manus
2980 2920 3197 2974 tradunt
3226 2921 3319 2975 tibi
3348 2939 3365 2986 ;
3398 2937 3545 2976 sume
3591 2921 3719 2976 lideli

607 3006 895 3080 Postquam
925 3011 1072 3065 vocis
1096 3011 1198 3064 iter
1224 3011 1477 3081 patefecit
1504 3011 1739 3066 lubricus
1761 3013 1977 3067 humor.
2295 3006 2446 3063 lianc
2487 3007 2701 3065 Domini
2729 3023 2995 3079 gemmam
3020 3012 3248 3081 gremio,
3279 3026 3448 3081 quam
3494 3020 3721 3082 tempore

676 3098 818 3169 Ergo
840 3101 1186 3163 reviviscens,
1217 3102 1497 3157 notissima
1520 3103 1822 3157 comminus
1842 3118 1957 3168 ora,
2077 3087 2126 3149 C
3496 3102 3720 3175 [summo

609 3192 799 3248 Felicis
819 3192 965 3247 videt
991 3208 1086 3247 ora
1117 3194 1216 3257 sui,
1249 3194 1635 3263 amplexusque
1664 3195 1918 3263 vicissim,
2296 3186 2627 3243 Incolumem
2650 3188 2805 3244 nobis
2818 3189 3048 3245 Domino
3076 3191 3174 3246 sub
3197 3190 3386 3261 iudice
3414 3192 3625 3258 reddaS.

604 3282 968 3351 Conqueritur
995 3283 1203 3338 tardum
1251 3302 1263 3337 :
1313 3284 1444 3339 Nam
1493 3293 1547 3340 te
1575 3286 1918 3355 promiserat,
1971 3287 2052 3342 in-
2153 3278 2257 3335 350
2293 3279 2410 3347 Quo
2434 3298 2583 3337 nunc
2621 3290 2756 3338 teste
2781 3282 2947 3353 capis.
2974 3282 3127 3338 Subit
3147 3284 3260 3338 istis
3283 3283 3548 3340 Maximus
3575 3282 3719 3348 orsis,

1802 3377 1979 3449 [quit,
2298 3372 2638 3443 Felicemque
2681 3388 2838 3428 suum
2878 3389 3138 3430 revocans
3168 3393 3181 3429 ε
3213 3374 3364 3447 Cape
3409 3385 3465 3431 tu
3493 3389 3719 3446 quoque,

472 3462 573 3518 510
610 3460 808 3518 Adfore
828 3462 1147 3532 jamdudum
1174 3464 1431 3521 Dominus
1459 3466 1611 3533 mihi,
1642 3481 1768 3537 pars
1797 3483 1917 3523 mea
1950 3468 2051 3525 Fe-
3550 3465 3719 3538 [dimi

1822 3557 1842 3631 [
1872 3558 1977 3625 lix;
2294 3551 2551 3618 Muneris,
2574 3569 2606 3608 ο
2634 3554 2706 3607 mi
2729 3562 2855 3610 nate
2872 3554 2941 3620 ³⁸,
2957 3555 3152 3622 vicem,
3175 3569 3339 3626 quam
3362 3572 3450 3612 me
3473 3557 3563 3611 tibi
3579 3554 3725 3624 jussit

612 3641 967 3713 Prmcipuum,
989 3642 1161 3709 Felix,
1195 3645 1388 3715 pignus
1416 3646 1568 3715 mihi,
1591 3662 1709 3717 qua:
1737 3662 1870 3718 rogo
1891 3657 2051 3705 tanta:
2293 3644 2539 3701 Reddere
2567 3647 2949 3717 compositum,
2978 3648 3071 3717 qui
3100 3655 3152 3703 te
3197 3648 3326 3702 mihi
3371 3648 3529 3719 jussit
3551 3647 3726 3702 adesse

611 3733 717 3789 Aut
740 3733 826 3788 ubi
855 3744 908 3788 te
930 3742 1153 3790 tenuere
1180 3737 1370 3791 morae?
1398 3736 1442 3792 si
1465 3753 1693 3807 corpore
1715 3739 1855 3795 cessi
2293 3737 2575 3807 Deposito.
2609 3737 2746 3793 Tum
2770 3739 2965 3795 deinde
3008 3754 3217 3795 sacram
3246 3740 3447 3797 Felicis
3475 3739 3631 3796 amati

607 3824 958 3898 399-ωο
984 3824 1064 3881 Ad
1111 3834 1322 3898 tempus
1370 3826 1577 3899 fragili,
1647 3828 1820 3885 solido
1872 3836 2050 3886 tamen
2153 3827 2258 3884 555
2295 3828 2527 3900 lmponit
2553 3830 2719 3902 capiti
2745 3830 3201 3899 dextram,simul
3230 3832 3415 3886 omnia
3437 3828 3629 3885 Christi

1707 3922 1859 3995 [esse
1884 3921 2053 3978 ﬁdelis
2292 3921 2441 3977 Dona
2470 3931 2662 3993 petens
2695 3941 2707 3976 :
2743 3923 2889 3978 velut
2913 3923 3001 3978 ille
3030 3932 3243 3994 patrum
3272 3922 3599 3979 venerabilis
3620 3919 3725 3973 lsac

610 4009 835 4066 Pectore
858 4010 1066 4066 duravi.
1097 4012 1266 4067 Docet
1284 4020 1338 4067 et
1359 4013 1508 4068 locus
1529 4021 1583 4068 et
1609 4024 1780 4069 status
1810 4016 1946 4085 ipse,
2174 4052 2179 4057 .
2296 4011 2441 4067 Rere
2468 4013 2577 4083 poli
2601 4020 2803 4079 natum,
2829 4022 2885 4068 et
2910 4022 3066 4069 terrae
3088 4013 3369 4069 benedixit
3398 4016 3579 4085 opimo
3604 4011 3656 4078 ';

470 4100 573 4157 5l5
610 4101 665 4156 ln
695 4117 803 4171 quo
831 4118 918 4157 me
945 4103 1123 4158 cernis
1150 4104 1271 4157 vita:
1292 4105 1447 4159 istius
1478 4106 1581 4163 ima
1622 4107 1943 4177 trahentem,
2294 4104 2525 4159 Felicem
2554 4104 2770 4160 Christo
2797 4106 2874 4161 sic
2899 4104 3160 4162 Maximus
3182 4121 3275 4160 ore
3304 4115 3535 4175 paterno

606 4188 724 4247 Non
753 4192 944 4247 mortis
972 4191 1172 4261 fugisse
1199 4200 1343 4247 metu
1363 4233 1378 4258 ,
1410 4193 1731 4265 Christoque
1760 4212 1933 4252 meam
1963 4215 2052 4255 me
2293 4196 2397 4251 Ore
2419 4204 2475 4251 et
2497 4196 2796 4266 apostolico
2819 4196 3143 4251 benedicens
3164 4203 3220 4250 et
3247 4195 3609 4267 locupletans,

611 4282 971 4352 Przeposuisse
1016 4282 1253 4337 animam
1284 4300 1297 4336 :
1331 4283 1464 4353 fugi,
1491 4302 1598 4339 non
1649 4286 1782 4343 lucis
1830 4304 2046 4358 amore,
2152 4285 2254 4341 360
2291 4286 2757 4342 lmmarcescibilis
2783 4287 3054 4343 redimivit
3078 4286 3289 4342 honore
3315 4302 3536 4342 corona:

606 4370 715 4428 Sed
770 4370 797 4411 ι)
843 4370 1031 4445 fragile
1080 4374 1184 4430 hoc
1212 4382 1456 4432 metuens
1514 4376 1709 4433 inﬁrmi
1760 4382 2046 4451 corporis;
2081 4446 2115 4451 _
2292 4376 2680 4449 Perpetuisque
2708 4378 2921 4449 opibus,
2954 4392 3089 4447 quas
3118 4387 3173 4433 et
3218 4378 3385 4434 modo
3437 4379 3726 4443 cernimus,

1810 4446 1980 4544 [θἰηυί
2002 4446 2046 4505 ³)
2078 4446 2129 4507 D
2398 4446 2415 4449 —
2591 4446 2606 4448 _
2745 4446 2762 4449 ν
2973 4446 2982 4447 7
3542 4470 3723 4545 [auxit.

610 4553 769 4611 Tecta
798 4563 1007 4626 petens,
1032 4555 1135 4611 alia
1163 4555 1414 4611 vixissent
1442 4566 1584 4612 tutus
1605 4558 1655 4611 in
1682 4560 1832 4625 urbe,
2719 4559 2948 4615 POEMA
2978 4559 3096 4613 XVI
3127 4562 3163 4614 '.

467 4643 569 4699 320
606 4644 660 4698 Si
681 4647 809 4700 mihi
839 4647 942 4703 vile
972 4647 1124 4712 ﬁdes,
1149 4656 1204 4703 et
1233 4647 1309 4719 (b)
1341 4664 1463 4703 cara
1495 4649 1537 4680 ³¹
1567 4649 1681 4704 lucc
1702 4651 1809 4707 vita
1837 4653 2040 4710 fuisset.
2434 4668 2499 4705 ns
2527 4667 2572 4706 s.
2598 4666 2784 4705 rauce
2814 4667 3138 4706 ausurum
3169 4667 3380 4707 cannas
3407 4670 3457 4707 v.

608 4733 822 4802 Ignotos
849 4746 1081 4800 montes,
1104 4738 1425 4806 desertaque
1465 4739 1603 4793 nuda
1631 4742 1828 4810 petivi,
2434 4745 2495 4800 S.
2540 4743 2734 4799 Felicis
2792 4745 3060 4797 historiam
3106 4747 3453 4815 prosequitur.

607 4822 662 4875 In
692 4825 898 4893 gremio
926 4824 1137 4880 Domini
1158 4826 1327 4882 dulcis
1352 4843 1468 4882 mea
1491 4830 1627 4884 colla
1650 4847 1937 4901 reponens,
2291 4836 2449 4910 491
2471 4861 2497 4877 -α
2526 4834 2687 4906 402
2746 4833 3010 4904 Tempora
3074 4836 3407 4904 temporibus
3468 4834 3726 4897 subeunt,

605 4912 726 4981 Ipso
755 4922 815 4968 ut
844 4925 866 4953 ο
898 4914 1183 4971 deﬁcerem
1205 4926 1361 4983 teste,
1394 4928 1485 4973 aut
1515 4929 1571 4974 ut
1596 4938 1844 4991 pascercr
1870 4926 2015 4996 ipso.

3108 4926 3258 4999 [abit,
3292 4936 3348 4981 et
3377 4926 3526 4982 venit
3543 4932 3724 4984 aestas;

608 5000 717 5056 Nec
745 5002 959 5070 frustra,
987 5019 1117 5061 ecce
1146 5006 1315 5075 vides,
1345 5006 1443 5063 fuit
1473 5009 1586 5066 lucc
1616 5012 1805 5070 ﬁducia
1832 5018 1985 5073 nobis
2014 5039 2031 5073 ε
2283 5018 2488 5074 Cuncta
2513 5018 2627 5074 dies
2648 5016 2910 5072 trudendo
2934 5016 3076 5072 diem
3096 5016 3251 5087 fugit,
3280 5026 3335 5074 et
3355 5026 3501 5074 rotat
3525 5018 3725 5073 orbem:

538 5136 727 5225 follius
770 5137 882 5225 29“:
914 5140 1056 5225 quod
1074 5150 1261 5225 autem
1295 5143 1359 5195 16
1399 5154 1532 5209 erat,
1568 5161 1708 5201 nunc
1738 5147 1825 5202 l2.
1857 5150 2043 5223 Serip-
2230 5159 2246 5225 (
2275 5170 2307 5206 a
2330 5153 2348 5223 )
2371 5151 2607 5225 S_ie_n_iss.
2622 5150 2845 5225 codices
2871 5165 2994 5225 cum
3022 5150 3147 5207 edd.
3181 5150 3341 5208 Crav.
3379 5160 3436 5207 et
3464 5152 3647 5209 Schot.
3678 5150 3725 5204 in

466 5217 577 5290 tum
596 5223 747 5290 anno
772 5208 892 5275 598¹
923 5210 1010 5290 die
1032 5210 1096 5265 14
1124 5210 1341 5290 Ianuar.
1977 5208 1995 5223 ³
2152 5208 2356 5290 ηιίίιεςέ.
2381 5221 2519 5275 Editi
2546 5220 2802 5290 quinque,
2833 5219 3039 5275 vitibus.

537 5286 561 5364 :
594 5277 709 5364 ur!-
741 5294 907 5334 οιπιηο
943 5279 1267 5364 Law-1e-

2227 5277 2415 5364 (Ιῆυδίο
2446 5307 2543 5344 ms.
2565 5277 2726 5364 ’ψιυέ
2749 5277 3128 5364 ϐ’θτωδηλθηείε
3157 5293 3347 5364 codex.
3366 5292 3505 5364 Alii,
3529 5305 3722 5351 carum,

538 5348 563 5431 ξ’
594 5345 917 5431 _V_ide_carm.
942 5345 1031 5417 2|,
1052 5367 1105 5404 v.
1139 5351 1261 5406 005.

2154 5345 2450 5429 incongrue
2492 5361 2746 5426 omnino;
2780 5376 2879 5416 nec
2906 5345 3471 5419 enimattendehdum
3492 5345 3563 5415 ad
3596 5345 3725 5431 pne;

539 5429 559 5487 ς
593 5419 643 5470 ld
672 5426 758 5471 est
786 5435 1028 5473 morerer.
2156 5419 2424 5487 cedentia.

534 5486 558 5523 ιι
591 5488 757 5570 Μηθὸι
784 5488 955 5560 elegit.
988 5490 1121 5546 Vide
1166 5506 1332 5547 carm.
1365 5491 1450 5554 δὲ,
1479 5510 1528 5547 v.
1576 5494 1708 5561 522,
1740 5507 1795 5553 ct
1824 5515 1911 5569 ep.
1945 5501 2045 5570 32,
2168 5486 2302 5570 77(0)
2326 5501 2425 5555 Ms.
2459 5500 2483 5553 1
2517 5498 2698 5555 Germ.
2730 5500 2951 5555 volucer.

534 5501 558 5523 υ
591 5501 644 5541 tu
674 5501 757 5542 est
784 5501 955 5560 elegit.
994 5501 1121 5546 Viue
1166 5506 1332 5547 carm.
1365 5501 1450 5554 52,
1479 5510 1528 5547 ν.
1576 5501 1708 5561 522,
1740 5507 1795 5553 ct
1824 5515 1911 5569 ep.
1945 5501 2045 5570 32,
2229 5503 2279 5560 lc
2326 5501 2425 5555 Ms.
2459 5501 2483 5553 l
2517 5501 2698 5555 Germ.
2730 5501 2951 5555 volucer.

466 5571 612 5641 nutu;
639 5558 699 5638 ⁹6.
762 5629 793 5641 Α
970 5632 1000 5641 γ’
1413 5634 1475 5641 η
1609 5633 1635 5641 __
1780 5636 1800 5641 _
2220 5501 2590 5641 ("diltabmss.
2622 5570 2955 5641 dquGerm.
2987 5577 3042 5623 et
3085 5569 3205 5625 cdd.
3251 5570 3398 5626 Grin.
3431 5578 3488 5625 et
3528 5568 3722 5625 Poelm.

539 5639 560 5709 Ῐ
595 5626 827 5709 L‘iccmm
860 5632 1087 5709 1³0⁸93⁵³·
1134 5631 1263 5689 Vide
1292 5647 1375 5703 cl).
1413 5634 1496 5700 53.
1525 5652 1575 5691 ηο
1605 5633 1657 5704 5,
1691 5653 1741 5692 ν.
1774 5636 1825 5692 8.
2148 5626 2367 5709 melius.
2393 5638 2515 5698 Alii.
2543 5638 2595 5693 It
2621 5639 2852 5709 pedibus.

543 5694 557 5729 ί
591 5695 725 5753 Gen.
752 5694 917 5767 xxvii,
950 5700 1038 5755 28.
1326 5694 1338 5703 ’
1487 5694 1495 5700 ’
1645 5694 1657 5704 ’

1487 5694 1495 5700 ’
1645 5694 1657 5704 ’
2150 5694 2159 5695 ί
2228 5712 2297 5775 (e)
2326 5708 2421 5766 Ms.
2456 5710 2475 5763 l
2507 5694 2713 5775 Cornu,
2740 5710 3046 5779 stupefacta.
