3988 6176
300 255 399 311 477

306 637 338 691 5

308 1092 372 1144 l0

310 1634 378 1688 15

307 2822 380 2876 25

309 4279 382 4332 40

1756 201 1984 308 POEMA
2015 251 2150 307 XVI.

1908 381 1954 436 Α

438 364 630 420 Omnia
653 372 1000 435 praetereunt,
1024 372 1337 419 sanctorum
1366 364 1536 432 gloria
1560 364 1718 419 durat

443 454 504 510 in
529 454 767 523 Christo,
790 456 883 526 qui
912 464 1103 511 cuncta
1126 462 1323 519 novat,
1349 454 1473 509 dum
1499 463 1778 525 permanet
1810 455 1885 526 (a)

1684 547 1703 619 [
1727 547 1780 600 in
1809 562 1887 601 se.

492 635 733 691 Tandem
751 636 912 705 igitur
940 635 1181 691 revoluta
1196 634 1313 690 dies
1340 634 1469 689 mihi
1502 650 1743 701 nascere,
1777 644 1891 690 toto

450 726 714 796 Exoptata
744 728 860 781 dies
889 742 1053 792 anno,
1076 741 1195 795 qua:
1215 725 1389 780 dulcia
1412 725 1567 791 festa,

445 816 509 871 Et
537 833 658 871 mea
688 826 814 872 vota
841 832 1037 881 novas;
1070 832 1189 887 qua:
1220 832 1305 870 me
1333 817 1613 871 sollemnia
1644 816 1822 886 poscis

446 906 691 969 Munera,
723 907 957 961 natalem
979 906 1240 973 referens,
1265 921 1373 975 quo
1404 906 1565 960 millia
1590 907 1824 973 gaudent

448 999 718 1053 lnnumeri
746 998 929 1068 populi
956 1014 970 1062 ;
1001 1012 1111 1066 quo
1140 1013 1227 1051 me
1254 996 1507 1066 specialia
1527 1006 1752 1066 tangunt

446 1088 676 1153 Gaudia,
695 1104 803 1158 quo
828 1086 1039 1142 famula:
1062 1095 1177 1141 rata
1204 1087 1374 1141 debeo
1401 1088 1414 1118 ¹
1447 1103 1670 1141 munera
1703 1088 1894 1158 lingua:

450 1180 614 1235 Felici
644 1178 718 1251 (ἁ)
754 1179 920 1233 libare
944 1193 1085 1243 meo,
1117 1176 1204 1231 cui
1228 1184 1407 1231 mente
1434 1176 1609 1231 dicata

450 1272 505 1325 ln
530 1271 759 1326 Domino
779 1268 995 1325 Christo
1025 1285 1142 1324 sum
1171 1268 1382 1323 deditus
1415 1285 1428 1319 :
1460 1268 1601 1322 hunc
1622 1276 1677 1322 et
1697 1269 1895 1323 amoris

449 1362 722 1431 Obsequio
749 1361 1025 1416 celebrare
1056 1375 1152 1430 per
1179 1375 1356 1414 annua
1385 1360 1622 1414 carmina
1650 1370 1891 1415 sanctum

453 1454 554 1509 Fas
593 1453 749 1507 mihi.
776 1452 961 1507 Dicam
997 1452 1156 1521 igitur
1184 1451 1395 1516 merita,
1428 1458 1483 1504 et
1508 1465 1698 1505 causas
1728 1450 1892 1503 meri-

1660 1540 1857 1613 [torum
1875 1581 1891 1607 ,

454 1631 494 1686 E
521 1632 717 1702 quibus
737 1631 973 1686 obtinuit
999 1629 1276 1686 cmlestum
1306 1630 1523 1700 prmmia
1554 1629 1766 1684 laudum
1786 1670 1801 1694 ,

452 1723 813 1793 Etemosque
838 1723 971 1787 dies,
1003 1730 1058 1777 et
1085 1723 1267 1791 magni
1298 1737 1492 1777 nomen
1523 1723 1766 1777 honoris.

516 1814 636 1870 Jam
665 1824 693 1853 ι
726 1816 873 1886 prior
901 1816 1005 1871 hoc
1035 1815 1107 1886 (c)
1147 1815 1350 1885 primos
1372 1814 1524 1871 vobis
1554 1814 1691 1870 liber
1729 1814 1896 1870 edidit

1709 1905 1727 1979 [
1744 1913 1896 1961 actus

453 2000 720 2072 Martyris,
746 1998 888 2054 unde
912 1998 1094 2066 domo,
1119 1997 1205 2052 vel
1259 1998 1352 2069 qui
1381 2010 1568 2068 genus,
1621 2005 1677 2053 et
1702 1997 1895 2067 quibus
1924 1992 1929 1999 ’

1720 2090 1740 2163 Ῐ
1756 2090 1896 2145 altus

452 2184 508 2239 In
534 2184 752 2251 studiis,
780 2198 889 2253 quo
912 2181 1105 2261 deinde
1131 2181 1301 2251 gradu
1336 2196 1433 2251 per
1461 2188 1646 2237 sancta
1672 2189 1896 2237 vocatus

452 2278 629 2332 Munia
656 2277 904 2331 maluerit
930 2264 1143 2332 Christo
1172 2276 1376 2330 servire
1403 2276 1647 2346 perenni,

453 2370 623 2437 Quam
651 2371 852 2439 patrias
877 2383 1057 2423 errare
1084 2369 1199 2422 vias
1227 2371 1247 2399 ³
1268 2383 1364 2437 per
1389 2366 1543 2422 devia
1564 2367 1784 2422 mundi:

450 2459 583 2513 Nam
612 2468 766 2529 pater
789 2458 1029 2513 emeritis
1057 2457 1156 2513 sub
1172 2455 1383 2511 Cmsare
1405 2458 1615 2511 vixerat
1634 2458 1819 2524 armis,

456 2551 701 2605 Diximus
724 2558 778 2604 et
810 2558 950 2603 tetro
981 2549 1240 2603 toleratas
1264 2563 1482 2603 carcere
1509 2562 1719 2618 poenas,

454 2642 599 2709 Quas
626 2638 907 2696 confessor
934 2639 1068 2705 obit,
1114 2646 1345 2694 mortem
1386 2653 1602 2708 quoque
1617 2638 1772 2715 _ferre
1797 2653 1897 2708 pa-

1700 2730 1893 2803 [ratus,

456 2822 517 2876 Ni
541 2822 681 2877 Deus
700 2822 1001 2891 anticipans
1028 2820 1255 2889 gladios,
1284 2820 1531 2876 solvisset
1556 2821 1752 2890 iniquis

458 2912 724 2966 Emissum
750 2911 959 2977 vinclis,
987 2911 1230 2979 aliosque
1252 2917 1504 2964 vocasset
1545 2908 1610 2963 ad
1640 2918 1825 2976 actus;

460 3005 525 3060 Ut
544 3005 625 3076 (ά)
642 3005 790 3076 prius
813 3004 881 3058 ad
900 3018 1108 3058 sacram
1129 3010 1396 3056 remearet
1415 3002 1699 3071 episcopus
1721 3001 1897 3055 aulam

455 3094 739 3159 Maximus,
770 3095 824 3148 in
853 3093 880 3132 δ
905 3093 1037 3149 solis
1061 3094 1152 3162 qui
1181 3092 1406 3148 saltibus
1435 3092 1619 3145 ultima
1644 3091 1769 3145 vita

458 3185 624 3256 IEger
646 3185 955 3249 anhelabat,
986 3191 1266 3253 grassante
1294 3181 1506 3250 fugatus
1532 3181 1600 3235 ab
1627 3170 1784 3237 hoste
1808 3199 1825 3235 :

455 3277 623 3344 Quem
649 3277 831 3347 jussus
856 3275 1077 3346 proprio
1094 3272 1343 3329 subvexit
1370 3287 1598 3342 corpore
1623 3271 1795 3340 Felix,

462 3368 717 3439 Pauperis
745 3376 801 3422 et
828 3367 957 3421 tecti
978 3366 1211 3421 delatum
1239 3365 1293 3418 in
1318 3364 1449 3418 sede
1473 3363 1703 3429 locavit;

462 3457 814 3527 Pensatisque
842 3456 965 3521 sibi,
995 3464 1186 3510 sancto
1213 3455 1357 3509 senis
1377 3469 1473 3509 ore
1502 3454 1666 3521 beati,

458 3546 659 3603 Ofﬁciis
682 3547 996 3603 benedictus
1020 3545 1163 3612 abit;
1190 3546 1479 3615 paucisque
1504 3544 1693 3599 diebus

463 3639 682 3708 Delituit
709 3639 911 3708 proprii
940 3638 1131 3692 tacitus
1155 3637 1253 3691 sub
1276 3636 1507 3691 culmine
1537 3635 1681 3696 tecti,

464 3703 579 3785 N'on
604 3703 767 3784 tacita
798 3703 1085 3782 Dominum
1113 3727 1385 3781 cmlestem
1414 3733 1594 3780 mente
1621 3725 1864 3794 fatigans,

464 3822 635 3887 Quem
663 3833 825 3891 prece
851 3817 1075 3883 directa,
1104 3825 1393 3887 penetrans
1415 3831 1579 3886 super
1596 3822 1762 3881 astra,
1787 3830 1908 3885 pro-

1667 3906 1902 3979 [pinquo

468 4000 721 4056 Pulsabat
749 4000 959 4065 merito,
990 4014 1180 4070 pacem
1208 3998 1501 4069 procedere
1528 4012 1775 4068 poscens.

535 4092 747 4147 Interea
776 4089 982 4145 ﬂuxere
1005 4090 1142 4158 dies,
1174 4105 1277 4159 pax
1305 4089 1418 4143 visa
1448 4089 1666 4143 reverti.

467 4184 706 4239 Deseruit
736 4183 996 4237 latebram
1026 4180 1199 4247 Felix,
1232 4180 1551 4248 tandemque
1574 4190 1770 4233 sereno

468 4276 714 4330 Conﬁsus
743 4274 900 4336 cmlo,
929 4273 1062 4327 laetis
1090 4288 1149 4327 se
1170 4272 1395 4327 reddere
1422 4272 1601 4325 lmtum

470 4367 763 4429 Fratribus,
796 4371 850 4417 et
872 4363 1092 4433 placida:
1117 4362 1456 4417 committere
1484 4366 1726 4430 coeperat
1766 4358 1904 4414 urbi.

467 4458 834 4513 Cratabanlur
864 4469 992 4509 Oves
1020 4454 1239 4515 Christi,
1270 4462 1491 4523 pastore
1518 4462 1761 4522 recepto.

464 4552 560 4606 Ille
589 4562 806 4618 gregem
830 4545 1082 4616 pavidum
1112 4544 1179 4600 de
1203 4552 1527 4614 tempestate
1566 4543 1770 4600 recenti

463 4641 736 4697 Mulcebat
765 4639 984 4693 monitis
1007 4637 1334 4702 cmlestibus,
1367 4646 1421 4692 et
1440 4636 1577 4693 duce
1603 4637 1770 4691 verbo

467 4736 643 4792 Anxia
671 4733 832 4789 corda
864 4746 1074 4800 regens,
1105 4730 1354 4785 ﬁrmabat
1378 4745 1563 4785 amore
1596 4740 1618 4769 ο
1648 4729 1804 4797 ﬁdei;

456 4826 873 4886 Contemnenda
902 4825 1103 4878 docens
1128 4832 1182 4877 et
1205 4838 1390 4877 amara
1410 4830 1465 4878 et
1486 4822 1663 4878 dulcia
1690 4821 1906 4889 mundi;

461 4920 576 4975 Nec
595 4916 1000 4973 concedendum
1029 4914 1358 4981 terroribus;
1380 4912 1648 4983 obviaque
1674 4914 1802 4984 ipsis

445 5033 509 5087 Id
538 5038 621 5086 est
650 5028 779 5083 Nat.
812 5025 865 5085 4.

381 5105 411 5143 δ
450 5101 587 5157 Vide
608 5116 777 5155 carm.
808 5097 895 5165 15,
924 5113 977 5152 v.
1007 5094 1095 5150 98.

454 5173 593 5225 Vide
612 5178 726 5223 not.
760 5168 883 5221 554.

382 5245 469 5313 (a)
503 5241 598 5295 Ms.
617 5238 789 5294 codex
810 5252 946 5291 unus
965 5236 1364 5303 Germanensis,
1378 5237 1509 5305 ipse.
1533 5233 1773 5305 Utraque
1795 5235 1908 5291 lec-

306 5314 594 5453 "litigi;
614 5378 911 5453 repositum
927 5394 1003 5453 ex
1038 5376 1245 5433 duobus
1273 5392 1400 5432 mss.
1425 5374 1697 5431 codicibus
1720 5374 1902 5430 Germ.

300 5448 489 5517 Editi,
523 5448 701 5513 libata,
728 5448 906 5503 minus
927 5449 1082 5501 bene.

381 5514 483 5589 (cl
502 5518 663 5573 Iidem
691 5518 903 5589 codices
932 5534 1059 5572 mss.
1094 5516 1487 5589 Germanenses
1498 5514 1641 5589 duo,
1666 5516 1861 5589 primas
1886 5533 1903 5578 ;

212 5642 223 5649 .
297 5605 358 5650 et
391 5587 556 5645 recte
604 5587 815 5656 quidem
848 5588 949 5642 hoc
991 5603 1147 5640 sensu
1180 5605 1191 5639 :

1226 5590 1420 5655 primus
1451 5585 1576 5637 liber
1613 5586 1757 5655 prior
1785 5586 1901 5648 hoc,

300 5665 355 5717 iul
386 5670 509 5721 est,
540 5654 664 5710 liber
692 5658 923 5725 proxime
953 5658 1082 5709 Inmc
1112 5654 1402 5724 prwrcdcus
1425 5656 1537 5724 jam
1568 5654 1703 5708 rubis
1743 5655 1903 5707 edidit

294 5743 461 5787 actus
492 5726 758 5797 Martyris.

1926 1746 1973 1807 B

1941 4488 1988 4549 D

3472 243 3579 300 £78

2126 362 2341 431 Ignibus
2364 368 2457 414 aut
2475 359 2667 429 gladiis
2688 359 2708 391 ³
2736 367 3016 432 promptos
3042 357 3241 414 inferre
3269 357 3529 414 monebat

2132 453 2488 528 403-404
2508 452 2764 521 Pectora;
2795 463 2851 510 et
2880 454 2994 526 ipse
3024 454 3136 509 suis
3179 452 3411 507 addebat
3448 467 3580 523 pon-

3027 543 3191 616 [dera
3220 544 3400 598 verbis
3429 543 3471 609 ⁸,

2029 638 2098 694 50
2135 637 2425 694 Confessor
2445 654 2666 709 passus,
2697 652 2815 706 qua:
2844 636 3192 708 perpetienda
3212 635 3473 701 docebat;

2134 727 2394 785 Omnibus
2421 730 2636 799 eloquio
2665 728 2822 783 simul
2852 727 3209 797 exemploque
3236 726 3507 794 magister.

2214 818 2330 875 Non
2376 819 2499 873 tulit
2542 819 2658 875 lucc
2695 818 2863 872 Malus
2888 818 2978 873 ille
3003 817 3097 872 diu
3137 833 3149 869 :
3181 815 3276 871 sed
3321 813 3580 869 inhorruit

3310 906 3330 977 [
3345 907 3478 962 atris

2140 999 2409 1065 Crinibus,
2436 1009 2490 1055 et
2513 1000 2581 1071 (ε)
2605 999 2806 1055 rabidis
2835 998 3037 1053 inflavit
3056 998 3193 1053 colla
3222 997 3477 1063 venenis;

2139 1089 2469 1159 immisitque
2498 1106 2651 1145 suum
2682 1091 2944 1145 scelerata
2971 1091 3023 1143 in
3053 1098 3272 1159 pectora
3302 1089 3447 1144 virus
3468 1126 3486 1154 ,

2037 1177 2106 1233 55
2147 1176 2339 1234 Ureret
2363 1188 2420 1232 ut
2446 1179 2625 1248 nigras
2654 1179 2845 1234 Felicis
2874 1180 3043 1246 gratia
3068 1186 3296 1232 mentes.

2140 1270 2370 1325 Inseruit
2390 1272 2634 1325 stimulos
2653 1311 2667 1336 ,
2690 1281 2744 1325 et
2767 1270 3031 1325 mentibus
3059 1270 3189 1322 arsit
3215 1269 3409 1339 iniquis

2141 1361 2385 1432 Vipereze
2408 1363 2474 1433 (ι’)
2500 1363 2646 1416 furor
2670 1360 2909 1427 invidiae;
2940 1360 3075 1431 petit
3113 1359 3355 1429 improba
3382 1358 3455 1431 (g)
3476 1358 3580 1430 pri-

3303 1450 3322 1522 [
3339 1466 3478 1503 mam

2141 1540 2225 1596 lra
2264 1540 2518 1608 domum;
2549 1541 2757 1597 cunctis
2785 1556 2938 1596 amor
2967 1540 3158 1611 impius
3200 1539 3254 1595 in
3284 1539 3460 1595 scelus
3500 1553 3580 1592 ar-

3333 1631 3478 1705 [det.

2142 1722 2379 1778 Felicem
2407 1723 2522 1778 sitit
2564 1722 2814 1792 impietas
2840 1740 2852 1776 :
2884 1723 2978 1778 sed
3000 1724 3068 1777 ab
3094 1722 3298 1777 aedibus
3326 1723 3520 1777 absens

2034 1814 2105 1869 60
2140 1814 2302 1870 Forte
2330 1815 2441 1871 suis
2470 1815 2644 1871 media
2668 1822 2895 1893 steterat
2913 1829 3132 1870 securus
3154 1813 3206 1868 in
3238 1812 3370 1869 urbe
3392 1853 3409 1883 ,

2140 1908 2412 1964 Frateruis
2440 1910 2506 1965 de
2536 1925 2687 1965 more
2716 1926 2814 1965 suo
2842 1911 3069 1965 vallatus
3096 1911 3304 1979 amicis,

2142 1999 2207 2053 Et
2238 2002 2322 2070 pia
2354 2001 2517 2055 verba
2562 2015 2748 2055 serens
2794 2000 2978 2070 populi
3025 2000 3293 2056 credentis
3322 1999 3375 2054 in
3405 2013 3582 2055 aures.

2142 2089 2280 2145 Ecce
2303 2090 2368 2143 ad
2394 2106 2536 2153 eum,
2563 2090 2765 2145 strictis
2787 2101 3088 2159 qnmrentes
3104 2090 3342 2154 ensibus,
3370 2090 3584 2143 adsunt.

2139 2179 2273 2235 Cum
2312 2182 2489 2236 subito
2514 2221 2528 2247 ,
2560 2191 2655 2234 aut
2686 2180 2792 2235 illis
2830 2179 2995 2236 corda
3026 2180 3302 2246 hostibus,
3332 2188 3426 2234 aut
3462 2178 3590 2232 huic

2410 2292 2413 2295 η
3353 2271 3485 2344 [ora

2036 2363 2106 2419 65
2144 2364 2463 2430 Vertuntur,
2492 2373 2677 2419 notum
2711 2380 2816 2419 non
2848 2378 3116 2433 agnovere
3138 2362 3405 2425 furentes,

2140 2454 2480 2523 Felicemque
2506 2462 2715 2524 rogant,
2751 2453 2902 2509 Felix
2927 2454 3016 2508 ubi
3044 2454 3304 2520 cernitur,
3334 2460 3517 2507 etnon

2144 2546 2429 2614 Cernitur;
2459 2547 2590 2618 ipse,
2624 2562 2723 2602 nec
2752 2547 2865 2616 ipse
2897 2547 2978 2600 vir
3006 2555 3119 2611 est;
3151 2561 3271 2599 cum
3300 2544 3369 2598 sit
3399 2557 3584 2614 prope,

3158 2638 3350 2711 [longe
3376 2646 3478 2692 est.

2141 2729 2357 2798 Ignotus
2379 2738 2649 2800 notusque
2671 2731 2782 2785 suis
2813 2730 2869 2783 ﬁt
2899 2730 3101 2785 civibus
3133 2730 3291 2796 idem,

2146 2821 2498 2876 Discernente
2528 2821 2629 2876 ﬁde
2646 2823 2850 2875 vultum
2880 2822 3239 2886 credentibus,
3272 2823 3385 2890 ipse

2037 2911 2107 2964 70
2143 2910 2398 2965 Hostibus
2429 2911 2565 2964 alter
2588 2918 2705 2965 erat
2737 2929 2748 2962 :
2784 2911 3051 2979 persensit
3074 2912 3093 2941 "
3120 2920 3175 2964 et
3211 2913 3323 2979 ipse
3353 2909 3584 2965 faventis

2032 2995 2039 3001 ’
2143 3002 2437 3056 Consilium
2465 3000 2664 3055 Christi
2692 3018 2706 3066 ;
2754 3001 3041 3068 ridensque
3081 3002 3394 3067 rogantibus
3424 2999 3539 3054 infit
3570 3018 3584 3054 :

2146 3092 2339 3146 Nescio
2372 3090 2601 3145 Felicem
2631 3106 2789 3159 quem
2822 3092 3079 3161 quaeritis.
3112 3091 3280 3146 lllicet
3311 3092 3384 3146 illi

2152 3184 2479 3239 Prcctereunt
2507 3184 2715 3255 ipsum;
2746 3184 2977 3239 discedit
3002 3192 3058 3237 at
3079 3183 3167 3237 ille
3194 3184 3371 3253 platea
3392 3225 3408 3249 ,

2147 3276 2405 3332 llludente
2434 3278 2453 3307 ⁸
2482 3292 2644 3332 canes
2672 3277 2900 3331 Domino
2933 3275 3222 3330 frustratus
3250 3276 3480 3330 hiantes.

2044 3368 2112 3423 75
2147 3369 2255 3425 Nec
2284 3370 2499 3439 longum
2527 3371 2759 3425 emensis
2779 3370 3032 3441 spatium,
3057 3378 3110 3424 et
3137 3368 3588 3435 scitantibusillis,

2153 3461 2266 3527 Qua
2297 3460 2445 3517 Felix
2468 3462 2687 3529 regione
2713 3461 2872 3524 foret,
2896 3462 3111 3531 quidam
3142 3461 3401 3530 increpat,
3425 3469 3480 3514 et
3499 3462 3590 3515 dat

2147 3550 2426 3616 Indicium,
2460 3553 2678 3620 ignarus
2707 3566 2911 3616 causze,
2945 3552 3278 3620 credensque
3311 3552 3489 3604 furore

2155 3644 2473 3708 Dementes,
2505 3643 2597 3710 qui
2640 3658 2744 3695 non
2775 3642 3357 3697 vidissentcomminus
3386 3642 3589 3710 ipsum,

2149 3734 2229 3788 Ad
2250 3749 2408 3803 quem
2439 3734 2708 3801 contiguis
2729 3732 2980 3789 fecissent
2999 3733 3161 3787 verba
3192 3733 3420 3802 loquelis
3445 3736 3487 3789 ⁷.

2046 3824 2117 3880 80
2158 3824 2395 3879 Perculsi
2419 3824 2655 3879 novitate
2684 3824 2813 3891 doli,
2840 3825 3163 3894 graviusque
3193 3824 3432 3881 furentes

2154 3915 2279 3970 Mox
2299 3915 2565 3979 redeunt,
2595 3931 2799 3985 perque
2829 3916 2941 3986 ipsa
2972 3915 3073 3969 viri
3103 3917 3323 3985 vestigia
3352 3924 3591 3972 currunt.

2151 4005 2378 4076 Jamque
2401 4004 2962 4076 propinquabant,sed
2986 4007 3592 4077 prmcurrentetumultn

2151 4094 2345 4163 Urbis,
2370 4106 2425 4153 et
2454 4098 2666 4152 attoniti
2691 4098 3019 4152 clamoribus
3048 4098 3280 4167 undique
3311 4099 3453 4168 vulgi

2156 4189 2471 4244 Admonitus
2492 4188 2641 4242 Felix
2660 4230 2674 4253 ,
2703 4189 2956 4243 instantia
2988 4189 3208 4244 vulnera
3237 4190 3378 4245 flexu

2045 4278 2116 4332 85
2154 4279 2415 4343 Declinat,
2448 4278 2732 4348 medioque
2762 4281 3024 4348 [aroculse
3048 4281 3235 4337 devius
3257 4282 3450 4336 aufert.

2154 4371 2393 4442 Namque
2425 4370 2497 4443 (ἡ)
2522 4371 2696 4427 locum
2727 4379 2973 4439 nanctus,
3006 4372 3183 4442 spatio
3213 4374 3304 4442 qui
3330 4372 3469 4428 forte
3494 4388 3593 4443 pa-

3326 4464 3491 4536 [tenti

2160 4553 2422 4610 Panditur
2442 4552 2688 4623 effugium
2704 4595 2718 4620 ,
2745 4554 2942 4609 celebri
2965 4554 3216 4610 seductus
3240 4555 3306 4609 ab
3338 4555 3489 4618 urbe,

2161 4646 2249 4702 Sic
2280 4661 2495 4717 quoque
2516 4662 2621 4700 non
2644 4644 2963 4715 longinquus
2990 4654 3115 4698 erat
3127 4644 3427 4699 sectoribus
3446 4644 3602 4713 atris,

2160 4736 2259 4804 Qui
2298 4752 2470 4808 prope
2504 4737 2797 4808 conspicuo
2823 4734 3113 4790 subductus
3150 4735 3217 4789 ab
3246 4750 3340 4791 ore
3370 4751 3602 4804 sequens

3319 4825 3489 4898 [tun],

2055 4919 2125 4973 90
2164 4918 2392 4973 Infestos
2413 4927 2700 4987 utcumque
2733 4916 2927 4971 timens
2955 4916 3213 4971 vitaverat
3237 4932 3432 4983 enses;

2117 5030 2172 5098 ά)
2202 5029 2299 5085 Ms.
2327 5030 2349 5082 1
2377 5029 2586 5098 Germ.,
2614 5032 2747 5099 pius.

2117 5031 2172 5098 ά)
2202 5031 2299 5085 llis.
2327 5031 2349 5082 1
2377 5031 2586 5098 Germ.,
2614 5032 2747 5099 pius.

2087 5031 2153 5169 be)
2186 5099 2275 5153 Sic
2330 5100 2735 5154 emendavimus
2790 5114 2857 5152 ex
2899 5098 3105 5152 duobus
3135 5115 3264 5153 mss.
3320 5097 3597 5152 codicibus

2011 5166 2215 5231 Germ”
2244 5169 2632 5236 refragantibus
2655 5170 2832 5233 editis,
2869 5170 2925 5222 in
2963 5168 3159 5236 quibus
3202 5170 3456 5223 mendose
3486 5184 3596 5220 Olll-

2013 5239 2139 5292 nino
2170 5239 2359 5306 legitur
2398 5239 2617 5307 rapidis.
2660 5238 2795 5293 Vide
2843 5253 2896 5294 v.
2932 5237 3064 5305 199,
3097 5238 3284 5292 rabida
3321 5245 3588 5300 monstra,

2012 5315 2068 5362 et
2096 5308 2245 5375 alibi,
2276 5308 2468 5362 rabidis
2501 5309 2786 5362 lictoribus.

2085 5379 2152 5509 ἓῙ)
2194 5377 2293 5430 Ms.
2328 5393 2464 5431 unus
2492 5377 2660 5431 codex
2681 5377 2887 5441 Germ.,
2930 5378 3193 5449 l’ipereus.

2107 5450 2160 5509 ῃ)
2217 5447 2292 5501 lla
2341 5448 2465 5501 edd.
2524 5462 2638 5500 sex.
2701 5446 2833 5503 Tres
2884 5448 2937 5502 in
2985 5463 3186 5509 margg.

2107 5444 2160 5514 'g)
2217 5447 2292 5501 lla
2341 5448 2465 5528 edd.
2524 5446 2937 5529 selx._'l‘resjin
2985 5444 3186 5529 margg.
3214 5444 3597 5529 eum‘mssaﬂ

2013 5516 2221 5583 Cerm.,
2277 5519 2516 5597 primum.
2575 5517 2681 5572 Sed
2725 5520 2939 5588 poetica
2990 5516 3157 5586 magis
3187 5518 3395 5585 vulgata
3428 5516 3588 5571 lectio

2013 5603 2175 5656 quam
2208 5598 2517 5640 retinemus.

2086 5658 2160 5723 (Ιι)
2194 5657 2316 5711 .llss.
2350 5657 2457 5709 duo
2492 5657 2702 5711 codices
2728 5656 2933 5723 Germ”
2969 5655 3011 5707 Ε
3038 5656 3202 5725 spatio
3228 5694 3241 5717 ,
3274 5662 3589 5725 nanctusque

2012 5725 2181 5779 locum
2203 5729 2287 5794 qui
2313 5729 2445 5795 forte
2466 5728 2690 5796 percuti.
2718 5726 2848 5782 Tres
2863 5726 2986 5781 cdd.
3020 5728 3071 5779 in
3102 5740 3327 5794 margg.,
3363 5727 3585 5793 percuti.
