3994 6180
444 255 564 333 479
1398 257 1454 313 S.
1496 256 1767 313 PAULlNl
1806 253 2053 310 NOIANI
2093 252 2393 311 EPISCOPl
2437 256 2776 311 POEtlA'I‘A.
3602 270 3693 326 ‘30

596 365 664 419 Et
685 366 973 437 capiendus
999 374 1138 435 erat,
1166 367 1291 436 quia
1314 368 1508 424 nullius
1530 369 1685 423 obice
1706 368 1959 434 claustri,
2058 372 2111 426 A
2354 368 2501 422 Vana
2530 370 2673 423 salus
2702 369 2976 424 hominum
2999 410 3013 435 ,
3039 368 3209 426 virtus
3255 388 3372 429 mea
3427 392 3530 431 non
3580 384 3695 438 mihi

599 456 693 511 llle
720 458 1036 527 repellendis
1062 458 1210 512 locus
1240 458 1534 517 obsistebat
1571 459 1785 529 iniquis.
3400 466 3601 537 [vit-tus,

601 548 732 601 Nam
756 550 778 579 “
806 548 1009 603 foribus
1032 549 1209 612 nullis,
1245 549 1297 602 in
1331 550 1539 618 publica
1571 559 1746 604 rostra
1772 553 1793 584 ⁹
1820 550 2039 620 patebat
2280 546 2337 601 Si
2362 564 2575 603 caream
2598 551 2802 604 virtute
2833 551 2948 605 Dei.
2980 551 3096 618 Quo
3123 563 3271 608 vasta
3302 556 3569 623 gigantum

600 638 850 692 Semiruti
874 640 1051 708 paries
1071 639 1349 694 maleiidus
1382 639 1641 708 fragmine
1663 641 1821 694 muri.
2283 639 2534 694 Robora?
2564 656 2672 710 quo
2700 640 2883 696 Pharii
2926 646 3125 713 reges?
3165 645 3252 698 ubi
3283 661 3469 715 magna
3495 648 3567 718 (ά)
3592 649 3700 704 llie-

496 727 565 781 93
601 729 704 783 Sed
727 731 905 784 divina
936 747 1128 785 manus
1150 746 1272 803 sese
1294 740 1540 786 sanctum
1570 732 1710 785 inter
1738 741 1794 786 et
1819 724 2004 787 hostes
3412 737 3608 809 [ricus?

605 820 882 889 Opposuit,
907 822 1149 890 miroque
1179 822 1353 875 locum
1382 822 1675 898 munimine
1708 822 1895 890 sepsit.
2145 816 2243 871 MO
2281 815 2535 875 Omnibus
2564 821 2731 875 exitio
2758 837 2852 876 sua
2875 823 3066 892 gloria,
3102 841 3205 894 qua
3239 833 3577 893 tumuerunt,

607 910 720 963 Non
751 919 899 965 strue
928 926 1214 975 saxorum,
1245 926 1421 979 neque
1447 910 1662 965 ferratis
1684 910 1807 965 data
1836 911 2005 966 valvis
2282 908 2445 963 Cassa
2475 908 2591 963 fuit.
2632 910 2814 980 Neqma
2835 929 2963 967 vero
2994 915 3103 969 suis
3130 916 3416 971 virtutibus
3447 919 3542 972 ista
3561 959 3577 983 ,

605 1000 847 1055 Claustra
870 1040 885 1066 ,
914 1015 1011 1069 per
1037 1000 1300 1055 humanas
1346 1000 1540 1068 quibus
1568 1000 1703 1054 atria
1744 1000 2041 1055 claudimus
2283 999 2386 1054 Sed
2411 1002 2579 1069 magis
2606 1002 2828 1058 inﬁrmis
2855 1005 3031 1091 divina
3061 1009 3298 1074 potentia
3327 1009 3504 1079 fregit.

1713 1088 1889 1161 [artes
1918 1108 1930 1143 :
2282 1090 2375 1144 Ille
2402 1092 2551 1160 gigas
2583 1094 2624 1123 “
2656 1095 2805 1160 pueri
2835 1088 2996 1149 funda
3028 1098 3264 1165 pastoris
3290 1100 3477 1158 obivit.

606 1180 818 1237 Rudere
860 1181 955 1236 sed
984 1181 1163 1236 subito
1191 1181 1465 1236 concrevit
1499 1180 1748 1235 sordidus
1780 1182 1821 1212 ¹⁰
1849 1194 2039 1249 agger,
2289 1178 2358 1233 Ut
2386 1182 2570 1247 canis;
2600 1182 2742 1235 illam
2774 1186 2956 1237 urbem
2983 1188 3191 1240 sonitus
3219 1189 3428 1242 solvere
3453 1191 3702 1258 tubarum;

465 1273 561 1326 tuo
600 1272 860 1340 Jztssaque
886 1280 1136 1325 nutantes
1165 1270 1395 1325 intendit
1419 1286 1616 1324 aranea
1648 1271 1807 1337 telas,
2150 1266 2262 1322 H5
2299 1267 2536 1324 Littorea
2557 1270 2725 1338 jacuit
2758 1287 2855 1325 rex
2881 1274 2970 1327 ille
2998 1277 3260 1343 superbus
3284 1292 3445 1332 arena
3467 1322 3481 1344 ,

603 1362 667 1413 [ﬁt
696 1361 899 1415 sinibus
923 1360 1249 1431 tremulis(a)
1270 1360 1322 1413 in
1353 1369 1524 1414 totum
1554 1361 1750 1414 struxit
1777 1367 2041 1429 apertum,
2288 1359 2511 1415 Divitias
2541 1361 2690 1427 regni
2712 1363 2951 1429 pendens
2986 1365 3040 1418 in
3070 1366 3255 1421 funere
3278 1368 3443 1423 nudo.

603 1451 936 1518 [)esertteque
965 1450 1111 1503 dedit
1136 1447 1328 1503 faciem
1357 1450 1577 1504 sordere
1600 1450 1791 1503 ruinae.
2290 1451 2379 1505 Sic
2399 1452 2489 1506 ubi
2525 1451 2768 1507 Christus
2795 1453 2947 1509 adest
2976 1455 3151 1521 nobis,
3183 1466 3240 1511 et
3276 1474 3472 1514 aranea
3505 1461 3568 1532 (ε)
3599 1478 3703 1515 mu-

668 1539 1064 1612 Αοδ-ήοε
1109 1536 1239 1604 Qua:
1275 1539 1433 1593 simul
1476 1540 1711 1594 occurrit
1755 1540 2047 1595 minitanti—
3378 1550 3462 1622 [το
3492 1562 3569 1606 εει
3600 1570 3613 1605 τ

1285 1630 1428 1702 [bus,
1459 1631 1853 1699 obstupuerunt
1876 1631 1938 1697 ιι,
2289 1631 2357 1686 At
2382 1635 2467 1688 cui
2496 1634 2739 1691 Christus
2754 1638 2924 1703 abest,
2957 1648 3012 1694 et
3038 1655 3223 1694 murus
3250 1656 3448 1695 aranea
3474 1642 3577 1696 ﬁet.

605 1720 895 1789 Deﬁxoque
922 1720 1108 1787 gradu,
1140 1720 1211 1792 (ὁ)
1236 1721 1450 1774 sibimet
1478 1719 1664 1773 dixere
1694 1719 1926 1774 vicissim
1953 1737 1965 1771 :
2076 1731 2122 1791 Β
2366 1724 2628 1793 Digressis
2655 1727 2815 1794 igitur
2841 1745 2960 1783 cum
2986 1729 3122 1784 facta
3149 1731 3360 1784 silentia
3393 1732 3582 1799 turbis,

464 1812 565 1866 ius
604 1812 791 1867 Nonne
821 1812 970 1866 furor
1001 1819 1209 1866 tentare
1252 1810 1428 1865 aditus
1450 1850 1465 1877 ,
1498 1818 1591 1863 aut
1616 1809 1838 1865 credere
1863 1824 2047 1879 quem-
2154 1813 2253 1868 l50
2289 1813 2617 1884 Secretoquc
2640 1816 2773 1886 ing-.c
2800 1817 2930 1873 ﬁdas
2959 1836 3066 1873 nox
3096 1822 3202 1874 alta
3235 1822 3489 1876 tenebras

1743 1899 1940 1972 [quam
2290 1904 2543 1974 Praebuit,
2574 1910 2842 1976 egreditur
2869 1902 3039 1975 Felix,
3070 1920 3347 1980 mutatque
3373 1914 3657 1969 latebram:

600 1990 709 2047 llac
732 1991 959 2046 intrasse
988 1989 1283 2059 hominem,
1316 1989 1521 2044 minimi
1551 2003 1653 2059 qua
1683 1989 1833 2058 signa
1868 1989 2048 2045 dedis-
2290 1998 2384 2052 llla
2413 1998 2454 2029 υ
2477 2014 2675 2054 canens
2697 2000 2952 2056 Domino:
2982 2001 3153 2056 Media
3174 2004 3221 2056 si
3250 2004 3442 2057 mortis
3469 2004 3517 2057 in
3545 2006 3711 2057 umbra

1775 2081 1793 2153 [
1816 2089 1937 2135 sent
2291 2089 2593 2161 Ingrediar,
2624 2093 2763 2146 mala
2791 2109 2898 2148 non
2921 2103 3152 2149 metuam
3170 2134 3185 2161 ,
3213 2097 3468 2164 quoniam
3499 2105 3581 2150 tua
3608 2112 3707 2149 me~

605 2169 933 2225 Vermiculi?
964 2172 1184 2225 molicae
1207 2180 1460 2239 rumpunt
1482 2171 1597 2225 haec
1622 2173 1759 2225 retia
1788 2186 2004 2232 musca}.
3473 2186 3618 2258 [cum

602 2261 708 2316 Νοε
736 2270 1050 2330 Ρθηειιέιδδθ
1098 2263 1272 2315 Virum
1322 2262 1392 2331 (ε)
1430 2278 1529 2330 Per
1577 2263 1759 2316 013053
1797 2270 2047 2330 PUlamus
2294 2271 2512 2338 Dextra,
2541 2289 2639 2343 per
2664 2274 2927 2330 infernum
2959 2274 3062 2331 noli
3093 2293 3287 2347 expers
3315 2278 3531 2332 luminis
3558 2279 3639 2331 ibo
3670 2289 3710 2332 ε.

1719 2352 1935 2423 [inepti,
2151 2361 2254 2415 155
2360 2362 2501 2431 Ergo
2527 2364 2591 2434 (f)
2625 2365 2718 2419 Dei
2750 2365 2910 2419 ductu
2937 2368 3079 2436 capit
3119 2368 3172 2421 in
3204 2381 3296 2434 reg

2151 2361 2254 2415 155
2360 2362 2501 2431 Ergo
2527 2364 2591 2434 (Ῑ)
2625 2365 2718 2419 Dei
2750 2365 2910 2419 ductu
2937 2368 3079 2436 capit
3119 2368 3172 2421 in
3204 2369 3430 2434 regione
3455 2377 3650 2422 remota

584 2442 668 2496 Ἐι
698 2451 942 2497 tenerum
973 2452 1122 2497 tanto
1159 2459 1265 2497 non
1292 2452 1512 2513 ruptum
1544 2458 1775 2512 corpore
1806 2443 2044 2497 textum?
2291 2452 2683 2522 compluvium,
2721 2466 2946 2524 angusto
2960 2457 3139 2510 brevia
3164 2457 3303 2511 inter
3324 2466 3469 2511 tecta
3500 2455 3524 2493 ἀ
3546 2456 3710 2522 cubili,

465 2534 562 2587 lib
605 2534 693 2588 Ille
721 2535 890 2603 magis
924 2535 1120 2588 nostris
1147 2534 1393 2588 manibus
1424 2535 1583 2588 modo
1612 2534 1825 2588 debitus
1850 2533 2007 2589 iudex
2025 2572 2041 2598 ,
2325 2546 2442 2611 Qdo
2466 2554 2622 2601 vetus
2655 2547 2842 2601 arebat
2871 2556 3013 2602 tecto
3038 2550 3271 2602 cisterna
3298 2548 3584 2617 profundo.

601 2626 699 2690 QUi
724 2641 823 2679 "05
852 2627 904 2679 in
927 2624 1136 2679 deserla
1170 2624 1358 2679 (101050
1386 2625 1612 2679 Callidus
1641 2636 1760 2679 35m
2368 2635 2595 2707 Propter
2627 2647 2649 2674 ε
2692 2638 2744 2691 in
2775 2638 2989 2705 attiguis
3019 2638 3291 2692 habitabat
3315 2639 3513 2693 femina
3540 2639 3685 2706 tignis

524 2774 549 2783 κ
602 2715 831 2782 Ιειάυχίι,
862 2730 1179 2783 versumque
1204 2714 1329 2779 alio,
1362 2715 1618 2769 mentitus
1650 2715 1700 2768 in
1729 2715 1832 2769 isto
2289 2729 2447 2801 [‘07
2470 2758 2538 2770 _
2561 2729 2724 2801 408
2753 2729 2947 2784 Sancta
2972 2727 3085 2785 Deo
3121 2730 3329 2796 mulier,
3367 2745 3489 2800 qum
3520 2730 3709 2785 confes.

605 2806 831 2862 Felicem
864 2807 1077 2860 latitare
1103 2808 1229 2870 situ,
1260 2820 1368 2874 quo
1398 2815 1582 2860 nostra
1612 2806 1845 2874 maligno
3286 2822 3449 2894 [saris
3468 2822 3630 2891 opem

608 2899 850 2954 Verteret
877 2914 1023 2952 arma
1050 2899 1175 2954 dolo
1198 2937 1212 2963 ,
1243 2899 1407 2968 capiti
1436 2896 1685 2966 fugientis
1712 2898 1934 2952 amicus.
2152 2913 2178 2968 ί

2152 2912 2252 2968 160
2291 2911 2500 2976 Nescia,
2528 2909 2760 2966 Felicem
2786 2911 3001 2966 Christo
3030 2913 3182 2982 quasi
3212 2913 3433 2967 conscia
3462 2913 3617 2982 pavit.

466 2991 564 3045 lib
602 2990 741 3059 Ergo
772 2991 1084 3045 recedamus
1116 3010 1127 3042 ;
1157 3006 1280 3043 nam
1309 3001 1454 3043 stare
1484 2989 1682 3043 diutius
1708 2989 1827 3043 istic
1849 3029 1864 3053 ,

2295 3002 2426 3057 Mira
2454 3019 2665 3071 canam,
2696 3004 2966 3071 ingenium
3006 3003 3215 3059 Domini
3255 3004 3525 3074 pascentis
3560 3003 3713 3055 alum-

604 3085 762 3139 Risus
785 3087 889 3139 erit
912 3086 1077 3152 vulgi,
1110 3085 1441 3153 demensque
1472 3084 1749 3138 notabitur
1774 3099 1946 3147 error,
2072 3094 2118 3157 (ζ
3492 3097 3652 3168 [nun],

600 3176 908 3231 Scrutatum
966 3177 1005 3206 “
1035 3177 1137 3229 hac
1176 3176 1409 3230 hominis
1444 3175 1676 3229 latebras
1719 3174 2046 3229 contendere
2288 3184 2476 3253 lgnara
2504 3194 2760 3254 pascente
2785 3201 2957 3240 suum.
2983 3185 3133 3240 Nunc
3160 3185 3343 3240 sedula
3372 3201 3561 3255 panes,

1638 3262 1937 3334 [ετρεευιην
2290 3274 2442 3329 Nunc
2468 3275 2601 3330 alias
2624 3275 2691 3329 de
2718 3291 2888 3339 more,
2920 3276 3020 3330 sibi
3046 3291 3180 3344 quas
3205 3286 3429 3331 coxerat
3458 3290 3618 3337 escas.

602 3354 716 3418 Qua
746 3353 828 3407 vel
859 3353 1001 3407 mole
1027 3352 1202 3421 putri,
1230 3352 1315 3406 vel
1339 3352 1607 3405 araneolis
1632 3353 1899 3417 obductis,

1837 3353 1899 3417 is.
2292 3364 2485 3420 llentis
2513 3365 2565 3418 in
2596 3380 2819 3420 excessu
2846 3365 3027 3419 divino
3056 3364 3193 3420 facta
3222 3373 3414 3434 paratu

604 3444 863 3500 Monstrat
892 3444 1194 3499 inaccessos
1226 3444 1420 3497 luimus
1449 3444 1711 3498 incalcata
1739 3458 2005 3498 recessus.
2149 3453 2253 3509 165
2287 3454 2619 3525 mpm-tabat
2646 3470 2732 3519 eo,
2758 3454 2908 3509 Felix
2936 3455 3024 3510 ubi
3055 3462 3191 3509 teste
3218 3455 3423 3510 latebat

466 3535 563 3590 ηδ
602 3536 709 3591 Nec
763 3550 938 3601 ιηοΐθν
988 3534 1271 3589 discedunt
1322 3549 1553 3605 ΡιὉΡεΓθ
1603 3534 1659 3588 in
1703 3534 1914 3589 diversa
1940 3533 2046 3589 θ’θ’
2290 3545 2509 3601 Velatus
2537 3545 2914 3611 Domino;setl
2937 3561 3036 3601 nec
3055 3561 3176 3601 cum
3200 3546 3450 3602 tenderet
3473 3548 3561 3602 illo
3584 3549 3622 3579 “'

1648 3625 1889 3698 [ηιθυιοδ
1922 3644 1934 3678 ε
2292 3638 2528 3694 Noverat
2552 3638 2881 3707 ingressum;
2906 3653 3004 3692 nec
3027 3653 3145 3692 cum
3165 3636 3239 3707 (g)
3259 3636 3563 3695 discederet
3584 3636 3714 3703 inde,

592 3718 705 3792 Sed
734 3718 897 3786 Deus,
926 3727 985 3773 ut
1010 3719 1292 3789 Scriptura
1321 3720 1466 3773 cauit
1491 3728 1536 3784 ³,
1556 3734 1752 3773 vesana
1778 3719 2047 3775 minantes
2289 3729 2548 3785 Introitus
2573 3737 2689 3784 erat
2718 3729 2807 3783 illa
2835 3728 2917 3783 sui
2947 3743 3156 3783 memor
3179 3746 3191 3781 :
3218 3738 3382 3798 utque
3409 3739 3623 3800 paratos

598 3808 860 3864 lrridebat
886 3825 981 3864 eos
1016 3810 1222 3865 C(Blesli
1252 3809 1496 3865 Christus
1526 3812 1592 3865 ab
1623 3826 1785 3878 arce;
2290 3820 2551 3876 Intulerat
2572 3820 2771 3884 victus,
2801 3820 3035 3889 prepriis
3062 3818 3187 3874 licet
3215 3820 3304 3873 illa
3333 3820 3563 3876 cibando

599 3900 938 3969 Felicemque
961 3918 1115 3956 suum
1145 3903 1312 3957 sacris
1342 3904 1611 3957 velaverat
1639 3905 1757 3959 alis.
2149 3915 2250 3969 170
2288 3913 2526 3969 Serviret
2554 3911 2799 3966 manibus
2827 3920 3034 3976 sancto,
3067 3920 3244 3967 tamen
3273 3913 3441 3968 inscia
3471 3914 3598 3969 tanti

600 3992 698 4057 Qui
729 3991 940 4047 Domini
966 3999 1117 4046 tutus
1148 3993 1353 4059 gremio
1381 3992 1663 4047 candentia
1686 3995 1791 4048 tela
2284 4001 2540 4065 Muneris,
2564 4001 2669 4055 hoe
2693 4001 2734 4031 ¹⁶
2755 3999 2820 4053 de
2841 4000 3004 4055 corde
3030 4016 3128 4055 suo
3152 4003 3365 4056 novisse
3385 4003 3654 4073 nequibat,

465 4086 564 4142 m5
604 4084 931 4139 Discutiebat
952 4099 1118 4137 ovans
1142 4084 1312 4151 galea,
1338 4094 1601 4153 scutoque
1630 4084 1655 4121 δ
1687 4084 1831 4150 fidei,
2288 4090 2443 4157 Quod
2473 4105 2579 4145 non
2607 4098 2787 4145 mente
2807 4105 2923 4157 sua,
2947 4091 3041 4146 sed
3061 4092 3259 4146 Christi
3282 4093 3499 4148 numine
3519 4092 3720 4161 agebat,

602 4175 665 4229 Et
694 4174 927 4245 gladium
956 4174 1106 4227 verbi
1152 4173 1428 4227 confessor
1454 4173 1509 4226 in
1539 4188 1635 4227 ore
1663 4175 1902 4242 gerebat.
2290 4183 2504 4254 Proque
2532 4184 2653 4240 loco
2682 4184 2921 4250 latebrzc,
2953 4193 3009 4239 et
3042 4186 3241 4240 stricta:
3265 4188 3304 4217 ¹⁷
3326 4202 3492 4256 super
3518 4202 3608 4241 ora
3647 4186 3719 4238 ιςι-

604 4266 851 4317 Armatus
872 4264 1075 4332 pietate
1102 4278 1314 4329 manus,
1346 4270 1401 4317 et
1430 4274 1652 4332 pectora
1678 4266 1869 4334 plenus
3464 4279 3652 4350 [cunm,

602 4354 759 4407 Casta
790 4353 899 4407 Deo
920 4394 936 4419 ,
962 4352 1187 4419 insignis
1215 4353 1391 4406 meriti
1423 4354 1644 4409 thorace
1667 4357 1899 4424 tegebat.
2292 4368 2581 4438 Appositos
2606 4368 2846 4437 ingressa
2876 4367 3026 4422 cibos
3048 4367 3343 4435 linquebat,
3373 4383 3575 4437 eosque

674 4442 718 4497 Ο
740 4443 921 4497 multis
946 4442 1125 4497 divina
1155 4443 1330 4497 tuodis
1359 4442 1634 4513 Sapientia
1665 4444 1841 4513 dives,
2078 4465 2126 4524 υ
2154 4460 2251 4515 175

2078 4465 2126 4524 υ
2154 4460 2256 4515 175
2292 4461 2362 4516 Se
2396 4462 2639 4532 posuisse
2667 4460 2811 4515 domi
2840 4459 3085 4527 credens,
3117 4461 3190 4513 ita
3218 4475 3433 4529 semper
3459 4462 3655 4524 abibat,

468 4536 564 4588 ⁸50
603 4534 828 4604 semper
855 4533 922 4588 ab
951 4531 1174 4587 inﬁrmis
1200 4534 1533 4588 confundens
1567 4533 1724 4588 Ϊοηίίι
1752 4537 1966 4591 mundi!
2292 4531 2560 4606 Ponenda:
2583 4565 2807 4614 memor,
2832 4557 2886 4604 et
2905 4550 3093 4617 posita:
3116 4565 3240 4604 mox
3270 4550 3553 4605 immemor
3572 4562 3715 4603 esca}.

608 4628 703 4681 Vix
724 4628 953 4697 Ρορυίοε
982 4626 1105 4681 ams
1124 4626 1414 4682 defel'dum
1440 4628 1639 4680 '“m'lia
1658 4629 1846 4698 "luris:
2359 4641 2404 4694 υ
2432 4640 2622 4694 mulier
2648 4638 2930 4693 benedicta
2957 4638 3087 4705 Deo,
3118 4638 3264 4691 velut
3296 4654 3399 4692 una
3429 4639 3715 4698 volucrum,

606 4719 669 4773 Et
687 4720 852 4775 fretos
874 4719 1053 4775 valido
1083 4720 1378 4774 munimine
1416 4721 1610 4789 srepius
1632 4722 1801 4777 hostis
2290 4730 2419 4799 Quae
2444 4729 2717 4800 quondam
2744 4728 2944 4783 mundo
2973 4728 3257 4783 abductum
3279 4743 3475 4797 pavere
3503 4727 3720 4797 prophe-

599 4812 883 4881 Opprimit,
906 4812 1251 4880 adversisque
1277 4821 1547 4881 expugnat
1570 4814 1841 4870 montibus
1861 4815 2038 4872 urbes.
3492 4820 3511 4872 l
3530 4829 3650 4873 tam.

604 4904 756 4959 Nunc
783 4904 926 4958 etab
956 4905 1176 4959 armatis
1204 4905 1441 4974 protexit
1467 4919 1664 4961 aranea
1692 4916 1937 4963 sanctum
2293 4913 2374 4967 Tu
2401 4925 2617 4981 quoque
2643 4918 2851 4965 secreto
2879 4908 3071 4978 pavisti
3101 4916 3333 4979 martyra
3364 4916 3527 4974 tecto,

467 4995 566 5050 135
606 4993 927 5048 Defensante
948 4993 1094 5060 Deo;
1123 4996 1322 5049 teneris
1348 4996 1497 5050 stetit
1522 4996 1695 5053 hostis
1718 5000 1939 5055 abactus
2150 5005 2252 5060 180
2289 5004 2441 5059 Sicut
2469 5002 2582 5056 avis
2608 5000 2835 5055 Domino
2864 5013 3077 5069 parens,
3109 5006 3163 5052 et
3189 4999 3370 5053 nescia
3395 4998 3582 5061 sancli.

604 5085 889 5151 Cassibus;
920 5085 1067 5139 aerio
1096 5087 1255 5141 cessit
1274 5086 1354 5142 vis
1374 5085 1548 5142 ferrea
1577 5085 1689 5142 ﬁlo.
2289 5094 2519 5149 Conscia
2540 5091 2741 5145 servitii
2767 5108 2779 5142 :
2808 5091 2884 5161 (Ιι)
2904 5089 3030 5158 quid
3051 5090 3300 5158 gesseris,
3327 5100 3381 5145 et
3406 5091 3490 5145 cui
3514 5088 3715 5142 tandem

534 5209 556 5277 ξ’
585 5196 721 5277 ίῘέΡῘ’
754 5214 809 5261 ¹¹ν
900 5198 1035 5277 (Ξὶέο
2235 5208 2282 5277 c)
2314 5208 2390 5261 Ita
2418 5221 2547 5277 mss.
2570 5205 2677 5259 duo
2697 5203 2876 5277 Germ.
2900 5200 2998 5256 Ed.
3020 5202 3204 5257 Schot.
3234 5204 3478 5272 proxime
3500 5199 3712 5259 accedit,

535 5266 560 5305 ¹³
593 5267 732 5351 Xith
765 5276 877 5321 ηοῐ-
910 5267 1033 5351 ῗξὸιίι
2144 5298 2233 5351 per
2258 5266 2421 5351 clusa.
2451 5276 2575 5351 Alii,
2601 5274 2876 5351 piazclusa.

538 5351 558 5422 ξ
758 5337 990 5422 ΧξιιἎιξλ
2144 5337 2156 5351 ”
2214 5350 2293 5422 (ά)
2318 5337 2610 5422 pisszd‘uo'
2630 5342 2831 5405 Germ.,
2866 5340 3077 5395 Hierico

535 5406 557 5492 ξ
588 5406 708 5492 yid.
733 5417 852 5492 not.
1059 5478 1074 5492 ‘
1312 5479 1369 5492 Μ
1503 5480 1607 5492 nn
1695 5482 1789 5492 AM
1917 5487 1930 5492 _
1953 5488 2006 5492 __

1358 5479 1369 5492 .
1503 5480 1607 5492 η..
1725 5482 1789 5492 Α,
2215 5406 2285 5492 {ei
2447 5414 2470 5466 l
2503 5413 2935 5492 Germ.,nmurus.

537 5488 557 5560 ες
586 5478 751 5560 [dest
778 5495 958 5560 μενορςζ
977 5477 1401 5560 Videcarrn.21,
1424 5496 1481 5560 Σ.
1502 5480 1628 5541 505:
1654 5490 1709 5536 et
1724 5482 1812 5550 εἰ,
1837 5502 1887 5560 v.
1912 5487 2030 5560 ll8.
2442 5483 2615 5560 codex
2704 5479 3005 5560 _Germ.,die
3026 5479 3196 5560 ἄροιο.
3309 5548 3338 5560 η

535 5548 588 5681 ἔα
637 5548 758 5603 Mss.
780 5546 896 5601 duo
920 5546 1126 5611 Germ.,
1156 5546 1395 5603 intutum.
1422 5550 1568 5605 Bona
1595 5546 1821 5621 utraque
1854 5556 2031 5611 lectio.
2321 5552 2665 5676 Manuscristi
2688 5550 2793 5604 duo
2813 5550 3023 5604 codices
3046 5548 3252 5611 Germ.,
3286 5548 3605 5602 discesserat.

548 5555 611 5685 βξ
642 5618 751 5671 Edd
784 5658 798 5679 ,
820 5619 974 5671 simul
1001 5627 1069 5671 el.
1097 5618 1173 5672 Ex
1198 5619 1405 5673 duobus
1427 5636 1553 5674 mss.
1586 5623 1858 5681 codicibus
1887 5641 2039 5685 n‘po-
2216 5627 2291 5685 (lt)
2323 5624 2398 5679 Ita
2424 5637 2551 5677 mss.
2619 5636 2688 5675 uo
2712 5619 2892 5675 Germ.
2923 5618 3077 5683 Edd.,
3109 5618 3265 5685 quod.

558 5616 609 5685 b)
642 5618 756 5695 ΕιωΔ
779 5658 798 5695 _,
820 5619 1069 5695 sinm_l_el.
1097 5618 1173 5672 Ex
1198 5619 1405 5695 duobus
1427 5616 1858 5695 Inss._coilic'ibus
1887 5641 2039 5695 rrpo-
2216 5616 2291 5695 (7:)
2323 5624 2398 5679 Ita
2424 5637 2551 5677 mss.
2580 5616 2688 5676 duo
2712 5619 2892 5675 Germ.
2923 5618 3077 5683 Edd.,
3109 5618 3265 5688 quod.

465 5682 667 5745 Suiuius
692 5690 910 5755 sibimet,
945 5688 994 5743 id
1033 5700 1140 5763 est,
1170 5690 1264 5744 sibi
1289 5692 1498 5745 inuicem
1528 5693 1725 5747 dixere.
