3988 6176
252 312 346 366 481

382 423 668 493 Servieris,
695 426 932 495 gaudens
961 427 1052 483 illo
1080 431 1178 483 sub
1208 438 1451 499 tempore
1477 444 1685 495 nosces,

382 512 519 568 Cum
546 516 686 571 Deus
707 518 821 587 ipse
848 535 946 573 suo
974 535 1074 589 pro
1102 520 1413 576 confessore
1444 536 1703 575 coronam

380 602 613 660 Justitim
636 606 880 663 Christus
907 609 1097 665 reddet
1122 610 1237 677 tibi,
1270 617 1396 666 tunc
1428 618 1517 665 tua
1547 610 1699 665 Felix

250 694 353 750 185
388 695 509 766 lpse
536 697 630 751 tibi
662 698 859 753 referet
886 700 984 753 sub
1010 700 1189 769 judice
1210 701 1434 769 prandia
1462 699 1695 767 Christo,

385 788 514 853 Qua:
539 789 680 844 Deus
704 790 771 843 ad
800 790 982 845 dulces
1007 793 1204 847 sacrati
1233 792 1481 862 martyris
1508 808 1636 845 usus

384 875 698 942 Transtulit,
729 887 786 932 ut
808 881 1080 947 quondam
1106 890 1290 935 coctas
1310 882 1638 935 messoribus
1661 895 1834 947 escas,

387 966 640 1034 Angelica
669 985 768 1037 per
794 969 953 1023 inane
977 987 1140 1024 manu
1168 972 1435 1041 pendente
1463 972 1727 1040 propheta

382 1057 525 1113 Misit
549 1059 738 1129 jejuno
765 1061 951 1115 rabida
981 1062 1119 1117 inter
1146 1072 1384 1118 monstra
1417 1064 1725 1133 prophetae;

248 1146 346 1202 l90
382 1148 500 1203 Non
522 1150 634 1203 fera
656 1159 915 1215 monstra,
944 1152 1074 1207 fides
1095 1153 1220 1221 quia
1240 1153 1445 1207 vicerat
1465 1152 1605 1206 alma
1629 1152 1833 1220 leones,

379 1236 687 1307 Sanctaque
716 1238 999 1295 frenabant
1026 1242 1212 1297 avidos
1235 1242 1439 1311 jejunia
1468 1243 1655 1296 rictus.

448 1328 558 1384 Sex
589 1331 738 1385 illum
768 1340 910 1386 totos
939 1334 1221 1401 perhibent
1245 1337 1286 1366 ’⁸
1306 1350 1372 1388 ex
1402 1335 1590 1388 ordine
1620 1348 1833 1389 menses

379 1418 673 1489 Expertem
703 1430 876 1477 coetus
905 1423 1181 1477 hominum
1210 1423 1407 1479 vixisse
1435 1425 1532 1478 sub
1562 1425 1651 1478 illa

374 1507 636 1564 Culminis
664 1511 876 1567 obscuri
902 1512 1060 1567 simul
1083 1514 1399 1582 angustique
1422 1514 1646 1579 latebra,

245 1598 343 1655 105
375 1600 458 1655 Nil
487 1602 609 1672 opis
636 1602 884 1658 humana:
908 1604 1203 1674 indiguum,
1234 1605 1497 1660 solamine
1521 1605 1720 1659 Christi

378 1692 606 1764 Semper
632 1694 997 1749 abundantem
1023 1712 1037 1748 :
1060 1696 1152 1765 qui
1182 1704 1425 1765 tempore
1456 1695 1623 1749 fertur
1651 1695 1703 1749 in
1732 1694 1824 1750 illo

376 1783 534 1855 Szepe
560 1786 710 1840 illum
737 1802 988 1843 sermone
1014 1804 1112 1846 suo
1141 1786 1391 1857 dignatus
1416 1788 1589 1842 adisse
1615 1805 1627 1840 :

377 1877 534 1948 Saepe
559 1895 654 1934 sua
685 1881 896 1949 pavisse
919 1896 1100 1946 manu,
1132 1881 1378 1950 coeloque
1403 1880 1615 1935 dedisse

373 1969 599 2040 Pocula,
631 1988 737 2027 non
766 1972 1010 2042 pluvialis
1030 1987 1211 2042 aqum;
1235 1988 1395 2042 quam
1424 1971 1603 2026 nubila
1626 1971 1826 2041 passim

242 2060 333 2116 200
369 2062 631 2118 Omnibus
659 2063 967 2131 effundunt;
999 2066 1091 2119 sed
1116 2066 1190 2135 (a)
1212 2080 1370 2135 quem
1401 2064 1706 2134 specialiter
1734 2064 1825 2117 uni

373 2152 561 2208 Gratia
592 2153 758 2210 Felici
787 2154 862 2226 (ὁ)
888 2156 1137 2211 mittebat
1163 2157 1230 2211 ab
1258 2157 1460 2211 .ethere
1482 2171 1680 2221 rorem,

375 2243 513 2298 Nam
540 2244 739 2309 nimiis,
772 2254 831 2299 ut
861 2246 939 2313 fit,
966 2254 1093 2302 tunc
1124 2247 1325 2302 torrida
1354 2247 1556 2302 solibus
1574 2254 1754 2311 aestas,

371 2332 441 2385 Et
472 2342 693 2403 puteum
721 2350 936 2405 quoque
961 2336 1209 2401 siccarat,
1236 2338 1325 2406 qui
1354 2345 1506 2407 parta
1532 2337 1718 2391 latenti

377 2422 579 2479 Pocula
610 2425 931 2494 praebuerat.
957 2425 1062 2481 Sed
1092 2443 1159 2481 ne
1179 2428 1294 2482 sitis
1324 2437 1504 2482 ureret
1534 2428 1682 2482 illum

242 2511 338 2566 205
378 2512 606 2575 Carnea,
639 2514 730 2582 qui
759 2513 1029 2569 Christum
1060 2517 1322 2583 sitiendo,
1354 2517 1559 2571 ferebat
1586 2526 1641 2572 et
1667 2517 1823 2573 istam

376 2602 639 2671 Corporis
658 2602 839 2659 alllicti
864 2606 904 2638 '9
927 2620 1161 2674 poenam,
1193 2605 1371 2660 delata
1397 2621 1591 2661 sereno

372 2690 539 2761 Inque
579 2693 797 2762 globum
822 2693 895 2764 (ε)
925 2695 1101 2750 tenuis
1132 2695 1299 2751 nubes
1327 2696 1580 2761 collecta,
1612 2710 1710 2765 per
1737 2711 1826 2750 ar-

1584 2788 1751 2861 [ctum

370 2876 622 2947 Impluvii
644 2887 689 2944 ⁸,
722 2878 931 2935 dulcem
960 2878 1191 2934 sitientis
1218 2879 1270 2933 in
1300 2894 1394 2935 ora
1429 2879 1691 2947 liquorem

374 2967 591 3031 lnfudit,
620 2971 771 3037 quasi
800 2984 982 3038 pressa
1004 2985 1198 3037 manu;
1225 2971 1473 3038 coeloque
1498 2970 1820 3037 vocandum,

241 3060 334 3113 210
378 3059 606 3113 Velleris
633 3060 851 3114 aetherei
882 3076 1041 3116 succo
1072 3061 1305 3116 lactante
1334 3061 1537 3117 refecit.

371 3148 508 3214 Quid
540 3148 755 3217 mirum,
784 3149 828 3204 si
859 3165 1000 3204 nunc
1025 3158 1236 3204 terrena
1266 3150 1346 3222 (ιι)
1376 3150 1496 3205 labe
1518 3151 1752 3207 solutum

1670 315 1895 370 POEMA
1940 315 2069 372 XVI.

3420 320 3527 375 «182

1863 447 1909 499 Α
2159 426 2392 486 Functus
2413 441 2548 497 erat,
2578 435 2648 503 (Γ)
2671 432 2887 500 longum
2908 432 3217 500 perfunctus
3237 433 3521 503 episcopus

3262 526 3453 597 [avum

1940 608 2044 665 250
2082 609 2363 676 Maximus,
2394 621 2449 666 et
2475 628 2726 667 numerus
2746 612 2771 651 ι’
2794 613 2957 668 ductu
2988 614 3219 682 pastoris
3241 618 3453 684 egebat.

2081 699 2274 755 Felicis
2304 718 2497 757 nomen
2530 711 2701 757 totum
2730 704 2947 757 balabat
2975 704 3137 768 ovile,

2083 794 2253 860 Quem
2295 795 2618 851 confessoris
2638 798 2924 851 redimibat
2944 798 3140 852 adorea
3168 795 3417 863 Christo;

2078 884 2357 954 Quemque
2408 886 2739 941 salutiferum
2784 886 3084 957 spondebat
3138 886 3315 955 lingua
3361 890 3527 957 magi-

3240 978 3453 1047 [strunn

2082 1066 2309 1136 Vitaque
2351 1066 2613 1121 doctrinm
2655 1082 2917 1131 concors;
2948 1066 3041 1121 sed
3079 1075 3136 1120 ut
3170 1066 3276 1121 hoc
3311 1082 3529 1137 quoque

3196 1160 3453 1231 [palmam

1934 1246 2038 1300 235
2076 1247 2303 1302 Justitiae
2333 1247 2519 1310 ferret,
2552 1250 2802 1303 meritum
2831 1250 3059 1303 sublime
3087 1250 3270 1320 quieto

2074 1339 2249 1394 Corde
2272 1356 2539 1409 premens,
2560 1342 2705 1396 velut
2726 1342 2992 1409 indignus,
3013 1358 3119 1396 non
3137 1341 3299 1396 audet
3318 1342 3525 1397 honore

2076 1430 2354 1500 Crescere,
2386 1440 2721 1501 testaturque
2751 1434 2867 1488 seni
2897 1447 3050 1500 mage
3079 1434 3258 1488 debita
3287 1432 3519 1501 Quinto;

2071 1523 2226 1591 Quo‘d
2262 1525 2410 1594 prior
2452 1525 2497 1556 ¹⁰
2534 1524 2626 1579 ille
2663 1525 2887 1593 gradum
2927 1525 3057 1579 socii
3095 1526 3381 1580 meruisset
3420 1525 3521 1579 ho-

3279 1615 3450 1687 [noris

2072 1706 2361 1776 Presbyter
2388 1724 2400 1759 :
2432 1706 2545 1759 hmc
2570 1712 2777 1774 septem
2806 1704 3041 1759 distabat
3074 1720 3281 1758 summa
3310 1704 3520 1759 diebus.

1861 1814 1903 1872 Β
1929 1797 2034 1853 240
2072 1796 2211 1865 Ergo
2240 1798 2339 1851 suh
2370 1797 2473 1851 hoc
2500 1796 2661 1849 etiam
2691 1794 2841 1849 Felix
2871 1795 3111 1848 antistite
3140 1795 3273 1848 vixit

2070 1885 2379 1957 Presbyter,
2402 1894 2457 1939 et
2481 1885 2652 1940 erevit
2679 1885 2904 1950 meritis,
2933 1885 3022 1952 qui
3051 1886 3091 1915 ²¹
3124 1899 3368 1939 crescere
3392 1884 3521 1937 si‘de

2070 1978 2277 2032 Noluit:
2299 1979 2412 2047 ipse
2433 1977 2579 2031 illum
2604 1985 2873 2044 tamquam
2896 1976 3074 2029 minor
3094 1977 3275 2029 omnia
3295 1974 3521 2041 Quintus

2070 2069 2424 2135 Observabat,
2454 2075 2508 2122 et
2537 2082 2599 2121 os
2630 2067 2865 2133 linguam
2896 2065 3087 2119 Felicis
3114 2066 3364 2119 habebat.

2068 2160 2161 2214 llle
2186 2174 2400 2228 gregem
2432 2154 2630 2222 officio,
2656 2156 2807 2211 Felix
2835 2171 3084 2210 sermone
3113 2156 3352 2222 regebat,

2137 2251 2301 2305 Multa
2332 2251 2451 2304 aliis
2474 2256 2720 2303 sanetum
2750 2247 2945 2301 Christi
2975 2247 3262 2301 virtutibus
3291 2247 3441 2303 auxit
3488 2314 3491 2316 τ

2070 2341 2255 2397 Gratia
2286 2342 2541 2405 Felicem,
2567 2355 2667 2393 nec
2697 2354 2827 2409 pace
2856 2339 3061 2393 minora
3093 2338 3306 2408 subegit

2070 2434 2291 2493 Praelia.
2323 2448 2482 2501 quam
2513 2430 2707 2485 validis
2750 2429 3027 2485 cenfess'or
3052 2438 3295 2499 gesserat
3332 2429 3514 2483 armis.

2068 2524 2402 2594 Corpoream
2429 2523 2567 2576 tristi
2595 2521 2694 2576 sub
2726 2528 3044 2589 tempestate
3075 2521 3303 2575 salutem

2069 2617 2380 2688 Spreverat,
2428 2615 2571 2669 idem
2609 2621 2664 2668 et
2708 2628 2871 2681 opum
2916 2612 3070 2666 simul
3112 2620 3167 2666 et
3212 2620 3515 2667 centemtnr

3159 2703 3446 2773 [honorum

1924 2799 2029 2855 250
2066 2798 2268 2854 Secura
2298 2796 2397 2852 sub
2426 2811 2559 2867 pace
2588 2795 2703 2849 fuit.
2739 2797 2854 2852 Non
2887 2797 2975 2850 ille
3006 2795 3228 2849 tenendi

2068 2892 2304 2946 Securus
2333 2889 2529 2954 meriti,
2563 2888 2659 2942 sed
2688 2889 2901 2942 cautior
2931 2896 2990 2940 ut
3017 2888 3159 2940 bona
3190 2886 3311 2940 vitae

2064 2980 2224 3035 Parta
2255 2988 2517 3042 tueretur,
2541 2987 2826 3047 postquam
2858 2977 3162 3031 discrimina
3194 2978 3381 3031 mortis

2070 3073 2303 3137 Vicerat,
2329 3078 2384 3125 et
2407 3068 2658 3139 sc0pulos
2680 3070 2819 3122 inter
2842 3067 3128 3136 tranquilla
3162 3067 3404 3120 timebat.

1925 2251 2033 2307 245

2140 3164 2379 3218 Diximus
2402 3168 2462 3217 ut
2500 3169 2726 3216 mortem
2766 3160 3008 3226 calcarit,
3042 3168 3096 3214 et
3123 3159 3468 3214 ambitionem
3497 3178 3512 3227 ;

371 3238 620 3294 Christus
648 3240 775 3305 alat,
813 3241 1049 3310 positum
1079 3257 1237 3311 quem
1268 3243 1319 3295 iu
1352 3257 1579 3312 corpore
1608 3251 1801 3297 sanctu:

1943 3255 2032 3310 255
2067 3256 2221 3311 Nunc
2250 3255 2408 3309 aliam
2439 3252 2763 3308 confessoris
2789 3251 3099 3320 cognoscite
3129 3249 3379 3319 palmam.

1573 3334 1752 3389 alebat

369 3418 539 3491 409
566 3450 586 3461 -
611 3418 776 3491 410
805 3418 1068 3490 Spiritus;
1122 3429 1178 3477 et
1217 3423 1304 3477 eui
1335 3424 1486 3493 panis
1515 3334 1820 3491 egltfbser-

1299 3517 1447 3588 [bum
1477 3517 1616 3572 Deus
1640 3519 1755 3587 ipse

366 3604 667 3660 Caelestum
695 3606 869 3674 panis,
897 3620 1005 3674 quo
1038 3606 1271 3660 vescitur
1296 3608 1517 3676 angelus
1539 3610 1753 3663 omnis?

447 3702 682 3772 Tempus
722 3710 780 3757 ut
825 3703 929 3758 hoc
973 3703 1140 3771 abiit,
1186 3718 1289 3773 pax
1335 3703 1541 3759 reddita
1585 3704 1824 3759 condidit

1539 3795 1743 3867 [enses,

361 3882 717 3950 Felicemque
746 3882 887 3937 Deus
917 3883 1126 3937 monuit
1154 3882 1369 3952 prodire
1396 3883 1622 3949 latebra,

236 3702 331 3756 215

367 3974 474 4042 Qui
501 3975 576 4046 (ε)
602 3974 804 4029 dudum
836 3975 1077 4045 placidas
1105 3974 1284 4028 mundi
1312 3975 1637 4029 clamoribus
1666 3989 1845 4043 aures_

363 4067 675 4132 Struxerat,
706 4068 954 4123 humanis
982 4066 1185 4121 ducens
1214 4068 1408 4121 oblivia
1438 4062 1620 4121 rebds.

371 4156 443 4211 Ut
476 4174 648 4212 novus
679 4158 729 4211 in
756 4157 926 4211 lucem
952 4157 1063 4226 jam
1093 4156 1499 4226 desperantibus
1527 4157 1657 4223 exit,

232 4249 327 4302 220
365 4249 434 4303 Ει
463 4249 641 4319 patria
673 4256 943 4317 tamquam
968 4247 1237 4303 redivivus
1259 4249 1312 4302 in
1341 4248 1471 4302 urbe
1501 4248 1729 4302 videtur.

360 4339 431 4394 Et
462 4340 617 4393 multi
647 4339 895 4393 dubitant
937 4352 1247 4406 agnoscere,
1279 4347 1333 4392 et
1375 4347 1501 4392 ante
1544 4347 1818 4406 rogantes,

360 4433 582 4487 Verane
612 4440 664 4485 te
694 4430 894 4485 facies?
925 4430 1118 4502 (aiunt)
1153 4440 1278 4485 tunc
1302 4431 1391 4485 ille
1414 4431 1607 4485 beatus

362 4522 758 4577 Redderisheu
783 4529 933 4576 tanto
957 4522 1111 4575 nobis
1136 4531 1259 4591 post
1289 4529 1530 4590 tempore
1560 4519 1748 4575 Felix?

358 4614 482 4679 Qua
508 4613 727 4679 regione
756 4612 943 4666 venis?
966 4613 1102 4666 cutio
1130 4612 1305 4676 datus,
1340 4627 1405 4665 an
1438 4610 1725 4680 paradiso?

224 4701 320 4753 22$
359 4702 625 4757 Redditus
657 4702 707 4755 in
740 4709 914 4756 terras
937 4702 1239 4756 habitacula
1269 4711 1451 4756 nostra
1482 4701 1709 4755 revisis?

444 4792 540 4847 Ille
573 4784 728 4846 fidem
762 4792 955 4857 firmat,
989 4809 1171 4848 coram
1195 4808 1253 4848 se
1278 4807 1504 4862 corpore
1530 4792 1741 4859 adesse,

360 4883 649 4938 Servatum
674 4884 867 4939 vixisse
898 4884 1040 4949 Deo;
1073 4883 1164 4937 dat
1191 4884 1380 4951 gaudia
1410 4884 1637 4951 cunctis;

356 4973 634 5028 Laudibus
661 4984 716 5029 et
754 4975 958 5029 meritis
986 4976 1185 5045 populo
1215 4975 1517 5030 celebratur
1545 4977 1613 5032 ab
1642 4977 1809 5033 omni.

292 5096 317 5123 ι
346 5088 485 5143 Vide
508 5097 622 5143 not.
651 5088 770 5141 167.

290 5156 317 5194 δ
346 5158 403 5228 ld
434 5166 517 5213 est
546 5159 781 5228 papulas.
812 5157 947 5228 Vide
974 5174 1139 5213 carm.
1173 5157 1262 5225 25,
1290 5176 1339 5211 ν.
1375 5158 1463 5211 27.

291 5238 312 5298 εξ
345 5227 418 5298 Id,
438 5237 519 5282 est
546 5227 769 5298 apostoli
800 5227 973 5282 Pauli.
1007 5228 1125 5283 Vid.
1158 5245 1243 5298 ep.
1277 5229 1365 5296 50,
1390 5246 1443 5282 n.

286 5295 312 5333 ά
346 5298 362 5350 1
394 5296 521 5353 Cor.
548 5295 620 5359 vi,
656 5297 736 5351 12.
1189 5295 1208 5298 ’
1354 5295 1357 5296 ⁷
1699 5345 1703 5349 .

289 5368 367 5435 (a)
399 5367 492 5422 Sic
531 5368 934 5423 emendavimus
983 5382 1047 5421 ex
1099 5383 1225 5421 mss.
1278 5367 1487 5425 duobus
1531 5369 1803 5426 codicibus

216 5434 411 5511 Germ1
423 5446 492 5511 _et
528 5438 990 5511 editis__quatuor._
1016 5436 1156 5511 Edit.
1202 5438 1385 5511 Rosv.,
1431 5457 1604 5511 quam,
1636 5443 1798 5496 male.

289 5507 364 5575 (ὁ)
391 5506 490 5579 Ms.
522 5524 660 5562 unus
684 5506 863 5579 Germ.
894 5508 1085 5567 codex,
1108 5507 1337 5579 defudit.

288 5579 359 5643 (ε)
392 5575 601 5649 lta_ms.
634 5595 770 5632 unus
798 5577 981 5649 Germ.
1020 5575 1224 5649 codex,
1246 5578 1434 5649 melius
1461 5595 1620 5649 quam
1650 5581 1801 5649 editi,

219 5654 444 5767 ιεηῖᾳηη.
478 5646 573 5703 llic
612 5663 799 5704 versus
837 5647 1175 5703 desideratur
1213 5648 1266 5702 in
1313 5648 1420 5704 alio
1464 5646 1565 5705 ms.
1616 5646 1798 5706 Germ.

220 5732 299 5767 ΒΟ(
325 5730 427 5767 ICC.

220 5730 427 5769 COtIlCC.

288 5785 367 5854 id)
400 5784 493 5841 Sic
528 5788 820 5857 repositum
868 5803 936 5845 ex
982 5804 1107 5846 mss.
1160 5786 1378 5877 duobus.
1420 5789 1607 5847 Germ.
1664 5789 1803 5847 Vera

2073 3348 2207 3403 Vicit
2227 3345 2543 3400 avaritiam:
2569 3359 2689 3397 nam
2713 3343 2910 3413 praedia
2934 3341 3099 3395 multa
3126 3340 3198 3412 (g)
3224 3340 3518 3409 domosque

2069 3439 2276 3494 Divitiis
2302 3436 2542 3505 locuples
2569 3435 2757 3505 patriis
2783 3435 2828 3465 “
2859 3432 3175 3503 possederat
3202 3432 3390 3493 heres;

2069 3529 2359 3584 Confessor
2389 3525 2721 3595 proscriptus
2749 3530 2883 3588 erat,
2916 3522 3011 3579 sed
3042 3537 3174 3591 pace
3201 3520 3446 3585 reducta,

2068 3619 2136 3671 Et
2156 3634 2272 3681 sua,
2306 3615 2351 3670 si
2378 3616 2563 3681 vellet,
2585 3614 2879 3682 deposcere
2896 3611 3019 3680 jura
3046 3609 3240 3664 licebat
3265 3626 3277 3661 :

1923 3708 2028 3762 200
2068 3708 2253 3761 Maluit
2279 3706 2367 3759 ille
2390 3713 2568 3758 tamen
2597 3703 2822 3757 verbum
2851 3715 3042 3756 curare
3068 3700 3305 3767 Magistri
3331 3711 3375 3766 ν,

2067 3797 2273 3852 Cuncta
2312 3794 2498 3860 licent,
2531 3808 2638 3847 non
2668 3800 2858 3846 cuncta
2885 3787 3121 3859 juvantd
3154 3807 3165 3841 :
3202 3788 3350 3843 licito
3390 3790 3519 3842 utile

3177 3878 3411 3951 [przefert
3430 3897 3444 3946 ;

2066 3975 2133 4029 Et
2160 3975 2313 4043 quasi
2343 3980 2574 4028 terrente
2603 3972 2850 4041 contagia
2881 3971 3081 4026 ducere
3109 3970 3264 4036 labis,

2067 4064 2288 4118 Horruit
2316 4063 2544 4117 amissos
2573 4062 2625 4114 in
2648 4060 2769 4129 jura
2801 4074 3086 4129 reposcere
3114 4059 3325 4114 fundos.

2065 4154 2214 4209 Multi
2263 4152 2364 4225 (h)
2415 4152 2818 4217 obtundebant,
2871 4166 2985 4221 pne
3037 4151 3245 4205 cunctis
3298 4150 3517 4205 nomine

3170 4242 3370 4316 [prisco
3398 4247 3441 4275 ’³

1921 4336 2029 4392 265
2066 4336 2347 4392 Archelais
2370 4336 2453 4407 (ἱ),
2480 4343 2592 4390 tam
2612 4342 2797 4391 sancta
2821 4332 2951 4402 fide,
2977 4349 3140 4403 quam
3162 4344 3447 4390 stemmate
3472 4336 3517 4366 “

3250 4425 3437 4496 [clara,

2064 4520 2222 4575 Dives
2250 4534 2415 4590 opum
2436 4517 2613 4581 vidua,
2642 4524 2697 4571 et
2724 4528 2971 4571 sanctum
2998 4515 3200 4585 pietate
3229 4515 3370 4571 fideli

2063 4610 2296 4666 Felicem
2323 4624 2609 4675 venerans,
2631 4615 2792 4677 atque
2821 4606 2894 4661 illi
2925 4622 3049 4661 cara
3076 4608 3331 4661 vicissim.

2066 4702 2225 4773 411
2254 4731 2282 4741 -
2312 4700 2475 4772 412
2510 4698 2638 4754 Hmc
2660 4698 2809 4752 illum
2844 4697 2998 4767 juxta
3048 4698 3299 4752 meritum
3347 4714 3514 4753 vene-

2262 4848 2269 4849 ,
3023 4790 3174 4863 [rata
3205 4792 3437 4856 colebat,

2066 4885 2242 4957 thue
2264 4886 2462 4950 ferunt,
2486 4886 2729 4955 junctum
2759 4885 2972 4941 sibimet
3002 4900 3098 4955 pro
3123 4885 3244 4954 jure
3269 4887 3438 4941 sodali

1920 4976 2024 5029 270
2064 4975 2339 5048 Usurpans
2368 4978 2603 5032 animum
2624 5016 2639 5041 ,
2661 4976 2865 5032 crebris
2893 4976 2980 5046 pia
3011 4976 3174 5030 corda
3204 4978 3438 5045 querelis

1910 5091 2089 5158 lectio,
2117 5106 2237 5160 qua:
2267 5091 2400 5145 infra
2434 5090 2786 5146 confirmatur
2824 5106 2891 5144 ex
2920 5105 3081 5143 versu
3124 5088 3249 5154 272,
3287 5100 3504 5147 terrente

1910 5163 2152 5231 contagia
2181 5162 2365 5215 ducere
2391 5161 2543 5215 labis.
2577 5160 2716 5215 Ante
2742 5169 2858 5231 erat
2886 5160 3038 5213 male.

1981 5228 2171 5302 (e)'l_ta
2200 5247 2329 5286 mss.
2360 5232 2468 5285 duo
2498 5232 2711 5302 codices
2740 5228 2922 5302 Germ.
2956 5238 3010 5284 et
3038 5230 3123 5284 ed.
3156 5228 3344 5302 Schiot.
3378 5230 3503 5302 Alii,

1911 5297 2049 5364 Qua.
2086 5300 2150 5353 Et
2185 5317 2309 5354 mox
2346 5302 2503 5355 iidem
2545 5300 2650 5355 duo
2686 5316 2841 5363 mss.,
2876 5299 2944 5352 Et
2986 5302 3179 5369 patria.
3214 5301 3378 5363 Alias,
3415 5300 3503 5355 Ut.

1982 5370 2050 5440 (Ῑ)
2092 5371 2179 5441 Sic
2205 5386 2333 5425 mss.
2365 5372 2473 5441 duo
2499 5370 2681 5424 Germ.
2710 5369 2874 5429 Editi.
2907 5370 3128 5441 largum.

1982 5437 2057 5510 ('g')
2086 5440 2213 5495 Mss.
2264 5442 2371 5495 duo
2411 5438 2617 5504 Germ.,
2652 5441 2961 5511 domusque;
2991 5437 3070 5493 sic
3107 5438 3303 5506 ubique
3341 5437 3505 5491 iidem

1906 5512 2141 5569 codices.
2174 5512 2354 5564 domus
2384 5526 2482 5579 pro
2511 5511 2712 5565 domos.

1980 5582 2056 5653 (Ιι)
2218 5579 2481 5653 lAGer_t_n.,
2509 5579 2871 5653 obtendebant.

1982 5644 2048 5719 (ἱ)
2075 5650 2201 5706 Mss.
2234 5650 2341 5704 duo
2369 5644 2553 5704 Germ.
2575 5693 2589 5714 ,
2621 5651 2942 5719 Archelaus;
2972 5647 3050 5703 sic
3079 5646 3215 5702 forte
3244 5644 3504 5704 Paulinus

1906 5718 2120 5786 dixerit,
2152 5730 2209 5775 ut
2235 5719 2494 5776 Melanius
2524 5736 2621 5792 pro
2650 5718 2905 5773 Melania.
