3988 6176
460 312 568 370 485

598 406 752 493 Saepe
774 417 1047 488 fatigabat,
1080 427 1177 469 cur
1204 410 1381 466 debita
1412 415 1772 480 promptaque
1801 401 1950 457 reddi
2072 406 2120 463 Α

597 515 726 571 Jura
755 514 1049 569 recusaret,
1080 518 1199 573 quae
1228 503 1539 571 dispensare
1570 504 1789 564 recepta
1813 534 1827 558 ,

601 602 861 659 Mei-cedis
888 612 1093 667 magnae
1120 610 1243 651 eum
1274 592 1480 648 faenore
1515 594 1699 657 posset
1730 585 1776 615 ³⁵
1806 581 2009 651 egenis.

603 693 835 748 Plurima
853 689 920 743 de
938 686 1169 758 prepriis
1190 695 1405 752 quoque
1427 678 1587 732 rebus
1612 686 1840 728 munera
1867 683 2009 739 same

459 788 565 843 2’75
599 783 832 848 Obtulit;
864 780 954 834 ille
981 778 1073 847 pio
1099 781 1384 830 contentus
1412 770 1480 825 ad
1501 768 1685 824 omnia
1712 778 1875 819 sensu
1898 762 1945 793 '°

602 875 909 930 Femineam
939 866 1149 939 placido
1176 863 1386 919 ridebat
1410 866 1632 931 pectore
1660 868 1874 917 curam,

600 967 893 1022 leestum
921 960 1135 1015 sibimet
1159 964 1244 1012 sat
1271 953 1520 1010 conscius
1543 951 1658 1020 ipse
1685 948 1979 1006 bonorum,

601 1056 732 1122 Qum
760 1069 858 1124 pro
888 1049 1116 1106 terrenis
1136 1046 1236 1103 sibi
1265 1048 1613 1114 compensata
1644 1038 1883 1093 tenebat.

601 1145 753 1200 Unde
784 1152 995 1213 potens,
1023 1139 1157 1193 caris
1181 1134 1500 1191 instantibus
1518 1132 1633 1185 haec
1660 1126 1930 1183 referebat
1954 1142 1966 1178 :

673 1234 875 1305 Cogitis
900 1241 959 1287 ut
986 1238 1227 1300 repetam
1239 1235 1451 1281 terrena
1470 1264 1485 1289 ,
1502 1219 1762 1293 perennia
1786 1215 2057 1288 perdam?

607 1330 849 1391 Pnestat,
882 1340 1014 1395 opes
1039 1322 1189 1377 salvo
1209 1319 1407 1383 desint,
1439 1329 1601 1384 quam
1623 1312 1732 1366 vita
1760 1309 2052 1379 opulento:

609 1420 768 1474 Dives
796 1418 967 1484 egebo
989 1413 1124 1477 Deo,
1142 1424 1269 1463 nam
1298 1407 1571 1462 Christum
1596 1415 1803 1471 pauper
1822 1396 2054 1453 habebo.

610 1511 819 1565 Divitiis
849 1510 1065 1576 inopem
1096 1503 1173 1575 (α)
1202 1501 1397 1555 ditabit
1423 1497 1596 1567 gratia
1625 1490 1847 1549 Christi.

688 1602 841 1657 Hunc
863 1599 1103 1654 retinens
1132 1595 1367 1649 animum
1392 1632 1407 1658 ,
1436 1589 1508 1661 (b)
1547 1588 1648 1643 tria
1674 1583 1841 1640 macri
1867 1582 2059 1651 jugera

1784 1674 1810 1746 1
1826 1671 1988 1736 ruris,

465 1238 569 1293 280

470 1786 575 1843 285
610 1786 719 1842 Nec
745 1783 965 1856 proprio
988 1779 1087 1838 sub
1103 1778 1225 1848 jure
1251 1786 1461 1839 tenens,
1484 1770 1752 1828 conducta
1783 1766 2009 1856 colonus
2078 1760 2125 1820 B

612 1879 727 1949 Ipse
748 1854 917 1931 manu
946 1873 1133 1937 coluit,
1162 1869 1364 1925 famulo
1392 1868 1528 1931 sine,
1557 1860 1816 1935 pauperis
1844 1854 1990 1912 horti

612 1970 933 2023 Possessor:
964 1963 1060 2020 sed
1088 1970 1144 2018 et
1170 1962 1268 2015 has
1288 1960 1333 1992 "'
1360 1958 1429 2013 de
1457 1956 1661 2027 cespite
1680 1953 1830 2008 dives
1856 1960 2028 2017 egeno

614 2060 671 2113 In
692 2058 978 2111 Dominum
1000 2051 1243 2109 confudit
1257 2065 1420 2121 Opes;
1443 2064 1565 2103 cum
1576 2057 1817 2117 paupere
1844 2050 2066 2107 semper

617 2151 915 2206 Collectum
941 2146 1123 2201 divisit
1142 2145 1262 2200 olus
1280 2185 1295 2211 ,
1322 2158 1444 2197 cum
1473 2153 1713 2210 paupere
1735 2149 1917 2191 mensa

478 2244 579 2299 290
620 2241 732 2297 Una
759 2241 873 2296 dies
903 2238 975 2291 illi
997 2250 1179 2291 curam
1202 2233 1497 2289 consumsit
1521 2230 1775 2285 habendi.

620 2332 781 2388 Unica
810 2329 976 2385 vestis
1003 2341 1147 2391 eum,
1180 2340 1321 2394 smpe
1347 2332 1403 2379 et
1428 2322 1520 2375 vix
1551 2320 1709 2376 unica
1733 2317 1887 2373 texit.

619 2423 675 2478 Si
702 2422 943 2489 geminas
970 2418 1188 2482 habuit,
1222 2414 1421 2469 nudum
1447 2411 1669 2466 meliore
1698 2408 1918 2464 refovit.

623 2516 777 2585 Smpe
816 2528 958 2568 novo
987 2512 1213 2564 miseros
1238 2507 1401 2575 vertit
1429 2504 1698 2559 velamine
1727 2513 1955 2571 pannos.

536 2648 537 2651 η
628 2607 927 2675 Felicisque
946 2603 1133 2659 habitu
1152 2614 1359 2672 pauper
1377 2604 1618 2652 mutatus
1646 2595 1715 2649 ab
1739 2602 1859 2648 atro

485 2701 588 2756 295
625 2700 859 2764 Enituit;
889 2705 1082 2753 contra
1110 2693 1344 2749 mendici
1372 2690 1607 2760 tegmine
1634 2688 1785 2742 Felix

629 2789 870 2856 Sorduit,
900 2800 1170 2843 exornans
1198 2782 1402 2839 incuIto
1429 2795 1660 2850 corpore
1685 2785 1945 2832 mentem.

700 2879 810 2935 Hac
838 2880 1024 2933 vivens
1052 2878 1252 2948 pietate
1280 2875 1393 2929 Deo
1414 2880 1683 2935 maturus,
1716 2878 1773 2924 et
1797 2867 1899 2922 azvi

634 2973 699 3027 Et
728 2972 906 3028 meriti
934 2972 1110 3043 plenis
1137 2969 1330 3025 clausit
1352 2981 1447 3022 sua
1477 2964 1620 3020 secla
1648 2963 1865 3030 diebus,

630 3064 962 3132 Mutavitque
992 3062 1111 3132 piae,
1144 3074 1250 3114 non
1281 3057 1495 3119 clausit,
1525 3055 1707 3111 secula
1738 3054 1881 3107 vitae.

995 3155 1001 3160 ’
1039 3148 1274 3204 ΡΟΕΜΑ
1310 3146 1452 3202 XVII
1492 3149 1534 3201 '.
2106 3132 2152 3194 C

770 3260 837 3297 AD
876 3257 1106 3296 NICETAM
1145 3255 1467 3293 REDEUNTEM
1506 3254 1557 3292 IN
1594 3252 1813 3292 DACIAH.

497 3338 558 3394 8.
607 3334 845 3388 Nicetam
888 3332 1148 3384 Dacorum
1201 3331 1528 3398 episwpum,
1580 3328 1664 3396 qui
1714 3326 1799 3398 ad,
1838 3322 2087 3398 Natalem

568 3408 629 3461 S.
665 3404 852 3459 Felicis
894 3400 1051 3456 Νοιω
1078 3394 1395 3461 occurrerat,
1422 3394 1695 3450 abeuntem
1731 3397 1882 3449 miris
1912 3394 2087 3449 laudi-

572 3478 664 3531 bus
694 3474 1042 3545 prosequitur.

638 3569 801 3641 413
815 3598 839 3608 -
856 3526 1209 3639 λιωαηιηθ
1231 3561 1365 3624 abis,
1386 3569 1446 3615 et
1474 3574 1573 3615 nos
1598 3573 1897 3631 properans
1924 3554 2092 3610 relin-
2128 3526 2130 3528 ν

1010 3698 1013 3701 .
1908 3656 1942 3693 ιι

783 3727 930 3793 Quos
953 3734 1131 3779 tamen
1161 3723 1275 3778 sola
1300 3722 1522 3790 regione
1552 3721 1769 3789 linquis,
1849 3639 1905 3710 Ν
1946 3642 2023 3695 IS?

782 3808 1010 3877 Semper
1037 3805 1243 3859 adnexa
1273 3805 1286 3834 ¹
1312 3803 1430 3857 sine
1458 3799 1563 3855 line
1585 3809 1761 3856 tecum

574 3891 613 3944 4
1144 3883 1323 3937 Mente
1348 3881 1554 3935 futuros
1581 3881 1645 3935 ’ἲ

644 3969 835 4024 Jamne
863 3963 1094 4021 discedis
1121 3970 1410 4017 revocante
1439 3962 1602 4029 longe

646 4050 817 4116 Quam
845 4046 997 4109 colis,
1028 4053 1169 4096 terra
1190 4043 1213 4095 ?
1231 4040 1329 4095 sed
1347 4048 1402 4094 et
1429 4040 1517 4094 hic
1546 4050 1572 4077 ι
1600 4040 1837 4103 resistis,

644 4128 841 4183 Sancte
868 4123 1052 4178 Niceta
1075 4121 1099 4158 δ
1127 4139 1139 4173 :
1162 4119 1416 4187 quoniam
1442 4127 1498 4174 ct
1525 4118 1827 4189 profectum

576 4222 612 4274 8
1156 4209 1331 4265 Corde
1368 4217 1633 4264 tenemus.

652 4309 689 4373 Ι,
721 4320 932 4363 memor
949 4301 1156 4365 nostri,
1180 4315 1505 4370 remaneque
1527 4300 1730 4357 vadens

645 4398 852 4471 Spiritu
874 4410 1130 4467 prtesens,
1152 4393 1344 4448 animis
1369 4393 1606 4448 vicissim

645 4492 841 4547 lnsitus
867 4486 1088 4551 nostris,
1114 4486 1286 4549 trahe,
1310 4483 1501 4552 ferque
1526 4491 1704 4541 tecum

545 4587 615 4640 12
1144 4578 1294 4646 Quos
1313 4579 1455 4646 geris
1483 4577 1536 4631 in
1568 4588 1641 4633 te.
1734 4641 1747 4655 .

648 4676 692 4730 0
716 4675 874 4730 nimis
901 4682 1047 4729 terra
1075 4672 1097 4703 ³
1120 4680 1175 4726 et
1202 4670 1387 4739 populi
1419 4668 1594 4724 beati!

650 4768 798 4832 Quos
824 4764 987 4819 modo
1013 4780 1042 4816 a
1078 4763 1233 4817 nobis
1254 4776 1499 4815 remeans
1524 4760 1728 4827 adibis;

651 4856 796 4922 Quos
823 4862 916 4907 tuo
945 4851 1207 4907 accedens
1228 4851 1365 4920 pede
1381 4851 1630 4930 yisitabit

545 4948 613 5000 16
1152 4940 1397 4997 Christus
1420 4949 1477 4996 et
1505 4956 1621 4996 ore.

649 5038 753 5091 Ibis
778 5036 1005 5090 Arctoos
1034 5035 1220 5103 procul
1252 5049 1419 5103 usque
1446 5034 1654 5101 Dacos,

652 5128 754 5183 [bis
783 5126 945 5196 Epiro
973 5126 1183 5193 gemina
1214 5125 1490 5192 videndus,

584 5274 599 5288 '
622 5266 771 5320 Alias
799 5262 897 5317 30:
920 5260 1268 5333 quodiautem
1299 5260 1365 5314 e17
1395 5271 1527 5328 erat,
1562 5277 1702 5317 nunc
1734 5260 2091 5333 l5.Scriptum

510 5342 720 5397 videtur
741 5350 883 5388 anno
912 5332 1036 5391 598.
1068 5332 1121 5384 in
1151 5341 1356 5387 testate.

584 5424 606 5446 υ
635 5407 697 5461 ld
720 5413 823 5469 est,
854 5417 1105 5457 remanes.

585 5482 610 5519 δ
646 5477 770 5531 Vide
802 5483 913 5527 not.
946 5469 1068 5524 545.

589 5564 609 5589 τ
638 5547 807 5601 Exod.
834 5560 921 5607 xv,
944 5540 1033 5595 ‘25.

585 5620 609 5656 ιι
644 5620 695 5671 i.l
717 5626 799 5672 est
820 5614 1071 5685 deposuit.

587 5703 659 5767 in:
688 5688 764 5767 |_t_a
790 5683 893 5767 ms.
925 5684 946 5736 l
978 5683 1159 5767 germ.
1180 5724 1194 5748 ,
1222 5684 1413 5767 melius
1435 5699 1596 5765 quam
1626 5685 1715 5740 alii
1743 5686 1942 5740 ditarit.

588 5759 660 5829 (ι)
694 5757 819 5811 Mss.
842 5756 949 5812 duo
976 5753 1180 5822 Gerui.,
1214 5754 1403 5810 modici
1433 5756 1554 5809 tria.

1422 296 1477 352 S.
1521 291 1793 349 PAULiNl
1834 288 2077 346 NOLANI
2117 289 2419 348 EPISCOPI
2446 289 2774 344 ΡΟΕΜΛΤΑ

2065 4595 2072 4602 ἱ
2123 4502 2170 4561 D

3613 293 3711 349 ιει

2292 404 2357 458 Et
2384 419 2480 474 per
2508 402 2711 472 IEgeos
2740 400 3051 472 penetrabis
3080 408 3244 456 restus

2190 496 2259 550 20
2798 493 3241 549 Thessalonicen.

2299 588 2522 657 Appulis
2542 586 2637 642 sed
2660 601 2805 641 nunc
2824 586 2911 639 via
2940 586 3115 655 prima
3141 585 3303 641 terris

2296 677 2372 732 Te
2400 679 2581 756 vehet,
2607 678 2771 746 longo
2794 678 3031 747 spatiosa
3059 678 3250 746 plano,

2298 766 2413 833 Qua
2436 768 2709 823 Canusina
2735 768 3000 821 medicata
3029 764 3259 835 ﬂagrant

2795 859 3006 914 Vellera
3039 856 3181 913 fuco.

2300 952 2397 1006 Ast
2418 951 2504 1007 ubi
2531 951 2749 1022 paulum
2782 951 2866 1004 via
2893 948 3214 1019 proferetur,

2295 1044 2415 1107 Det,
2444 1058 2657 1112 precor,
2689 1041 2849 1095 mites
2872 1041 2969 1095 tibi
2996 1040 3245 1095 Christus
3264 1046 3425 1093 :estus
3441 1078 3458 1105 ,

2300 1131 2369 1186 Et
2393 1131 2525 1187 levis
2552 1131 2722 1200 spiret
2744 1130 3035 1184 sine.nube
3063 1129 3223 1183 siccis

2193 1222 2264 1276 ‘28
2797 1220 2943 1273 Aura
2978 1218 3244 1273 Calabris.

2301 1313 2451 1369 Sicut
2482 1312 2688 1382 antiqui
2716 1312 2736 1343 ⁸
2767 1313 3014 1366 manibus
3044 1312 3322 1381 prophetae

2305 1401 2409 1457 Per
2435 1410 2832 1457 sacramentum
2855 1403 3061 1466 crucis,
3095 1401 3237 1455 unda
3267 1402 3431 1454 misso

2304 1495 2517 1551 Dulcuit
2555 1495 2699 1564 ligno
2728 1504 2783 1558 ο,
2811 1495 3098 1564 posuitque
3126 1493 3153 1529 ά
3180 1493 3363 1547 tristes

2201 1585 2271 1640 52
2802 1584 2979 1638 Merra
3004 1584 3071 1655 (c)
3096 1584 3360 1651 liquores;

2310 1678 2399 1734 Sic
2424 1678 2517 1733 tibi
2549 1677 2744 1733 cadum
2774 1675 2937 1731 modo
2959 1682 3322 1745 temperetur,

2307 1770 2372 1824 Et
2403 1772 2480 1841 (ά)
2505 1769 2609 1824 levi
2637 1767 2771 1822 sudo
2802 1774 3054 1821 tenuatus
3073 1781 3188 1829 aer,

2310 1866 2549 1921 Flatibus
2568 1863 2717 1935 puris
2742 1861 2949 1932 placide
2978 1860 3223 1915 salubres

2200 1960 2271 2016 ‘56
2803 1954 2985 2025 Spiret
3022 1954 3074 2008 in
3098 1966 3279 2007 auras.

2307 2052 2410 2120 Qui
2438 2051 2577 2108 solet
2604 2048 2731 2103 ﬂatu
2752 2048 2931 2117 gravis
2955 2062 2986 2100 e
3011 2046 3256 2116 palustri,

2312 2143 2575 2211 Angnium
2601 2149 2771 2194 tetros
2799 2136 3040 2193 referens
3060 2136 3259 2191 odores
3275 2176 3292 2201 ,

2313 2235 2535 2291 Solvere
2565 2232 2616 2287 in
2648 2232 2866 2286 morbos
2900 2228 3189 2284 tumefacta
3214 2241 3407 2283 crasso

2207 2327 2275 2382 40
2709 2347 2712 2349 λ
2792 2322 3042 2391 COrpora
3079 2327 3264 2374 vento.

2314 2416 2485 2483 Quem
2515 2424 2709 2485 potens
2733 2427 2914 2468 rerum
2944 2411 3203 2465 Dominus
3230 2408 3445 2479 fugari,

2322 2506 2447 2562 Sive
2477 2506 2673 2561 mutari
2697 2504 2886 2573 jubeat
2911 2520 2923 2555 :
2957 2516 3163 2571 suoque

2192 862 2265 914 24

2321 2596 2470 2652 Nunc
2496 2595 2764 2652 sacerdoti
2792 2595 2936 2649 bona
2967 2592 3216 2647 sanitatis

2212 2690 2281 2742 M
2819 2683 3011 2738 Flabra
3034 2683 3328 2737 ministret.

2320 2778 2472 2834 Sicut
2492 2772 2730 2847 [Egypto
2755 2780 3016 2846 pereunte
3039 2772 3315 2841 quondam

2321 2869 2504 2924 Noctis
2530 2875 2587 2923 et
2612 2867 2793 2921 densa:
2818 2863 3059 2919 tenebris
3088 2870 3303 2932 operta,

2325 2961 2441 3027 Qua
2462 2959 2557 3014 Dei
2578 2958 2687 3013 vivi
2707 2971 2859 3013 sacra
2889 2970 3021 3025 gens
3044 2954 3266 3023 agebat,

2221 3051 2288 3106 48
2821 3046 2933 3101 Lux
2956 3054 3075 3101 erat
3103 3043 3241 3099 orbi.

2328 3141 2490 3215 415
2515 3172 2543 3183 -
2562 3140 2726 3213 416
2745 3138 2873 3207 Qua:
2900 3137 3062 3193 modo
3106 3137 3159 3191 in
3203 3142 3326 3191 toto
3350 3133 3553 3206 species
3575 3130 3746 3212 proba-

3591 3220 3690 3293 [tur

2333 3335 2495 3403 Orbe,
2523 3352 2646 3393 cum
2674 3343 2872 3390 sancta:
2892 3334 2978 3403 pia
3006 3347 3131 3403 pars
3160 3330 3284 3386 lidei

2337 3431 2559 3500 Fulgeat
2577 3429 2822 3493 Christo;
2853 3427 3090 3496 reliquos
3116 3424 3361 3479 tenebris

2232 3526 2301 3579 52
2836 3518 3036 3575 Obruat
3056 3534 3229 3573 error.

2252 3622 2265 3629 ’
2338 3630 2426 3685 Sic
2447 3643 2568 3683 meo
2587 3669 2603 3696 ,
2633 3642 2738 3696 qua
2768 3640 2827 3680 se
2850 3623 2986 3678 feret
3014 3632 3164 3677 actus
3190 3636 3311 3688 ora,

2337 3721 2539 3776 Cuncta
2571 3719 2769 3774 Nicette
2795 3717 3049 3771 Dominus
3082 3712 3346 3769 secundet
3374 3728 3388 3765 :

2340 3814 2521 3869 Donec
2547 3819 2733 3883 optato
2762 3810 2990 3880 patriam
3017 3808 3248 3877 vehatur

2235 3906 2302 3960 56
2838 3898 3013 3953 Laetus
3040 3897 3107 3951 ad
3138 3896 3350 3950 urbem.

2339 3998 2529 4067 Perge,
2560 3996 2768 4063 Niceta,
2800 3995 2936 4050 bene
2965 4007 3069 4061 qua
3098 3991 3355 4056 recurris,

2338 4090 2636 4159 Prosperos
2665 4088 2878 4142 Christo
2901 4085 3193 4139 comitante
3214 4098 3430 4148 cursus,

2338 4183 2506 4251 Quem
2536 4181 2614 4236 tui
2642 4179 2841 4235 dudum
2870 4176 3056 4247 populi
3090 4176 3318 4243 fatigant

2233 4277 2301 4331 60
2833 4271 3003 4326 Nocte
3022 4269 3217 4337 dieque

2340 4366 2416 4422 Te
2443 4372 2816 4435 reposcentes,
2840 4371 2899 4416 ut
2927 4376 3054 4429 ager
3083 4358 3321 4415 levandis

2339 4460 2475 4515 Cum
2496 4459 2626 4514 satis
2653 4457 2879 4513 imbrem
2908 4455 3053 4517 sitit,
3081 4462 3247 4521 utque
3270 4451 3465 4505 molles

2260 4566 2269 4579 ‘
2339 4552 2474 4607 Cum
2503 4565 2628 4604 suas
2656 4555 2856 4603 matres
2886 4545 3035 4598 vituli
3066 4557 3316 4612 represso

2235 4644 2301 4700 tibi
2839 4637 3003 4690 Lacte
3030 4634 3329 4704 requirunt.

2343 4743 2499 4799 Unde
2528 4757 2626 4796 nos
2644 4740 2804 4810 justis
2833 4736 3081 4807 precibus
3112 4743 3323 4788 tuorum
3347 4772 3363 4795 ,

2341 4838 2442 4904 Qui
2469 4851 2623 4890 suum
2654 4841 2799 4887 recte
2828 4836 3077 4900 repetunt
3097 4834 3399 4897 parentem,

2340 4928 2597 4999 Cogimur
2626 4925 2786 4991 victo,
2820 4919 3231 4990 licetinrepleti,

2234 5032 2301 5087 68
2839 5021 3044 5076 Cedere
3070 5030 3217 5074 voto.

2340 5122 2410 5177 Et
2437 5120 2560 5191 quia
2590 5132 2713 5187 spes
2728 5116 2838 5185 jam
2862 5112 3069 5181 rapitur
3099 5108 3331 5171 tenendi,

2275 5258 2346 5329 (c)
2376 5257 2466 5329 Sic
2494 5253 2904 5329 emendavimus
2941 5248 3247 5329 ex_opt_imo
3289 5260 3405 5325 ms,
3437 5241 3624 5295 codice
3654 5236 3776 5329 (23r-

2202 5305 2461 5386 inn‘nensi.
2497 5325 2575 5378 Ex
2605 5322 2760 5390 hujus
2786 5305 2990 5376 eodicis
3019 5305 3251 5390 lectione
3293 5315 3497 5390 puriter
3537 5305 3777 5390 emenda;

2204 5412 2287 5455 tus
2314 5410 2398 5453 est
2428 5398 2576 5450 locus
2605 5373 2845 5463 epistolae
2885 5390 3068 5463 57,_n.
3102 5388 3151 5463 ,
3185 5373 3487 5463 Poenl.u9.§_,
3517 5396 3659 5461 vers.
3682 5373 3779 5463 .2552

2636 5448 2906 5539 ézAuéfp'a;
2931 5505 2943 5524 ,
2972 5448 3152 5539 Exod.
3193 5474 3294 5539 xv,
3321 5452 3420 5539 ἓξ).
3687 5448 3776 5539 h2-

2201 5519 2401 5605 r'nilt'i,
2425 5538 2661 5603 itemque
2690 5523 2748 5589 S.
2779 5519 3104 5605 Kugttstititis
3130 5519 3316 5605 quaest.
3494 5519 3618 5575 Non
3647 5524 3778 5590 pote-

2203 5592 2322 5665 iam
2351 5592 2732 5678 aquamﬂibere
2755 5604 2822 5678 _d_e
2850 5592 3013 5656 mera.
3043 5592 3180 5655 Vide
3208 5605 3319 5652 not.
3353 5592 3483 5647 2M.

2274 5680 2351 5747 (ά)
2386 5674 2481 5734 Ms.
2512 5677 2719 5740 Gertth
2750 5674 2836 5729 ιιι.
