3988 6176
253 318 359 376 183

390 442 551 512 Urget
579 443 804 501 affectus
834 446 1043 516 placitis
1065 446 1243 501 favere
1280 465 1289 499 :

380 535 497 589 .lam
526 536 639 590 vias
663 537 779 591 illas
802 537 927 592 licet
954 537 1227 593 oderimus
1259 548 1284 575 ⁸
1309 540 1330 568 ⁸

288 627 353 679 72
892 628 1021 694 Quae
1050 629 1263 698 rapiunt
1288 637 1366 691 te,

389 717 611 771 0dimus
632 718 896 786 quamvis,
931 718 1006 789 (a)
1036 719 1129 774 sed
1159 720 1377 774 easdem
1407 735 1664 773 amamus.

384 806 606 863 0dimns
629 810 772 878 quod
800 819 853 864 te
887 812 1170 865 retralmnt
1200 830 1211 863 :
1248 827 1490 868 amamus

385 896 537 963 Quod
569 908 718 953 tuum
746 901 903 954 nobis
932 902 1119 969 procul
1145 903 1440 956 attulerunt

286 990 349 1041 76
884 990 1122 1046 Cernere
1143 992 1369 1046 vultum.

380 1080 525 1145 Quas
548 1079 621 1151 (b)
651 1081 798 1149 prius
826 1082 1016 1149 stringi
1046 1091 1337 1151 superante
1364 1097 1581 1149 amore,

384 1170 536 1224 Nunc
558 1172 654 1224 tibi
684 1171 849 1225 sterni
868 1171 1057 1226 faciles
1086 1188 1392 1241 precamur,

383 1264 586 1319 Praevio
609 1265 767 1319 terris
789 1265 1084 1334 pelagoque
1112 1266 1304 1321 summi
1335 1261 1343 1267 ’

283 1354 345 1409 80
875 1355 1105 1411 Nomine
1135 1355 1357 1411 Christi.

313 1457 317 1460 ’
378 1444 478 1512 Qui
508 1444 604 1499 tibi
632 1444 789 1500 factis
819 1446 921 1499 iter
940 1460 1100 1500 omne
1127 1447 1353 1515 campis,

374 1536 585 1590 Arduos
613 1546 825 1591 montes
853 1537 1129 1606 reprimat,
1160 1552 1425 1607 cavasque

380 1625 605 1697 impleat
632 1626 820 1695 valles,
851 1627 1087 1682 salebras
1116 1627 1365 1697 adaequet
1385 1671 1400 1695 ,

280 1717 343 1770 84
875 1718 1073 1787 Jungat
1092 1719 1289 1774 hiatus.

378 1815 454 1871 Te
481 1831 582 1886 per
599 1814 943 1887 Hydruntum
975 1816 1045 1889 (ε)
1077 1816 1385 1889 Lupiasque
1421 1828 1651 1881 vectum,

375 1905 595 1961 lnnubaz
626 1906 849 1961 fratrum
876 1908 1031 1961 simul
1054 1917 1109 1962 et
1133 1925 1379 1964 sororum

380 1998 634 2053 Ambient
661 1998 765 2068 (a),
798 2015 906 2053 uno
930 1999 1215 2055 Dominum
1238 2011 1496 2057 canentes

275 2099 337 2152 88
869 2098 975 2154 Ore
997 2110 1247 2157 catervas.

370 2190 497 2258 Quis
526 2191 657 2246 mihi
683 2207 887 2261 pennas
915 2192 1070 2247 daret
1102 2202 1159 2248 ut
1180 2194 1441 2249 columba:
1470 2194 1493 2232 ιι
1521 2236 1534 2258 ,

376 2283 442 2338 Ut
464 2285 647 2340 choris
668 2285 772 2338 illis
794 2285 935 2340 citus
966 2286 1281 2342 interessem
1310 2305 1321 2339 :

372 2383 473 2450 Qui
500 2384 666 2439 Deum
694 2384 966 2440 Christum
988 2384 1125 2441 duce
1156 2394 1211 2441 te
1247 2396 1503 2441 canentes

272 2474 338 2527 02
863 2473 1050 2529 Sidera
1076 2476 1337 2545 pulsant?

370 2561 474 2618 Sed
500 2563 630 2618 licet
662 2564 815 2633 pigro
844 2572 1125 2619 teneamur
1152 2566 1280 2634 :egri

371 2661 629 2733 Corporis
660 2679 836 2729 nexu,
866 2672 1046 2719 tamen
1078 2666 1356 2721 evolamus

372 2756 637 2813 Mentibus
662 2765 788 2827 post
816 2764 890 2821 te,
922 2757 1259 2826 Dominoque
1288 2765 1465 2813 tecum

272 2848 337 2902 96
867 2846 1105 2902 Dicimus
1134 2848 1383 2919 hymnos.

374 2938 504 2995 Nam
532 2940 640 2994 tuis
660 2940 803 2994 intus
833 2941 989 2995 simul
1026 2942 1285 3010 implicati

376 3038 634 3096 Sensibus
657 3078 672 3103 ,
707 3041 791 3095 vel
816 3057 937 3095 cum
960 3043 1129 3109 canis,
1161 3058 1226 3096 ac
1246 3044 1482 3112 precaris
1516 3062 1529 3096 :

371 3129 504 3187 Cum
536 3140 629 3186 tua
656 3131 723 3187 de
752 3140 805 3187 te
833 3148 996 3202 prece
1022 3149 1255 3203 cumque
1288 3150 1423 3191 voce

247 3220 339 3274 100
868 3220 1171 3278 Promimur
1199 3232 1255 3279 et
1284 3240 1400 3280 nos.

373 3311 497 3368 Inde
520 3312 635 3382 jam
666 3314 824 3371 terris
853 3316 1119 3371 subeunte
1140 3326 1311 3387 ponto

372 3403 547 3457 Adria:
575 3412 777 3459 stratus
804 3405 952 3460 sinus
981 3406 1328 3477 obsequetur,

377 3495 529 3554 Unde
549 3499 888 3570 procumbet,
917 3501 1261 3573 zephyroque
1283 3504 1391 3558 leni

245 3589 341 3641 104
907 3593 1040 3647 Vela
1064 3602 1383 3651 tumescent.

370 3680 526 3754 417
556 3712 583 3723 -
613 3682 776 3754 418
797 3683 903 3737 ibis
926 3682 1149 3737 illabens
1176 3684 1368 3754 pelago
1391 3685 1589 3755 jaceuti
1608 3728 1623 3752 ,

369 3772 436 3826 Et
457 3780 576 3828 rate
600 3782 776 3827 amata
798 3774 956 3828 titulo
980 3774 1169 3829 salutis
1199 3786 1245 3839 ο,

368 3863 555 3920 Victor
577 3873 829 3919 antemna
859 3865 1034 3920 crucis
1063 3863 1088 3902 ἀ
1112 3865 1245 3932 ibis,
1279 3867 1433 3923 undis

243 3953 329 4007 108
865 3954 1054 4023 Tutus,
1079 3965 1136 4010 et
1164 3959 1379 4013 austris.

368 4047 572 4101 Navitse
598 4047 701 4101 ιωιὶ
732 4047 948 4103 solitum
966 4047 1237 4103 celeusma
1266 4058 1288 4086 ³

366 4136 673 4192 Concinent
700 4137 868 4192 versis
895 4136 1126 4193 modulis
1153 4138 1206 4191 in
1235 4138 1479 4210 hymnos,

366 4225 436 4280 Et
461 4226 566 4296 piis
585 4225 783 4281 ducent
806 4226 1032 4281 comites
1061 4226 1114 4280 in
1135 4242 1320 4296 (equor
1339 4228 1357 4259 ⁸

238 4318 328 4370 112
864 4316 1100 4372 Vocibus
1129 4332 1308 4373 auras.

363 4410 629 4466 Prrecinet
660 4410 867 4465 cunctis
893 4451 908 4477 ,
938 4409 1065 4464 tuba
1096 4426 1195 4465 ceu
1225 4412 1511 4481 resultans,

360 4500 568 4569 Lingua
591 4498 791 4553 Niceta:
817 4497 1091 4552 modulata
1119 4498 1413 4568 Christum,

359 4590 563 4649 Psallet
593 4588 660 4661 (ε)
691 4597 926 4643 internus
960 4572 1238 4644 citharista
1265 4597 1384 4647 toto

231 4681 321 4735 H6
860 4679 1104 4749 IEquore
1131 4678 1320 4735 David.

290 4821 312 4847 ι
341 4811 584 4867 Licentia
610 4811 842 4881 poetica.
868 4810 1002 4866 Vide
1022 4817 1137 4866 not.
1172 4809 1298 4865 542.

290 4881 312 4917 ι’
339 4881 483 4936 Psal.
505 4898 609 4948 LIV,
643 4883 694 4936 7.

293 4961 312 4988 ε
347 4952 481 5006 Vide
519 4960 633 5006 not.
666 4950 791 5005 245.

287 5019 308 5056 ἀ
347 5021 478 5076 Vide
501 5030 613 5075 not.
645 5020 772 5074 246.

292 5101 313 5125 ε
346 5090 484 5145 Vide
505 5100 619 5145 not.
651 5090 776 5144 247.

294 5158 309 5194 ί
341 5159 464 5214 Jon.
491 5177 545 5227 ιι,
573 5161 623 5215 1.

287 5240 310 5275 ὅ
336 5229 471 5284 Tob.
502 5248 553 5284 v.

286 5300 309 5333 ιι
340 5299 477 5354 Gen.
503 5318 686 5366 xxvm,
717 5302 805 5356 15.

292 5368 303 5404 ί
340 5366 477 5423 Gen.
499 5388 682 5436 xxvnl,
709 5370 795 5426 12.

285 5441 361 5512 (ᾳ)
390 5438 527 5512 Edd.
560 5444 834 5512 quinque,
851 5452 1019 5495 tamen
1042 5444 1156 5499 has.

285 5508 359 5583 (ρ)
398 5508 521 5564 Mss.
555 5508 767 5567 codices
808 5510 991 5566 Germ.
1024 5523 1078 5567 et
1106 5514 1235 5583 Reg.
1261 5553 1275 5575 ,
1305 5514 1657 5581 peradstricti.
1687 5515 1795 5570 Sed

215 5578 403 5655 melius
433 5582 719 5655 respondet
754 5584 897 5652 prius
932 5585 1113 5655 stringi
1161 5578 1283 5638 h'uic
1306 5578 1315 5581 ⁷
1336 5585 1481 5653 quod
1510 5586 1788 5653 sequitur,

220 5645 265 5699 Ν
274 5665 372 5703 unc
391 5645 571 5704 sterni.

1685 336 1913 392 ΡΟΕΜᾹ
1954 337 2090 391 XVII

1856 455 1911 513 A

1938 720 2039 773 120

1933 1100 2037 1154 tu

1928 1482 2030 1537 128

1930 1855 2032 1911 152

1927 2221 2028 2275 1⁸56

1923 2587 2025 2642 140

1921 2951 2024 3006 lu

1920 3314 2023 3370 148
2124 3362 2129 3367 .

1917 3681 2021 3736 152

1916 4049 2020 4104 156

1832 4531 1886 4593 Ι)
1913 4508 2015 4567 160

3430 337 3535 397 480

2086 447 2315 501 Ᾱιιιιίριιι
2350 448 2508 501 Amen
2533 446 2845 505 tremefacta
2875 460 2995 507 cete
3012 493 3027 517 ,

2084 539 2149 592 Et
2172 539 2510 594 sacerdotem
2544 539 2774 596 Domino
2799 553 3086 601 canentem

2079 628 2221 683 Laeta
2264 629 2464 686 lascive
2492 633 2682 702 procul
2711 633 3061 691 admeabunt.

2576 722 2813 778 Monstra
2838 734 3045 779 natatu.

2083 807 2331 880 Undique
2351 810 2592 866 alludent
2622 813 2808 881 patulo
2839 823 3087 870 verentes

2073 908 2179 965 Ore
2206 911 2506 981 delphines,
2531 913 2648 967 sine
2668 928 2801 970 voce
2825 928 3175 985 quamquam,

2074 999 2291 1057 Emula
2320 1003 2567 1059 humanis
2598 1013 2775 1059 tamen
2806 1007 3130 1076 eloquentur

2570 1102 2778 1161 Gaudia
2807 1108 3022 1176 linguis.

2075 1193 2208 1249 Nam
2234 1194 2345 1251 Deo
2371 1195 2500 1264 quid
2530 1212 2639 1251 non
2661 1199 2800 1269 sapit
2820 1209 2983 1270 atque
3003 1204 3156 1273 vivit,

2070 1294 2236 1364 Cujus
2265 1305 2321 1350 et
2348 1297 2512 1351 verbo
2542 1305 2660 1352 sata
2690 1308 2884 1354 cuncta
2914 1304 3132 1356 rerum?

2072 1383 2209 1441 Hinc
2236 1385 2332 1441 Dei
2354 1387 2564 1443 laudem
2605 1391 2770 1445 maris
2799 1392 2905 1445 ima
2934 1403 3166 1449 noscunt

2563 1486 2815 1557 Mutaque
2841 1490 3097 1546 clamant.
3132 1530 3138 1543 ι

2080 1572 2254 1630 Testis
2274 1585 2357 1631 est
2380 1577 2536 1632 nobis
2566 1580 2765 1634 veteris
2794 1582 3071 1651 propheta:
3104 1581 3124 1621 τ

2068 1662 2274 1733 llellua,
2306 1666 2372 1720 ad
2394 1675 2580 1722 nutum
2608 1668 2820 1724 Domini
2848 1672 3117 1741 profundo

2072 1764 2279 1833 Excita,
2312 1774 2371 1820 ut
2390 1782 2624 1822 mersum
2652 1778 2904 1840 caperet,
2928 1771 3160 1843 deinque

2191 1867 2197 1871 '
2566 1860 2836 1918 Redderet
2861 1864 3135 1920 haustum.

2066 1947 2171 2003 Sed
2200 1950 2362 2004 modo
2389 1949 2456 2004 ad
2487 1958 2731 2006 nostrum
2757 1952 2902 2009 ferus
2930 1954 3045 2025 ipse
3079 1966 3258 2013 vatem

2065 2042 2299 2097 Auribus
2329 2051 2535 2098 tantum
2563 2045 2651 2114 pia
2677 2044 2961 2101 devorabit

2064 2130 2284 2186 Cantica
2316 2131 2382 2204 (f)
2418 2151 2431 2186 :
2465 2134 2749 2204 impastam
2775 2137 3041 2192 saturabit
3070 2140 3089 2169 ⁷
3113 2139 3295 2194 alvum

2560 2225 2813 2281 Carmine
2840 2236 3046 2297 pastus.

2065 2314 2179 2382 Qua
2204 2316 2335 2372 libet
2355 2332 2546 2387 pergas
2576 2319 2700 2385 iter,
2723 2327 2779 2373 et
2801 2336 2895 2390 per
2921 2320 3112 2388 undas,

2063 2405 2271 2476 Perque
2298 2409 2562 2476 tellurem,
2593 2410 2718 2465 licet
2742 2452 2756 2478 ,
2780 2421 2835 2467 et
2862 2429 2960 2483 per
2978 2414 3183 2481 hostes,

2068 2497 2168 2552 Ibis
2190 2508 2429 2554 armatus
2450 2500 2600 2569 galea
2626 2502 2833 2568 salutis,

2559 2590 2774 2647 Vertice
2800 2591 3037 2650 Christo.

2064 2677 2293 2733 Advolet
2318 2680 2513 2735 missus
2541 2679 2806 2751 Rapbael,
2836 2692 2892 2738 ut
2918 2685 3047 2740 olim
3100 2728 3104 2732 .

2063 2768 2247 2825 Tobiae
2273 2769 2440 2825 Medis
2464 2782 2522 2837 8;
2550 2772 2621 2826 ita
2647 2778 3022 2843 prosequendo

2062 2860 2182 2931 Ipse
2204 2862 2403 2918 Nicetze
2431 2879 2613 2918 comes
2637 2880 2803 2933 usque
2823 2865 2996 2921 Dacos

2556 2954 2790 3024 Angelus
2819 2956 2973 3010 adsit.

2063 3043 2233 3099 Ducat
2254 3045 2398 3099 hunc
2420 3059 2571 3113 aeque
2595 3044 2849 3099 famulum
2870 3061 3023 3100 suum
3048 3047 3152 3103 dux

2060 3134 2176 3202 Ille,
2204 3134 2295 3203 qui
2325 3134 2597 3204 quondam
2627 3135 2907 3205 profugum
2936 3137 3012 3209 (g)
3040 3138 3263 3197 minacis
3337 3168 3340 3173 ~
3368 3158 3369 3161 η

2064 3224 2266 3281 Fratris
2295 3241 2326 3280 a
2351 3226 2500 3281 vultu
2526 3226 2669 3282 Deus
2697 3228 2749 3281 in
2771 3228 3000 3284 salutem

2520 3316 2683 3371 Duxit
2716 3315 2876 3373 Iacob
2899 3315 2953 3372 δ.

2058 3407 2302 3477 Namque
2323 3405 2510 3463 Niceta
2540 3407 2789 3478 fugitivus
2813 3425 2966 3481 aeque
2993 3421 3110 3479 est;

2058 3498 2213 3566 Quod
2249 3501 2419 3555 semel
2438 3498 2566 3555 fecit
2602 3501 2930 3571 patriarcha,
2958 3518 3173 3574 semper

2058 3591 2158 3648 Hic
2179 3591 2328 3661 facit,
2349 3592 2551 3647 mundo
2574 3592 2782 3661 fugiens
2811 3594 2877 3648 ad
2904 3595 2999 3649 alti

2546 3680 2749 3736 Moenia
2765 3682 2887 3737 coeli
2914 3701 2927 3735 :

2058 3772 2125 3828 Et
2154 3771 2349 3841 gradus
2372 3771 2512 3837 illos,
2543 3772 2738 3840 quibus
2767 3772 2855 3827 ille
2886 3773 3017 3827 vidit
3046 3776 3068 3807 ⁸

2056 3865 2293 3933 Angelos
2318 3878 2472 3918 versa
2496 3864 2615 3917 vice
2638 3873 3004 3920 commeantes
3033 3867 3075 3929 ί.

2056 3954 2162 4012 Iste
2192 3955 2269 4026 (II)
2292 3952 2571 4010 contendit
2596 3963 2884 4022 superante
2905 3955 3077 4013 nubes

2556 4046 2829 4103 Scandere
2849 4049 2958 4104 vita
2985 4066 2999 4102 :

2058 4140 2223 4214 419
2248 4169 2316 4182 --
2344 4138 2508 4211 420
2547 4136 2653 4194 Per
2680 4139 2854 4195 crucis
2891 4140 3064 4196 scalas
3106 4156 3400 4213 properans
3443 4144 3501 4202 in

3254 4233 3430 4307 [astra

2056 4322 2172 4389 Qua
2193 4322 2334 4377 Deus
2357 4321 2535 4377 nitens
2567 4320 2637 4375 ad
2662 4319 2887 4375 humum
2907 4322 3149 4379 coruscis

2059 4415 2102 4470 E
2125 4415 2333 4471 thronis
2357 4420 2569 4484 spectat
2590 4412 2771 4466 varios
2798 4411 3013 4467 labores
3034 4453 3050 4479 ,

2548 4502 2801 4572 Bellaque
2830 4502 3045 4558 mentis.

2059 4603 2268 4672 Tuque,
2297 4598 2483 4654 Niceta
2505 4636 2521 4660 ,
2549 4596 2687 4650 bene
2709 4594 3017 4648 nominatus

2057 4698 2313 4769 Corporis
2334 4696 2523 4756 victor,
2555 4690 2703 4745 velut
2724 4689 2812 4745 ille
2843 4688 3019 4745 dictus

2006 4815 2039 4866 ιι
2094 4811 2189 4864 Ms.
2221 4805 2427 4867 Germ,
2459 4802 2709 4856 ambiant.

2007 4814 2060 4953 ei
2087 4880 2187 4934 Ed.
2211 4878 2374 4953 Rosv.
2395 4875 2630 4951 alternis.
2654 4870 2709 4925 Ει

1985 4892 2054 4955 (ε)
2088 4892 2187 4934 Ed.
2212 4892 2374 4931 uosv.
2395 4892 2630 4951 alternis.
2654 4892 3073 4952 nmenuavmius
3092 4892 3160 4925 ex
3181 4892 3281 4925 ms.
3310 4892 3495 4928 coalce

1909 4949 2280 5010 Germanensi.
2334 4956 2576 5010 ωιενηιιδ,
2635 4941 3072 5010 succurrentibus
3125 4958 3225 4996 ms.
3279 4941 3410 5010 Reg.
3441 4952 3495 4997 et

1910 5008 2067 5080 editis
2106 5017 2379 5076 codicibus
2418 5008 2583 5078 Bad.,
2611 5012 2797 5075 Grav.,
2830 5008 3017 5065 Schot.
3053 5020 3108 5066 et
3136 5010 3341 5066 Poelm.
3362 5008 3380 5077 ζ
3402 5013 3494 5080 qui

1910 5095 2199 5165 prailerunt
2242 5086 2447 5142 wlernis
2468 5126 2490 5165 .,
2521 5083 2668 5164 nullo
2676 5082 3160 5165 'sensu._.Saccnm.
3191 5099 3203 5133 :
3237 5083 3496 5165 Lequw-

1911 5150 2104 5218 iernus.
2129 5160 2195 5214 Et
2215 5172 2345 5236 sane
2372 5153 2646 5236 aptissime
2675 5150 3061 5232 David'dicitur
3088 5163 3308 5236 feremus
3328 5152 3493 5236 ςίιζια-

1905 5236 2034 5288 riam
2060 5274 2073 5297 ,
2122 5221 2551 5301 quandoquidem
2572 5237 2688 5301 _ore
2718 5222 2955 5301 omnium
2982 5223 3167 5291 psallit
3198 5262 3212 5284 ,
3251 5221 3344 5301 qui
3373 5221 3490 5301 ejus

1904 5290 2489 5373 psalmos'dccantant;
2538 5292 2591 5347 id
2629 5300 2949 5373 consecutus
2988 5290 3101 5373 non
3141 5290 3304 5372 modo
3343 5298 3401 5373 ut
3436 5291 3491 5343 in

1903 5359 2041 5428 coelo
2071 5388 2168 5443 per
2207 5384 2292 5432 se,
2326 5365 2422 5420 sed
2446 5365 2495 5443 in
2519 5362 2677 5443 terris
2699 5362 2859 5443 etiam
2891 5377 2989 5443 per
3010 5361 3145 5443 alios
3175 5361 3227 5414 in
3244 5359 3487 5443 secutum

1901 5454 1956 5498 et
1985 5446 2036 5498 in
2064 5430 2300 5496 seculqu
2328 5434 2497 5491 seculi
2542 5434 2711 5487 Deum
2739 5430 2918 5486 laudet
2941 5471 2955 5497 ,
2998 5432 3142 5501 quod
3169 5430 3395 5501 optabat
3433 5436 3491 5482 et

1900 5513 2201 5582 spondebat
2222 5508 2347 5582 dum
2373 5505 2601 5582 viveret.
2788 5570 2803 5582 _
2931 5571 2966 5582 η
3091 5572 3102 5582 ο

1997 5587 2039 5654 Ῑ)
2068 5578 2459 5654 Manuscriptus
2483 5572 2669 5654 Germ.
2706 5570 3195 5654 codex,.(;armina.

2075 5652 2199 5724 Mss.
2226 5635 2498 5724 Gerin._ent
2542 5644 2673 5724 Beg.
2703 5683 2718 5706 ,
2750 5635 2974 5710 superbi.
3018 5642 3086 5694 At
3107 5651 3295 5695 omnes
3320 5635 3443 5693 edd.
3464 5678 3491 5710 ι

2087 4880 2187 4934 Ed.
2211 4878 2374 4931 Rosv.
2395 4875 2630 4928 alternis.
2654 4868 3073 4926 Emendavimus
3092 4886 3160 4925 ex
3181 4886 3281 4925 ms.
3310 4872 3497 4928 codice

286 5719 356 5785 (ο)
380 5717 476 5773 Ms.
501 5718 707 5794 Germ,
734 5720 930 5794 Lipias.
955 5722 1053 5780 Ms.
1076 5723 1245 5780 codex
1269 5723 1467 5794 Regius
1489 5740 1610 5781 cum
1632 5722 1791 5781 editis
1896 5713 2134 5794 maias,
2165 5719 2356 5794 aptius
2370 5715 2437 5770 ad
2458 5713 2748 5794 Scriptura:
2776 5725 3012 5794 S_€ﬂ_5llm-

218 5797 466 5857 quatuor,
495 5789 707 5863 Lepias.

1969 5794 2047 5853 (Ia)
2079 5783 2155 5847 Ita
2184 5783 2283 5844 ms.
2317 5786 2499 5843 Germ.
2536 5783 2655 5851 Alii,
2682 5789 2968 5838 contentus.
