3994 6180
465 299 569 357 487
1390 298 1445 353 S.
1487 293 1760 351 PAULlNl
1799 288 2047 347 NOLANI
2088 281 2392 342 EPISCOPl
2421 279 2767 336 POEMATA!
3603 270 3691 331 688

600 422 764 482 lsrael
782 464 796 491 ,
824 431 1089 477 summum
1115 415 1240 483 quia
1260 412 1393 467 vidit
1412 412 1525 465 alto

469 516 570 571 164
1101 504 1277 560 Corde
1302 510 1538 556 satorem
1563 508 1586 534 η
1606 538 1622 567 ,

608 602 756 659 Unde
787 599 1001 655 Nicetes
1029 612 1180 651 meus
1210 594 1542 665 approbatur

600 692 872 749 lsraelites
899 690 1015 743 sine
1041 686 1228 741 fraude
1256 699 1442 746 verus,

608 783 709 851 Qui
729 782 897 838 Deum
927 780 1098 835 cernit
1123 778 1198 849 (a)
1228 775 1413 831 solida}.
1444 771 1567 827 ﬁdei

474 876 570 931 168
1100 866 1325 921 Lumine
1351 863 1643 918 Christum.

611 964 712 1019 llic
741 963 885 1017 Deus
904 968 1107 1024 noster,
1137 960 1223 1014 via
1254 963 1437 1011 noslra
1463 968 1695 1023 semper,

627 1054 710 1110 Sit
736 1067 921 1109 comes
948 1052 1131 1116 nobis,
1158 1050 1228 1105 sit
1254 1058 1309 1103 et
1338 1055 1647 1101 anteeessor
1676 1061 1689 1095 :

612 1150 833 1206 Semitis
855 1148 1056 1212 lumen,
1088 1145 1418 1216 pedibusque
1444 1138 1646 1195 nostris

478 1243 582 1297 1Ἰ2
1108 1237 1300 1291 Sermo
1330 1235 1550 1288 lucerna
1578 1230 1626 1282 δ.

618 1332 735 1400 Qua
762 1348 861 1404 per
887 1329 1100 1387 obscuri
1130 1327 1264 1382 vada
1296 1339 1435 1381 caeca
1463 1321 1593 1378 secli
1621 1324 1662 1385 θ,

622 1424 863 1479 Luminis
876 1423 988 1477 veri
1013 1422 1127 1475 face
1146 1419 1456 1486 dirigamur,

619 1514 802 1570 Donec
821 1522 1035 1584 optatos
1053 1513 1215 1566 liceat
1235 1509 1424 1564 salutis

479 1607 582 1659 l76
1116 1601 1361 1668 Tangere
1390 1605 1598 1669 portus,

620 1695 767 1763 Quos
788 1696 950 1751 modo
970 1693 1235 1749 undosum
1251 1692 1484 1763 petimus
1505 1704 1602 1760 per
1626 1702 1810 1755 :equm-
1830 1728 1842 1749 ,

620 1787 756 1842 Dum
786 1802 934 1856 vagae
960 1785 1158 1841 mentis
1186 1783 1216 1835 ll
1234 1783 1468 1835 uitamus
1496 1788 1629 1833 mstu
1656 1797 1667 1830 :

621 1878 843 1943 Terreo,
874 1885 1152 1945 tamquam
1182 1872 1355 1941 fragili
1384 1870 1597 1934 carina,

480 1972 583 2027 180
1112 1964 1356 2043 Corpore
1386 1962 1544 2017 vecti.

618 2066 724 2121 Sed
746 2063 1072 2135 gubernaclo
1109 2073 1129 2100 ο
1156 2060 1329 2115 crucis
1352 2060 1490 2113 hanc
1521 2063 1741 2124 regente

616 2159 772 2214 Nunc
800 2166 970 2213 ratem
990 2199 1005 2222 ,
1038 2156 1091 2209 in
1120 2154 1276 2208 nobis
1304 2153 1392 2221 pia
1419 2150 1540 2204 vela
1563 2148 1742 2202 cordis

620 2250 931 2313 Pandimus,
963 2245 1177 2299 Christo
1208 2244 1475 2297 referente
1504 2241 1654 2293 littus

483 2340 586 2393 184
1120 2333 1365 2387 Flamine
1389 2332 1605 2385 dextro.

621 2427 763 2496 Ergo
791 2427 897 2481 dux
929 2427 1069 2481 idem
1099 2424 1260 2478 modo
1290 2428 1650 2491 prosequatur

620 2518 697 2573 Te
720 2518 826 2582 via,
855 2532 960 2585 qua
987 2530 1129 2569 nunc
1151 2528 1410 2583 properas
1436 2515 1714 2565 revertens

626 2609 713 2665 lre
740 2608 947 2677 Niceta,
970 2607 1253 2678 patrioque
1283 2602 1473 2658 reddat

488 2704 592 2757 188
1128 2697 1334 2751 Limine
1356 2704 1530 2749 tutum
1555 2695 1618 2748 ¹⁰.

621 2795 728 2851 Sed
755 2794 893 2850 freto
920 2807 1138 2849 emenso
1167 2797 1412 2860 superest
1435 2788 1640 2842 viarum

625 2886 830 2941 Rursus
863 2884 916 2938 in
940 2892 1084 2938 terra
1116 2881 1288 2948 labor,
1318 2887 1375 2933 ut
1395 2878 1611 2933 veharis

636 2977 819 3048 Usque
846 2975 1050 3041 felices,
1075 2974 1266 3044 quibus
1293 2988 1351 3028 es
1380 2970 1635 3027 sacerdos

486 3070 590 3127 192
1117 3063 1395 3117 Pnestitus
1424 3077 1566 3116 oras.

628 3159 709 3214 Tu
735 3156 1061 3227 Philippmos
1082 3154 1359 3209 Macedum
1384 3168 1481 3222 per
1502 3166 1660 3220 agros

627 3247 733 3301 Per
760 3246 1099 3301 Tomitanam
1124 3243 1385 3311 gradieris
1413 3243 1623 3306 urbem,

624 3338 730 3393 Ibis
757 3346 811 3391 et
837 3336 1043 3405 Scupos
1068 3331 1093 3370 ά
1124 3334 1308 3403 patriae
1348 3332 1679 3401 prepinquos

490 3431 590 3485 £96
1120 3422 1395 3477 Dardanus
1419 3422 1635 3491 hospes.

626 3518 671 3572 0
698 3517 891 3588 quibus
920 3515 1030 3585 jam
1062 3521 1189 3568 tunc
1217 3512 1492 3566 resonabit
1518 3511 1608 3564 illa

629 3608 850 3665 Gaudiis
880 3607 1038 3662 tellus
1067 3605 1156 3660 ubi
1188 3612 1245 3659 tu
1273 3604 1514 3673 rigentes

626 3690 840 3757 Edo'ees
870 3698 1088 3754 Christo
1118 3696 1230 3751 fera
1260 3695 1399 3750 colla
1428 3696 1469 3726 ’ί
1494 3692 1615 3749 miti

486 3796 591 3850 200
1126 3787 1369 3843 Subdere
1391 3785 1608 3855 gentes!

627 3885 849 3955 Quaque
874 3881 1110 3952 Riphaeis
1139 3880 1341 3936 Boreas
1363 3880 1419 3933 in
1448 3878 1558 3933 oris

627 3977 821 4047 Alligat
845 3975 1026 4029 densis
1048 3972 1239 4027 ﬂuvios
1265 3972 1501 4041 pruinis,

626 4069 723 4124 llic
750 4068 871 4139 gelu
900 4073 1111 4120 mentes
1138 4063 1338 4129 rigidas
1366 4074 1603 4129 superno

486 4163 588 4216 204
1122 4154 1249 4222 Igne
1282 4151 1537 4207 resolves.

629 4230 947 4304 Nam.simul
978 4245 1137 4300 terris
1166 4241 1464 4310 animisque
1490 4240 1644 4309 duri,

627 4340 691 4393 Et
717 4354 812 4394 sua
842 4337 991 4392 Bessi
1019 4336 1142 4389 nive
1163 4333 1429 4399 duriores,

627 4435 778 4491 Nunc
806 4448 937 4490 oves
966 4431 1091 4488 facti
1120 4430 1255 4486 duce
1285 4438 1340 4485 te
1368 4437 1658 4499 gregantur

486 4526 588 4581 268
1123 4520 1278 4576 Pacis
1308 4520 1361 4574 in
1391 4520 1589 4574 aulam.

626 4618 875 4688 Quasque
905 4615 1145 4671 cervices
1169 4612 1299 4666 dare
1327 4610 1604 4673 servituti,

627 4712 853 4780 Semper
874 4725 905 4763 a
932 4708 1075 4763 bello
1102 4703 1344 4760 indomiti
1376 4708 1640 4770 negarunt
1663 4740 1678 4765 ,

626 4801 780 4856 Nunc
798 4800 926 4870 iugo
959 4798 1075 4853 veri
1101 4795 1302 4851 domini
1330 4795 1582 4849 subactas

489 4894 541 4948 2'
556 4893 589 4945 2
1119 4886 1373 4941 Sternere
1393 4883 1647 4952 gaudent.

557 5039 579 5063 η
612 5027 746 5080 Gen.
774 5042 937 5087 xxxn,
970 5022 1060 5076 28.

558 5097 582 5134 δ
615 5096 754 5150 Psal.
787 5112 966 5153 cxvm,
1001 5092 1118 5148 ltlh’.

558 5180 578 5206 ε
615 5166 744 5220 Vide
769 5174 879 5218 not.
914 5163 1037 5217 2l8.

554 5237 578 5274 ἀ
613 5237 743 5290 Vide
773 5244 886 5288 not.
920 5233 1044 5288 239.

559 5320 582 5345 ο
609 5306 738 5360 Vide
760 5322 845 5373 ep.
873 5305 961 5370 51,
994 5320 1046 5357 η.
1083 5302 1167 5356 12.

562 5377 577 5415 τ
609 5375 743 5430 Gen.
773 5392 844 5429 Iv.

556 5459 580 5496 ε
610 5446 665 5500 Id
696 5454 778 5500 est
806 5444 1033 5514 deponit.
1067 5443 1198 5514 Vide
1226 5458 1392 5499 carm.
1428 5442 1526 5508 Η,
1557 5459 1608 5497 ν.
1643 5441 1734 5496 8|.

486 5516 501 5531 ‘
557 5518 579 5555 ιι
611 5516 743 5570 Vide
770 5512 880 5568 not.
903 5514 1010 5568 250
1041 5512 1244 5568 01251.

563 5586 724 5640 ilsal.
758 5602 829 5645 χι,
862 5584 890 5636 7
920 5594 975 5639 et
1002 5584 1054 5638 8.

556 5659 630 5716 (a)
657 5655 755 5708 Ms.
787 5654 967 5709 Germ.
996 5664 1051 5710 et
1074 5654 1157 5710 ed.
1192 5652 1338 5708 Grin.
1363 5692 1376 5716 ,
1408 5652 1593 5706 solido.

558 5720 629 5790 ib)
657 5725 731 5777 Ita
763 5740 861 5778 ms.
889 5724 1267 5779 Germanensis
1291 5723 1484 5778 codex.
1520 5722 1805 5791 Perperam
1824 5720 1930 5791 alii
1964 5736 2060 5774 eo-

478 5799 649 5859 dices,
677 5793 992 5869 Barew..Ed.
1013 5795 1201 5853 Schot.
1230 5796 1281 5849 in
1311 5808 1504 5864 marg,
1538 5792 1769 5845 Barrlzaa.
1793 5790 1899 5844 Nos
1929 5806 2060 5844 vero

2072 411 2118 463 Α
2286 395 2443 451 Nunc
2465 394 2633 460 magis
2653 392 2803 448 dives
2836 391 3012 463 pretio
3032 364 3239 447 laboris

2291 486 2489 543 Bessus
2515 485 2750 541 exsultat
2772 486 2813 516 “
2840 502 2852 537 :
2877 483 3023 554 quod
3047 484 3194 537 humi
3220 494 3485 550 manuque

2292 582 2430 636 Ante
2450 577 2745 650 quaerebat,
2776 575 2941 632 modo
2968 585 3149 631 mente
3174 575 3308 630 cmlo

2150 673 2255 727 216
2788 670 3004 739 Colligit
3031 685 3241 723 aurum.

2295 764 2690 837 421-422
2712 762 2755 817 Ο
2772 764 2918 820 vices
2947 760 3159 816 rerum!
3192 761 3327 814 bene
3348 772 3497 813 versa
3528 756 3703 813 formal

2295 854 2429 908 lnvii
2458 864 2669 908 montes
2691 853 2857 922 prius,
2882 859 2936 905 et
2957 850 3188 911 cruenti,

2300 946 2451 1001 Nunc
2479 953 2668 1016 tegunt
2693 958 2880 999 versos
2912 952 2934 980 ε
2966 940 3242 995 monachis
3269 939 3503 992 latrones

2158 1038 2263 1093 220
2792 1033 2949 1089 Pacis
2976 1033 3242 1086 alumnos.

2302 1126 2587 1196 Sanguinis
2611 1124 2906 1196 quondam,
2928 1123 3090 1178 modo
3118 1130 3259 1177 terra
3289 1121 3410 1175 vita:
3431 1127 3531 1181 ω.

2305 1222 2545 1277 Vertitur
2570 1220 2709 1275 creto
2740 1219 2827 1289 pia
2848 1218 2928 1272 vis
2956 1217 3246 1279 latronum,

2312 1315 2378 1369 Et
2425 1313 2572 1369 favet
2597 1312 2843 1367 Christus
2871 1323 3067 1379 supera
3096 1303 3384 1375 occupanti

2162 1408 2268 1461 224
2801 1402 2987 1470 Regna
3014 1400 3236 1469 rapinae.

2304 1496 2421 1551 Mos
2440 1495 2529 1550 ubi
2551 1492 2820 1563 quondam
2842 1492 3015 1547 fuerat
3035 1490 3289 1553 ferarum,

2308 1588 2458 1643 Nunc
2488 1587 2561 1641 ibi
2588 1587 2722 1642 ritus
2751 1584 2895 1652 viget
2924 1582 3236 1650 angelorum
3262 1597 3275 1631 :

2310 1680 2378 1734 Et
2406 1679 2538 1733 latet
2555 1678 2733 1747 justus
2754 1717 2769 1744 ,
2793 1676 2986 1745 quibus
3013 1674 3127 1743 ipse
3158 1672 3295 1725 latro

2103 1801 2142 1854 Β
2169 1773 2274 1827 228
2810 1767 2956 1821 Vixit
2980 1767 3033 1820 in
3063 1764 3252 1818 antris.

2312 1859 2497 1917 Praeda
2522 1859 2581 1913 iit
2608 1858 2821 1914 Sanctis
2852 1866 3007 1912 vetus
3030 1856 3118 1909 ille
3143 1852 3324 1924 praedo
3341 1892 3358 1918 ,

2311 1950 2378 2003 Et
2407 1949 2572 2017 gemit
2599 1948 2771 2004 versis
2808 1946 3078 2001 homicida
3109 1943 3322 1998 damnis
3353 1960 3366 1995 :

2310 2040 2441 2095 Jure
2462 2039 2713 2102 nudatus,
2744 2038 3009 2109 spoliante
3032 2035 3247 2090 Christo
3262 2072 3277 2099 ,

2168 2132 2275 2187 252
2809 2129 3059 2183 Criminis
3080 2126 3265 2181 armis.

2315 2220 2505 2275 Interit
2527 2235 2651 2274 casu
2679 2227 2880 2273 satana:
2907 2216 3140 2271 vicissim

2312 2311 2527 2366 Invidus
2556 2310 2712 2378 Cain,
2743 2309 3010 2363 redivivus
3035 2305 3165 2361 Abel

2316 2402 2495 2459 Pascit
2516 2400 2668 2455 eﬂ’usi
2698 2400 2874 2471 pretio
2900 2398 3172 2452 redemtos

2171 2494 2276 2549 256
2809 2488 3097 2556 Sanguinis
3126 2496 3293 2555 agnos
3325 2484 3345 2523 ί
3361 2516 3377 2531 ο

2314 2583 2479 2653 Euge,
2502 2582 2714 2650 Niceta,
2734 2581 2876 2635 bone
2906 2593 3059 2633 serve
3085 2574 3307 2643 Christi,

2313 2674 2417 2742 Qui
2439 2675 2534 2729 tibi
2564 2675 2726 2728 donat
2760 2671 2963 2741 lapides
2982 2670 3034 2722 in
3064 2675 3208 2721 astra

2317 2765 2566 2832 Vertere,
2592 2771 2646 2819 et
2668 2763 2803 2818 vivis
2833 2776 2986 2815 sacra
3014 2757 3212 2828 templa
3233 2756 3382 2811 saxis

2172 2855 2277 2910 2w
2817 2848 3133 2905 Ediiicare.

2315 2949 2480 3003 Avios
2506 2947 2702 3009 saltus,
2730 2945 2857 3015 juga
2887 2952 3039 2997 vasta
3069 2942 3290 3003 lustras,

2316 3040 2453 3095 Dum
2482 3041 2625 3095 viam
2647 3038 2862 3107 qnzeris,
2888 3035 3235 3103 sterilemque
3264 3032 3460 3088 silvam

2096 3164 2145 3226 ε
2184 3222 2206 3226 Α
2227 3223 2237 3226 _
2261 3222 2274 3226 _
2318 3132 2512 3188 Mentis
2537 3131 2750 3186 incultae
2777 3143 3039 3198 superans
3062 3128 3116 3181 in
3145 3140 3301 3195 agros

2178 3222 2283 3276 2N
2815 3218 2994 3273 Vertis
3022 3217 3253 3287 epimos.

2316 3312 2394 3368 Te
2416 3321 2621 3382 patrem
2644 3310 2774 3365 dicit
2802 3309 2954 3379 plaga
2985 3317 3100 3362 tota
3131 3306 3205 3378 (ὁ)
3229 3305 3451 3359 Bome:

2318 3404 2403 3457 Ad
2430 3412 2551 3456 tuos
2578 3399 2719 3455 fatus
2746 3399 2946 3471 Scytha
2976 3398 3271 3466 mitigatur,

2318 3494 2385 3549 Et
2406 3495 2488 3550 sui
2516 3494 2722 3549 discors
2751 3491 2864 3547 fera
2894 3499 2948 3545 te
2977 3490 3236 3558 magistro

2176 3585 2282 3640 248
2815 3583 3042 3638 Pectora
3073 3581 3227 3651 ponit
3254 3589 3301 3632 ε.

2320 3679 2389 3734 Ει
2414 3679 2565 3735 Geta:
2593 3684 2834 3740 currunt,
2862 3683 2917 3730 et
2945 3684 3172 3742 uterque
3202 3672 3378 3726 Dacus
3414 3688 3428 3724 ς

2319 3771 2421 3838 Qui
2451 3771 2581 3825 colit
2611 3779 2765 3824 terrae
2794 3766 2991 3833 medio,
3023 3766 3107 3820 vel
3141 3764 3229 3818 ille

2320 3863 2509 3918 Divitis
2534 3864 2700 3917 multo
2730 3862 2868 3915 bove
2900 3858 2969 3927 (ε)
3002 3858 3248 3928 pilleatus
3278 3852 3305 3891 ιι

2177 3954 2283 4009 252
2815 3948 3013 4003 Accola
3048 3949 3198 4017 ripzc.

2325 4053 2399 4106 De
2429 4050 2567 4119 lupis
2588 4049 2692 4102 hoc
2720 4054 2803 4102 est
2830 4045 3028 4101 vitulos
3054 4057 3270 4107 creare,

2316 4142 2385 4197 Et
2411 4142 2535 4197 bovi
2562 4141 2805 4210 junctum
2835 4139 2988 4209 palea
3019 4137 3229 4191 leonem

2320 4217 2585 4298 Pascere,
2612 4239 2668 4286 et
2697 4230 2824 4285 tutis
2846 4243 2977 4284 cava
3009 4228 3316 4297 viperarum

2177 4325 2283 4379 256
2820 4316 3063 4372 Pandere
3084 4306 3263 4385 parvis
3300 4312 3342 4369 ί.

2321 4419 2563 4487 Namque
2587 4420 2868 4469 mansueto
2899 4409 3080 4481 pecori
3103 4409 3250 4463 coire

2095 4537 2147 4595 Ι)
2322 4509 2530 4563 Bestias
2559 4505 2707 4576 pulsa
2737 4504 2948 4561 feritate
2975 4499 3187 4562 suades,

2319 4598 2421 4665 Qui
2442 4597 2585 4653 feras
2612 4603 2821 4650 mentes
2856 4592 3133 4647 hominum
3163 4589 3332 4660 polito

2180 4696 2285 4750 260
2819 4686 3016 4743 imbuis
3044 4701 3159 4740 ore.

2320 4782 2476 4839 Orbis
2496 4782 2547 4838 in
2572 4789 2721 4835 muta
2741 4780 2963 4848 regione
2988 4792 3086 4846 per
3106 4782 3160 4829 te

2325 4878 2546 4934 Barbari
2578 4877 2791 4931 discunt
2817 4886 3074 4929 resonare
3103 4868 3373 4925 Christum

2170 5035 2238 5073 ex
2266 5031 2363 5070 ms.
2398 5013 2584 5069 codice
2621 5009 2805 5065 Germ.
2855 5012 3165 5077 pervetusto
3188 5001 3524 5077 correximus
3563 4998 3753 5077 Bome,

2171 5071 2237 5143 eo
2263 5085 2617 5141 conﬁdentius
2637 5097 2763 5149 quo,
2797 5071 2992 5148 praeter
3015 5074 3387 5149 necessitatem
3418 5071 3596 5149 metri.
3616 5082 3755 5146 eain-

2172 5136 2513 5211 dem'voeem
2543 5153 2608 5205 ad
2640 5136 2963 5204 vetusliores
2989 5145 3200 5201 codices
3226 5140 3500 5195 Prudentii
3535 5136 3758 5211 castiga-

2174 5207 2523 5279 [ﬁmbriam
2553 5221 2615 5275 N.
2650 5219 2899 5274 Heinsius
2930 5219 2981 5272 in
3016 5215 3156 5270 notis
3187 5213 3253 5268 ad
3283 5207 3668 5283 Psychomach.
3704 5221 3751 5248 νο

2176 5296 2209 5349 8
2222 5296 2301 5357 Π,
2328 5294 2503 5361 algida
2529 5291 2727 5361 Barac.

2250 5343 2320 5433 (cy)
2351 5343 2871 5418 Sichemendavimus
2910 5372 3124 5433 ρξ’-[ηε.
3174 5352 3360 5433 codice
3394 5349 3580 5433 Germ.
3627 5343 3757 5433 Apte

2173 5411 2874 5505 eratIpeliedtns.directe
2914 5424 3330 5505 pilleatus,_sive
3354 5421 3617 5505 pit-catus;
3649 5411 3756 5505 flii-

2172 5481 2304 5560 Iéir'i
2329 5481 2954 5572 CUI—pinnam
2985 5481 3184 5572 dicitur
3198 5493 3260 5572 in
3280 5481 3466 5572 (Zo'llat.
3496 5486 3638 5572 legis

2170 5578 2327 5631 saicm
2358 5555 2421 5627 tit
2465 5555 2776 5640 9.,Iestqne',
2808 5570 2943 5639 pileo
2973 5565 3177 5621 donari.
3219 5562 3480 5640 Henricus
3512 5555 3753 5640 ‘Vallesius

2506 5624 2775 5710 ,eiieei‘pta
2792 5624 2819 5702 ,’
2864 5640 3101 5710 pileatus,
3124 5646 3255 5710 pag.
3298 5628 3404 5710 2οβ
3495 5626 3564 5705 de
3583 5624 3752 5710 imgi-

2168 5696 2424 5836 tgippibus.
2456 5712 2561 5769 Sed
2590 5696 2712 5767 vide
2736 5696 2979 5780 quid'hic
3003 5696 3263 5777 signiticet
3282 5700 3519 5773 pilleatus
3543 5696 3600 5748 in
3637 5696 3746 5744 not.

2210 5803 2240 5835 ⁷)
2280 5824 2293 5836 .

2210 5803 2263 5836 ⁷)Ι
2280 5824 2293 5838 .
