3994 6180
293 259 395 317 489
1693 251 1922 310 POEMA
1958 253 2140 310 XVIII.
3410 256 3511 311 490

428 368 603 426 Corde
628 367 891 430 Romano,
919 364 1287 437 placidamque
1317 363 1451 418 casti
1878 376 1929 433 Α
2095 365 2261 432 Tunc,
2291 379 2499 435 precor,
2531 367 2701 422 nostri
2729 367 2949 423 nimium
2976 379 3264 433 memento,

286 461 388 517 964
550 476 557 483 ’
667 458 857 513 Vivere
880 458 922 489 "
948 471 1155 527 pacem.
2093 454 2160 509 Et
2187 455 2353 525 patris
2378 456 2546 510 sancti
2575 458 2779 524 gremio
2807 459 3141 528 recumbens,

424 551 515 606 Sic
540 558 633 604 tuo
658 548 802 602 mitis
821 547 976 616 lupus
995 553 1078 600 est
1104 545 1255 609 ovili,
2092 546 2320 603 Roscida
2353 545 2373 586 τ
2404 547 2557 603 nobis
2580 548 2745 617 digito
2772 548 3035 605 furentem

426 640 667 695 Pascitur
685 652 913 692 concors
930 633 1127 689 vitulus
1154 634 1324 697 leoni,
1951 636 2056 690 516
2333 637 2549 694 Discute
2577 638 2864 693 ﬂammam.

425 729 627 785 Parvus
653 734 894 782 extracto
923 723 1161 779 trucibus
1189 721 1431 778 cavernis
2095 729 2244 784 Nunc
2271 728 2358 783 abi
2382 728 2507 784 felix
2534 738 2715 784 tamen
2736 737 2791 785 et
2814 729 3073 787 recedens

285 822 390 878 268
670 817 869 889 Aspide
896 817 1051 871 ludit.
2094 816 2320 886 Semper
2345 818 2451 873 huc
2478 818 2545 873 ad
2572 834 2671 874 nos
2698 820 2877 874 animo
2905 835 3119 875 recurre
3151 838 3163 873 :

422 907 771 984 ἀρα-424
798 906 1030 963 Callidos
1057 904 1173 960 auri
1204 904 1403 974 legulos
1432 913 1459 942 ι
1484 906 1537 959 in
1566 919 1751 960 aurum
2082 907 2219 965 Esto
2246 909 2541 975 nobiscum,
2570 911 2696 966 licet
2722 910 2790 965 ad
2810 919 3082 981 paternam

426 1001 619 1065 Vertis,
648 1008 703 1054 et
731 996 805 1070 (α)
837 996 1029 1051 Bessos
1054 994 1083 1034 ιι
1114 996 1335 1050 imitaris
1364 996 1504 1066 ipse,
1954 997 2057 1052 320
2335 997 2557 1054 Veneris
2577 1001 2783 1056 urbem.

431 1091 474 1145 E
495 1090 689 1161 quibus
714 1088 894 1142 vivum
922 1086 1159 1142 fodiente
1183 1087 1349 1141 verbo
2091 1089 2440 1163 $25-$26
2459 1090 2575 1147 Non
2594 1092 2737 1147 enim
2760 1093 2915 1148 unius
2935 1094 3117 1164 populi
3141 1095 3470 1164 magistrum,

283 1183 392 1240 272
671 1179 829 1235 Eruis
851 1193 1041 1234 aurum
1069 1196 1083 1232 :
2090 1181 2197 1237 Sed
2225 1196 2326 1236 nec
2353 1182 2509 1237 unius
2536 1180 2685 1237 dedit
2705 1198 2823 1237 esse
2847 1183 3018 1238 civem

428 1280 537 1337 Has
564 1293 695 1351 opes
723 1277 795 1350 (ὁ)
824 1277 1060 1333 condens
1084 1275 1309 1331 Domino
1336 1276 1575 1346 perenni,
2090 1271 2167 1327 Te
2193 1270 2335 1327 Deus
2360 1278 2536 1335 terrae,
2569 1272 2742 1342 patria
2765 1287 2893 1328 ecce
2917 1285 3096 1329 nostra

428 1371 521 1427 His
547 1384 757 1426 sacrum
786 1367 947 1423 lucris
975 1366 1251 1422 cumulans
1271 1366 1548 1433 talentum,
1956 1362 2063 1417 524
2344 1362 2420 1419 Te
2439 1363 2539 1418 sibi
2567 1364 2750 1419 sumit.

430 1462 631 1518 Audies
659 1478 671 1514 :
700 1459 843 1515 Intra
872 1458 1082 1513 Domini
1105 1456 1358 1528 perennis
2094 1453 2243 1510 Nunc
2261 1463 2384 1511 tuos
2408 1470 2561 1525 aequa
2580 1455 2781 1526 pietate
2810 1458 3053 1527 utrisque

287 1555 391 1613 216
670 1550 874 1608 Gaudia
902 1549 1054 1604 lactus
1085 1559 1129 1602 ε.
2094 1546 2277 1601 Divide
2306 1544 2546 1614 affectus,
2577 1556 2631 1603 et
2658 1553 2843 1604 amore
2864 1549 3037 1619 nobis,

428 1645 545 1714 His,
571 1659 785 1715 precor,
815 1657 938 1698 cum
964 1650 1020 1696 te
1046 1640 1238 1698 domus
1263 1640 1403 1696 alma
1422 1654 1605 1698 sancto
2094 1636 2311 1692 Civibus
2344 1636 2510 1702 vultu,
2541 1638 2755 1707 gemina
2782 1654 2997 1694 morare

428 1737 644 1807 Ceperit
672 1734 894 1789 fratrum
920 1746 1205 1788 numerosa
1232 1740 1379 1789 coetu
1888 1804 1923 1807 _
1954 1728 2061 1782 528
2344 1728 2487 1786 Civis
2514 1731 2569 1785 in
2599 1745 2716 1785 ora.
3274 1798 3277 1799 ν

429 1826 486 1882 lu
508 1804 714 1893 choris,
743 1832 799 1880 et
826 1838 925 1879 nos
951 1823 1154 1893 pietate
1180 1822 1293 1879 cari
1888 1804 1937 1863 Β
2100 1820 2300 1877 Forsan
2322 1831 2377 1876 et
2401 1822 2575 1891 major
2596 1823 2771 1893 patria
2799 1823 2911 1879 haec
2936 1824 3199 1887 habenda.

293 1918 395 1974 280
677 1913 918 1971 Pectoris
938 1912 1094 1969 abde.
2097 1911 2212 1967 Non
2238 1912 2551 1969 manufactis
2578 1913 2671 1969 ubi
2698 1914 2994 1971 contineris

428 2006 560 2062 Nam
588 2006 701 2061 Deo
724 2013 921 2076 grates,
945 2003 1089 2074 quod
1118 2017 1301 2060 amore
1329 2011 1479 2059 tanto
2093 2004 2375 2060 Pectorum
2396 2006 2588 2073 tectis;
2618 2006 2969 2078 hominesque
2996 2008 3169 2065 vivam

427 2099 535 2154 Nos
556 2097 652 2153 tibi
672 2095 955 2151 adstrinxit
976 2109 1076 2165 per
1096 2102 1285 2165 operta
1312 2093 1507 2160 vincla,
1954 2092 2063 2147 352
2337 2092 2530 2150 Incolis
2557 2095 2765 2152 urbem.

434 2189 521 2245 Vis
542 2197 602 2243 ut
623 2188 887 2243 internam
912 2186 1091 2241 valeat
1117 2192 1364 2240 catenam
2096 2183 2249 2240 Sicut
2274 2185 2514 2253 antistes,
2546 2186 2618 2241 ita
2638 2184 2827 2255 dignus
2853 2188 2977 2244 almi

307 2281 398 2336 284
677 2278 947 2348 Rumpere
974 2276 1139 2332 nulla.
2100 2277 2306 2348 Hospes
2334 2293 2393 2334 es
2420 2278 2637 2342 Christi,
2669 2281 2795 2349 quia
2822 2278 3136 2339 Christianis

430 2371 585 2429 Unde
612 2369 880 2441 complexi
905 2369 1021 2425 sine
1043 2367 1149 2425 ﬁne
1175 2383 1361 2425 carum
2010 2372 2013 2375 “
2100 2369 2363 2428 ﬂentibus
2389 2386 2632 2438 consors,
2663 2374 2872 2430 habitas
2897 2376 3062 2432 herile

431 2462 645 2528 Pectus,
677 2462 944 2516 haeremus
973 2457 1165 2529 laqueo
1192 2456 1335 2513 ﬁdeli
1361 2478 1376 2525 ;
1957 2460 2061 2517 556
2318 2460 2515 2519 Accola
2543 2465 2820 2535 templum.

431 2553 657 2622 Quaque
684 2550 753 2625 (ε)
780 2549 1096 2616 contendas,
1126 2549 1351 2605 comites
1374 2547 1575 2604 erimus
1600 2546 1626 2584 ἀ
1940 2550 1944 2555 ’
2097 2551 2218 2609 1am
2245 2553 2363 2610 vale
2392 2554 2566 2620 nobis,
2596 2564 2653 2611 et
2679 2556 2733 2611 in
2761 2572 2920 2613 omne
2948 2560 3116 2615 nostri

295 2650 395 2705 288
679 2647 858 2703 Mente
884 2644 1124 2715 saluaci.
2102 2643 2336 2713 Diligens
2358 2659 2559 2712 aevum,
2585 2645 2758 2703 bonus
2785 2663 2953 2719 usque
2979 2648 3135 2706 linem

430 2739 641 2799 Caritas
659 2739 855 2796 Christi
884 2739 1021 2794 bene
1040 2736 1158 2793 fusa
1186 2737 1349 2805 coelo,
2103 2732 2216 2790 Duc
2238 2734 2440 2790 bonum
2466 2750 2700 2804 cursum,
2724 2738 3060 2810 positamque
3080 2740 3240 2810 justis

436 2829 542 2904 [(d)
570 2828 826 2886 Cordibus
855 2826 1055 2882 nostris
1078 2825 1153 2881 ita
1180 2825 1347 2881 nectit
1374 2825 1536 2889 intus,
1962 2822 2068 2881 510
2353 2826 2517 2884 Sume
2542 2843 2819 2885 coronam.

434 2920 509 2978 Ut
526 2936 625 2977 nec
652 2919 904 2989 abiuncto
935 2916 1124 2988 procul
1147 2917 1461 2979 auferamur
2491 2917 2724 2975 pOEMA
2758 2919 2920 2977 xw“
2964 2926 3003 2976 ,ο

293 3014 394 3069 292
675 3007 816 3065 Orbe
842 3008 1068 3063 remoti:
2235 3028 2301 3066 ne
2330 3027 2375 3067 s.
2404 3026 2592 3067 rauce
2621 3026 2943 3068 mnuum!
2970 3029 3177 3070 causa
3205 3032 3276 3071 Vl.

432 3102 590 3159 Nulla
609 3116 710 3157 nos
734 3108 866 3155 aetas
891 3098 989 3154 tibi
1012 3096 1147 3152 labis
1174 3092 1454 3166 ununJ
2109 3102 2186 3158 De
2212 3112 2395 3169 morte,
2418 3101 2675 3173 sepulcro,
2709 3117 2770 3154 ac
2796 3102 3059 3157 miraculis
3078 3103 3138 3159 S.
3170 3104 3384 3161 Felicis.

429 3197 589 3252 Ol‘bls
616 3201 708 3249 aut
734 3193 891 3260 alter,
917 3204 1092 3260 neQue
1120 3204 1270 3245 mors
1295 3188 1517 3245 revellat
1542 3205 1558 3253 ;
1888 3176 1935 3239 (ἶ
2105 3193 2218 3250 Lex
2261 3193 2391 3249 mihi
2413 3190 2535 3262 jure
2574 3191 2665 3263 pio
2694 3191 2868 3263 posita
2897 3192 3045 3251 hunc,
3071 3196 3341 3253 celebrare
3366 3207 3525 3266 quot-

426 3284 687 3358 Corporis
707 3284 817 3338 vita
837 3282 1100 3337 moriente
1115 3321 1131 3346 ,
1162 3279 1273 3334 vita
3284 3276 3458 3361 [annis

296 3377 394 3434 296
680 3375 837 3430 Vivet
866 3374 909 3405 ιδ
946 3372 1163 3427 amoris.
1408 3384 1411 3385 '
2106 3374 2334 3446 Eloquio
2357 3374 2644 3430 famulante
2670 3374 2830 3443 diem,
2855 3376 3097 3434 sollenne
3120 3380 3359 3449 reposcit

438 3471 575 3525 Dum
596 3482 785 3539 graves
809 3468 941 3522 istos
964 3464 1269 3520 habitamus
1295 3471 1466 3534 artus,
2107 3464 2297 3520 Munus
2324 3464 2392 3520 ab
2416 3479 2511 3521 ore
2547 3480 2689 3531 meo,
2718 3464 2947 3522 Felicem
2976 3467 3155 3524 dicere
3178 3485 3355 3536 versu,

431 3564 617 3619 Mente
640 3570 695 3617 te
716 3574 930 3631 semper
952 3557 1022 3630 (ε)
1051 3557 1279 3612 memori
1308 3557 1583 3613 colemus:
2110 3554 2477 3626 Lzetitiamque
2502 3572 2673 3611 meam
2690 3557 2952 3611 modulari
2979 3559 3216 3615 carmine
3240 3570 3390 3627 voto,

434 3657 516 3712 Tu
542 3663 695 3726 petes
725 3651 787 3725 (Γ)
818 3652 984 3707 simus
1010 3648 1168 3704 simul
1193 3648 1247 3703 in
1274 3648 1496 3720 perenni
2001 3646 2037 3700 5
2105 3646 2174 3700 Ει
2201 3662 2447 3717 magnum
2478 3649 2590 3703 cari
2618 3649 2868 3703 meritum
2895 3658 3115 3706 cantare
3142 3650 3380 3719 Patroni,

304 3748 398 3807 300
682 3744 948 3815 Tempore
976 3750 1173 3798 tecum,
2109 3739 2227 3806 Quo
2254 3754 2351 3809 per
2378 3739 2479 3794 iter
2506 3737 2719 3802 durum,
2750 3755 2855 3809 qua
2876 3739 2981 3795 fert
3004 3742 3019 3773 ¹
3044 3742 3126 3796 via
3149 3744 3329 3812 pervia
3353 3747 3533 3815 paucis

434 3832 680 3908 Namque
707 3845 761 3892 te
787 3834 987 3891 celsum
1015 3831 1240 3897 meritis,
1270 3830 1323 3884 in
1352 3829 1520 3884 altum
2112 3833 2235 3887 Ana
2288 3846 2385 3902 per
2430 3839 2576 3885 arma
2623 3838 2811 3901 petens
2855 3847 3081 3903 superas
3125 3837 3424 3905 penetravit
3466 3839 3533 3894 ad

431 3933 665 3989 Culmen
699 3929 938 3999 imponet
967 3926 1011 3957 “
1036 3924 1273 3994 pretiosa
1301 3921 1471 3977 virtus
1501 3940 1515 3975 :
3265 3928 3458 3999 [arces.

431 4025 605 4094 inque
629 4021 900 4076 viventum
927 4031 1085 4086 super
1112 4015 1246 4070 urbe
1276 4013 1484 4084 magnis
2176 4014 2511 4070 Concordate
2554 4014 2687 4069 meis
2712 4055 2727 4079 ,
2785 4030 2976 4085 precor
2997 4056 3014 4083 ,
3070 4026 3126 4073 et
3179 4018 3554 4089 complaudite,

297 4119 395 4174 504
686 4110 944 4166 Turribus
972 4106 1155 4161 addet.
1666 4136 1667 4149 ι
1838 4106 1845 4125 ’
3254 4110 3489 4181 [fratres,

431 4206 549 4263 Nos
574 4202 739 4266 locis,
766 4206 1024 4271 Quantum
1051 4193 1256 4250 meritis
1280 4192 1514 4258 diremti.
2111 4197 2466 4266 Carminibus,
2493 4206 2749 4267 castoque
2774 4199 2983 4254 animos
3009 4199 3263 4256 effundite
3282 4201 3428 4256 luxu.

432 4296 663 4352 Eminus
689 4291 847 4349 081Sis
873 4288 1101 4344 humiles
1130 4285 1202 4357 (9)
1228 4283 1487 4355 Ρθῐῐοηίεν
1975 4293 2043 4349 10
2112 4293 2317 4349 Gaudia
2344 4301 2529 4349 sancta
2559 4292 2752 4348 decent
2775 4302 2832 4348 et
2857 4294 3094 4348 carmina
3123 4300 3267 4349 casta
3291 4294 3506 4350 ﬁdeles:

433 4388 519 4443 Te
540 4383 730 4458 procul
749 4380 915 4438 sacris
935 4378 1139 4434 socium
1161 4374 1392 4431 calentis
2117 4384 2247 4440 Nam
2268 4384 2353 4441 cui
2380 4385 2402 4417 ³
2428 4383 2509 4439 las
2534 4383 2829 4451 hominum,
2859 4384 2945 4440 cui
2968 4383 3211 4439 Christus
3231 4384 3250 4415 ³
3279 4399 3537 4452 amorque

293 4481 394 4537 308
682 4471 1061 4542 Suspiciemus.
3159 4478 3464 4549 [timorque,

433 4569 572 4638 Quis
592 4567 680 4622 die
711 4564 865 4620 nobis
887 4561 1035 4617 dabit
1060 4559 1164 4613 hoc
1196 4556 1250 4611 in
1279 4555 1389 4619 illa,
1896 4556 1951 4615 1)
2109 4568 2227 4624 Non
2249 4568 2480 4637 gaudere
2498 4566 2695 4622 hodie?
2716 4576 2769 4622 et
2797 4582 3022 4623 vacuum
3042 4568 3063 4598 ⁸
3083 4567 3373 4637 procedere
3391 4570 3537 4624 voti?

439 4663 517 4718 Ut
543 4660 623 4715 tui
649 4667 848 4715 stemus
876 4654 1060 4709 lateris
1083 4650 1180 4706 80b
1206 4650 1415 4715 umbra,
2114 4657 2231 4725 Qua
2257 4659 2376 4728 quis
2396 4658 2565 4728 possit
2584 4673 2703 4727 ope,
2734 4658 2951 4727 ingenii,
2981 4658 3297 4726 linguaeque,
3322 4660 3534 4729 reique;

432 4756 508 4809 Et
535 4762 639 4807 tua:
674 4750 827 4805 nobis
848 4746 1107 4816 requietis
1135 4760 1265 4799 aura
2118 4750 2399 4806 Coelicolas
2426 4748 2641 4804 Christo
2667 4749 2879 4818 quando
2907 4748 3208 4816 adgaudere
3247 4748 3536 4815 ministros,

294 4848 400 4902 512
687 4841 975 4911 Temperet
1001 4839 1176 4905 ignem
1212 4837 1280 4889 e1'
1984 4838 2053 4892 15
2120 4841 2239 4912 Ipsa
2267 4843 2288 4872 ⁵
2316 4842 2477 4897 etiam
2506 4840 2641 4896 festo
2665 4839 2897 4910 produnt
2921 4840 3185 4895 elementa
3211 4838 3434 4895 colore?

367 5010 387 5029 ‘
419 5006 571 5060 Alias
588 5002 651 5055 21
676 5020 688 5053 :
717 4999 860 5071 quod
881 5007 1055 5053 autem
1078 4996 1145 5050 18
1166 5004 1301 5063 erat,
1330 5012 1470 5051 nunc
1496 4995 1576 5049 14.
1602 4996 1869 5066 Scriptum
2048 4997 2121 5071 (ρ)
2152 4998 2273 5071 Mss.
2304 4997 2484 5071 Germ.
2517 5005 2571 5050 et
2602 4982 2754 5071 Reg,
2784 4998 2961 5050 condis
2987 5037 2999 5050 .
3028 5036 3040 5049 .
3072 5036 3083 5048 .
3113 5037 3125 5049 .
3150 4996 3405 5071 _cumula_s.

296 5103 440 5143 anno
466 5084 594 5150 599,
622 5083 707 5137 die
735 5066 804 5135 14
826 5078 1042 5133 Januar.
1104 5096 1111 5103 η
1975 5066 2167 5125 melius
2190 5070 2280 5123 alii
2306 5069 2539 5130 codices,
2581 5068 2804 5121 condens
2830 5106 2843 5119 .
2866 5104 2883 5121 .
2905 5106 2919 5120 .
2946 5107 2959 5120 .
2991 5066 3279 5130 cumulans,
3327 5067 3538 5119 Audies.

262 5214 269 5250 ε
369 5190 394 5250 _-
428 5176 492 5250 id
516 5180 598 5250 est
623 5174 709 5243 qui
736 5174 911 5250 legant
937 5186 1118 5223 aurum
1155 5185 1219 5221 ea:
1246 5158 1405 5222 aenis.
2050 5159 2225 5250 (emta
2253 5174 2439 5250 omnes
2466 5157 2707 5250 eodifes,
2736 5165 2931 5250 μερίδι*
2955 5157 3243 5250 ΒοΞνἻΩίη
3274 5153 3544 5250 quo‘guo-

369 5248 397 5286 δ
430 5225 702 5301 Vide-not.
734 5225 855 5295 2g?"
1977 5225 2360 5304 qué.'Utraque
2388 5230 2549 5284 lectio
2577 5225 2901 5283 bonaIVide
2932 5241 3098 5282 carm.
3127 5226 3225 5291 16,
3256 5225 3310 5280 νζ
3345 5225 3466 5279 116.

372 5328 396 5394 ξ
430 5314 781 5394 μθιιῒιλοᾳιν,
960 5380 1021 5394 ν,
1042 5378 1057 5394 ,
1196 5386 1207 5394 Δ
1264 5377 1365 5394 -.Α
1985 5392 2006 5394 _
2045 5322 2122 5393 (ά)
2150 5322 2319 5394 Hosce
2338 5328 2568 5394 quatuor
2601 5333 2787 5394 versus
2827 5316 3122 5394 addidimus
3145 5331 3211 5371 ex
3231 5332 3329 5371 ms.
3360 5315 3540 5394 codice

369 5386 397 5426 δ
431 5383 671 5457 Licentia
699 5382 929 5457 poetica.
960 5378 1093 5435 Vide
1119 5386 1233 5433 not.
1264 5377 1385 5435 542.

1972 5377 2338 5457 Germanensi,
2356 5377 2460 5457 lqui
2490 5390 2707 5443 omnino
2734 5388 3019 5443 necessarii
3053 5395 3207 5443 erant
3230 5396 3287 5440 ut
3316 5377 3538 5457 perlice-

375 5467 401 5495 θ
435 5456 564 5508 Luc-
597 5451 716 5517 XVI;
747 5451 854 5525 Ἅι,
991 5519 1086 5525 ___
1972 5471 2123 5517 retur
2140 5451 2346 5518 sensus.
2378 5451 2583 5516 Desunt
2608 5459 2663 5512 in
2687 5459 2803 5513 aliis
2823 5458 3112 5523 codicibus,
3138 5466 3193 5512 et
3220 5458 3273 5510 in
3300 5451 3413 5525 ipso
3433 5469 3534 5508 ms.

378 5525 399 5564 τ
432 5525 569 5579 Vide
597 5537 762 5579 carm.
794 5520 883 5588 20,
909 5536 964 5575 v.
988 5519 1114 5573 270.

909 5536 964 5575 v.
988 5519 1114 5573 270.
1975 5531 2141 5601 Regio
2169 5533 2271 5586 800
2298 5547 2486 5586 annor.

373 5615 460 5693 (ρ)
491 5612 730 5693 ln_editis
757 5626 946 5693 versos.
987 5609 1103 5693 l‘ion
1138 5607 1360 5693 dubium
1389 5606 1516 5693 quin
1550 5605 1859 5693 juxtamss.
2048 5625 2116 5693 (ε)
2146 5623 2239 5679 Με,
2270 5622 2473 5689 δεδιυῖα,
2502 5638 2771 5678 memores.

296 5675 526 5765 codices
549 5682 813 5765 Germzyet.
829 5680 963 5765 Reg.
992 5678 1367 5765 legendrum'sit
1394 5675 1573 5765 Bessos
1591 5717 1604 5738 ,
1650 5675 1719 5756 de
1743 5676 1863 5765 qui-

429 5755 692 5836 superius.
717 5750 850 5806 Vide
874 5744 984 5807 not.
1008 5744 1131 5805 232.
1165 5744 1383 5813 Quidam
1411 5746 1639 5810 codices,
1664 5745 1865 5799 imitare

304 5844 361 5880 ιη
411 5840 545 5899 ριιδ.

521 5917 784 5978 Parnm“
832 5916 995 5978 LXI.
1540 5921 1549 5929 ⁸

3067 5890 3139 5950 16

2041 5707 2104 5773 (ι’)
2136 5703 2277 5757 idem
2306 5719 2405 5758 ms.
2437 5703 2605 5758 codex
2634 5703 2836 5765 Germ.,
2869 5699 2943 5753 Tu
2969 5706 3081 5768 pete
3107 5707 3163 5751 ut
3192 5699 3372 5751 simus.

2044 5782 2117 5854 (θ)
2146 5782 2243 5838 Ms.
2271 5782 2647 5839 Ger-manensis
2673 5782 2861 5845 codex,
2891 5787 3180 5846 patronum,
3244 5792 3351 5832 non
3374 5776 3533 5832 male.
