  <div class='ocr_page' id='page_1' title='image "/cluster/home/n/w/nwhite01/storage/ocr_20150623/61/hvd.32044054758685/251.png"; bbox 0 0 3994 6180; ppageno 0'>
   <div class='ocr_carea' id='block_1_1' title="bbox 470 271 562 326">
    <p class='ocr_par' dir='ltr' id='par_1_1' title="bbox 470 271 562 326">
     <span class='ocr_line' id='line_1_1' title="bbox 470 271 562 326; baseline 0.022 -1"><span class='ocrx_word' id='word_1_1' title='bbox 470 271 562 326; x_wconf 65' lang='grc'><strong>191</strong></span> 
     </span>
    </p>
   </div>
   <div class='ocr_carea' id='block_1_2' title="bbox 684 380 1889 451">
    <p class='ocr_par' dir='ltr' id='par_1_2' title="bbox 684 380 1889 451">
     <span class='ocr_line' id='line_1_2' title="bbox 684 380 1889 451; baseline -0.005 -10"><span class='ocrx_word' id='word_1_2' title='bbox 684 383 899 441; x_wconf 86' lang='lat' dir='ltr'><strong>Cernite</strong></span> <span class='ocrx_word' id='word_1_3' title='bbox 916 384 1158 439; x_wconf 73' lang='lat' dir='ltr'><strong>laztitiam</strong></span> <span class='ocrx_word' id='word_1_4' title='bbox 1187 380 1367 436; x_wconf 88' lang='lat' dir='ltr'><strong>mundi</strong></span> <span class='ocrx_word' id='word_1_5' title='bbox 1390 382 1443 436; x_wconf 91' lang='lat' dir='ltr'><strong>in</strong></span> <span class='ocrx_word' id='word_1_6' title='bbox 1470 381 1756 451; x_wconf 85' lang='lat' dir='ltr'><strong>splendore</strong></span> <span class='ocrx_word' id='word_1_7' title='bbox 1782 380 1889 437; x_wconf 89' lang='lat' dir='ltr'><strong>diei</strong></span> 
     </span>
    </p>
   </div>
   <div class='ocr_carea' id='block_1_3' title="bbox 615 472 1776 543">
    <p class='ocr_par' dir='ltr' id='par_1_3' title="bbox 615 472 1776 543">
     <span class='ocr_line' id='line_1_3' title="bbox 615 472 1776 543; baseline -0.003 -13"><span class='ocrx_word' id='word_1_8' title='bbox 615 474 839 530; x_wconf 87' lang='lat' dir='ltr'><strong>Elucere</strong></span> <span class='ocrx_word' id='word_1_9' title='bbox 864 474 1030 530; x_wconf 89' lang='lat' dir='ltr'><strong>sacris</strong></span> <span class='ocrx_word' id='word_1_10' title='bbox 1058 473 1349 543; x_wconf 81' lang='lat' dir='ltr'><strong>insignibus</strong></span> <span class='ocrx_word' id='word_1_11' title='bbox 1377 490 1392 539; x_wconf 90' lang='lat'><strong>;</strong></span> <span class='ocrx_word' id='word_1_12' title='bbox 1420 473 1599 527; x_wconf 85' lang='lat' dir='ltr'><strong>omnia</strong></span> <span class='ocrx_word' id='word_1_13' title='bbox 1623 472 1776 527; x_wconf 71' lang='lat' dir='ltr'><strong>laetus</strong></span> 
     </span>
    </p>
   </div>
   <div class='ocr_carea' id='block_1_4' title="bbox 608 561 1946 632">
    <p class='ocr_par' dir='ltr' id='par_1_4' title="bbox 608 561 1946 632">
     <span class='ocr_line' id='line_1_4' title="bbox 608 561 1946 632; baseline 0 -13"><span class='ocrx_word' id='word_1_14' title='bbox 608 564 819 620; x_wconf 82' lang='lat' dir='ltr'><strong>Candor</strong></span> <span class='ocrx_word' id='word_1_15' title='bbox 838 565 1017 632; x_wconf 82' lang='lat' dir='ltr'><strong>habet,</strong></span> <span class='ocrx_word' id='word_1_16' title='bbox 1047 563 1218 618; x_wconf 91' lang='lat' dir='ltr'><strong>siccus</strong></span> <span class='ocrx_word' id='word_1_17' title='bbox 1243 562 1440 618; x_wconf 87' lang='lat' dir='ltr'><strong>teneris</strong></span> <span class='ocrx_word' id='word_1_18' title='bbox 1465 577 1496 616; x_wconf 90' lang='lat' dir='ltr'><strong>a</strong></span> <span class='ocrx_word' id='word_1_19' title='bbox 1524 563 1751 618; x_wconf 86' lang='lat' dir='ltr'><strong>nubibus</strong></span> <span class='ocrx_word' id='word_1_20' title='bbox 1776 561 1946 619; x_wconf 87' lang='lat' dir='ltr'><strong>imber</strong></span> 
     </span>
    </p>
   </div>
   <div class='ocr_carea' id='block_1_5' title="bbox 514 653 1789 723">
    <p class='ocr_par' dir='ltr' id='par_1_5' title="bbox 514 653 1789 723">
     <span class='ocr_line' id='line_1_5' title="bbox 514 653 1789 723; baseline -0.004 -11"><span class='ocrx_word' id='word_1_21' title='bbox 514 660 515 663; x_wconf 66' lang='grc'><em>“</em></span> <span class='ocrx_word' id='word_1_22' title='bbox 612 655 853 723; x_wconf 91' lang='lat' dir='ltr'><strong>Ponitur,</strong></span> <span class='ocrx_word' id='word_1_23' title='bbox 881 663 937 710; x_wconf 92' lang='lat' dir='ltr'><strong>et</strong></span> <span class='ocrx_word' id='word_1_24' title='bbox 964 655 1120 710; x_wconf 91' lang='lat' dir='ltr'><strong>niveo</strong></span> <span class='ocrx_word' id='word_1_25' title='bbox 1159 653 1316 708; x_wconf 88' lang='lat' dir='ltr'><strong>tellus</strong></span> <span class='ocrx_word' id='word_1_26' title='bbox 1336 653 1545 709; x_wconf 82' lang='lat' dir='ltr'><strong>velatur</strong></span> <span class='ocrx_word' id='word_1_27' title='bbox 1572 653 1789 708; x_wconf 90' lang='lat' dir='ltr'><strong>amictu.</strong></span> 
     </span>
    </p>
   </div>
   <div class='ocr_carea' id='block_1_6' title="bbox 470 741 2029 814">
    <p class='ocr_par' dir='ltr' id='par_1_6' title="bbox 470 741 2029 814">
     <span class='ocr_line' id='line_1_6' title="bbox 470 741 2029 814; baseline -0.004 -11"><span class='ocrx_word' id='word_1_28' title='bbox 470 748 539 803; x_wconf 74' lang='lat'><strong>9.0</strong></span> <span class='ocrx_word' id='word_1_29' title='bbox 608 746 736 814; x_wconf 78' lang='lat' dir='ltr'><strong>Quae</strong></span> <span class='ocrx_word' id='word_1_30' title='bbox 762 746 884 802; x_wconf 87' lang='lat' dir='ltr'><strong>nive</strong></span> <span class='ocrx_word' id='word_1_31' title='bbox 912 752 1052 801; x_wconf 85' lang='lat' dir='ltr'><strong>tecta</strong></span> <span class='ocrx_word' id='word_1_32' title='bbox 1069 785 1086 811; x_wconf 95' lang='lat'><strong>,</strong></span> <span class='ocrx_word' id='word_1_33' title='bbox 1116 743 1290 799; x_wconf 91' lang='lat' dir='ltr'><strong>solum</strong></span> <span class='ocrx_word' id='word_1_34' title='bbox 1310 743 1466 812; x_wconf 87' lang='lat' dir='ltr'><strong>nive,</strong></span> <span class='ocrx_word' id='word_1_35' title='bbox 1495 742 1660 809; x_wconf 61' lang='lat' dir='ltr'><strong>silvae,</strong></span> <span class='ocrx_word' id='word_1_36' title='bbox 1695 751 1751 798; x_wconf 89' lang='lat' dir='ltr'><strong>et</strong></span> <span class='ocrx_word' id='word_1_37' title='bbox 1778 741 2029 809; x_wconf 90' lang='lat' dir='ltr'><strong>culmina,</strong></span> 
     </span>
    </p>
   </div>
   <div class='ocr_carea' id='block_1_7' title="bbox 1745 834 1962 909">
    <p class='ocr_par' dir='ltr' id='par_1_7' title="bbox 1745 834 1962 909">
     <span class='ocr_line' id='line_1_7' title="bbox 1745 834 1962 909; baseline -0.023 -18"><span class='ocrx_word' id='word_1_38' title='bbox 1745 834 1931 909; x_wconf 81' lang='lat' dir='ltr'><strong>[colles</strong></span> <span class='ocrx_word' id='word_1_39' title='bbox 1948 851 1962 886; x_wconf 89' lang='lat'><strong>:</strong></span> 
     </span>
    </p>
   </div>
   <div class='ocr_carea' id='block_1_8' title="bbox 612 927 1965 994">
    <p class='ocr_par' dir='ltr' id='par_1_8' title="bbox 612 927 1965 994">
     <span class='ocr_line' id='line_1_8' title="bbox 612 927 1965 994; baseline -0.001 -9"><span class='ocrx_word' id='word_1_40' title='bbox 612 931 816 986; x_wconf 82' lang='lat' dir='ltr'><strong>Cuncta</strong></span> <span class='ocrx_word' id='word_1_41' title='bbox 841 929 985 985; x_wconf 87' lang='lat' dir='ltr'><strong>senis</strong></span> <span class='ocrx_word' id='word_1_42' title='bbox 1012 928 1183 983; x_wconf 77' lang='lat' dir='ltr'><strong>sancti</strong></span> <span class='ocrx_word' id='word_1_43' title='bbox 1211 942 1377 984; x_wconf 90' lang='lat' dir='ltr'><strong>canos</strong></span> <span class='ocrx_word' id='word_1_44' title='bbox 1404 934 1668 983; x_wconf 83' lang='lat' dir='ltr'><strong>testantur</strong></span> <span class='ocrx_word' id='word_1_45' title='bbox 1694 927 1965 994; x_wconf 86' lang='lat' dir='ltr'><strong>honores;</strong></span> 
     </span>
    </p>
   </div>
   <div class='ocr_carea' id='block_1_9' title="bbox 612 1016 1852 1090">
    <p class='ocr_par' dir='ltr' id='par_1_9' title="bbox 612 1016 1852 1090">
     <span class='ocr_line' id='line_1_9' title="bbox 612 1016 1852 1090; baseline -0.002 -15"><span class='ocrx_word' id='word_1_46' title='bbox 612 1020 975 1090; x_wconf 81' lang='lat' dir='ltr'><strong>Angelicaque</strong></span> <span class='ocrx_word' id='word_1_47' title='bbox 1000 1018 1194 1073; x_wconf 86' lang='lat' dir='ltr'><strong>docent</strong></span> <span class='ocrx_word' id='word_1_48' title='bbox 1221 1025 1278 1072; x_wconf 91' lang='lat' dir='ltr'><strong>et</strong></span> <span class='ocrx_word' id='word_1_49' title='bbox 1302 1016 1421 1073; x_wconf 92' lang='lat' dir='ltr'><strong>luce</strong></span> <span class='ocrx_word' id='word_1_50' title='bbox 1447 1025 1503 1073; x_wconf 91' lang='lat' dir='ltr'><strong>et</strong></span> <span class='ocrx_word' id='word_1_51' title='bbox 1530 1032 1663 1088; x_wconf 87' lang='lat' dir='ltr'><strong>pace</strong></span> <span class='ocrx_word' id='word_1_52' title='bbox 1689 1017 1852 1088; x_wconf 89' lang='lat' dir='ltr'><strong>potiri</strong></span> 
     </span>
    </p>
   </div>
   <div class='ocr_carea' id='block_1_10' title="bbox 610 1107 1894 1180">
    <p class='ocr_par' dir='ltr' id='par_1_10' title="bbox 610 1107 1894 1180">
     <span class='ocr_line' id='line_1_10' title="bbox 610 1107 1894 1180; baseline -0.001 -17"><span class='ocrx_word' id='word_1_53' title='bbox 610 1110 844 1165; x_wconf 86' lang='lat' dir='ltr'><strong>Felicem</strong></span> <span class='ocrx_word' id='word_1_54' title='bbox 864 1107 1073 1180; x_wconf 89' lang='lat' dir='ltr'><strong>placida</strong></span> <span class='ocrx_word' id='word_1_55' title='bbox 1100 1108 1303 1163; x_wconf 89' lang='lat' dir='ltr'><strong>clarum</strong></span> <span class='ocrx_word' id='word_1_56' title='bbox 1332 1108 1385 1163; x_wconf 91' lang='lat' dir='ltr'><strong>in</strong></span> <span class='ocrx_word' id='word_1_57' title='bbox 1414 1108 1633 1178; x_wconf 78' lang='lat' dir='ltr'><strong>regione</strong></span> <span class='ocrx_word' id='word_1_58' title='bbox 1660 1108 1894 1178; x_wconf 89' lang='lat' dir='ltr'><strong>piorum,</strong></span> 
     </span>
    </p>
   </div>
   <div class='ocr_carea' id='block_1_11' title="bbox 608 1200 1824 1272">
    <p class='ocr_par' dir='ltr' id='par_1_11' title="bbox 608 1200 1824 1272">
     <span class='ocr_line' id='line_1_11' title="bbox 608 1200 1824 1272; baseline -0.002 -14"><span class='ocrx_word' id='word_1_59' title='bbox 608 1204 801 1259; x_wconf 84' lang='lat' dir='ltr'><strong>Lactea</strong></span> <span class='ocrx_word' id='word_1_60' title='bbox 829 1218 947 1272; x_wconf 76' lang='lat' dir='ltr'><strong>qua:</strong></span> <span class='ocrx_word' id='word_1_61' title='bbox 975 1202 1135 1257; x_wconf 86' lang='lat' dir='ltr'><strong>tacito</strong></span> <span class='ocrx_word' id='word_1_62' title='bbox 1163 1203 1413 1259; x_wconf 88' lang='lat' dir='ltr'><strong>labuntur</strong></span> <span class='ocrx_word' id='word_1_63' title='bbox 1442 1200 1639 1257; x_wconf 85' lang='lat' dir='ltr'><strong>vellera</strong></span> <span class='ocrx_word' id='word_1_64' title='bbox 1666 1200 1824 1256; x_wconf 68' lang='lat' dir='ltr'><strong>caelo.</strong></span> 
     </span>
    </p>
   </div>
   <div class='ocr_carea' id='block_1_12' title="bbox 681 1290 2037 1360">
    <p class='ocr_par' dir='ltr' id='par_1_12' title="bbox 681 1290 2037 1360">
     <span class='ocr_line' id='line_1_12' title="bbox 681 1290 2037 1360; baseline -0.002 -11"><span class='ocrx_word' id='word_1_65' title='bbox 681 1293 892 1349; x_wconf 86' lang='lat' dir='ltr'><strong>Christe</strong></span> <span class='ocrx_word' id='word_1_66' title='bbox 913 1332 931 1358; x_wconf 89' lang='lat'><strong>,</strong></span> <span class='ocrx_word' id='word_1_67' title='bbox 976 1292 1119 1350; x_wconf 88' lang='lat' dir='ltr'><strong>Deus</strong></span> <span class='ocrx_word' id='word_1_68' title='bbox 1144 1292 1336 1350; x_wconf 87' lang='lat' dir='ltr'><strong>Felicis</strong></span> <span class='ocrx_word' id='word_1_69' title='bbox 1356 1333 1373 1360; x_wconf 94' lang='lat'><strong>,</strong></span> <span class='ocrx_word' id='word_1_70' title='bbox 1401 1293 1575 1359; x_wconf 84' lang='lat' dir='ltr'><strong>ades;</strong></span> <span class='ocrx_word' id='word_1_71' title='bbox 1616 1292 1684 1348; x_wconf 88' lang='lat' dir='ltr'><strong>da</strong></span> <span class='ocrx_word' id='word_1_72' title='bbox 1727 1306 1868 1348; x_wconf 91' lang='lat' dir='ltr'><strong>nunc</strong></span> <span class='ocrx_word' id='word_1_73' title='bbox 1907 1290 2037 1346; x_wconf 88' lang='lat' dir='ltr'><strong>mihi</strong></span> 
     </span>
    </p>
   </div>
   <div class='ocr_carea' id='block_1_13' title="bbox 1722 1384 1968 1457">
    <p class='ocr_par' dir='ltr' id='par_1_13' title="bbox 1722 1384 1968 1457">
     <span class='ocr_line' id='line_1_13' title="bbox 1722 1384 1968 1457; baseline 0 -19"><span class='ocrx_word' id='word_1_74' title='bbox 1722 1384 1968 1457; x_wconf 83' lang='lat' dir='ltr'><strong>[verbum</strong></span> 
     </span>
    </p>
   </div>
   <div class='ocr_carea' id='block_1_14' title="bbox 616 1472 2034 1547">
    <p class='ocr_par' dir='ltr' id='par_1_14' title="bbox 616 1472 2034 1547">
     <span class='ocr_line' id='line_1_14' title="bbox 616 1472 2034 1547; baseline 0 -18"><span class='ocrx_word' id='word_1_75' title='bbox 616 1473 805 1530; x_wconf 87' lang='lat' dir='ltr'><strong>Sermo</strong></span> <span class='ocrx_word' id='word_1_76' title='bbox 831 1473 998 1543; x_wconf 87' lang='lat' dir='ltr'><strong>Deus,</strong></span> <span class='ocrx_word' id='word_1_77' title='bbox 1021 1474 1088 1531; x_wconf 90' lang='lat' dir='ltr'><strong>da</strong></span> <span class='ocrx_word' id='word_1_78' title='bbox 1114 1474 1470 1547; x_wconf 90' lang='lat' dir='ltr'><strong>perspicuam,</strong></span> <span class='ocrx_word' id='word_1_79' title='bbox 1482 1472 1771 1544; x_wconf 86' lang='lat' dir='ltr'><strong>Sapientia,</strong></span> <span class='ocrx_word' id='word_1_80' title='bbox 1781 1482 2034 1529; x_wconf 89' lang='lat' dir='ltr'><strong>mentem.</strong></span> 
     </span>
    </p>
   </div>
   <div class='ocr_carea' id='block_1_15' title="bbox 617 1565 1952 1640">
    <p class='ocr_par' dir='ltr' id='par_1_15' title="bbox 617 1565 1952 1640">
     <span class='ocr_line' id='line_1_15' title="bbox 617 1565 1952 1640; baseline 0 -18"><span class='ocrx_word' id='word_1_81' title='bbox 617 1566 734 1622; x_wconf 86' lang='lat' dir='ltr'><strong>Non</strong></span> <span class='ocrx_word' id='word_1_82' title='bbox 764 1569 882 1638; x_wconf 88' lang='lat' dir='ltr'><strong>opis</strong></span> <span class='ocrx_word' id='word_1_83' title='bbox 906 1569 1150 1623; x_wconf 73' lang='lat' dir='ltr'><strong>humana:</strong></span> <span class='ocrx_word' id='word_1_84' title='bbox 1178 1567 1252 1640; x_wconf 84' lang='grc' dir='ltr'><strong>(α)</strong></span> <span class='ocrx_word' id='word_1_85' title='bbox 1282 1567 1527 1623; x_wconf 82' lang='lat' dir='ltr'><strong>facundia</strong></span> <span class='ocrx_word' id='word_1_86' title='bbox 1562 1566 1741 1623; x_wconf 87' lang='lat' dir='ltr'><strong>dicere</strong></span> <span class='ocrx_word' id='word_1_87' title='bbox 1769 1565 1952 1622; x_wconf 87' lang='lat' dir='ltr'><strong>laudes</strong></span> 
     </span>
    </p>
   </div>
   <div class='ocr_carea' id='block_1_16' title="bbox 617 1654 2032 1727">
    <p class='ocr_par' dir='ltr' id='par_1_16' title="bbox 617 1654 2032 1727">
     <span class='ocr_line' id='line_1_16' title="bbox 617 1654 2032 1727; baseline 0.001 -18"><span class='ocrx_word' id='word_1_88' title='bbox 617 1655 782 1712; x_wconf 88' lang='lat' dir='ltr'><strong>Posse</strong></span> <span class='ocrx_word' id='word_1_89' title='bbox 806 1665 961 1713; x_wconf 90' lang='lat' dir='ltr'><strong>tuas:</strong></span> <span class='ocrx_word' id='word_1_90' title='bbox 994 1665 1084 1712; x_wconf 88' lang='lat' dir='ltr'><strong>tua</strong></span> <span class='ocrx_word' id='word_1_91' title='bbox 1109 1672 1339 1727; x_wconf 90' lang='lat' dir='ltr'><strong>namque</strong></span> <span class='ocrx_word' id='word_1_92' title='bbox 1364 1656 1443 1711; x_wconf 91' lang='lat' dir='ltr'><strong>tui</strong></span> <span class='ocrx_word' id='word_1_93' title='bbox 1471 1665 1598 1710; x_wconf 88' lang='lat' dir='ltr'><strong>sunt</strong></span> <span class='ocrx_word' id='word_1_94' title='bbox 1624 1655 1815 1726; x_wconf 90' lang='lat' dir='ltr'><strong>gaudia</strong></span> <span class='ocrx_word' id='word_1_95' title='bbox 1843 1654 2032 1712; x_wconf 87' lang='lat' dir='ltr'><strong>sancti.</strong></span> 
     </span>
    </p>
   </div>
   <div class='ocr_carea' id='block_1_17' title="bbox 688 1747 1885 1820">
    <p class='ocr_par' dir='ltr' id='par_1_17' title="bbox 688 1747 1885 1820">
     <span class='ocr_line' id='line_1_17' title="bbox 688 1747 1885 1820; baseline 0.002 -17"><span class='ocrx_word' id='word_1_96' title='bbox 688 1747 852 1816; x_wconf 87' lang='lat' dir='ltr'><strong>Cedo,</strong></span> <span class='ocrx_word' id='word_1_97' title='bbox 879 1749 967 1803; x_wconf 89' lang='lat' dir='ltr'><strong>alii</strong></span> <span class='ocrx_word' id='word_1_98' title='bbox 994 1750 1227 1820; x_wconf 88' lang='lat' dir='ltr'><strong>pretiosa</strong></span> <span class='ocrx_word' id='word_1_99' title='bbox 1250 1749 1427 1805; x_wconf 87' lang='lat' dir='ltr'><strong>ferant</strong></span> <span class='ocrx_word' id='word_1_100' title='bbox 1451 1748 1670 1804; x_wconf 89' lang='lat' dir='ltr'><strong>donaria</strong></span> <span class='ocrx_word' id='word_1_101' title='bbox 1691 1763 1885 1820; x_wconf 89' lang='lat' dir='ltr'><strong>meque</strong></span> 
     </span>
    </p>
   </div>
   <div class='ocr_carea' id='block_1_18' title="bbox 481 1840 1905 1912">
    <p class='ocr_par' dir='ltr' id='par_1_18' title="bbox 481 1840 1905 1912">
     <span class='ocr_line' id='line_1_18' title="bbox 481 1840 1905 1912; baseline -0.001 -14"><span class='ocrx_word' id='word_1_102' title='bbox 481 1842 548 1898; x_wconf 79' lang='lat'><strong>&#39;50</strong></span> <span class='ocrx_word' id='word_1_103' title='bbox 617 1840 787 1897; x_wconf 81' lang='lat' dir='ltr'><strong>Officii</strong></span> <span class='ocrx_word' id='word_1_104' title='bbox 814 1850 992 1897; x_wconf 89' lang='lat' dir='ltr'><strong>sumtu</strong></span> <span class='ocrx_word' id='word_1_105' title='bbox 1022 1850 1304 1912; x_wconf 75' lang='lat' dir='ltr'><strong>superent,</strong></span> <span class='ocrx_word' id='word_1_106' title='bbox 1334 1840 1426 1911; x_wconf 90' lang='lat' dir='ltr'><strong>qui</strong></span> <span class='ocrx_word' id='word_1_107' title='bbox 1453 1841 1636 1912; x_wconf 87' lang='lat' dir='ltr'><strong>pulcra</strong></span> <span class='ocrx_word' id='word_1_108' title='bbox 1664 1841 1905 1911; x_wconf 84' lang='lat' dir='ltr'><strong>tegendis</strong></span> 
     </span>
    </p>
   </div>
   <div class='ocr_carea' id='block_1_19' title="bbox 622 1934 2042 2007">
    <p class='ocr_par' dir='ltr' id='par_1_19' title="bbox 622 1934 2042 2007">
     <span class='ocr_line' id='line_1_19' title="bbox 622 1934 2042 2007; baseline 0.002 -19"><span class='ocrx_word' id='word_1_109' title='bbox 622 1934 752 1989; x_wconf 85' lang='lat' dir='ltr'><strong>Vela</strong></span> <span class='ocrx_word' id='word_1_110' title='bbox 780 1935 953 1990; x_wconf 87' lang='lat' dir='ltr'><strong>ferant</strong></span> <span class='ocrx_word' id='word_1_111' title='bbox 982 1944 1009 1972; x_wconf 74' lang='grc' dir='ltr'><strong>σι</strong></span> <span class='ocrx_word' id='word_1_112' title='bbox 1039 1935 1244 1992; x_wconf 80' lang='lat' dir='ltr'><strong>toribus</strong></span> <span class='ocrx_word' id='word_1_113' title='bbox 1265 1976 1282 2002; x_wconf 93' lang='lat'><strong>,</strong></span> <span class='ocrx_word' id='word_1_114' title='bbox 1330 1949 1423 1991; x_wconf 91' lang='lat' dir='ltr'><strong>seu</strong></span> <span class='ocrx_word' id='word_1_115' title='bbox 1452 1949 1588 2007; x_wconf 88' lang='lat' dir='ltr'><strong>puro</strong></span> <span class='ocrx_word' id='word_1_116' title='bbox 1615 1934 1890 2005; x_wconf 86' lang='lat' dir='ltr'><strong>splendida</strong></span> <span class='ocrx_word' id='word_1_117' title='bbox 1912 1934 2042 2003; x_wconf 88' lang='lat' dir='ltr'><strong>Iino,</strong></span> 
     </span>
    </p>
   </div>
   <div class='ocr_carea' id='block_1_20' title="bbox 622 2021 1690 2095">
    <p class='ocr_par' dir='ltr' id='par_1_20' title="bbox 622 2021 1690 2095">
     <span class='ocr_line' id='line_1_20' title="bbox 622 2021 1690 2095; baseline 0.001 -17"><span class='ocrx_word' id='word_1_118' title='bbox 622 2021 748 2079; x_wconf 90' lang='lat' dir='ltr'><strong>Sive</strong></span> <span class='ocrx_word' id='word_1_119' title='bbox 774 2024 1026 2079; x_wconf 84' lang='lat' dir='ltr'><strong>coloratis</strong></span> <span class='ocrx_word' id='word_1_120' title='bbox 1053 2032 1260 2081; x_wconf 84' lang='lat' dir='ltr'><strong>textum</strong></span> <span class='ocrx_word' id='word_1_121' title='bbox 1288 2024 1464 2081; x_wconf 81' lang='lat' dir='ltr'><strong>fucata</strong></span> <span class='ocrx_word' id='word_1_122' title='bbox 1489 2023 1690 2095; x_wconf 80' lang='lat' dir='ltr'><strong>figuris.</strong></span> 
     </span>
    </p>
   </div>
   <div class='ocr_carea' id='block_1_21' title="bbox 621 2113 2049 2189">
    <p class='ocr_par' dir='ltr' id='par_1_21' title="bbox 621 2113 2049 2189">
     <span class='ocr_line' id='line_1_21' title="bbox 621 2113 2049 2189; baseline 0.001 -19"><span class='ocrx_word' id='word_1_123' title='bbox 621 2113 968 2186; x_wconf 69' lang='grc'><strong>427-428</strong></span> <span class='ocrx_word' id='word_1_124' title='bbox 994 2114 1061 2170; x_wconf 83' lang='lat' dir='ltr'><strong>lli</strong></span> <span class='ocrx_word' id='word_1_125' title='bbox 1109 2115 1268 2171; x_wconf 79' lang='lat' dir='ltr'><strong>laeves</strong></span> <span class='ocrx_word' id='word_1_126' title='bbox 1305 2115 1489 2172; x_wconf 84' lang='lat' dir='ltr'><strong>titulos</strong></span> <span class='ocrx_word' id='word_1_127' title='bbox 1515 2115 1663 2172; x_wconf 85' lang='lat' dir='ltr'><strong>lento</strong></span> <span class='ocrx_word' id='word_1_128' title='bbox 1694 2116 1897 2189; x_wconf 86' lang='lat' dir='ltr'><strong>poliant</strong></span> <span class='ocrx_word' id='word_1_129' title='bbox 1916 2117 1937 2148; x_wconf 79' lang='grc'>⁸</span> <span class='ocrx_word' id='word_1_130' title='bbox 1962 2130 2049 2172; x_wconf 87' lang='lat' dir='ltr'><strong>ar-</strong></span> 
     </span>
    </p>
   </div>
   <div class='ocr_carea' id='block_1_22' title="bbox 1238 2208 1975 2284">
    <p class='ocr_par' dir='ltr' id='par_1_22' title="bbox 1238 2208 1975 2284">
     <span class='ocr_line' id='line_1_22' title="bbox 1238 2208 1975 2284; baseline 0.012 -28"><span class='ocrx_word' id='word_1_131' title='bbox 1238 2273 1254 2284; x_wconf 47' lang='lat'><strong>.</strong></span> <span class='ocrx_word' id='word_1_132' title='bbox 1771 2208 1975 2281; x_wconf 85' lang='lat' dir='ltr'><strong>[gento,</strong></span> 
     </span>
    </p>
   </div>
   <div class='ocr_carea' id='block_1_23' title="bbox 624 2291 1972 2365">
    <p class='ocr_par' dir='ltr' id='par_1_23' title="bbox 624 2291 1972 2365">
     <span class='ocr_line' id='line_1_23' title="bbox 624 2291 1972 2365; baseline 0.004 -18"><span class='ocrx_word' id='word_1_133' title='bbox 624 2291 925 2363; x_wconf 86' lang='lat' dir='ltr'><strong>Sanctaque</strong></span> <span class='ocrx_word' id='word_1_134' title='bbox 950 2292 1181 2365; x_wconf 73' lang='lat' dir='ltr'><strong>praeﬁxis</strong></span> <span class='ocrx_word' id='word_1_135' title='bbox 1209 2297 1229 2329; x_wconf 85' lang='grc'><strong>⁷</strong></span> <span class='ocrx_word' id='word_1_136' title='bbox 1258 2296 1527 2353; x_wconf 89' lang='lat' dir='ltr'><strong>obducant</strong></span> <span class='ocrx_word' id='word_1_137' title='bbox 1552 2297 1734 2353; x_wconf 90' lang='lat' dir='ltr'><strong>limina</strong></span> <span class='ocrx_word' id='word_1_138' title='bbox 1763 2298 1972 2355; x_wconf 87' lang='lat' dir='ltr'><strong>lamnis.</strong></span> 
     </span>
    </p>
   </div>
   <div class='ocr_carea' id='block_1_24' title="bbox 630 2382 1817 2457">
    <p class='ocr_par' dir='ltr' id='par_1_24' title="bbox 630 2382 1817 2457">
     <span class='ocr_line' id='line_1_24' title="bbox 630 2382 1817 2457; baseline 0.006 -20"><span class='ocrx_word' id='word_1_139' title='bbox 630 2382 724 2437; x_wconf 81' lang='lat' dir='ltr'><strong>Ast</strong></span> <span class='ocrx_word' id='word_1_140' title='bbox 750 2384 838 2438; x_wconf 87' lang='lat' dir='ltr'><strong>alii</strong></span> <span class='ocrx_word' id='word_1_141' title='bbox 864 2385 1022 2455; x_wconf 87' lang='lat' dir='ltr'><strong>pictis</strong></span> <span class='ocrx_word' id='word_1_142' title='bbox 1049 2385 1343 2442; x_wconf 88' lang='lat' dir='ltr'><strong>accendant</strong></span> <span class='ocrx_word' id='word_1_143' title='bbox 1371 2386 1571 2443; x_wconf 89' lang='lat' dir='ltr'><strong>lumina</strong></span> <span class='ocrx_word' id='word_1_144' title='bbox 1602 2387 1740 2444; x_wconf 87' lang='lat' dir='ltr'><strong>ceris</strong></span> <span class='ocrx_word' id='word_1_145' title='bbox 1768 2386 1817 2457; x_wconf 75' lang='grc' dir='ltr'><strong>ι),</strong></span> 
     </span>
    </p>
   </div>
   <div class='ocr_carea' id='block_1_25' title="bbox 621 2471 2044 2549">
    <p class='ocr_par' dir='ltr' id='par_1_25' title="bbox 621 2471 2044 2549">
     <span class='ocr_line' id='line_1_25' title="bbox 621 2471 2044 2549; baseline 0.007 -25"><span class='ocrx_word' id='word_1_146' title='bbox 621 2471 1023 2542; x_wconf 83' lang='lat' dir='ltr'><strong>Multiforesque</strong></span> <span class='ocrx_word' id='word_1_147' title='bbox 1048 2474 1193 2529; x_wconf 87' lang='lat' dir='ltr'><strong>cavis</strong></span> <span class='ocrx_word' id='word_1_148' title='bbox 1219 2474 1442 2545; x_wconf 85' lang='lat' dir='ltr'><strong>lychnos</strong></span> <span class='ocrx_word' id='word_1_149' title='bbox 1468 2474 1807 2545; x_wconf 82' lang='lat' dir='ltr'><strong>laquearibus</strong></span> <span class='ocrx_word' id='word_1_150' title='bbox 1835 2486 2044 2549; x_wconf 90' lang='lat' dir='ltr'><strong>aptent,</strong></span> 
     </span>
    </p>
   </div>
   <div class='ocr_carea' id='block_1_26' title="bbox 625 2561 1972 2637">
    <p class='ocr_par' dir='ltr' id='par_1_26' title="bbox 625 2561 1972 2637">
     <span class='ocr_line' id='line_1_26' title="bbox 625 2561 1972 2637; baseline 0.007 -21"><span class='ocrx_word' id='word_1_151' title='bbox 625 2561 695 2616; x_wconf 91' lang='lat' dir='ltr'><strong>Ut</strong></span> <span class='ocrx_word' id='word_1_152' title='bbox 714 2561 923 2616; x_wconf 85' lang='lat' dir='ltr'><strong>vibrent</strong></span> <span class='ocrx_word' id='word_1_153' title='bbox 944 2563 1198 2618; x_wconf 88' lang='lat' dir='ltr'><strong>tremulas</strong></span> <span class='ocrx_word' id='word_1_154' title='bbox 1226 2564 1424 2619; x_wconf 85' lang='lat' dir='ltr'><strong>funalia</strong></span> <span class='ocrx_word' id='word_1_155' title='bbox 1455 2564 1685 2637; x_wconf 87' lang='lat' dir='ltr'><strong>pendula</strong></span> <span class='ocrx_word' id='word_1_156' title='bbox 1712 2565 1972 2625; x_wconf 82' lang='lat' dir='ltr'><strong>flammas.</strong></span> 
     </span>
    </p>
   </div>
   <div class='ocr_carea' id='block_1_27' title="bbox 628 2651 2048 2727">
    <p class='ocr_par' dir='ltr' id='par_1_27' title="bbox 628 2651 2048 2727">
     <span class='ocr_line' id='line_1_27' title="bbox 628 2651 2048 2727; baseline 0.007 -22"><span class='ocrx_word' id='word_1_157' title='bbox 628 2652 872 2723; x_wconf 81' lang='lat' dir='ltr'><strong>Martyris</strong></span> <span class='ocrx_word' id='word_1_158' title='bbox 894 2651 950 2707; x_wconf 88' lang='lat' dir='ltr'><strong>hi</strong></span> <span class='ocrx_word' id='word_1_159' title='bbox 974 2652 1233 2707; x_wconf 90' lang='lat' dir='ltr'><strong>tumulum</strong></span> <span class='ocrx_word' id='word_1_160' title='bbox 1257 2654 1507 2710; x_wconf 87' lang='lat' dir='ltr'><strong>studeant</strong></span> <span class='ocrx_word' id='word_1_161' title='bbox 1525 2656 1841 2727; x_wconf 88' lang='lat' dir='ltr'><strong>perfundere</strong></span> <span class='ocrx_word' id='word_1_162' title='bbox 1860 2658 2048 2726; x_wconf 87' lang='lat' dir='ltr'><strong>nardo,</strong></span> 
     </span>
    </p>
   </div>
   <div class='ocr_carea' id='block_1_28' title="bbox 628 2742 1978 2822">
    <p class='ocr_par' dir='ltr' id='par_1_28' title="bbox 628 2742 1978 2822">
     <span class='ocr_line' id='line_1_28' title="bbox 628 2742 1978 2822; baseline 0.005 -24"><span class='ocrx_word' id='word_1_163' title='bbox 628 2743 697 2798; x_wconf 86' lang='lat' dir='ltr'><strong>Et</strong></span> <span class='ocrx_word' id='word_1_164' title='bbox 719 2743 977 2800; x_wconf 89' lang='lat' dir='ltr'><strong>medicata</strong></span> <span class='ocrx_word' id='word_1_165' title='bbox 1000 2746 1021 2777; x_wconf 73' lang='lat'><strong>&quot;</strong></span> <span class='ocrx_word' id='word_1_166' title='bbox 1050 2742 1140 2816; x_wconf 88' lang='lat' dir='ltr'><strong>pio</strong></span> <span class='ocrx_word' id='word_1_167' title='bbox 1168 2744 1401 2801; x_wconf 83' lang='lat' dir='ltr'><strong>referant</strong></span> <span class='ocrx_word' id='word_1_168' title='bbox 1420 2758 1689 2818; x_wconf 85' lang='lat' dir='ltr'><strong>unguenta</strong></span> <span class='ocrx_word' id='word_1_169' title='bbox 1715 2750 1978 2822; x_wconf 91' lang='lat' dir='ltr'><strong>sepulcro.</strong></span> 
     </span>
    </p>
   </div>
   <div class='ocr_carea' id='block_1_29' title="bbox 629 2834 2051 2914">
    <p class='ocr_par' dir='ltr' id='par_1_29' title="bbox 629 2834 2051 2914">
     <span class='ocr_line' id='line_1_29' title="bbox 629 2834 2051 2914; baseline 0.006 -24"><span class='ocrx_word' id='word_1_170' title='bbox 629 2834 781 2891; x_wconf 86' lang='lat' dir='ltr'><strong>Cedo</strong></span> <span class='ocrx_word' id='word_1_171' title='bbox 818 2835 1066 2907; x_wconf 86' lang='lat' dir='ltr'><strong>equidem</strong></span> <span class='ocrx_word' id='word_1_172' title='bbox 1095 2846 1150 2893; x_wconf 89' lang='lat' dir='ltr'><strong>et</strong></span> <span class='ocrx_word' id='word_1_173' title='bbox 1198 2835 1269 2910; x_wconf 86' lang='lat' dir='ltr'><strong>(b)</strong></span> <span class='ocrx_word' id='word_1_174' title='bbox 1313 2853 1485 2897; x_wconf 90' lang='lat' dir='ltr'><strong>vacuo</strong></span> <span class='ocrx_word' id='word_1_175' title='bbox 1530 2841 1711 2899; x_wconf 84' lang='lat' dir='ltr'><strong>multis</strong></span> <span class='ocrx_word' id='word_1_176' title='bbox 1753 2842 2051 2914; x_wconf 89' lang='lat' dir='ltr'><strong>potioribus</strong></span> 
     </span>
    </p>
   </div>
   <div class='ocr_carea' id='block_1_30' title="bbox 1607 2932 1981 3006">
    <p class='ocr_par' dir='ltr' id='par_1_30' title="bbox 1607 2932 1981 3006">
     <span class='ocr_line' id='line_1_30' title="bbox 1607 2932 1981 3006; baseline -0.005 -2"><span class='ocrx_word' id='word_1_177' title='bbox 1607 2935 1624 2952; x_wconf 84' lang='lat'><strong><em>°</em></strong></span> <span class='ocrx_word' id='word_1_178' title='bbox 1806 2932 1981 3006; x_wconf 68' lang='lat' dir='ltr'><strong>lauro.</strong></span> 
     </span>
    </p>
   </div>
   <div class='ocr_carea' id='block_1_31' title="bbox 626 3017 2046 3097">
    <p class='ocr_par' dir='ltr' id='par_1_31' title="bbox 626 3017 2046 3097">
     <span class='ocr_line' id='line_1_31' title="bbox 626 3017 2046 3097; baseline 0.008 -25"><span class='ocrx_word' id='word_1_179' title='bbox 626 3017 787 3085; x_wconf 83' lang='lat' dir='ltr'><strong>Queis</strong></span> <span class='ocrx_word' id='word_1_180' title='bbox 806 3020 983 3088; x_wconf 85' lang='lat' dir='ltr'><strong>gravis</strong></span> <span class='ocrx_word' id='word_1_181' title='bbox 1009 3035 1115 3077; x_wconf 68' lang='lat' dir='ltr'><strong>acre</strong></span> <span class='ocrx_word' id='word_1_182' title='bbox 1134 3021 1279 3078; x_wconf 88' lang='lat' dir='ltr'><strong>sinus</strong></span> <span class='ocrx_word' id='word_1_183' title='bbox 1299 3024 1587 3092; x_wconf 86' lang='lat' dir='ltr'><strong>relevatur,</strong></span> <span class='ocrx_word' id='word_1_184' title='bbox 1613 3034 1802 3095; x_wconf 87' lang='lat' dir='ltr'><strong>egente</strong></span> <span class='ocrx_word' id='word_1_185' title='bbox 1821 3027 2046 3097; x_wconf 89' lang='lat' dir='ltr'><strong>repleto,</strong></span> 
     </span>
    </p>
   </div>
   <div class='ocr_carea' id='block_1_32' title="bbox 623 3110 1979 3188">
    <p class='ocr_par' dir='ltr' id='par_1_32' title="bbox 623 3110 1979 3188">
     <span class='ocr_line' id='line_1_32' title="bbox 623 3110 1979 3188; baseline 0.007 -22"><span class='ocrx_word' id='word_1_186' title='bbox 623 3110 724 3178; x_wconf 89' lang='lat' dir='ltr'><strong>Qui</strong></span> <span class='ocrx_word' id='word_1_187' title='bbox 750 3112 1014 3184; x_wconf 90' lang='lat' dir='ltr'><strong>locuplete</strong></span> <span class='ocrx_word' id='word_1_188' title='bbox 1040 3130 1201 3170; x_wconf 88' lang='lat' dir='ltr'><strong>manu</strong></span> <span class='ocrx_word' id='word_1_189' title='bbox 1228 3118 1555 3188; x_wconf 89' lang='lat' dir='ltr'><strong>promptaria</strong></span> <span class='ocrx_word' id='word_1_190' title='bbox 1575 3118 1705 3173; x_wconf 90' lang='lat' dir='ltr'><strong>ditia</strong></span> <span class='ocrx_word' id='word_1_191' title='bbox 1729 3119 1910 3174; x_wconf 81' lang='lat' dir='ltr'><strong>laxant</strong></span> <span class='ocrx_word' id='word_1_192' title='bbox 1934 3121 1979 3186; x_wconf 79' lang='grc'><strong>⁸,</strong></span> 
     </span>
    </p>
   </div>
   <div class='ocr_carea' id='block_1_33' title="bbox 627 3202 2049 3281">
    <p class='ocr_par' dir='ltr' id='par_1_33' title="bbox 627 3202 2049 3281">
     <span class='ocr_line' id='line_1_33' title="bbox 627 3202 2049 3281; baseline 0.009 -26"><span class='ocrx_word' id='word_1_193' title='bbox 627 3202 694 3255; x_wconf 85' lang='grc' dir='ltr'><strong>Ει</strong></span> <span class='ocrx_word' id='word_1_194' title='bbox 719 3203 886 3260; x_wconf 88' lang='lat' dir='ltr'><strong>variis</strong></span> <span class='ocrx_word' id='word_1_195' title='bbox 903 3205 1135 3260; x_wconf 91' lang='lat' dir='ltr'><strong>animam</strong></span> <span class='ocrx_word' id='word_1_196' title='bbox 1164 3216 1489 3277; x_wconf 88' lang='lat' dir='ltr'><strong>sponsantes</strong></span> <span class='ocrx_word' id='word_1_197' title='bbox 1527 3220 1550 3249; x_wconf 77' lang='grc' dir='ltr'><strong><em>ο</em></strong></span> <span class='ocrx_word' id='word_1_198' title='bbox 1580 3209 1792 3266; x_wconf 88' lang='lat' dir='ltr'><strong>dotibus</strong></span> <span class='ocrx_word' id='word_1_199' title='bbox 1817 3210 2049 3281; x_wconf 86' lang='lat' dir='ltr'><strong>adstant,</strong></span> 
     </span>
    </p>
   </div>
   <div class='ocr_carea' id='block_1_34' title="bbox 628 3291 1867 3368">
    <p class='ocr_par' dir='ltr' id='par_1_34' title="bbox 628 3291 1867 3368">
     <span class='ocr_line' id='line_1_34' title="bbox 628 3291 1867 3368; baseline 0.009 -23"><span class='ocrx_word' id='word_1_200' title='bbox 628 3291 807 3348; x_wconf 86' lang='lat' dir='ltr'><strong>Mente</strong></span> <span class='ocrx_word' id='word_1_201' title='bbox 834 3307 1009 3365; x_wconf 72' lang='lat' dir='ltr'><strong>pares,</strong></span> <span class='ocrx_word' id='word_1_202' title='bbox 1031 3309 1135 3365; x_wconf 92' lang='lat' dir='ltr'><strong>ope</strong></span> <span class='ocrx_word' id='word_1_203' title='bbox 1156 3295 1390 3364; x_wconf 88' lang='lat' dir='ltr'><strong>diversi;</strong></span> <span class='ocrx_word' id='word_1_204' title='bbox 1419 3313 1520 3354; x_wconf 90' lang='lat' dir='ltr'><strong>nec</strong></span> <span class='ocrx_word' id='word_1_205' title='bbox 1547 3300 1764 3368; x_wconf 87' lang='lat' dir='ltr'><strong>segnius</strong></span> <span class='ocrx_word' id='word_1_206' title='bbox 1790 3300 1867 3358; x_wconf 92' lang='lat' dir='ltr'><strong>illi</strong></span> 
     </span>
    </p>
   </div>
   <div class='ocr_carea' id='block_1_35' title="bbox 624 3379 1948 3459">
    <p class='ocr_par' dir='ltr' id='par_1_35' title="bbox 624 3379 1948 3459">
     <span class='ocr_line' id='line_1_35' title="bbox 624 3379 1948 3459; baseline 0.009 -25"><span class='ocrx_word' id='word_1_207' title='bbox 624 3379 849 3436; x_wconf 87' lang='lat' dir='ltr'><strong>Fercula</strong></span> <span class='ocrx_word' id='word_1_208' title='bbox 877 3382 1057 3453; x_wconf 87' lang='lat' dir='ltr'><strong>opima</strong></span> <span class='ocrx_word' id='word_1_209' title='bbox 1085 3384 1235 3450; x_wconf 90' lang='lat' dir='ltr'><strong>cibis,</strong></span> <span class='ocrx_word' id='word_1_210' title='bbox 1266 3386 1436 3441; x_wconf 88' lang='lat' dir='ltr'><strong>cervis</strong></span> <span class='ocrx_word' id='word_1_211' title='bbox 1458 3387 1623 3443; x_wconf 64' lang='lat' dir='ltr'><strong>aulaea</strong></span> <span class='ocrx_word' id='word_1_212' title='bbox 1650 3387 1883 3459; x_wconf 88' lang='lat' dir='ltr'><strong>ferisque</strong></span> <span class='ocrx_word' id='word_1_213' title='bbox 1904 3391 1948 3422; x_wconf 82' lang='lat'><strong>“</strong></span> 
     </span>
    </p>
   </div>
   <div class='ocr_carea' id='block_1_36' title="bbox 625 3471 2052 3550">
    <p class='ocr_par' dir='ltr' id='par_1_36' title="bbox 625 3471 2052 3550">
     <span class='ocr_line' id='line_1_36' title="bbox 625 3471 2052 3550; baseline 0.008 -24"><span class='ocrx_word' id='word_1_214' title='bbox 625 3471 797 3542; x_wconf 83' lang='lat' dir='ltr'><strong>Larga</strong></span> <span class='ocrx_word' id='word_1_215' title='bbox 829 3472 1076 3542; x_wconf 89' lang='lat' dir='ltr'><strong>quidem,</strong></span> <span class='ocrx_word' id='word_1_216' title='bbox 1105 3474 1199 3530; x_wconf 88' lang='lat' dir='ltr'><strong>sed</strong></span> <span class='ocrx_word' id='word_1_217' title='bbox 1227 3484 1411 3531; x_wconf 85' lang='lat' dir='ltr'><strong>mutua</strong></span> <span class='ocrx_word' id='word_1_218' title='bbox 1440 3476 1654 3533; x_wconf 88' lang='lat' dir='ltr'><strong>dicant:</strong></span> <span class='ocrx_word' id='word_1_219' title='bbox 1702 3492 1803 3550; x_wconf 87' lang='lat' dir='ltr'><strong>ego</strong></span> <span class='ocrx_word' id='word_1_220' title='bbox 1829 3494 2052 3537; x_wconf 90' lang='lat' dir='ltr'><strong>munere</strong></span> 
     </span>
    </p>
   </div>
   <div class='ocr_carea' id='block_1_37' title="bbox 1747 3568 1979 3642">
    <p class='ocr_par' dir='ltr' id='par_1_37' title="bbox 1747 3568 1979 3642">
     <span class='ocr_line' id='line_1_37' title="bbox 1747 3568 1979 3642; baseline -0.009 0"><span class='ocrx_word' id='word_1_221' title='bbox 1747 3568 1979 3642; x_wconf 61' lang='lat' dir='ltr'><strong>[linem</strong></span> 
     </span>
    </p>
   </div>
   <div class='ocr_carea' id='block_1_38' title="bbox 476 1292 544 1347">
    <p class='ocr_par' dir='ltr' id='par_1_38' title="bbox 476 1292 544 1347">
     <span class='ocr_line' id='line_1_38' title="bbox 476 1292 544 1347; baseline -0.015 0"><span class='ocrx_word' id='word_1_222' title='bbox 476 1292 544 1347; x_wconf 74' lang='lat'><strong>2&#39;5</strong></span> 
     </span>
    </p>
   </div>
   <div class='ocr_carea' id='block_1_39' title="bbox 491 2835 561 2891">
    <p class='ocr_par' dir='ltr' id='par_1_39' title="bbox 491 2835 561 2891">
     <span class='ocr_line' id='line_1_39' title="bbox 491 2835 561 2891; baseline 0.029 -2"><span class='ocrx_word' id='word_1_223' title='bbox 491 2835 561 2891; x_wconf 71' lang='lat'><strong>£0</strong></span> 
     </span>
    </p>
   </div>
   <div class='ocr_carea' id='block_1_40' title="bbox 485 3380 556 3435">
    <p class='ocr_par' dir='ltr' id='par_1_40' title="bbox 485 3380 556 3435">
     <span class='ocr_line' id='line_1_40' title="bbox 485 3380 556 3435; baseline -0.014 0"><span class='ocrx_word' id='word_1_224' title='bbox 485 3380 556 3435; x_wconf 70' lang='grc'><strong>45</strong></span> 
     </span>
    </p>
   </div>
   <div class='ocr_carea' id='block_1_41' title="bbox 624 3651 2218 3730">
    <p class='ocr_par' dir='ltr' id='par_1_41' title="bbox 624 3651 2218 3730">
     <span class='ocr_line' id='line_1_41' title="bbox 624 3651 2218 3730; baseline 0.011 -24"><span class='ocrx_word' id='word_1_225' title='bbox 624 3651 807 3709; x_wconf 83' lang='lat' dir='ltr'><strong>Nudus</strong></span> <span class='ocrx_word' id='word_1_226' title='bbox 837 3652 904 3727; x_wconf 88' lang='lat' dir='ltr'><strong>(c)</strong></span> <span class='ocrx_word' id='word_1_227' title='bbox 935 3669 1121 3726; x_wconf 88' lang='lat' dir='ltr'><strong>opum,</strong></span> <span class='ocrx_word' id='word_1_228' title='bbox 1145 3655 1413 3730; x_wconf 88' lang='lat' dir='ltr'><strong>famulor,</strong></span> <span class='ocrx_word' id='word_1_229' title='bbox 1459 3657 1529 3717; x_wconf 87' lang='lat' dir='ltr'><strong>de</strong></span> <span class='ocrx_word' id='word_1_230' title='bbox 1575 3674 1663 3717; x_wconf 88' lang='lat' dir='ltr'><strong>me</strong></span> <span class='ocrx_word' id='word_1_231' title='bbox 1712 3677 1835 3718; x_wconf 91' lang='lat' dir='ltr'><strong>mea</strong></span> <span class='ocrx_word' id='word_1_232' title='bbox 1873 3664 2051 3722; x_wconf 87' lang='lat' dir='ltr'><strong>debita</strong></span> <span class='ocrx_word' id='word_1_233' title='bbox 2150 3670 2218 3724; x_wconf 91' lang='lat'><strong>90</strong></span> 
     </span>
    </p>
   </div>
   <div class='ocr_carea' id='block_1_42' title="bbox 1723 3750 1977 3824">
    <p class='ocr_par' dir='ltr' id='par_1_42' title="bbox 1723 3750 1977 3824">
     <span class='ocr_line' id='line_1_42' title="bbox 1723 3750 1977 3824; baseline 0.024 -18"><span class='ocrx_word' id='word_1_234' title='bbox 1723 3750 1977 3824; x_wconf 82' lang='lat' dir='ltr'><strong>[solvens.</strong></span> 
     </span>
    </p>
   </div>
   <div class='ocr_carea' id='block_1_43' title="bbox 623 3832 2012 3914">
    <p class='ocr_par' dir='ltr' id='par_1_43' title="bbox 623 3832 2012 3914">
     <span class='ocr_line' id='line_1_43' title="bbox 623 3832 2012 3914; baseline 0.012 -28"><span class='ocrx_word' id='word_1_235' title='bbox 623 3832 813 3902; x_wconf 78' lang='lat' dir='ltr'><strong>Meque</strong></span> <span class='ocrx_word' id='word_1_236' title='bbox 840 3833 1015 3904; x_wconf 87' lang='lat' dir='ltr'><strong>ipsum</strong></span> <span class='ocrx_word' id='word_1_237' title='bbox 1041 3850 1139 3906; x_wconf 88' lang='lat' dir='ltr'><strong>pro</strong></span> <span class='ocrx_word' id='word_1_238' title='bbox 1159 3852 1265 3905; x_wconf 86' lang='lat' dir='ltr'><strong>me,</strong></span> <span class='ocrx_word' id='word_1_239' title='bbox 1295 3839 1414 3897; x_wconf 89' lang='lat' dir='ltr'><strong>vilis</strong></span> <span class='ocrx_word' id='word_1_240' title='bbox 1440 3839 1565 3897; x_wconf 89' lang='lat' dir='ltr'><strong>licet</strong></span> <span class='ocrx_word' id='word_1_241' title='bbox 1590 3841 1785 3910; x_wconf 85' lang='lat' dir='ltr'><strong>hostia,</strong></span> <span class='ocrx_word' id='word_1_242' title='bbox 1816 3845 2012 3914; x_wconf 88' lang='lat' dir='ltr'><strong>pendo.</strong></span> 
     </span>
    </p>
   </div>
   <div class='ocr_carea' id='block_1_44' title="bbox 620 3923 2016 3999">
    <p class='ocr_par' dir='ltr' id='par_1_44' title="bbox 620 3923 2016 3999">
     <span class='ocr_line' id='line_1_44' title="bbox 620 3923 2016 3999; baseline 0.011 -22"><span class='ocrx_word' id='word_1_243' title='bbox 620 3923 729 3979; x_wconf 85' lang='lat' dir='ltr'><strong>Nec</strong></span> <span class='ocrx_word' id='word_1_244' title='bbox 756 3933 989 3980; x_wconf 89' lang='lat' dir='ltr'><strong>metuam</strong></span> <span class='ocrx_word' id='word_1_245' title='bbox 1016 3929 1214 3997; x_wconf 89' lang='lat' dir='ltr'><strong>sperni,</strong></span> <span class='ocrx_word' id='word_1_246' title='bbox 1242 3932 1492 3999; x_wconf 89' lang='lat' dir='ltr'><strong>quoniam</strong></span> <span class='ocrx_word' id='word_1_247' title='bbox 1515 3948 1622 3989; x_wconf 92' lang='lat' dir='ltr'><strong>non</strong></span> <span class='ocrx_word' id='word_1_248' title='bbox 1649 3934 1775 3990; x_wconf 88' lang='lat' dir='ltr'><strong>vilia</strong></span> <span class='ocrx_word' id='word_1_249' title='bbox 1803 3934 2016 3993; x_wconf 89' lang='lat' dir='ltr'><strong>Christo</strong></span> 
     </span>
    </p>
   </div>
   <div class='ocr_carea' id='block_1_45' title="bbox 623 4011 1874 4089">
    <p class='ocr_par' dir='ltr' id='par_1_45' title="bbox 623 4011 1874 4089">
     <span class='ocr_line' id='line_1_45' title="bbox 623 4011 1874 4089; baseline 0.011 -23"><span class='ocrx_word' id='word_1_250' title='bbox 623 4011 880 4084; x_wconf 86' lang='lat' dir='ltr'><strong>Pauperis</strong></span> <span class='ocrx_word' id='word_1_251' title='bbox 907 4016 1147 4084; x_wconf 89' lang='lat' dir='ltr'><strong>obsequii</strong></span> <span class='ocrx_word' id='word_1_252' title='bbox 1176 4015 1446 4087; x_wconf 89' lang='lat' dir='ltr'><strong>libamina,</strong></span> <span class='ocrx_word' id='word_1_253' title='bbox 1475 4022 1567 4089; x_wconf 91' lang='lat' dir='ltr'><strong>qui</strong></span> <span class='ocrx_word' id='word_1_254' title='bbox 1594 4022 1700 4078; x_wconf 93' lang='lat' dir='ltr'><strong>duo</strong></span> <span class='ocrx_word' id='word_1_255' title='bbox 1722 4022 1874 4081; x_wconf 64' lang='lat' dir='ltr'><strong>laatus</strong></span> 
     </span>
    </p>
   </div>
   <div class='ocr_carea' id='block_1_46' title="bbox 624 4102 1826 4184">
    <p class='ocr_par' dir='ltr' id='par_1_46' title="bbox 624 4102 1826 4184">
     <span class='ocr_line' id='line_1_46' title="bbox 624 4102 1826 4184; baseline 0.011 -28"><span class='ocrx_word' id='word_1_256' title='bbox 624 4102 752 4158; x_wconf 64' lang='lat' dir='ltr'><strong>Aira</strong></span> <span class='ocrx_word' id='word_1_257' title='bbox 782 4105 882 4174; x_wconf 67' lang='lat' dir='ltr'><strong>pia:</strong></span> <span class='ocrx_word' id='word_1_258' title='bbox 909 4120 1127 4160; x_wconf 91' lang='lat' dir='ltr'><strong>censum</strong></span> <span class='ocrx_word' id='word_1_259' title='bbox 1154 4107 1327 4161; x_wconf 68' lang='lat' dir='ltr'><strong>vidua:</strong></span> <span class='ocrx_word' id='word_1_260' title='bbox 1364 4109 1577 4165; x_wconf 89' lang='lat' dir='ltr'><strong>laudata</strong></span> <span class='ocrx_word' id='word_1_261' title='bbox 1604 4115 1826 4184; x_wconf 89' lang='lat' dir='ltr'><strong>recepit.</strong></span> 
     </span>
    </p>
   </div>
   <div class='ocr_carea' id='block_1_47' title="bbox 590 4190 2046 4274">
    <p class='ocr_par' dir='ltr' id='par_1_47' title="bbox 590 4190 2046 4274">
     <span class='ocr_line' id='line_1_47' title="bbox 590 4190 2046 4274; baseline 0.013 -26"><span class='ocrx_word' id='word_1_262' title='bbox 590 4190 772 4251; x_wconf 39' lang='lat' dir='ltr'><strong>’Tunc</strong></span> <span class='ocrx_word' id='word_1_263' title='bbox 808 4210 1023 4267; x_wconf 88' lang='lat' dir='ltr'><strong>quoque</strong></span> <span class='ocrx_word' id='word_1_264' title='bbox 1068 4197 1235 4252; x_wconf 89' lang='lat' dir='ltr'><strong>multa</strong></span> <span class='ocrx_word' id='word_1_265' title='bbox 1280 4198 1391 4256; x_wconf 90' lang='lat' dir='ltr'><strong>Deo</strong></span> <span class='ocrx_word' id='word_1_266' title='bbox 1437 4201 1730 4274; x_wconf 87' lang='lat' dir='ltr'><strong>locupletes</strong></span> <span class='ocrx_word' id='word_1_267' title='bbox 1776 4206 1916 4264; x_wconf 91' lang='lat' dir='ltr'><strong>dona</strong></span> <span class='ocrx_word' id='word_1_268' title='bbox 1964 4209 2046 4267; x_wconf 87' lang='lat' dir='ltr'><strong>fc-</strong></span> 
     </span>
    </p>
   </div>
   <div class='ocr_carea' id='block_1_48' title="bbox 1743 4297 1975 4371">
    <p class='ocr_par' dir='ltr' id='par_1_48' title="bbox 1743 4297 1975 4371">
     <span class='ocr_line' id='line_1_48' title="bbox 1743 4297 1975 4371; baseline 0.017 -18"><span class='ocrx_word' id='word_1_269' title='bbox 1743 4297 1975 4371; x_wconf 88' lang='lat' dir='ltr'><strong>[rebant,</strong></span> 
     </span>
    </p>
   </div>
   <div class='ocr_carea' id='block_1_49' title="bbox 485 4012 550 4067">
    <p class='ocr_par' dir='ltr' id='par_1_49' title="bbox 485 4012 550 4067">
     <span class='ocr_line' id='line_1_49' title="bbox 485 4012 550 4067; baseline 0 -2"><span class='ocrx_word' id='word_1_270' title='bbox 485 4012 550 4067; x_wconf 75' lang='lat'><strong>50</strong></span> 
     </span>
    </p>
   </div>
   <div class='ocr_carea' id='block_1_50' title="bbox 624 4377 1825 4448">
    <p class='ocr_par' dir='ltr' id='par_1_50' title="bbox 624 4377 1825 4448">
     <span class='ocr_line' id='line_1_50' title="bbox 624 4377 1825 4448; baseline 0.014 -18"><span class='ocrx_word' id='word_1_271' title='bbox 624 4377 911 4447; x_wconf 88' lang='lat' dir='ltr'><strong>lmplentes</strong></span> <span class='ocrx_word' id='word_1_272' title='bbox 936 4380 1142 4448; x_wconf 86' lang='lat' dir='ltr'><strong>magnis</strong></span> <span class='ocrx_word' id='word_1_273' title='bbox 1164 4381 1351 4437; x_wconf 65' lang='lat' dir='ltr'><strong>aeraria</strong></span> <span class='ocrx_word' id='word_1_274' title='bbox 1380 4393 1563 4441; x_wconf 87' lang='lat' dir='ltr'><strong>sancta</strong></span> <span class='ocrx_word' id='word_1_275' title='bbox 1592 4388 1825 4447; x_wconf 88' lang='lat' dir='ltr'><strong>talentis.</strong></span> 
     </span>
    </p>
   </div>
   <div class='ocr_carea' id='block_1_51' title="bbox 621 4464 2042 4546">
    <p class='ocr_par' dir='ltr' id='par_1_51' title="bbox 621 4464 2042 4546">
     <span class='ocr_line' id='line_1_51' title="bbox 621 4464 2042 4546; baseline 0.015 -27"><span class='ocrx_word' id='word_1_276' title='bbox 621 4464 725 4521; x_wconf 88' lang='lat' dir='ltr'><strong>Sed</strong></span> <span class='ocrx_word' id='word_1_277' title='bbox 749 4465 990 4523; x_wconf 87' lang='lat' dir='ltr'><strong>Christus</strong></span> <span class='ocrx_word' id='word_1_278' title='bbox 1017 4478 1287 4540; x_wconf 88' lang='lat' dir='ltr'><strong>spectator</strong></span> <span class='ocrx_word' id='word_1_279' title='bbox 1308 4482 1442 4541; x_wconf 89' lang='lat' dir='ltr'><strong>erat,</strong></span> <span class='ocrx_word' id='word_1_280' title='bbox 1473 4476 1565 4546; x_wconf 90' lang='lat' dir='ltr'><strong>qui</strong></span> <span class='ocrx_word' id='word_1_281' title='bbox 1589 4479 1751 4535; x_wconf 90' lang='lat' dir='ltr'><strong>corda</strong></span> <span class='ocrx_word' id='word_1_282' title='bbox 1779 4480 2042 4542; x_wconf 85' lang='lat' dir='ltr'><strong>ferentum</strong></span> 
     </span>
    </p>
   </div>
   <div class='ocr_carea' id='block_1_52' title="bbox 622 4555 1899 4632">
    <p class='ocr_par' dir='ltr' id='par_1_52' title="bbox 622 4555 1899 4632">
     <span class='ocr_line' id='line_1_52' title="bbox 622 4555 1899 4632; baseline 0.013 -23"><span class='ocrx_word' id='word_1_283' title='bbox 622 4555 911 4626; x_wconf 89' lang='lat' dir='ltr'><strong>lnspiciens</strong></span> <span class='ocrx_word' id='word_1_284' title='bbox 939 4558 1110 4615; x_wconf 64' lang='lat' dir='ltr'><strong>viduae</strong></span> <span class='ocrx_word' id='word_1_285' title='bbox 1137 4561 1366 4631; x_wconf 90' lang='lat' dir='ltr'><strong>palmam</strong></span> <span class='ocrx_word' id='word_1_286' title='bbox 1392 4564 1576 4632; x_wconf 90' lang='lat' dir='ltr'><strong>dedit;</strong></span> <span class='ocrx_word' id='word_1_287' title='bbox 1609 4567 1697 4622; x_wconf 92' lang='lat' dir='ltr'><strong>illa</strong></span> <span class='ocrx_word' id='word_1_288' title='bbox 1724 4569 1899 4627; x_wconf 89' lang='lat' dir='ltr'><strong>diurni</strong></span> 
     </span>
    </p>
   </div>
   <div class='ocr_carea' id='block_1_53' title="bbox 623 4647 2041 4740">
    <p class='ocr_par' dir='ltr' id='par_1_53' title="bbox 623 4647 2041 4740">
     <span class='ocr_line' id='line_1_53' title="bbox 623 4647 2041 4740; baseline 0.015 -39"><span class='ocrx_word' id='word_1_289' title='bbox 623 4647 756 4703; x_wconf 79' lang='lat' dir='ltr'><strong>Rem</strong></span> <span class='ocrx_word' id='word_1_290' title='bbox 794 4650 965 4707; x_wconf 89' lang='lat' dir='ltr'><strong>victus</strong></span> <span class='ocrx_word' id='word_1_291' title='bbox 986 4692 1002 4720; x_wconf 93' lang='lat'><strong>,</strong></span> <span class='ocrx_word' id='word_1_292' title='bbox 1052 4654 1294 4721; x_wconf 85' lang='lat' dir='ltr'><strong>geminos</strong></span> <span class='ocrx_word' id='word_1_293' title='bbox 1342 4656 1508 4729; x_wconf 88' lang='lat' dir='ltr'><strong>(quod</strong></span> <span class='ocrx_word' id='word_1_294' title='bbox 1556 4659 1607 4715; x_wconf 90' lang='lat' dir='ltr'><strong>ei</strong></span> <span class='ocrx_word' id='word_1_295' title='bbox 1655 4661 1950 4721; x_wconf 85' lang='lat' dir='ltr'><strong>substantia</strong></span> <span class='ocrx_word' id='word_1_296' title='bbox 1990 4668 2041 4740; x_wconf 73' lang='grc' dir='ltr'><strong>α)</strong></span> 
     </span>
    </p>
   </div>
   <div class='ocr_carea' id='block_1_54' title="bbox 1703 4751 1976 4823">
    <p class='ocr_par' dir='ltr' id='par_1_54' title="bbox 1703 4751 1976 4823">
     <span class='ocr_line' id='line_1_54' title="bbox 1703 4751 1976 4823; baseline 0.029 -18"><span class='ocrx_word' id='word_1_297' title='bbox 1703 4751 1976 4823; x_wconf 77' lang='lat' dir='ltr'><strong>[nummos</strong></span> 
     </span>
    </p>
   </div>
   <div class='ocr_carea' id='block_1_55' title="bbox 620 4828 2038 4913">
    <p class='ocr_par' dir='ltr' id='par_1_55' title="bbox 620 4828 2038 4913">
     <span class='ocr_line' id='line_1_55' title="bbox 620 4828 2038 4913; baseline 0.017 -32"><span class='ocrx_word' id='word_1_298' title='bbox 620 4828 839 4885; x_wconf 83' lang='lat' dir='ltr'><strong>Miserat</strong></span> <span class='ocrx_word' id='word_1_299' title='bbox 866 4832 918 4886; x_wconf 92' lang='lat' dir='ltr'><strong>in</strong></span> <span class='ocrx_word' id='word_1_300' title='bbox 946 4848 1171 4901; x_wconf 87' lang='lat' dir='ltr'><strong>sacram,</strong></span> <span class='ocrx_word' id='word_1_301' title='bbox 1202 4836 1275 4890; x_wconf 91' lang='lat' dir='ltr'><strong>nil</strong></span> <span class='ocrx_word' id='word_1_302' title='bbox 1305 4838 1345 4869; x_wconf 82' lang='lat'>“</span> <span class='ocrx_word' id='word_1_303' title='bbox 1372 4840 1527 4893; x_wconf 83' lang='lat' dir='ltr'><strong>anxia</strong></span> <span class='ocrx_word' id='word_1_304' title='bbox 1549 4844 1809 4913; x_wconf 89' lang='lat' dir='ltr'><strong>corporis,</strong></span> <span class='ocrx_word' id='word_1_305' title='bbox 1839 4862 2038 4904; x_wconf 86' lang='lat' dir='ltr'><strong>arcam.</strong></span> 
     </span>
    </p>
   </div>
   <div class='ocr_carea' id='block_1_56' title="bbox 620 4919 1728 4996">
    <p class='ocr_par' dir='ltr' id='par_1_56' title="bbox 620 4919 1728 4996">
     <span class='ocr_line' id='line_1_56' title="bbox 620 4919 1728 4996; baseline 0.014 -21"><span class='ocrx_word' id='word_1_306' title='bbox 620 4919 910 4993; x_wconf 88' lang='lat' dir='ltr'><strong>Propterea</strong></span> <span class='ocrx_word' id='word_1_307' title='bbox 936 4939 1002 4979; x_wconf 80' lang='lat' dir='ltr'><strong>ex</strong></span> <span class='ocrx_word' id='word_1_308' title='bbox 1032 4926 1146 4996; x_wconf 85' lang='lat' dir='ltr'><strong>ipso</strong></span> <span class='ocrx_word' id='word_1_309' title='bbox 1172 4930 1380 4985; x_wconf 88' lang='lat' dir='ltr'><strong>venturi</strong></span> <span class='ocrx_word' id='word_1_310' title='bbox 1407 4930 1604 4990; x_wconf 82' lang='lat' dir='ltr'><strong>Judicis</strong></span> <span class='ocrx_word' id='word_1_311' title='bbox 1632 4950 1728 4991; x_wconf 91' lang='lat' dir='ltr'><strong>ore</strong></span> 
     </span>
    </p>
   </div>
   <div class='ocr_carea' id='block_1_57' title="bbox 553 5059 1036 5120">
    <p class='ocr_par' dir='ltr' id='par_1_57' title="bbox 553 5059 1036 5120">
     <span class='ocr_line' id='line_1_57' title="bbox 553 5059 1036 5120; baseline 0.012 -7"><span class='ocrx_word' id='word_1_312' title='bbox 553 5068 581 5096; x_wconf 74' lang='grc'><strong><em>⁸</em></strong></span> <span class='ocrx_word' id='word_1_313' title='bbox 611 5059 741 5116; x_wconf 84' lang='lat' dir='ltr'><strong>Vide</strong></span> <span class='ocrx_word' id='word_1_314' title='bbox 769 5071 880 5116; x_wconf 95' lang='lat' dir='ltr'><strong>not.</strong></span> <span class='ocrx_word' id='word_1_315' title='bbox 912 5062 1036 5120; x_wconf 72' lang='grc'><strong>255.</strong></span> 
     </span>
    </p>
   </div>
   <div class='ocr_carea' id='block_1_58' title="bbox 551 5128 1029 5187">
    <p class='ocr_par' dir='ltr' id='par_1_58' title="bbox 551 5128 1029 5187">
     <span class='ocr_line' id='line_1_58' title="bbox 551 5128 1029 5187; baseline 0.008 -4"><span class='ocrx_word' id='word_1_316' title='bbox 551 5128 581 5168; x_wconf 66' lang='grc' dir='ltr'>δ</span> <span class='ocrx_word' id='word_1_317' title='bbox 611 5128 743 5185; x_wconf 85' lang='lat' dir='ltr'><strong>Vide</strong></span> <span class='ocrx_word' id='word_1_318' title='bbox 767 5139 881 5187; x_wconf 90' lang='lat' dir='ltr'><strong>not.</strong></span> <span class='ocrx_word' id='word_1_319' title='bbox 904 5132 1029 5187; x_wconf 72' lang='grc'><strong>254.</strong></span> 
     </span>
    </p>
   </div>
   <div class='ocr_carea' id='block_1_59' title="bbox 554 5200 1024 5258">
    <p class='ocr_par' dir='ltr' id='par_1_59' title="bbox 554 5200 1024 5258">
     <span class='ocr_line' id='line_1_59' title="bbox 554 5200 1024 5258; baseline 0.006 -3"><span class='ocrx_word' id='word_1_320' title='bbox 554 5210 577 5239; x_wconf 72' lang='grc' dir='ltr'><strong>ε</strong></span> <span class='ocrx_word' id='word_1_321' title='bbox 607 5200 740 5255; x_wconf 84' lang='lat' dir='ltr'><strong>Vide</strong></span> <span class='ocrx_word' id='word_1_322' title='bbox 760 5211 870 5257; x_wconf 91' lang='lat' dir='ltr'><strong>not.</strong></span> <span class='ocrx_word' id='word_1_323' title='bbox 901 5202 1024 5258; x_wconf 77' lang='lat'><strong>255.</strong></span> 
     </span>
    </p>
   </div>
   <div class='ocr_carea' id='block_1_60' title="bbox 553 5266 1285 5332">
    <p class='ocr_par' dir='ltr' id='par_1_60' title="bbox 553 5266 1285 5332">
     <span class='ocr_line' id='line_1_60' title="bbox 553 5266 1285 5332; baseline 0.012 -8"><span class='ocrx_word' id='word_1_324' title='bbox 553 5266 579 5306; x_wconf 72' lang='grc' dir='ltr'>ἀ</span> <span class='ocrx_word' id='word_1_325' title='bbox 610 5269 665 5325; x_wconf 86' lang='lat' dir='ltr'><strong>Id</strong></span> <span class='ocrx_word' id='word_1_326' title='bbox 687 5279 770 5327; x_wconf 90' lang='lat' dir='ltr'><strong>est</strong></span> <span class='ocrx_word' id='word_1_327' title='bbox 799 5271 932 5327; x_wconf 82' lang='lat' dir='ltr'><strong>bona</strong></span> <span class='ocrx_word' id='word_1_328' title='bbox 957 5288 1051 5330; x_wconf 86' lang='lat' dir='ltr'><strong>seu</strong></span> <span class='ocrx_word' id='word_1_329' title='bbox 1077 5275 1285 5332; x_wconf 64' lang='lat' dir='ltr'><strong>divitia.</strong></span> 
     </span>
    </p>
   </div>
   <div class='ocr_carea' id='block_1_61' title="bbox 573 5339 1918 5427">
    <p class='ocr_par' dir='ltr' id='par_1_61' title="bbox 573 5339 1918 5427">
     <span class='ocr_line' id='line_1_61' title="bbox 573 5339 1918 5427; baseline 0.016 -35"><span class='ocrx_word' id='word_1_330' title='bbox 573 5341 626 5427; x_wconf 53' lang='grc' dir='ltr'><strong>ξι)</strong></span> <span class='ocrx_word' id='word_1_331' title='bbox 653 5339 731 5427; x_wconf 56' lang='lat' dir='ltr'><strong>ita</strong></span> <span class='ocrx_word' id='word_1_332' title='bbox 758 5356 884 5427; x_wconf 61' lang='lat' dir='ltr'><strong>mss:</strong></span> <span class='ocrx_word' id='word_1_333' title='bbox 915 5342 1020 5397; x_wconf 91' lang='lat' dir='ltr'><strong>duo</strong></span> <span class='ocrx_word' id='word_1_334' title='bbox 1048 5345 1258 5427; x_wconf 77' lang='lat' dir='ltr'><strong>codices</strong></span> <span class='ocrx_word' id='word_1_335' title='bbox 1280 5347 1458 5406; x_wconf 85' lang='lat' dir='ltr'><strong>Germ.</strong></span> <span class='ocrx_word' id='word_1_336' title='bbox 1490 5351 1650 5416; x_wconf 87' lang='lat' dir='ltr'><strong>Editi.</strong></span> <span class='ocrx_word' id='word_1_337' title='bbox 1679 5357 1918 5427; x_wconf 78' lang='lat' dir='ltr'><strong>facunde.</strong></span> 
     </span>
    </p>
   </div>
   <div class='ocr_carea' id='block_1_62' title="bbox 573 5410 1424 5485">
    <p class='ocr_par' dir='ltr' id='par_1_62' title="bbox 573 5410 1424 5485">
     <span class='ocr_line' id='line_1_62' title="bbox 573 5410 1424 5485; baseline 0.012 -20"><span class='ocrx_word' id='word_1_338' title='bbox 573 5410 752 5485; x_wconf 68' lang='lat' dir='ltr'><strong>b)_Ms.</strong></span> <span class='ocrx_word' id='word_1_339' title='bbox 786 5411 811 5485; x_wconf 63' lang='lat'><strong>1</strong></span> <span class='ocrx_word' id='word_1_340' title='bbox 840 5412 1020 5485; x_wconf 86' lang='lat' dir='ltr'><strong>Germ.</strong></span> <span class='ocrx_word' id='word_1_341' title='bbox 1052 5415 1244 5485; x_wconf 71' lang='lat' dir='ltr'><strong>codex,</strong></span> <span class='ocrx_word' id='word_1_342' title='bbox 1273 5435 1424 5475; x_wconf 82' lang='lat' dir='ltr'><strong>vano.</strong></span> 
     </span>
    </p>
   </div>
   <div class='ocr_carea' id='block_1_63' title="bbox 551 5479 2043 5555">
    <p class='ocr_par' dir='ltr' id='par_1_63' title="bbox 551 5479 2043 5555">
     <span class='ocr_line' id='line_1_63' title="bbox 551 5479 2043 5555; baseline 0.013 -19"><span class='ocrx_word' id='word_1_343' title='bbox 551 5479 619 5554; x_wconf 77' lang='lat' dir='ltr'><strong>(c)</strong></span> <span class='ocrx_word' id='word_1_344' title='bbox 633 5479 759 5555; x_wconf 58' lang='lat' dir='ltr'><strong>Mss.</strong></span> <span class='ocrx_word' id='word_1_345' title='bbox 779 5481 885 5537; x_wconf 92' lang='lat' dir='ltr'><strong>duo</strong></span> <span class='ocrx_word' id='word_1_346' title='bbox 900 5484 1113 5555; x_wconf 76' lang='lat' dir='ltr'><strong>codices</strong></span> <span class='ocrx_word' id='word_1_347' title='bbox 1129 5479 1332 5554; x_wconf 65' lang='lat' dir='ltr'><strong>Germ,</strong></span> <span class='ocrx_word' id='word_1_348' title='bbox 1352 5489 1559 5547; x_wconf 77' lang='lat' dir='ltr'><strong>Nullus.</strong></span> <span class='ocrx_word' id='word_1_349' title='bbox 1578 5492 1722 5549; x_wconf 91' lang='lat' dir='ltr'><strong>Bona</strong></span> <span class='ocrx_word' id='word_1_350' title='bbox 1737 5504 1959 5555; x_wconf 83' lang='lat' dir='ltr'><strong>utraque</strong></span> <span class='ocrx_word' id='word_1_351' title='bbox 1974 5500 2043 5555; x_wconf 93' lang='lat' dir='ltr'><strong>le-</strong></span> 
     </span>
    </p>
   </div>
   <div class='ocr_carea' id='block_1_64' title="bbox 471 5549 2037 5632">
    <p class='ocr_par' dir='ltr' id='par_1_64' title="bbox 471 5549 2037 5632">
     <span class='ocr_line' id='line_1_64' title="bbox 471 5549 2037 5632; baseline 0.01 -24"><span class='ocrx_word' id='word_1_352' title='bbox 471 5549 622 5632; x_wconf 43' lang='lat' dir='ltr'><strong>ctio,&quot;</strong></span> <span class='ocrx_word' id='word_1_353' title='bbox 633 5549 852 5632; x_wconf 69' lang='lat' dir='ltr'><strong>Vulgata</strong></span> <span class='ocrx_word' id='word_1_354' title='bbox 869 5549 1683 5632; x_wconf 54' lang='lat' dir='ltr'><strong>couﬁrmaturcarm.18,v.357,</strong></span> <span class='ocrx_word' id='word_1_355' title='bbox 1698 5549 1855 5621; x_wconf 59' lang='lat' dir='ltr'><strong>Md}.</strong></span> <span class='ocrx_word' id='word_1_356' title='bbox 1865 5549 2020 5627; x_wconf 52' lang='lat'><strong>1315:?</strong></span> <span class='ocrx_word' id='word_1_357' title='bbox 2025 5611 2037 5624; x_wconf 93' lang='lat'><strong>.</strong></span> 
     </span>
    </p>
   </div>
   <div class='ocr_carea' id='block_1_65' title="bbox 551 5620 1320 5693">
    <p class='ocr_par' dir='ltr' id='par_1_65' title="bbox 551 5620 1320 5693">
     <span class='ocr_line' id='line_1_65' title="bbox 551 5620 1320 5693; baseline 0.014 -19"><span class='ocrx_word' id='word_1_358' title='bbox 551 5622 627 5691; x_wconf 75' lang='grc' dir='ltr'><strong>(ά)</strong></span> <span class='ocrx_word' id='word_1_359' title='bbox 657 5620 780 5678; x_wconf 78' lang='lat' dir='ltr'><strong>Mss.</strong></span> <span class='ocrx_word' id='word_1_360' title='bbox 814 5621 921 5679; x_wconf 87' lang='lat' dir='ltr'><strong>duo</strong></span> <span class='ocrx_word' id='word_1_361' title='bbox 947 5624 1149 5693; x_wconf 88' lang='lat' dir='ltr'><strong>Gcrm.,</strong></span> <span class='ocrx_word' id='word_1_362' title='bbox 1176 5629 1320 5685; x_wconf 70' lang='lat' dir='ltr'><strong>duxi.</strong></span> 
     </span>
    </p>
   </div>
   <div class='ocr_carea' id='block_1_66' title="bbox 1385 258 2743 324">
    <p class='ocr_par' dir='ltr' id='par_1_66' title="bbox 1385 258 2743 324">
     <span class='ocr_line' id='line_1_66' title="bbox 1385 258 2743 324; baseline -0.007 0"><span class='ocrx_word' id='word_1_363' title='bbox 1385 266 1444 324; x_wconf 80' lang='lat' dir='ltr'><strong>S.</strong></span> <span class='ocrx_word' id='word_1_364' title='bbox 1476 265 1746 322; x_wconf 77' lang='lat' dir='ltr'><strong>PAULINI</strong></span> <span class='ocrx_word' id='word_1_365' title='bbox 1784 263 2029 321; x_wconf 72' lang='lat' dir='ltr'><strong>NOLANI</strong></span> <span class='ocrx_word' id='word_1_366' title='bbox 2066 258 2368 321; x_wconf 77' lang='lat' dir='ltr'><strong>EPISCOPI</strong></span> <span class='ocrx_word' id='word_1_367' title='bbox 2404 259 2743 317; x_wconf 77' lang='lat' dir='ltr'><strong>POEMATA.</strong></span> 
     </span>
    </p>
   </div>
   <div class='ocr_carea' id='block_1_67' title="bbox 2053 381 2108 441">
    <p class='ocr_par' dir='ltr' id='par_1_67' title="bbox 2053 381 2108 441">
     <span class='ocr_line' id='line_1_67' title="bbox 2053 381 2108 441; baseline 0 0"><span class='ocrx_word' id='word_1_368' title='bbox 2053 381 2108 441; x_wconf 76' lang='grc' dir='ltr'><strong>Δ</strong></span> 
     </span>
    </p>
   </div>
   <div class='ocr_carea' id='block_1_68' title="bbox 2070 1739 2120 1803">
    <p class='ocr_par' dir='ltr' id='par_1_68' title="bbox 2070 1739 2120 1803">
     <span class='ocr_line' id='line_1_68' title="bbox 2070 1739 2120 1803; baseline 0 0"><span class='ocrx_word' id='word_1_369' title='bbox 2070 1739 2120 1803; x_wconf 87' lang='grc' dir='ltr'><strong>Β</strong></span> 
     </span>
    </p>
   </div>
   <div class='ocr_carea' id='block_1_69' title="bbox 2076 3099 2122 3163">
    <p class='ocr_par' dir='ltr' id='par_1_69' title="bbox 2076 3099 2122 3163">
     <span class='ocr_line' id='line_1_69' title="bbox 2076 3099 2122 3163; baseline 0 0"><span class='ocrx_word' id='word_1_370' title='bbox 2076 3099 2122 3163; x_wconf 90' lang='lat' dir='ltr'><strong>C</strong></span> 
     </span>
    </p>
   </div>
   <div class='ocr_carea' id='block_1_70' title="bbox 2072 4456 2121 4519">
    <p class='ocr_par' dir='ltr' id='par_1_70' title="bbox 2072 4456 2121 4519">
     <span class='ocr_line' id='line_1_70' title="bbox 2072 4456 2121 4519; baseline 0 0"><span class='ocrx_word' id='word_1_371' title='bbox 2072 4456 2121 4519; x_wconf 83' lang='grc' dir='ltr'><strong>υ</strong></span> 
     </span>
    </p>
   </div>
   <div class='ocr_carea' id='block_1_71' title="bbox 3576 268 3681 325">
    <p class='ocr_par' dir='ltr' id='par_1_71' title="bbox 3576 268 3681 325">
     <span class='ocr_line' id='line_1_71' title="bbox 3576 268 3681 325; baseline 0.019 -2"><span class='ocrx_word' id='word_1_372' title='bbox 3576 268 3681 325; x_wconf 63' lang='grc'><strong>492</strong></span> 
     </span>
    </p>
   </div>
   <div class='ocr_carea' id='block_1_72' title="bbox 2273 373 3563 457">
    <p class='ocr_par' dir='ltr' id='par_1_72' title="bbox 2273 373 3563 457">
     <span class='ocr_line' id='line_1_72' title="bbox 2273 373 3563 457; baseline 0.001 -25"><span class='ocrx_word' id='word_1_373' title='bbox 2273 376 2410 432; x_wconf 83' lang='lat' dir='ltr'><strong>Ante</strong></span> <span class='ocrx_word' id='word_1_374' title='bbox 2436 376 2579 431; x_wconf 88' lang='lat' dir='ltr'><strong>diem</strong></span> <span class='ocrx_word' id='word_1_375' title='bbox 2606 374 2803 430; x_wconf 88' lang='lat' dir='ltr'><strong>meruit</strong></span> <span class='ocrx_word' id='word_1_376' title='bbox 2827 373 2954 430; x_wconf 89' lang='lat' dir='ltr'><strong>facti</strong></span> <span class='ocrx_word' id='word_1_377' title='bbox 2979 388 3311 446; x_wconf 64' lang='lat' dir='ltr'><strong>praecerpere</strong></span> <span class='ocrx_word' id='word_1_378' title='bbox 3337 376 3563 457; x_wconf 84' lang='lat' dir='ltr'><strong>laudem,</strong></span> 
     </span>
    </p>
   </div>
   <div class='ocr_carea' id='block_1_73' title="bbox 2133 465 3648 541">
    <p class='ocr_par' dir='ltr' id='par_1_73' title="bbox 2133 465 3648 541">
     <span class='ocr_line' id='line_1_73' title="bbox 2133 465 3648 541; baseline 0.003 -18"><span class='ocrx_word' id='word_1_379' title='bbox 2133 465 2202 523; x_wconf 79' lang='lat'><strong>60</strong></span> <span class='ocrx_word' id='word_1_380' title='bbox 2273 466 2620 538; x_wconf 65' lang='lat' dir='ltr'><strong>Praeferrique</strong></span> <span class='ocrx_word' id='word_1_381' title='bbox 2646 466 2770 534; x_wconf 90' lang='lat' dir='ltr'><strong>illis,</strong></span> <span class='ocrx_word' id='word_1_382' title='bbox 2799 481 3029 536; x_wconf 91' lang='lat' dir='ltr'><strong>quorum</strong></span> <span class='ocrx_word' id='word_1_383' title='bbox 3057 469 3194 538; x_wconf 90' lang='lat' dir='ltr'><strong>stipe</strong></span> <span class='ocrx_word' id='word_1_384' title='bbox 3218 470 3422 525; x_wconf 86' lang='lat' dir='ltr'><strong>vicerat</strong></span> <span class='ocrx_word' id='word_1_385' title='bbox 3447 487 3648 541; x_wconf 89' lang='lat' dir='ltr'><strong>aurum,</strong></span> 
     </span>
    </p>
   </div>
   <div class='ocr_carea' id='block_1_74' title="bbox 2269 557 3638 631">
    <p class='ocr_par' dir='ltr' id='par_1_74' title="bbox 2269 557 3638 631">
     <span class='ocr_line' id='line_1_74' title="bbox 2269 557 3638 631; baseline 0.006 -18"><span class='ocrx_word' id='word_1_386' title='bbox 2269 557 2490 613; x_wconf 86' lang='lat' dir='ltr'><strong>Munere</strong></span> <span class='ocrx_word' id='word_1_387' title='bbox 2516 572 2719 629; x_wconf 85' lang='lat' dir='ltr'><strong>pauper</strong></span> <span class='ocrx_word' id='word_1_388' title='bbox 2737 573 2891 628; x_wconf 87' lang='lat' dir='ltr'><strong>anus,</strong></span> <span class='ocrx_word' id='word_1_389' title='bbox 2919 558 3015 616; x_wconf 90' lang='lat' dir='ltr'><strong>sed</strong></span> <span class='ocrx_word' id='word_1_390' title='bbox 3042 561 3259 631; x_wconf 87' lang='lat' dir='ltr'><strong>prodiga</strong></span> <span class='ocrx_word' id='word_1_391' title='bbox 3291 564 3453 619; x_wconf 88' lang='lat' dir='ltr'><strong>corde</strong></span> <span class='ocrx_word' id='word_1_392' title='bbox 3481 565 3638 622; x_wconf 80' lang='lat' dir='ltr'><strong>fideli.</strong></span> 
     </span>
    </p>
   </div>
   <div class='ocr_carea' id='block_1_75' title="bbox 2338 649 3691 729">
    <p class='ocr_par' dir='ltr' id='par_1_75' title="bbox 2338 649 3691 729">
     <span class='ocr_line' id='line_1_75' title="bbox 2338 649 3691 729; baseline 0.009 -24"><span class='ocrx_word' id='word_1_393' title='bbox 2338 649 2481 719; x_wconf 85' lang='lat' dir='ltr'><strong>Ergo</strong></span> <span class='ocrx_word' id='word_1_394' title='bbox 2502 693 2520 720; x_wconf 94' lang='lat'><strong>,</strong></span> <span class='ocrx_word' id='word_1_395' title='bbox 2548 650 2674 707; x_wconf 91' lang='lat' dir='ltr'><strong>boni</strong></span> <span class='ocrx_word' id='word_1_396' title='bbox 2701 651 2889 708; x_wconf 86' lang='lat' dir='ltr'><strong>fratres</strong></span> <span class='ocrx_word' id='word_1_397' title='bbox 2912 694 2929 722; x_wconf 91' lang='lat'><strong>,</strong></span> <span class='ocrx_word' id='word_1_398' title='bbox 2975 653 3168 725; x_wconf 86' lang='lat' dir='ltr'><strong>quibus</strong></span> <span class='ocrx_word' id='word_1_399' title='bbox 3193 655 3309 712; x_wconf 63' lang='lat' dir='ltr'><strong>haec</strong></span> <span class='ocrx_word' id='word_1_400' title='bbox 3334 656 3569 729; x_wconf 84' lang='lat' dir='ltr'><strong>dignatio</strong></span> <span class='ocrx_word' id='word_1_401' title='bbox 3593 701 3609 727; x_wconf 91' lang='lat'><strong>,</strong></span> <span class='ocrx_word' id='word_1_402' title='bbox 3636 672 3691 717; x_wconf 92' lang='lat' dir='ltr'><strong>et</strong></span> 
     </span>
    </p>
   </div>
   <div class='ocr_carea' id='block_1_76' title="bbox 3503 748 3626 823">
    <p class='ocr_par' dir='ltr' id='par_1_76' title="bbox 3503 748 3626 823">
     <span class='ocr_line' id='line_1_76' title="bbox 3503 748 3626 823; baseline 0.016 -18"><span class='ocrx_word' id='word_1_403' title='bbox 3503 748 3626 823; x_wconf 80' lang='lat' dir='ltr'><strong>[iste</strong></span> 
     </span>
    </p>
   </div>
   <div class='ocr_carea' id='block_1_77' title="bbox 2270 830 3617 910">
    <p class='ocr_par' dir='ltr' id='par_1_77' title="bbox 2270 830 3617 910">
     <span class='ocr_line' id='line_1_77' title="bbox 2270 830 3617 910; baseline 0.008 -22"><span class='ocrx_word' id='word_1_404' title='bbox 2270 830 2595 903; x_wconf 88' lang='lat' dir='ltr'><strong>Consensus,</strong></span> <span class='ocrx_word' id='word_1_405' title='bbox 2621 834 2839 906; x_wconf 89' lang='lat' dir='ltr'><strong>placidis</strong></span> <span class='ocrx_word' id='word_1_406' title='bbox 2864 835 3126 892; x_wconf 86' lang='lat' dir='ltr'><strong>advertite</strong></span> <span class='ocrx_word' id='word_1_407' title='bbox 3150 839 3417 897; x_wconf 85' lang='lat' dir='ltr'><strong>mentibus</strong></span> <span class='ocrx_word' id='word_1_408' title='bbox 3443 855 3617 910; x_wconf 86' lang='lat' dir='ltr'><strong>aures,</strong></span> 
     </span>
    </p>
   </div>
   <div class='ocr_carea' id='block_1_78' title="bbox 2273 920 3658 997">
    <p class='ocr_par' dir='ltr' id='par_1_78' title="bbox 2273 920 3658 997">
     <span class='ocr_line' id='line_1_78' title="bbox 2273 920 3658 997; baseline 0.011 -19"><span class='ocrx_word' id='word_1_409' title='bbox 2273 920 2385 979; x_wconf 84' lang='lat' dir='ltr'><strong>Nec</strong></span> <span class='ocrx_word' id='word_1_410' title='bbox 2410 924 2522 993; x_wconf 90' lang='lat' dir='ltr'><strong>qui,</strong></span> <span class='ocrx_word' id='word_1_411' title='bbox 2545 924 2640 980; x_wconf 89' lang='lat' dir='ltr'><strong>sed</strong></span> <span class='ocrx_word' id='word_1_412' title='bbox 2668 924 2737 980; x_wconf 88' lang='lat' dir='ltr'><strong>de</strong></span> <span class='ocrx_word' id='word_1_413' title='bbox 2761 940 2869 995; x_wconf 89' lang='lat' dir='ltr'><strong>quo</strong></span> <span class='ocrx_word' id='word_1_414' title='bbox 2897 926 3105 997; x_wconf 86' lang='lat' dir='ltr'><strong>loquar,</strong></span> <span class='ocrx_word' id='word_1_415' title='bbox 3136 930 3383 988; x_wconf 81' lang='lat' dir='ltr'><strong>exaudite</strong></span> <span class='ocrx_word' id='word_1_416' title='bbox 3410 933 3658 993; x_wconf 89' lang='lat' dir='ltr'><strong>libenter.</strong></span> 
     </span>
    </p>
   </div>
   <div class='ocr_carea' id='block_1_79' title="bbox 2274 1015 3697 1101">
    <p class='ocr_par' dir='ltr' id='par_1_79' title="bbox 2274 1015 3697 1101">
     <span class='ocr_line' id='line_1_79' title="bbox 2274 1015 3697 1101; baseline 0.012 -31"><span class='ocrx_word' id='word_1_417' title='bbox 2274 1015 2625 1087; x_wconf 84' lang='lat' dir='ltr'><strong>Despicienda</strong></span> <span class='ocrx_word' id='word_1_418' title='bbox 2640 1018 2877 1089; x_wconf 86' lang='lat' dir='ltr'><strong>quidem,</strong></span> <span class='ocrx_word' id='word_1_419' title='bbox 2895 1028 3073 1078; x_wconf 88' lang='lat' dir='ltr'><strong>tamen</strong></span> <span class='ocrx_word' id='word_1_420' title='bbox 3096 1031 3151 1079; x_wconf 93' lang='lat' dir='ltr'><strong>et</strong></span> <span class='ocrx_word' id='word_1_421' title='bbox 3168 1022 3410 1081; x_wconf 87' lang='lat' dir='ltr'><strong>miranda</strong></span> <span class='ocrx_word' id='word_1_422' title='bbox 3423 1029 3697 1101; x_wconf 85' lang='lat' dir='ltr'><strong>profabor,</strong></span> 
     </span>
    </p>
   </div>
   <div class='ocr_carea' id='block_1_80' title="bbox 2274 1106 3490 1183">
    <p class='ocr_par' dir='ltr' id='par_1_80' title="bbox 2274 1106 3490 1183">
     <span class='ocr_line' id='line_1_80' title="bbox 2274 1106 3490 1183; baseline 0.013 -21"><span class='ocrx_word' id='word_1_423' title='bbox 2274 1106 2625 1180; x_wconf 85' lang='lat' dir='ltr'><strong>Despicienda</strong></span> <span class='ocrx_word' id='word_1_424' title='bbox 2650 1126 2774 1167; x_wconf 88' lang='lat' dir='ltr'><strong>meo</strong></span> <span class='ocrx_word' id='word_1_425' title='bbox 2802 1113 3016 1182; x_wconf 87' lang='lat' dir='ltr'><strong>ingenio</strong></span> <span class='ocrx_word' id='word_1_426' title='bbox 3032 1155 3048 1183; x_wconf 94' lang='lat'><strong>,</strong></span> <span class='ocrx_word' id='word_1_427' title='bbox 3078 1117 3321 1175; x_wconf 87' lang='lat' dir='ltr'><strong>miranda</strong></span> <span class='ocrx_word' id='word_1_428' title='bbox 3340 1120 3490 1178; x_wconf 84' lang='lat' dir='ltr'><strong>beati</strong></span> 
     </span>
    </p>
   </div>
   <div class='ocr_carea' id='block_1_81' title="bbox 2277 1198 3599 1274">
    <p class='ocr_par' dir='ltr' id='par_1_81' title="bbox 2277 1198 3599 1274">
     <span class='ocr_line' id='line_1_81' title="bbox 2277 1198 3599 1274; baseline 0.014 -22"><span class='ocrx_word' id='word_1_429' title='bbox 2277 1198 2466 1256; x_wconf 85' lang='lat' dir='ltr'><strong>Felicis</strong></span> <span class='ocrx_word' id='word_1_430' title='bbox 2493 1201 2723 1267; x_wconf 89' lang='lat' dir='ltr'><strong>merito;</strong></span> <span class='ocrx_word' id='word_1_431' title='bbox 2753 1202 2895 1274; x_wconf 91' lang='lat' dir='ltr'><strong>quod</strong></span> <span class='ocrx_word' id='word_1_432' title='bbox 2923 1204 3103 1261; x_wconf 89' lang='lat' dir='ltr'><strong>dicere</strong></span> <span class='ocrx_word' id='word_1_433' title='bbox 3124 1223 3235 1263; x_wconf 90' lang='lat' dir='ltr'><strong>non</strong></span> <span class='ocrx_word' id='word_1_434' title='bbox 3260 1209 3379 1266; x_wconf 90' lang='lat' dir='ltr'><strong>sine</strong></span> <span class='ocrx_word' id='word_1_435' title='bbox 3395 1210 3599 1271; x_wconf 89' lang='lat' dir='ltr'><strong>Christi</strong></span> 
     </span>
    </p>
   </div>
   <div class='ocr_carea' id='block_1_82' title="bbox 2274 1290 3698 1374">
    <p class='ocr_par' dir='ltr' id='par_1_82' title="bbox 2274 1290 3698 1374">
     <span class='ocr_line' id='line_1_82' title="bbox 2274 1290 3698 1374; baseline 0.011 -28"><span class='ocrx_word' id='word_1_436' title='bbox 2274 1290 2454 1348; x_wconf 89' lang='lat' dir='ltr'><strong>Laude</strong></span> <span class='ocrx_word' id='word_1_437' title='bbox 2480 1291 2642 1348; x_wconf 90' lang='lat' dir='ltr'><strong>licet:</strong></span> <span class='ocrx_word' id='word_1_438' title='bbox 2666 1293 2791 1363; x_wconf 88' lang='lat' dir='ltr'><strong>quia</strong></span> <span class='ocrx_word' id='word_1_439' title='bbox 2811 1294 3067 1366; x_wconf 87' lang='lat' dir='ltr'><strong>quidquid</strong></span> <span class='ocrx_word' id='word_1_440' title='bbox 3092 1298 3147 1355; x_wconf 90' lang='lat' dir='ltr'><strong>in</strong></span> <span class='ocrx_word' id='word_1_441' title='bbox 3177 1299 3282 1357; x_wconf 90' lang='lat' dir='ltr'><strong>hoc</strong></span> <span class='ocrx_word' id='word_1_442' title='bbox 3302 1302 3591 1374; x_wconf 88' lang='lat' dir='ltr'><strong>miramur,</strong></span> <span class='ocrx_word' id='word_1_443' title='bbox 3635 1308 3698 1363; x_wconf 87' lang='lat' dir='ltr'><strong>ab</strong></span> 
     </span>
    </p>
   </div>
   <div class='ocr_carea' id='block_1_83' title="bbox 3388 1397 3637 1471">
    <p class='ocr_par' dir='ltr' id='par_1_83' title="bbox 3388 1397 3637 1471">
     <span class='ocr_line' id='line_1_83' title="bbox 3388 1397 3637 1471; baseline 0.016 -19"><span class='ocrx_word' id='word_1_444' title='bbox 3388 1397 3503 1471; x_wconf 75' lang='lat' dir='ltr'><strong>[illo</strong></span> <span class='ocrx_word' id='word_1_445' title='bbox 3525 1410 3637 1469; x_wconf 85' lang='lat' dir='ltr'><strong>est,</strong></span> 
     </span>
    </p>
   </div>
   <div class='ocr_carea' id='block_1_84' title="bbox 2280 1474 3561 1560">
    <p class='ocr_par' dir='ltr' id='par_1_84' title="bbox 2280 1474 3561 1560">
     <span class='ocr_line' id='line_1_84' title="bbox 2280 1474 3561 1560; baseline 0.013 -30"><span class='ocrx_word' id='word_1_446' title='bbox 2280 1474 2430 1532; x_wconf 89' lang='lat' dir='ltr'><strong>Unde</strong></span> <span class='ocrx_word' id='word_1_447' title='bbox 2456 1476 2558 1547; x_wconf 90' lang='lat' dir='ltr'><strong>piis</strong></span> <span class='ocrx_word' id='word_1_448' title='bbox 2583 1474 2769 1544; x_wconf 86' lang='lat' dir='ltr'><strong>virtus,</strong></span> <span class='ocrx_word' id='word_1_449' title='bbox 2799 1486 2854 1535; x_wconf 91' lang='lat' dir='ltr'><strong>et</strong></span> <span class='ocrx_word' id='word_1_450' title='bbox 2879 1495 2977 1552; x_wconf 90' lang='lat' dir='ltr'><strong>per</strong></span> <span class='ocrx_word' id='word_1_451' title='bbox 2998 1495 3157 1554; x_wconf 89' lang='lat' dir='ltr'><strong>quem</strong></span> <span class='ocrx_word' id='word_1_452' title='bbox 3184 1485 3295 1541; x_wconf 88' lang='lat' dir='ltr'><strong>vita</strong></span> <span class='ocrx_word' id='word_1_453' title='bbox 3317 1491 3561 1560; x_wconf 86' lang='lat' dir='ltr'><strong>sepultis.</strong></span> 
     </span>
    </p>
   </div>
   <div class='ocr_carea' id='block_1_85' title="bbox 2277 1566 3669 1652">
    <p class='ocr_par' dir='ltr' id='par_1_85' title="bbox 2277 1566 3669 1652">
     <span class='ocr_line' id='line_1_85' title="bbox 2277 1566 3669 1652; baseline 0.014 -31"><span class='ocrx_word' id='word_1_454' title='bbox 2277 1566 2568 1626; x_wconf 79' lang='lat' dir='ltr'><strong>Praeteritis</strong></span> <span class='ocrx_word' id='word_1_455' title='bbox 2591 1570 2762 1626; x_wconf 86' lang='lat' dir='ltr'><strong>cecini</strong></span> <span class='ocrx_word' id='word_1_456' title='bbox 2786 1573 3035 1642; x_wconf 90' lang='lat' dir='ltr'><strong>patriam,</strong></span> <span class='ocrx_word' id='word_1_457' title='bbox 3065 1587 3253 1643; x_wconf 88' lang='lat' dir='ltr'><strong>genus,</strong></span> <span class='ocrx_word' id='word_1_458' title='bbox 3282 1587 3422 1649; x_wconf 89' lang='lat' dir='ltr'><strong>acta,</strong></span> <span class='ocrx_word' id='word_1_459' title='bbox 3452 1582 3669 1652; x_wconf 90' lang='lat' dir='ltr'><strong>libellis,</strong></span> 
     </span>
    </p>
   </div>
   <div class='ocr_carea' id='block_1_86' title="bbox 2280 1658 3596 1747">
    <p class='ocr_par' dir='ltr' id='par_1_86' title="bbox 2280 1658 3596 1747">
     <span class='ocr_line' id='line_1_86' title="bbox 2280 1658 3596 1747; baseline 0.015 -34"><span class='ocrx_word' id='word_1_460' title='bbox 2280 1658 2345 1714; x_wconf 87' lang='lat' dir='ltr'><strong>Et</strong></span> <span class='ocrx_word' id='word_1_461' title='bbox 2373 1668 2484 1716; x_wconf 90' lang='lat' dir='ltr'><strong>tota</strong></span> <span class='ocrx_word' id='word_1_462' title='bbox 2509 1672 2753 1719; x_wconf 89' lang='lat' dir='ltr'><strong>sanctum</strong></span> <span class='ocrx_word' id='word_1_463' title='bbox 2776 1673 3024 1736; x_wconf 88' lang='lat' dir='ltr'><strong>repetens</strong></span> <span class='ocrx_word' id='word_1_464' title='bbox 3051 1668 3119 1724; x_wconf 89' lang='lat' dir='ltr'><strong>ab</strong></span> <span class='ocrx_word' id='word_1_465' title='bbox 3145 1669 3350 1741; x_wconf 86' lang='lat' dir='ltr'><strong>origine</strong></span> <span class='ocrx_word' id='word_1_466' title='bbox 3376 1674 3451 1747; x_wconf 78' lang='grc' dir='ltr'><strong>(ά)</strong></span> <span class='ocrx_word' id='word_1_467' title='bbox 3480 1676 3596 1733; x_wconf 77' lang='lat' dir='ltr'><strong>dixi</strong></span> 
     </span>
    </p>
   </div>
   <div class='ocr_carea' id='block_1_87' title="bbox 2281 1752 3428 1834">
    <p class='ocr_par' dir='ltr' id='par_1_87' title="bbox 2281 1752 3428 1834">
     <span class='ocr_line' id='line_1_87' title="bbox 2281 1752 3428 1834; baseline 0.014 -27"><span class='ocrx_word' id='word_1_468' title='bbox 2281 1752 2534 1823; x_wconf 88' lang='lat' dir='ltr'><strong>Felicem,</strong></span> <span class='ocrx_word' id='word_1_469' title='bbox 2563 1754 2738 1813; x_wconf 89' lang='lat' dir='ltr'><strong>donec</strong></span> <span class='ocrx_word' id='word_1_470' title='bbox 2763 1756 3011 1827; x_wconf 85' lang='lat' dir='ltr'><strong>perfectae</strong></span> <span class='ocrx_word' id='word_1_471' title='bbox 3037 1767 3281 1834; x_wconf 88' lang='lat' dir='ltr'><strong>tempora</strong></span> <span class='ocrx_word' id='word_1_472' title='bbox 3305 1766 3428 1822; x_wconf 75' lang='lat' dir='ltr'><strong>vita:</strong></span> 
     </span>
    </p>
   </div>
   <div class='ocr_carea' id='block_1_88' title="bbox 2279 1843 3564 1927">
    <p class='ocr_par' dir='ltr' id='par_1_88' title="bbox 2279 1843 3564 1927">
     <span class='ocr_line' id='line_1_88' title="bbox 2279 1843 3564 1927; baseline 0.014 -29"><span class='ocrx_word' id='word_1_473' title='bbox 2279 1843 2582 1914; x_wconf 89' lang='lat' dir='ltr'><strong>Clauderet,</strong></span> <span class='ocrx_word' id='word_1_474' title='bbox 2610 1854 2665 1901; x_wconf 91' lang='lat' dir='ltr'><strong>et</strong></span> <span class='ocrx_word' id='word_1_475' title='bbox 2689 1848 2866 1917; x_wconf 92' lang='lat' dir='ltr'><strong>posito</strong></span> <span class='ocrx_word' id='word_1_476' title='bbox 2883 1849 3109 1909; x_wconf 89' lang='lat' dir='ltr'><strong>desertis</strong></span> <span class='ocrx_word' id='word_1_477' title='bbox 3134 1868 3360 1926; x_wconf 90' lang='lat' dir='ltr'><strong>corpore</strong></span> <span class='ocrx_word' id='word_1_478' title='bbox 3386 1861 3564 1927; x_wconf 85' lang='lat' dir='ltr'><strong>terris,</strong></span> 
     </span>
    </p>
   </div>
   <div class='ocr_carea' id='block_1_89' title="bbox 2283 1933 3566 2019">
    <p class='ocr_par' dir='ltr' id='par_1_89' title="bbox 2283 1933 3566 2019">
     <span class='ocr_line' id='line_1_89' title="bbox 2283 1933 3566 2019; baseline 0.012 -30"><span class='ocrx_word' id='word_1_479' title='bbox 2283 1933 2548 1991; x_wconf 85' lang='lat' dir='ltr'><strong>Tenderet</strong></span> <span class='ocrx_word' id='word_1_480' title='bbox 2572 1937 2759 1992; x_wconf 66' lang='lat' dir='ltr'><strong>aeterni</strong></span> <span class='ocrx_word' id='word_1_481' title='bbox 2786 1939 2976 1995; x_wconf 88' lang='lat' dir='ltr'><strong>merita</strong></span> <span class='ocrx_word' id='word_1_482' title='bbox 3007 1941 3077 1997; x_wconf 91' lang='lat' dir='ltr'><strong>ad</strong></span> <span class='ocrx_word' id='word_1_483' title='bbox 3098 1947 3367 2002; x_wconf 89' lang='lat' dir='ltr'><strong>consortia</strong></span> <span class='ocrx_word' id='word_1_484' title='bbox 3394 1950 3566 2019; x_wconf 86' lang='lat' dir='ltr'><strong>regni.</strong></span> 
     </span>
    </p>
   </div>
   <div class='ocr_carea' id='block_1_90' title="bbox 2284 2023 3705 2111">
    <p class='ocr_par' dir='ltr' id='par_1_90' title="bbox 2284 2023 3705 2111">
     <span class='ocr_line' id='line_1_90' title="bbox 2284 2023 3705 2111; baseline 0.014 -33"><span class='ocrx_word' id='word_1_485' title='bbox 2284 2023 2391 2080; x_wconf 89' lang='lat' dir='ltr'><strong>Sed</strong></span> <span class='ocrx_word' id='word_1_486' title='bbox 2417 2026 2541 2096; x_wconf 91' lang='lat' dir='ltr'><strong>quia</strong></span> <span class='ocrx_word' id='word_1_487' title='bbox 2563 2041 2669 2081; x_wconf 90' lang='lat' dir='ltr'><strong>non</strong></span> <span class='ocrx_word' id='word_1_488' title='bbox 2689 2028 2850 2085; x_wconf 89' lang='lat' dir='ltr'><strong>iidem</strong></span> <span class='ocrx_word' id='word_1_489' title='bbox 2869 2032 3079 2103; x_wconf 90' lang='lat' dir='ltr'><strong>tumuli,</strong></span> <span class='ocrx_word' id='word_1_490' title='bbox 3106 2035 3197 2106; x_wconf 90' lang='lat' dir='ltr'><strong>qui</strong></span> <span class='ocrx_word' id='word_1_491' title='bbox 3217 2038 3454 2095; x_wconf 84' lang='lat' dir='ltr'><strong>membra</strong></span> <span class='ocrx_word' id='word_1_492' title='bbox 3473 2041 3705 2111; x_wconf 85' lang='lat' dir='ltr'><strong>piorum,</strong></span> 
     </span>
    </p>
   </div>
   <div class='ocr_carea' id='block_1_91' title="bbox 2279 2114 3645 2203">
    <p class='ocr_par' dir='ltr' id='par_1_91' title="bbox 2279 2114 3645 2203">
     <span class='ocr_line' id='line_1_91' title="bbox 2279 2114 3645 2203; baseline 0.015 -33"><span class='ocrx_word' id='word_1_493' title='bbox 2279 2114 2350 2170; x_wconf 91' lang='lat' dir='ltr'><strong>Et</strong></span> <span class='ocrx_word' id='word_1_494' title='bbox 2374 2116 2563 2173; x_wconf 89' lang='lat' dir='ltr'><strong>merita</strong></span> <span class='ocrx_word' id='word_1_495' title='bbox 2590 2120 2895 2189; x_wconf 87' lang='lat' dir='ltr'><strong>occultant;</strong></span> <span class='ocrx_word' id='word_1_496' title='bbox 2921 2124 3218 2182; x_wconf 88' lang='lat' dir='ltr'><strong>animarum</strong></span> <span class='ocrx_word' id='word_1_497' title='bbox 3243 2130 3352 2185; x_wconf 89' lang='lat' dir='ltr'><strong>vita</strong></span> <span class='ocrx_word' id='word_1_498' title='bbox 3372 2143 3645 2203; x_wconf 81' lang='lat' dir='ltr'><strong>superstes</strong></span> 
     </span>
    </p>
   </div>
   <div class='ocr_carea' id='block_1_92' title="bbox 2285 2206 3640 2295">
    <p class='ocr_par' dir='ltr' id='par_1_92' title="bbox 2285 2206 3640 2295">
     <span class='ocr_line' id='line_1_92' title="bbox 2285 2206 3640 2295; baseline 0.015 -34"><span class='ocrx_word' id='word_1_499' title='bbox 2285 2206 2610 2278; x_wconf 89' lang='lat' dir='ltr'><strong>Corporibus</strong></span> <span class='ocrx_word' id='word_1_500' title='bbox 2636 2210 2850 2279; x_wconf 90' lang='lat' dir='ltr'><strong>functis,</strong></span> <span class='ocrx_word' id='word_1_501' title='bbox 2880 2217 3133 2283; x_wconf 61' lang='lat' dir='ltr'><strong>quaesitos</strong></span> <span class='ocrx_word' id='word_1_502' title='bbox 3160 2233 3388 2293; x_wconf 90' lang='lat' dir='ltr'><strong>corpore</strong></span> <span class='ocrx_word' id='word_1_503' title='bbox 3414 2222 3640 2295; x_wconf 88' lang='lat' dir='ltr'><strong>fructus,</strong></span> 
     </span>
    </p>
   </div>
   <div class='ocr_carea' id='block_1_93' title="bbox 2285 2297 3607 2382">
    <p class='ocr_par' dir='ltr' id='par_1_93' title="bbox 2285 2297 3607 2382">
     <span class='ocr_line' id='line_1_93' title="bbox 2285 2297 3607 2382; baseline 0.016 -29"><span class='ocrx_word' id='word_1_504' title='bbox 2285 2297 2354 2353; x_wconf 85' lang='lat' dir='ltr'><strong>Et</strong></span> <span class='ocrx_word' id='word_1_505' title='bbox 2377 2309 2501 2370; x_wconf 89' lang='lat' dir='ltr'><strong>post</strong></span> <span class='ocrx_word' id='word_1_506' title='bbox 2527 2316 2817 2374; x_wconf 89' lang='lat' dir='ltr'><strong>corporeos</strong></span> <span class='ocrx_word' id='word_1_507' title='bbox 2841 2306 3017 2364; x_wconf 90' lang='lat' dir='ltr'><strong>obitus</strong></span> <span class='ocrx_word' id='word_1_508' title='bbox 3044 2326 3153 2365; x_wconf 91' lang='lat' dir='ltr'><strong>non</strong></span> <span class='ocrx_word' id='word_1_509' title='bbox 3177 2322 3408 2382; x_wconf 87' lang='lat' dir='ltr'><strong>mortua,</strong></span> <span class='ocrx_word' id='word_1_510' title='bbox 3436 2319 3607 2374; x_wconf 88' lang='lat' dir='ltr'><strong>sentit</strong></span> 
     </span>
    </p>
   </div>
   <div class='ocr_carea' id='block_1_94' title="bbox 2288 2389 3706 2479">
    <p class='ocr_par' dir='ltr' id='par_1_94' title="bbox 2288 2389 3706 2479">
     <span class='ocr_line' id='line_1_94' title="bbox 2288 2389 3706 2479; baseline 0.017 -33"><span class='ocrx_word' id='word_1_511' title='bbox 2288 2389 2433 2447; x_wconf 68' lang='lat' dir='ltr'><strong>Laeta</strong></span> <span class='ocrx_word' id='word_1_512' title='bbox 2464 2393 2531 2467; x_wconf 82' lang='lat' dir='ltr'><strong>(c)</strong></span> <span class='ocrx_word' id='word_1_513' title='bbox 2561 2396 2765 2466; x_wconf 88' lang='lat' dir='ltr'><strong>bonos,</strong></span> <span class='ocrx_word' id='word_1_514' title='bbox 2795 2400 3028 2458; x_wconf 91' lang='lat' dir='ltr'><strong>cruciata</strong></span> <span class='ocrx_word' id='word_1_515' title='bbox 3054 2403 3255 2474; x_wconf 86' lang='lat' dir='ltr'><strong>malos,</strong></span> <span class='ocrx_word' id='word_1_516' title='bbox 3282 2423 3418 2479; x_wconf 91' lang='lat' dir='ltr'><strong>quos</strong></span> <span class='ocrx_word' id='word_1_517' title='bbox 3444 2426 3636 2469; x_wconf 88' lang='lat' dir='ltr'><strong>rursus</strong></span> <span class='ocrx_word' id='word_1_518' title='bbox 3662 2415 3706 2471; x_wconf 88' lang='lat' dir='ltr'><strong>iu</strong></span> 
     </span>
    </p>
   </div>
   <div class='ocr_carea' id='block_1_95' title="bbox 3440 2502 3645 2575">
    <p class='ocr_par' dir='ltr' id='par_1_95' title="bbox 3440 2502 3645 2575">
     <span class='ocr_line' id='line_1_95' title="bbox 3440 2502 3645 2575; baseline 0.015 -18"><span class='ocrx_word' id='word_1_519' title='bbox 3440 2502 3645 2575; x_wconf 87' lang='lat' dir='ltr'><strong>[ipsum</strong></span> 
     </span>
    </p>
   </div>
   <div class='ocr_carea' id='block_1_96' title="bbox 2287 2572 3583 2660">
    <p class='ocr_par' dir='ltr' id='par_1_96' title="bbox 2287 2572 3583 2660">
     <span class='ocr_line' id='line_1_96' title="bbox 2287 2572 3583 2660; baseline 0.017 -31"><span class='ocrx_word' id='word_1_520' title='bbox 2287 2572 2550 2647; x_wconf 89' lang='lat' dir='ltr'><strong>Tempore</strong></span> <span class='ocrx_word' id='word_1_521' title='bbox 2574 2591 2802 2639; x_wconf 89' lang='lat' dir='ltr'><strong>venturo</strong></span> <span class='ocrx_word' id='word_1_522' title='bbox 2825 2599 3019 2656; x_wconf 90' lang='lat' dir='ltr'><strong>corpus</strong></span> <span class='ocrx_word' id='word_1_523' title='bbox 3046 2598 3318 2660; x_wconf 88' lang='lat' dir='ltr'><strong>revocata,</strong></span> <span class='ocrx_word' id='word_1_524' title='bbox 3348 2572 3583 2651; x_wconf 64' lang='lat' dir='ltr'><strong>reinirto</strong></span> 
     </span>
    </p>
   </div>
   <div class='ocr_carea' id='block_1_97' title="bbox 2287 2664 3708 2757">
    <p class='ocr_par' dir='ltr' id='par_1_97' title="bbox 2287 2664 3708 2757">
     <span class='ocr_line' id='line_1_97' title="bbox 2287 2664 3708 2757; baseline 0.016 -38"><span class='ocrx_word' id='word_1_525' title='bbox 2287 2664 2526 2737; x_wconf 90' lang='lat' dir='ltr'><strong>Corpore</strong></span> <span class='ocrx_word' id='word_1_526' title='bbox 2544 2710 2559 2737; x_wconf 93' lang='lat'><strong>,</strong></span> <span class='ocrx_word' id='word_1_527' title='bbox 2589 2674 2859 2728; x_wconf 89' lang='lat' dir='ltr'><strong>communi</strong></span> <span class='ocrx_word' id='word_1_528' title='bbox 2886 2684 3053 2732; x_wconf 90' lang='lat' dir='ltr'><strong>metet</strong></span> <span class='ocrx_word' id='word_1_529' title='bbox 3080 2679 3124 2711; x_wconf 85' lang='grc'><strong>¹³</strong></span> <span class='ocrx_word' id='word_1_530' title='bbox 3152 2680 3434 2738; x_wconf 86' lang='lat' dir='ltr'><strong>indiscreta</strong></span> <span class='ocrx_word' id='word_1_531' title='bbox 3459 2696 3708 2757; x_wconf 89' lang='lat' dir='ltr'><strong>receptu.</strong></span> 
     </span>
    </p>
   </div>
   <div class='ocr_carea' id='block_1_98' title="bbox 2287 2755 3709 2845">
    <p class='ocr_par' dir='ltr' id='par_1_98' title="bbox 2287 2755 3709 2845">
     <span class='ocr_line' id='line_1_98' title="bbox 2287 2755 3709 2845; baseline 0.016 -36"><span class='ocrx_word' id='word_1_532' title='bbox 2287 2755 2469 2827; x_wconf 89' lang='lat' dir='ltr'><strong>Longa</strong></span> <span class='ocrx_word' id='word_1_533' title='bbox 2483 2758 2641 2827; x_wconf 89' lang='lat' dir='ltr'><strong>igitur</strong></span> <span class='ocrx_word' id='word_1_534' title='bbox 2653 2762 2781 2817; x_wconf 90' lang='lat' dir='ltr'><strong>mihi</strong></span> <span class='ocrx_word' id='word_1_535' title='bbox 2793 2765 3041 2823; x_wconf 88' lang='lat' dir='ltr'><strong>materies</strong></span> <span class='ocrx_word' id='word_1_536' title='bbox 3056 2783 3072 2835; x_wconf 94' lang='lat'><strong>;</strong></span> <span class='ocrx_word' id='word_1_537' title='bbox 3092 2780 3451 2844; x_wconf 86' lang='lat' dir='ltr'><strong>quantumque</strong></span> <span class='ocrx_word' id='word_1_538' title='bbox 3463 2774 3567 2831; x_wconf 89' lang='lat' dir='ltr'><strong>erit</strong></span> <span class='ocrx_word' id='word_1_539' title='bbox 3587 2755 3709 2845; x_wconf 68' lang='lat' dir='ltr'><strong>aevi,</strong></span> 
     </span>
    </p>
   </div>
   <div class='ocr_carea' id='block_1_99' title="bbox 2290 2846 3709 2937">
    <p class='ocr_par' dir='ltr' id='par_1_99' title="bbox 2290 2846 3709 2937">
     <span class='ocr_line' id='line_1_99' title="bbox 2290 2846 3709 2937; baseline 0.016 -36"><span class='ocrx_word' id='word_1_540' title='bbox 2290 2846 2517 2903; x_wconf 82' lang='lat' dir='ltr'><strong>Tantum</strong></span> <span class='ocrx_word' id='word_1_541' title='bbox 2544 2852 2648 2906; x_wconf 90' lang='lat' dir='ltr'><strong>erit</strong></span> <span class='ocrx_word' id='word_1_542' title='bbox 2675 2861 2730 2909; x_wconf 90' lang='lat' dir='ltr'><strong>et</strong></span> <span class='ocrx_word' id='word_1_543' title='bbox 2755 2855 2903 2911; x_wconf 89' lang='lat' dir='ltr'><strong>verbi</strong></span> <span class='ocrx_word' id='word_1_544' title='bbox 2928 2872 3109 2929; x_wconf 86' lang='lat' dir='ltr'><strong>super.</strong></span> <span class='ocrx_word' id='word_1_545' title='bbox 3148 2859 3193 2914; x_wconf 85' lang='grc' dir='ltr'>Ο</span> <span class='ocrx_word' id='word_1_546' title='bbox 3210 2862 3255 2918; x_wconf 89' lang='lat' dir='ltr'><strong>si</strong></span> <span class='ocrx_word' id='word_1_547' title='bbox 3282 2863 3457 2921; x_wconf 90' lang='lat' dir='ltr'><strong>dicere</strong></span> <span class='ocrx_word' id='word_1_548' title='bbox 3488 2865 3532 2898; x_wconf 82' lang='lat'>&quot;</span> <span class='ocrx_word' id='word_1_549' title='bbox 3556 2876 3709 2937; x_wconf 81' lang='lat' dir='ltr'><strong>gesta</strong></span> 
     </span>
    </p>
   </div>
   <div class='ocr_carea' id='block_1_100' title="bbox 2290 2937 3643 3025">
    <p class='ocr_par' dir='ltr' id='par_1_100' title="bbox 2290 2937 3643 3025">
     <span class='ocr_line' id='line_1_100' title="bbox 2290 2937 3643 3025; baseline 0.016 -33"><span class='ocrx_word' id='word_1_550' title='bbox 2290 2937 2483 2995; x_wconf 92' lang='lat' dir='ltr'><strong>Felicis</strong></span> <span class='ocrx_word' id='word_1_551' title='bbox 2512 2939 2578 3013; x_wconf 75' lang='grc' dir='ltr'><strong>(ι’)</strong></span> <span class='ocrx_word' id='word_1_552' title='bbox 2609 2943 2781 3013; x_wconf 90' lang='lat' dir='ltr'><strong>liceat,</strong></span> <span class='ocrx_word' id='word_1_553' title='bbox 2810 2954 3086 3018; x_wconf 90' lang='lat' dir='ltr'><strong>totumque</strong></span> <span class='ocrx_word' id='word_1_554' title='bbox 3112 2949 3302 3008; x_wconf 82' lang='lat' dir='ltr'><strong>eﬂerre</strong></span> <span class='ocrx_word' id='word_1_555' title='bbox 3328 2969 3424 3025; x_wconf 92' lang='lat' dir='ltr'><strong>per</strong></span> <span class='ocrx_word' id='word_1_556' title='bbox 3448 2956 3643 3012; x_wconf 82' lang='lat' dir='ltr'><strong>orbem</strong></span> 
     </span>
    </p>
   </div>
   <div class='ocr_carea' id='block_1_101' title="bbox 2287 3029 3711 3118">
    <p class='ocr_par' dir='ltr' id='par_1_101' title="bbox 2287 3029 3711 3118">
     <span class='ocr_line' id='line_1_101' title="bbox 2287 3029 3711 3118; baseline 0.009 -26"><span class='ocrx_word' id='word_1_557' title='bbox 2287 3029 2640 3108; x_wconf 58' lang='lat'><strong>529—530</strong></span> <span class='ocrx_word' id='word_1_558' title='bbox 2664 3034 2890 3093; x_wconf 87' lang='lat' dir='ltr'><strong>Nomina</strong></span> <span class='ocrx_word' id='word_1_559' title='bbox 2930 3040 3009 3096; x_wconf 90' lang='lat' dir='ltr'><strong>sic</strong></span> <span class='ocrx_word' id='word_1_560' title='bbox 3038 3043 3249 3111; x_wconf 80' lang='lat' dir='ltr'><strong>meriti,</strong></span> <span class='ocrx_word' id='word_1_561' title='bbox 3280 3063 3313 3100; x_wconf 88' lang='grc' dir='ltr'>υ</span> <span class='ocrx_word' id='word_1_562' title='bbox 3341 3047 3383 3100; x_wconf 90' lang='lat' dir='ltr'><strong>si</strong></span> <span class='ocrx_word' id='word_1_563' title='bbox 3407 3048 3559 3118; x_wconf 89' lang='lat' dir='ltr'><strong>copia</strong></span> <span class='ocrx_word' id='word_1_564' title='bbox 3588 3057 3711 3107; x_wconf 79' lang='lat' dir='ltr'><strong>tan-</strong></span> 
     </span>
    </p>
   </div>
   <div class='ocr_carea' id='block_1_102' title="bbox 3310 3137 3639 3210">
    <p class='ocr_par' dir='ltr' id='par_1_102' title="bbox 3310 3137 3639 3210">
     <span class='ocr_line' id='line_1_102' title="bbox 3310 3137 3639 3210; baseline 0.018 -19"><span class='ocrx_word' id='word_1_565' title='bbox 3310 3137 3385 3210; x_wconf 89' lang='lat' dir='ltr'><strong>[ta</strong></span> <span class='ocrx_word' id='word_1_566' title='bbox 3413 3140 3481 3195; x_wconf 90' lang='lat' dir='ltr'><strong>sit</strong></span> <span class='ocrx_word' id='word_1_567' title='bbox 3504 3140 3639 3207; x_wconf 85' lang='lat' dir='ltr'><strong>oris,</strong></span> 
     </span>
    </p>
   </div>
   <div class='ocr_carea' id='block_1_103' title="bbox 2288 3214 3711 3298">
    <p class='ocr_par' dir='ltr' id='par_1_103' title="bbox 2288 3214 3711 3298">
     <span class='ocr_line' id='line_1_103' title="bbox 2288 3214 3711 3298; baseline 0.016 -29"><span class='ocrx_word' id='word_1_568' title='bbox 2288 3214 2495 3283; x_wconf 84' lang='lat' dir='ltr'><strong>Quanta</strong></span> <span class='ocrx_word' id='word_1_569' title='bbox 2521 3232 2743 3289; x_wconf 87' lang='lat' dir='ltr'><strong>operum</strong></span> <span class='ocrx_word' id='word_1_570' title='bbox 2771 3221 2817 3254; x_wconf 73' lang='lat'>“</span> <span class='ocrx_word' id='word_1_571' title='bbox 2851 3223 3133 3298; x_wconf 87' lang='lat' dir='ltr'><strong>meritique</strong></span> <span class='ocrx_word' id='word_1_572' title='bbox 3158 3229 3365 3285; x_wconf 81' lang='lat' dir='ltr'><strong>manet!</strong></span> <span class='ocrx_word' id='word_1_573' title='bbox 3396 3230 3528 3286; x_wconf 86' lang='lat' dir='ltr'><strong>Nam</strong></span> <span class='ocrx_word' id='word_1_574' title='bbox 3564 3240 3711 3291; x_wconf 74' lang='lat' dir='ltr'><strong>tein-</strong></span> 
     </span>
    </p>
   </div>
   <div class='ocr_carea' id='block_1_104' title="bbox 3251 3319 3641 3394">
    <p class='ocr_par' dir='ltr' id='par_1_104' title="bbox 3251 3319 3641 3394">
     <span class='ocr_line' id='line_1_104' title="bbox 3251 3319 3641 3394; baseline 0.015 -17"><span class='ocrx_word' id='word_1_575' title='bbox 3251 3320 3403 3394; x_wconf 90' lang='lat' dir='ltr'><strong>[pore</strong></span> <span class='ocrx_word' id='word_1_576' title='bbox 3427 3319 3497 3380; x_wconf 88' lang='lat' dir='ltr'><strong>ab</strong></span> <span class='ocrx_word' id='word_1_577' title='bbox 3523 3324 3641 3393; x_wconf 84' lang='lat' dir='ltr'><strong>illo,</strong></span> 
     </span>
    </p>
   </div>
   <div class='ocr_carea' id='block_1_105' title="bbox 2289 3395 3491 3470">
    <p class='ocr_par' dir='ltr' id='par_1_105' title="bbox 2289 3395 3491 3470">
     <span class='ocr_line' id='line_1_105' title="bbox 2289 3395 3491 3470; baseline 0.015 -17"><span class='ocrx_word' id='word_1_578' title='bbox 2289 3395 2406 3464; x_wconf 85' lang='lat' dir='ltr'><strong>Quo</strong></span> <span class='ocrx_word' id='word_1_579' title='bbox 2425 3398 2654 3470; x_wconf 87' lang='lat' dir='ltr'><strong>primum</strong></span> <span class='ocrx_word' id='word_1_580' title='bbox 2683 3400 2786 3460; x_wconf 88' lang='lat' dir='ltr'><strong>ista</strong></span> <span class='ocrx_word' id='word_1_581' title='bbox 2813 3403 2929 3463; x_wconf 89' lang='lat' dir='ltr'><strong>dies</strong></span> <span class='ocrx_word' id='word_1_582' title='bbox 2946 3406 3174 3466; x_wconf 84' lang='lat' dir='ltr'><strong>Felicem</strong></span> <span class='ocrx_word' id='word_1_583' title='bbox 3202 3408 3307 3468; x_wconf 83' lang='lat' dir='ltr'><strong>ﬁne</strong></span> <span class='ocrx_word' id='word_1_584' title='bbox 3332 3412 3491 3470; x_wconf 87' lang='lat' dir='ltr'><strong>beato</strong></span> 
     </span>
    </p>
   </div>
   <div class='ocr_carea' id='block_1_106' title="bbox 2287 3486 3711 3580">
    <p class='ocr_par' dir='ltr' id='par_1_106' title="bbox 2287 3486 3711 3580">
     <span class='ocr_line' id='line_1_106' title="bbox 2287 3486 3711 3580; baseline 0.017 -37"><span class='ocrx_word' id='word_1_585' title='bbox 2287 3486 2557 3557; x_wconf 88' lang='lat' dir='ltr'><strong>Condidit,</strong></span> <span class='ocrx_word' id='word_1_586' title='bbox 2588 3500 2644 3549; x_wconf 90' lang='lat' dir='ltr'><strong>et</strong></span> <span class='ocrx_word' id='word_1_587' title='bbox 2670 3499 3312 3566; x_wconf 86' lang='lat' dir='ltr'><strong>carnemterris,animam</strong></span> <span class='ocrx_word' id='word_1_588' title='bbox 3337 3501 3484 3559; x_wconf 89' lang='lat' dir='ltr'><strong>dedit</strong></span> <span class='ocrx_word' id='word_1_589' title='bbox 3508 3505 3666 3565; x_wconf 81' lang='lat' dir='ltr'><strong>astris</strong></span> <span class='ocrx_word' id='word_1_590' title='bbox 3693 3523 3711 3580; x_wconf 88' lang='lat'><strong>;</strong></span> 
     </span>
    </p>
   </div>
   <div class='ocr_carea' id='block_1_107' title="bbox 2288 3578 3569 3662">
    <p class='ocr_par' dir='ltr' id='par_1_107' title="bbox 2288 3578 3569 3662">
     <span class='ocr_line' id='line_1_107' title="bbox 2288 3578 3569 3662; baseline 0.015 -28"><span class='ocrx_word' id='word_1_591' title='bbox 2288 3578 2367 3636; x_wconf 78' lang='lat' dir='ltr'><strong>Ex</strong></span> <span class='ocrx_word' id='word_1_592' title='bbox 2396 3581 2487 3639; x_wconf 91' lang='lat' dir='ltr'><strong>illo</strong></span> <span class='ocrx_word' id='word_1_593' title='bbox 2508 3598 2677 3655; x_wconf 90' lang='lat' dir='ltr'><strong>prope</strong></span> <span class='ocrx_word' id='word_1_594' title='bbox 2704 3594 2894 3644; x_wconf 85' lang='lat' dir='ltr'><strong>cuncta</strong></span> <span class='ocrx_word' id='word_1_595' title='bbox 2922 3588 3037 3647; x_wconf 89' lang='lat' dir='ltr'><strong>dies</strong></span> <span class='ocrx_word' id='word_1_596' title='bbox 3064 3600 3325 3662; x_wconf 86' lang='lat' dir='ltr'><strong>operante</strong></span> <span class='ocrx_word' id='word_1_597' title='bbox 3358 3594 3569 3654; x_wconf 89' lang='lat' dir='ltr'><strong>videtur</strong></span> 
     </span>
    </p>
   </div>
   <div class='ocr_carea' id='block_1_108' title="bbox 2285 3670 3655 3758">
    <p class='ocr_par' dir='ltr' id='par_1_108' title="bbox 2285 3670 3655 3758">
     <span class='ocr_line' id='line_1_108' title="bbox 2285 3670 3655 3758; baseline 0.015 -31"><span class='ocrx_word' id='word_1_598' title='bbox 2285 3670 2605 3732; x_wconf 84' lang='lat' dir='ltr'><strong>Confessore</strong></span> <span class='ocrx_word' id='word_1_599' title='bbox 2631 3674 2748 3746; x_wconf 89' lang='lat' dir='ltr'><strong>Dei,</strong></span> <span class='ocrx_word' id='word_1_600' title='bbox 2778 3679 2974 3749; x_wconf 88' lang='lat' dir='ltr'><strong>probat</strong></span> <span class='ocrx_word' id='word_1_601' title='bbox 2998 3690 3052 3738; x_wconf 91' lang='lat' dir='ltr'><strong>et</strong></span> <span class='ocrx_word' id='word_1_602' title='bbox 3078 3683 3197 3740; x_wconf 91' lang='lat' dir='ltr'><strong>sine</strong></span> <span class='ocrx_word' id='word_1_603' title='bbox 3222 3699 3449 3758; x_wconf 87' lang='lat' dir='ltr'><strong>corpore</strong></span> <span class='ocrx_word' id='word_1_604' title='bbox 3474 3689 3655 3746; x_wconf 87' lang='lat' dir='ltr'><strong>vivum</strong></span> 
     </span>
    </p>
   </div>
   <div class='ocr_carea' id='block_1_109' title="bbox 2289 3762 3706 3851">
    <p class='ocr_par' dir='ltr' id='par_1_109' title="bbox 2289 3762 3706 3851">
     <span class='ocr_line' id='line_1_109' title="bbox 2289 3762 3706 3851; baseline 0.015 -32"><span class='ocrx_word' id='word_1_605' title='bbox 2289 3762 2547 3835; x_wconf 88' lang='lat' dir='ltr'><strong>Christus,</strong></span> <span class='ocrx_word' id='word_1_606' title='bbox 2577 3776 2636 3823; x_wconf 86' lang='lat' dir='ltr'><strong>ut</strong></span> <span class='ocrx_word' id='word_1_607' title='bbox 2661 3770 2907 3826; x_wconf 89' lang='lat' dir='ltr'><strong>ostendat</strong></span> <span class='ocrx_word' id='word_1_608' title='bbox 2931 3772 3188 3843; x_wconf 87' lang='lat' dir='ltr'><strong>majorem</strong></span> <span class='ocrx_word' id='word_1_609' title='bbox 3216 3776 3269 3833; x_wconf 90' lang='lat' dir='ltr'><strong>in</strong></span> <span class='ocrx_word' id='word_1_610' title='bbox 3297 3786 3471 3835; x_wconf 88' lang='lat' dir='ltr'><strong>morte</strong></span> <span class='ocrx_word' id='word_1_611' title='bbox 3496 3782 3706 3851; x_wconf 86' lang='lat' dir='ltr'><strong>piorum</strong></span> 
     </span>
    </p>
   </div>
   <div class='ocr_carea' id='block_1_110' title="bbox 2287 3854 3707 3937">
    <p class='ocr_par' dir='ltr' id='par_1_110' title="bbox 2287 3854 3707 3937">
     <span class='ocr_line' id='line_1_110' title="bbox 2287 3854 3707 3937; baseline 0.014 -27"><span class='ocrx_word' id='word_1_612' title='bbox 2287 3854 2547 3913; x_wconf 85' lang='lat' dir='ltr'><strong>Virtutem</strong></span> <span class='ocrx_word' id='word_1_613' title='bbox 2569 3898 2587 3925; x_wconf 94' lang='lat'><strong>,</strong></span> <span class='ocrx_word' id='word_1_614' title='bbox 2615 3873 2773 3929; x_wconf 89' lang='lat' dir='ltr'><strong>quam</strong></span> <span class='ocrx_word' id='word_1_615' title='bbox 2803 3861 2909 3917; x_wconf 89' lang='lat' dir='ltr'><strong>vim</strong></span> <span class='ocrx_word' id='word_1_616' title='bbox 2928 3862 2983 3918; x_wconf 90' lang='lat' dir='ltr'><strong>in</strong></span> <span class='ocrx_word' id='word_1_617' title='bbox 3002 3864 3111 3919; x_wconf 89' lang='lat' dir='ltr'><strong>vita</strong></span> <span class='ocrx_word' id='word_1_618' title='bbox 3129 3881 3404 3937; x_wconf 85' lang='lat' dir='ltr'><strong>superesse</strong></span> <span class='ocrx_word' id='word_1_619' title='bbox 3426 3873 3707 3930; x_wconf 88' lang='lat' dir='ltr'><strong>malorum.</strong></span> 
     </span>
    </p>
   </div>
   <div class='ocr_carea' id='block_1_111' title="bbox 2354 3945 3707 4030">
    <p class='ocr_par' dir='ltr' id='par_1_111' title="bbox 2354 3945 3707 4030">
     <span class='ocr_line' id='line_1_111' title="bbox 2354 3945 3707 4030; baseline 0.012 -26"><span class='ocrx_word' id='word_1_620' title='bbox 2354 3945 2491 4006; x_wconf 83' lang='lat' dir='ltr'><strong>Ecce</strong></span> <span class='ocrx_word' id='word_1_621' title='bbox 2519 3950 2665 4007; x_wconf 84' lang='lat' dir='ltr'><strong>vides</strong></span> <span class='ocrx_word' id='word_1_622' title='bbox 2692 3954 2953 4009; x_wconf 87' lang='lat' dir='ltr'><strong>tumulum</strong></span> <span class='ocrx_word' id='word_1_623' title='bbox 2978 3969 3131 4011; x_wconf 88' lang='lat' dir='ltr'><strong>sacra</strong></span> <span class='ocrx_word' id='word_1_624' title='bbox 3170 3955 3416 4030; x_wconf 82' lang='lat' dir='ltr'><strong>Martyris</strong></span> <span class='ocrx_word' id='word_1_625' title='bbox 3461 3976 3581 4017; x_wconf 83' lang='lat' dir='ltr'><strong>ossa</strong></span> <span class='ocrx_word' id='word_1_626' title='bbox 3619 3972 3707 4021; x_wconf 85' lang='lat' dir='ltr'><strong>te-</strong></span> 
     </span>
    </p>
   </div>
   <div class='ocr_carea' id='block_1_112' title="bbox 2134 1002 2243 1069">
    <p class='ocr_par' dir='ltr' id='par_1_112' title="bbox 2134 1002 2243 1069">
     <span class='ocr_line' id='line_1_112' title="bbox 2134 1002 2243 1069; baseline 0 0"><span class='ocrx_word' id='word_1_627' title='bbox 2134 1002 2243 1069; x_wconf 74' lang='grc'><strong>65⁴</strong></span> 
     </span>
    </p>
   </div>
   <div class='ocr_carea' id='block_1_113' title="bbox 2140 1566 2207 1622">
    <p class='ocr_par' dir='ltr' id='par_1_113' title="bbox 2140 1566 2207 1622">
     <span class='ocr_line' id='line_1_113' title="bbox 2140 1566 2207 1622; baseline 0 0"><span class='ocrx_word' id='word_1_628' title='bbox 2140 1566 2207 1622; x_wconf 87' lang='lat'><strong>70</strong></span> 
     </span>
    </p>
   </div>
   <div class='ocr_carea' id='block_1_114' title="bbox 2146 2023 2215 2080">
    <p class='ocr_par' dir='ltr' id='par_1_114' title="bbox 2146 2023 2215 2080">
     <span class='ocr_line' id='line_1_114' title="bbox 2146 2023 2215 2080; baseline 0.014 -1"><span class='ocrx_word' id='word_1_629' title='bbox 2146 2023 2215 2080; x_wconf 81' lang='lat'><strong>75</strong></span> 
     </span>
    </p>
   </div>
   <div class='ocr_carea' id='block_1_115' title="bbox 2149 2571 2218 2627">
    <p class='ocr_par' dir='ltr' id='par_1_115' title="bbox 2149 2571 2218 2627">
     <span class='ocr_line' id='line_1_115' title="bbox 2149 2571 2218 2627; baseline 0 0"><span class='ocrx_word' id='word_1_630' title='bbox 2149 2571 2218 2627; x_wconf 88' lang='lat'><strong>80</strong></span> 
     </span>
    </p>
   </div>
   <div class='ocr_carea' id='block_1_116' title="bbox 2151 3028 2221 3085">
    <p class='ocr_par' dir='ltr' id='par_1_116' title="bbox 2151 3028 2221 3085">
     <span class='ocr_line' id='line_1_116' title="bbox 2151 3028 2221 3085; baseline 0.014 -1"><span class='ocrx_word' id='word_1_631' title='bbox 2151 3028 2221 3085; x_wconf 82' lang='grc'><strong>85</strong></span> 
     </span>
    </p>
   </div>
   <div class='ocr_carea' id='block_1_117' title="bbox 3434 4059 3611 4107">
    <p class='ocr_par' dir='ltr' id='par_1_117' title="bbox 3434 4059 3611 4107">
     <span class='ocr_line' id='line_1_117' title="bbox 3434 4059 3611 4107; baseline 0.023 -3"><span class='ocrx_word' id='word_1_632' title='bbox 3434 4059 3611 4107; x_wconf 86' lang='lat' dir='ltr'><strong>entem</strong></span> 
     </span>
    </p>
   </div>
   <div class='ocr_carea' id='block_1_118' title="bbox 2283 4048 3635 4214">
    <p class='ocr_par' dir='ltr' id='par_1_118' title="bbox 2283 4048 3635 4214">
     <span class='ocr_line' id='line_1_118' title="bbox 3434 4059 3611 4107; baseline 0.017 -2"><span class='ocrx_word' id='word_1_633' title='bbox 3434 4059 3611 4107; x_wconf 86' lang='lat' dir='ltr'><strong>entem</strong></span> 
     </span>
     <span class='ocr_line' id='line_1_119' title="bbox 2283 4048 3635 4214; baseline 0.014 -34"><span class='ocrx_word' id='word_1_634' title='bbox 2283 4125 2351 4181; x_wconf 86' lang='lat' dir='ltr'><strong>Et</strong></span> <span class='ocrx_word' id='word_1_635' title='bbox 2377 4128 2599 4184; x_wconf 91' lang='lat' dir='ltr'><strong>tacitum</strong></span> <span class='ocrx_word' id='word_1_636' title='bbox 2623 4130 2846 4188; x_wconf 89' lang='lat' dir='ltr'><strong>obtento</strong></span> <span class='ocrx_word' id='word_1_637' title='bbox 2872 4134 3073 4189; x_wconf 88' lang='lat' dir='ltr'><strong>servari</strong></span> <span class='ocrx_word' id='word_1_638' title='bbox 3109 4048 3635 4214; x_wconf 61' lang='lat' dir='ltr'><strong>marmore[gorpus</strong></span> 
     </span>
    </p>
   </div>
   <div class='ocr_carea' id='block_1_119' title="bbox 2285 4218 3703 4300">
    <p class='ocr_par' dir='ltr' id='par_1_119' title="bbox 2285 4218 3703 4300">
     <span class='ocr_line' id='line_1_120' title="bbox 2285 4218 3703 4300; baseline -0.022 -8"><span class='ocrx_word' id='word_1_639' title='bbox 2285 4218 2397 4291; x_wconf 80' lang='grc'>[(9)</span> <span class='ocrx_word' id='word_1_640' title='bbox 2425 4219 2594 4278; x_wconf 79' lang='lat' dir='ltr'><strong>Nemo</strong></span> <span class='ocrx_word' id='word_1_641' title='bbox 2619 4223 2790 4280; x_wconf 81' lang='lat' dir='ltr'><strong>oeulis</strong></span> <span class='ocrx_word' id='word_1_642' title='bbox 2816 4225 3088 4283; x_wconf 88' lang='lat' dir='ltr'><strong>hominum</strong></span> <span class='ocrx_word' id='word_1_643' title='bbox 3129 4242 3234 4299; x_wconf 82' lang='lat' dir='ltr'><strong>qua</strong></span> <span class='ocrx_word' id='word_1_644' title='bbox 3262 4244 3489 4300; x_wconf 61' lang='lat' dir='ltr'><strong>corpore</strong></span> <span class='ocrx_word' id='word_1_645' title='bbox 3527 4236 3703 4291; x_wconf 48' lang='grc' dir='ltr'><strong>θωπί,</strong></span> 
     </span>
    </p>
   </div>
   <div class='ocr_carea' id='block_1_120' title="bbox 3271 4321 3635 4396">
    <p class='ocr_par' dir='ltr' id='par_1_120' title="bbox 3271 4321 3635 4396">
     <span class='ocr_line' id='line_1_121' title="bbox 3271 4321 3635 4396; baseline 0.011 -21"><span class='ocrx_word' id='word_1_646' title='bbox 3271 4321 3410 4394; x_wconf 89' lang='lat' dir='ltr'><strong>[mus</strong></span> <span class='ocrx_word' id='word_1_647' title='bbox 3440 4323 3635 4396; x_wconf 85' lang='lat' dir='ltr'><strong>exstat]</strong></span> 
     </span>
    </p>
   </div>
   <div class='ocr_carea' id='block_1_121' title="bbox 2284 4402 3698 4489">
    <p class='ocr_par' dir='ltr' id='par_1_121' title="bbox 2284 4402 3698 4489">
     <span class='ocr_line' id='line_1_122' title="bbox 2284 4402 3698 4489; baseline 0.011 -30"><span class='ocrx_word' id='word_1_648' title='bbox 2284 4402 2517 4461; x_wconf 80' lang='lat' dir='ltr'><strong>Membra</strong></span> <span class='ocrx_word' id='word_1_649' title='bbox 2546 4404 2712 4463; x_wconf 92' lang='lat' dir='ltr'><strong>latent</strong></span> <span class='ocrx_word' id='word_1_650' title='bbox 2735 4406 2932 4479; x_wconf 90' lang='lat' dir='ltr'><strong>positi,</strong></span> <span class='ocrx_word' id='word_1_651' title='bbox 2973 4408 3179 4481; x_wconf 86' lang='lat' dir='ltr'><strong>placida</strong></span> <span class='ocrx_word' id='word_1_652' title='bbox 3211 4426 3337 4471; x_wconf 90' lang='lat' dir='ltr'><strong>caro</strong></span> <span class='ocrx_word' id='word_1_653' title='bbox 3362 4425 3536 4472; x_wconf 89' lang='lat' dir='ltr'><strong>morte</strong></span> <span class='ocrx_word' id='word_1_654' title='bbox 3553 4420 3698 4489; x_wconf 87' lang='lat' dir='ltr'><strong>quie-</strong></span> 
     </span>
    </p>
   </div>
   <div class='ocr_carea' id='block_1_122' title="bbox 3492 4507 3630 4579">
    <p class='ocr_par' dir='ltr' id='par_1_122' title="bbox 3492 4507 3630 4579">
     <span class='ocr_line' id='line_1_123' title="bbox 3492 4507 3630 4579; baseline -0.007 -15"><span class='ocrx_word' id='word_1_655' title='bbox 3492 4507 3630 4579; x_wconf 83' lang='lat' dir='ltr'><strong>[scit,</strong></span> 
     </span>
    </p>
   </div>
   <div class='ocr_carea' id='block_1_123' title="bbox 2289 4585 3571 4658">
    <p class='ocr_par' dir='ltr' id='par_1_123' title="bbox 2289 4585 3571 4658">
     <span class='ocr_line' id='line_1_124' title="bbox 2289 4585 3571 4658; baseline 0.013 -18"><span class='ocrx_word' id='word_1_656' title='bbox 2289 4585 2346 4641; x_wconf 89' lang='lat' dir='ltr'><strong>ln</strong></span> <span class='ocrx_word' id='word_1_657' title='bbox 2373 4602 2523 4658; x_wconf 90' lang='lat' dir='ltr'><strong>spem</strong></span> <span class='ocrx_word' id='word_1_658' title='bbox 2543 4597 2650 4645; x_wconf 75' lang='lat' dir='ltr'><strong>nun</strong></span> <span class='ocrx_word' id='word_1_659' title='bbox 2675 4605 2897 4648; x_wconf 88' lang='lat' dir='ltr'><strong>vacuam</strong></span> <span class='ocrx_word' id='word_1_660' title='bbox 2919 4593 3163 4651; x_wconf 58' lang='lat' dir='ltr'><strong>rediviva;</strong></span> <span class='ocrx_word' id='word_1_661' title='bbox 3191 4598 3404 4654; x_wconf 90' lang='lat' dir='ltr'><strong>condita</strong></span> <span class='ocrx_word' id='word_1_662' title='bbox 3430 4602 3571 4657; x_wconf 64' lang='lat' dir='ltr'><strong>vitae.</strong></span> 
     </span>
    </p>
   </div>
   <div class='ocr_carea' id='block_1_124' title="bbox 2286 4674 3617 4747">
    <p class='ocr_par' dir='ltr' id='par_1_124' title="bbox 2286 4674 3617 4747">
     <span class='ocr_line' id='line_1_125' title="bbox 2286 4674 3617 4747; baseline 0.014 -17"><span class='ocrx_word' id='word_1_663' title='bbox 2286 4674 2437 4732; x_wconf 89' lang='lat' dir='ltr'><strong>Unde</strong></span> <span class='ocrx_word' id='word_1_664' title='bbox 2462 4678 2622 4747; x_wconf 88' lang='lat' dir='ltr'><strong>igitur</strong></span> <span class='ocrx_word' id='word_1_665' title='bbox 2648 4687 2825 4737; x_wconf 91' lang='lat' dir='ltr'><strong>tantus</strong></span> <span class='ocrx_word' id='word_1_666' title='bbox 2851 4682 3161 4740; x_wconf 86' lang='lat' dir='ltr'><strong>circumstat</strong></span> <span class='ocrx_word' id='word_1_667' title='bbox 3191 4685 3370 4743; x_wconf 84' lang='lat' dir='ltr'><strong>limina</strong></span> <span class='ocrx_word' id='word_1_668' title='bbox 3402 4693 3617 4747; x_wconf 81' lang='lat' dir='ltr'><strong>terror?</strong></span> 
     </span>
    </p>
   </div>
   <div class='ocr_carea' id='block_1_125' title="bbox 2285 4765 3701 4848">
    <p class='ocr_par' dir='ltr' id='par_1_125' title="bbox 2285 4765 3701 4848">
     <span class='ocr_line' id='line_1_126' title="bbox 2285 4765 3701 4848; baseline 0.015 -28"><span class='ocrx_word' id='word_1_669' title='bbox 2285 4765 2415 4833; x_wconf 87' lang='lat' dir='ltr'><strong>Quis</strong></span> <span class='ocrx_word' id='word_1_670' title='bbox 2457 4776 2633 4826; x_wconf 87' lang='lat' dir='ltr'><strong>tantos</strong></span> <span class='ocrx_word' id='word_1_671' title='bbox 2659 4771 2770 4839; x_wconf 86' lang='lat' dir='ltr'><strong>agit</strong></span> <span class='ocrx_word' id='word_1_672' title='bbox 2796 4771 2901 4829; x_wconf 89' lang='lat' dir='ltr'><strong>huc</strong></span> <span class='ocrx_word' id='word_1_673' title='bbox 2928 4774 3154 4845; x_wconf 76' lang='lat' dir='ltr'><strong>populo‘s</strong></span> <span class='ocrx_word' id='word_1_674' title='bbox 3180 4777 3203 4831; x_wconf 75' lang='grc' dir='ltr'><strong>’ἰ</strong></span> <span class='ocrx_word' id='word_1_675' title='bbox 3243 4792 3488 4848; x_wconf 78' lang='lat' dir='ltr'><strong>quamam</strong></span> <span class='ocrx_word' id='word_1_676' title='bbox 3516 4799 3701 4843; x_wconf 84' lang='lat' dir='ltr'><strong>manus</strong></span> 
     </span>
    </p>
   </div>
   <div class='ocr_carea' id='block_1_126' title="bbox 3482 4886 3636 4932">
    <p class='ocr_par' dir='ltr' id='par_1_126' title="bbox 3482 4886 3636 4932">
     <span class='ocr_line' id='line_1_127' title="bbox 3482 4886 3636 4932; baseline 0.019 -3"><span class='ocrx_word' id='word_1_677' title='bbox 3482 4886 3636 4932; x_wconf 75' lang='lat' dir='ltr'><strong>urget</strong></span> 
     </span>
    </p>
   </div>
   <div class='ocr_carea' id='block_1_127' title="bbox 2148 4876 3679 5036">
    <p class='ocr_par' dir='ltr' id='par_1_127' title="bbox 2148 4876 3679 5036">
     <span class='ocr_line' id='line_1_128' title="bbox 3482 4886 3636 4932; baseline 0.019 -3"><span class='ocrx_word' id='word_1_678' title='bbox 3482 4891 3513 4929; x_wconf 94' lang='lat' dir='ltr'><strong>u</strong></span> <span class='ocrx_word' id='word_1_679' title='bbox 3581 4886 3636 4932; x_wconf 89' lang='lat' dir='ltr'><strong>et</strong></span> 
     </span>
     <span class='ocr_line' id='line_1_129' title="bbox 2148 4876 3679 5036; baseline 0.017 -35"><span class='ocrx_word' id='word_1_680' title='bbox 2148 4948 2249 5005; x_wconf 68' lang='lat'><strong>100</strong></span> <span class='ocrx_word' id='word_1_681' title='bbox 2290 4950 2602 5007; x_wconf 76' lang='lat' dir='ltr'><strong>Dzemonas?</strong></span> <span class='ocrx_word' id='word_1_682' title='bbox 2638 4954 2934 5027; x_wconf 88' lang='lat' dir='ltr'><strong>invitosque</strong></span> <span class='ocrx_word' id='word_1_683' title='bbox 2960 4960 3143 5030; x_wconf 79' lang='lat' dir='ltr'><strong>rapit?</strong></span> <span class='ocrx_word' id='word_1_684' title='bbox 3168 4876 3679 5036; x_wconf 57' lang='lat' dir='ltr'><strong>frustraqueIrlegbelli</strong></span> 
     </span>
    </p>
   </div>
   <div class='ocr_carea' id='block_1_128' title="bbox 2148 4215 2218 4271">
    <p class='ocr_par' dir='ltr' id='par_1_128' title="bbox 2148 4215 2218 4271">
     <span class='ocr_line' id='line_1_130' title="bbox 2148 4215 2218 4271; baseline 0.014 -1"><span class='ocrx_word' id='word_1_685' title='bbox 2148 4215 2218 4271; x_wconf 85' lang='lat'><strong>95</strong></span> 
     </span>
    </p>
   </div>
   <div class='ocr_carea' id='block_1_129' title="bbox 2223 5085 3703 5167">
    <p class='ocr_par' dir='ltr' id='par_1_129' title="bbox 2223 5085 3703 5167">
     <span class='ocr_line' id='line_1_131' title="bbox 2223 5085 3703 5167; baseline 0.019 -28"><span class='ocrx_word' id='word_1_686' title='bbox 2223 5086 2296 5156; x_wconf 79' lang='lat' dir='ltr'><strong>(c)</strong></span> <span class='ocrx_word' id='word_1_687' title='bbox 2326 5085 2415 5167; x_wconf 87' lang='lat' dir='ltr'><strong>Sic</strong></span> <span class='ocrx_word' id='word_1_688' title='bbox 2460 5091 2858 5167; x_wconf 78' lang='lat' dir='ltr'><strong>emendavimus</strong></span> <span class='ocrx_word' id='word_1_689' title='bbox 2900 5111 2965 5153; x_wconf 86' lang='lat' dir='ltr'><strong>ex</strong></span> <span class='ocrx_word' id='word_1_690' title='bbox 3008 5113 3136 5155; x_wconf 88' lang='lat' dir='ltr'><strong>mss.</strong></span> <span class='ocrx_word' id='word_1_691' title='bbox 3178 5102 3387 5160; x_wconf 89' lang='lat' dir='ltr'><strong>duobus</strong></span> <span class='ocrx_word' id='word_1_692' title='bbox 3431 5108 3703 5167; x_wconf 89' lang='lat' dir='ltr'><strong>codicibus</strong></span> 
     </span>
    </p>
   </div>
   <div class='ocr_carea' id='block_1_130' title="bbox 2144 5154 3703 5243">
    <p class='ocr_par' dir='ltr' id='par_1_130' title="bbox 2144 5154 3703 5243">
     <span class='ocr_line' id='line_1_132' title="bbox 2144 5154 3703 5243; baseline 0.019 -36"><span class='ocrx_word' id='word_1_693' title='bbox 2144 5154 2323 5243; x_wconf 48' lang='lat' dir='ltr'><strong>perm:</strong></span> <span class='ocrx_word' id='word_1_694' title='bbox 2355 5164 2621 5243; x_wconf 39' lang='lat' dir='ltr'><strong>et‘rec‘te;</strong></span> <span class='ocrx_word' id='word_1_695' title='bbox 2670 5163 2721 5218; x_wconf 91' lang='lat' dir='ltr'><strong>id</strong></span> <span class='ocrx_word' id='word_1_696' title='bbox 2752 5174 2835 5243; x_wconf 81' lang='lat' dir='ltr'><strong>est</strong></span> <span class='ocrx_word' id='word_1_697' title='bbox 2856 5207 2871 5229; x_wconf 93' lang='lat'><strong>,</strong></span> <span class='ocrx_word' id='word_1_698' title='bbox 2921 5154 3703 5243; x_wconf 43' lang='lat' dir='ltr'><strong>animacorpore—exata-</strong></span> 
     </span>
    </p>
   </div>
   <div class='ocr_carea' id='block_1_131' title="bbox 2143 5225 3703 5316">
    <p class='ocr_par' dir='ltr' id='par_1_131' title="bbox 2143 5225 3703 5316">
     <span class='ocr_line' id='line_1_133' title="bbox 2143 5225 3703 5316; baseline 0.017 -38"><span class='ocrx_word' id='word_1_699' title='bbox 2143 5225 2261 5316; x_wconf 50' lang='lat' dir='ltr'><strong>{ista</strong></span> <span class='ocrx_word' id='word_1_700' title='bbox 2289 5229 2483 5316; x_wconf 53' lang='lat' dir='ltr'><strong>fructus</strong></span> <span class='ocrx_word' id='word_1_701' title='bbox 2511 5229 2696 5314; x_wconf 54' lang='lat' dir='ltr'><strong>bonos,</strong></span> <span class='ocrx_word' id='word_1_702' title='bbox 2715 5225 2887 5289; x_wconf 80' lang='lat' dir='ltr'><strong>anima</strong></span> <span class='ocrx_word' id='word_1_703' title='bbox 2913 5240 3139 5294; x_wconf 80' lang='lat' dir='ltr'><strong>cruciata</strong></span> <span class='ocrx_word' id='word_1_704' title='bbox 3160 5225 3353 5312; x_wconf 61' lang='lat' dir='ltr'><strong>fractas</strong></span> 
     </span>
    </p>
   </div>
   <div class='ocr_carea' id='block_1_132' title="bbox 2142 5304 3699 5378">
    <p class='ocr_par' dir='ltr' id='par_1_132' title="bbox 2142 5304 3699 5378">
     <span class='ocr_line' id='line_1_134' title="bbox 2142 5304 3699 5378; baseline 0.018 -31"><span class='ocrx_word' id='word_1_705' title='bbox 2142 5304 2367 5378; x_wconf 57' lang='lat' dir='ltr'><strong>tempore</strong></span> <span class='ocrx_word' id='word_1_706' title='bbox 2402 5304 2572 5378; x_wconf 58' lang='grc' dir='ltr'><strong>ρίτης-ο</strong></span> <span class='ocrx_word' id='word_1_707' title='bbox 2598 5304 2651 5355; x_wconf 78' lang='lat' dir='ltr'><strong>in</strong></span> <span class='ocrx_word' id='word_1_708' title='bbox 2679 5304 2845 5373; x_wconf 78' lang='lat' dir='ltr'><strong>ipsum</strong></span> <span class='ocrx_word' id='word_1_709' title='bbox 2861 5324 3060 5378; x_wconf 66' lang='lat' dir='ltr'><strong>corpus</strong></span> <span class='ocrx_word' id='word_1_710' title='bbox 3086 5304 3322 5367; x_wconf 74' lang='lat' dir='ltr'><strong>reuocata</strong></span> <span class='ocrx_word' id='word_1_711' title='bbox 3350 5326 3520 5372; x_wconf 80' lang='lat' dir='ltr'><strong>metet.</strong></span> <span class='ocrx_word' id='word_1_712' title='bbox 3544 5304 3699 5375; x_wconf 56' lang='lat' dir='ltr'><strong>&#39;Edd.</strong></span> 
     </span>
    </p>
   </div>
   <div class='ocr_carea' id='block_1_133' title="bbox 2138 5363 3704 5454">
    <p class='ocr_par' dir='ltr' id='par_1_133' title="bbox 2138 5363 3704 5454">
     <span class='ocr_line' id='line_1_135' title="bbox 2138 5363 3704 5454; baseline 0.019 -38"><span class='ocrx_word' id='word_1_713' title='bbox 2138 5363 2287 5454; x_wconf 62' lang='grc' dir='ltr'><strong>ςνίῃ.</strong></span> <span class='ocrx_word' id='word_1_714' title='bbox 2317 5374 2372 5420; x_wconf 87' lang='lat' dir='ltr'><strong>et</strong></span> <span class='ocrx_word' id='word_1_715' title='bbox 2401 5363 2636 5454; x_wconf 80' lang='lat' dir='ltr'><strong>Poelm.,</strong></span> <span class='ocrx_word' id='word_1_716' title='bbox 2666 5363 2809 5454; x_wconf 64' lang='grc' dir='ltr'><strong>ιιὶιςη.</strong></span> <span class='ocrx_word' id='word_1_717' title='bbox 2843 5363 3131 5454; x_wconf 53' lang='lat' dir='ltr'><strong>Améem&#39;</strong></span> <span class='ocrx_word' id='word_1_718' title='bbox 3150 5363 3520 5454; x_wconf 60' lang='grc' dir='ltr'><strong>ὶιίὶιῖἆεὲἓέἶίξ</strong></span> <span class='ocrx_word' id='word_1_719' title='bbox 3542 5363 3704 5446; x_wconf 66' lang='grc' dir='ltr'><strong>ιῖἔῶ</strong></span> 
     </span>
    </p>
   </div>
   <div class='ocr_carea' id='block_1_134' title="bbox 2139 5433 3012 5517">
    <p class='ocr_par' dir='ltr' id='par_1_134' title="bbox 2139 5433 3012 5517">
     <span class='ocr_line' id='line_1_136' title="bbox 2139 5433 3012 5517; baseline 0.018 -31"><span class='ocrx_word' id='word_1_720' title='bbox 2139 5433 2633 5517; x_wconf 42' lang='grc' dir='ltr'><strong>ὺοιξὶξηςηιεὶᾳιιμιέ</strong></span> <span class='ocrx_word' id='word_1_721' title='bbox 2649 5433 2830 5517; x_wconf 54' lang='lat' dir='ltr'><strong>maloa,</strong></span> <span class='ocrx_word' id='word_1_722' title='bbox 2858 5449 3012 5517; x_wconf 80' lang='lat' dir='ltr'><strong>quod.</strong></span> 
     </span>
    </p>
   </div>
   <div class='ocr_carea' id='block_1_135' title="bbox 2217 5505 3695 5598">
    <p class='ocr_par' dir='ltr' id='par_1_135' title="bbox 2217 5505 3695 5598">
     <span class='ocr_line' id='line_1_137' title="bbox 2217 5505 3695 5598; baseline 0.016 -38"><span class='ocrx_word' id='word_1_723' title='bbox 2217 5505 2444 5598; x_wconf 46' lang='lat' dir='ltr'><strong>mss:</strong></span> <span class='ocrx_word' id='word_1_724' title='bbox 2464 5505 2751 5598; x_wconf 51' lang='lat' dir='ltr'><strong>duq‘codd.</strong></span> <span class='ocrx_word' id='word_1_725' title='bbox 2784 5505 2962 5598; x_wconf 77' lang='lat' dir='ltr'><strong>Germ.</strong></span> <span class='ocrx_word' id='word_1_726' title='bbox 2990 5527 3044 5573; x_wconf 89' lang='lat' dir='ltr'><strong>et</strong></span> <span class='ocrx_word' id='word_1_727' title='bbox 3070 5519 3200 5598; x_wconf 79' lang='lat' dir='ltr'><strong>editi</strong></span> <span class='ocrx_word' id='word_1_728' title='bbox 3228 5524 3460 5598; x_wconf 84' lang='lat' dir='ltr'><strong>quinque</strong></span> <span class='ocrx_word' id='word_1_729' title='bbox 3494 5539 3695 5598; x_wconf 76' lang='lat' dir='ltr'><strong>pateat;</strong></span> 
     </span>
    </p>
   </div>
   <div class='ocr_carea' id='block_1_136' title="bbox 2141 5575 3697 5662">
    <p class='ocr_par' dir='ltr' id='par_1_136' title="bbox 2141 5575 3697 5662">
     <span class='ocr_line' id='line_1_138' title="bbox 2141 5575 3697 5662; baseline 0.018 -35"><span class='ocrx_word' id='word_1_730' title='bbox 2141 5582 2198 5629; x_wconf 87' lang='lat' dir='ltr'><strong>et</strong></span> <span class='ocrx_word' id='word_1_731' title='bbox 2216 5575 2467 5662; x_wconf 54' lang='lat' dir='ltr'><strong>duo‘tnss.</strong></span> <span class='ocrx_word' id='word_1_732' title='bbox 2497 5580 2844 5662; x_wconf 66' lang='lat' dir='ltr'><strong>adduntpost</strong></span> <span class='ocrx_word' id='word_1_733' title='bbox 2861 5597 3057 5656; x_wconf 80' lang='lat' dir='ltr'><strong>pateat,</strong></span> <span class='ocrx_word' id='word_1_734' title='bbox 3088 5592 3132 5643; x_wconf 76' lang='lat' dir='ltr'><strong>si</strong></span> <span class='ocrx_word' id='word_1_735' title='bbox 3153 5575 3470 5662; x_wconf 44' lang='lat' dir='ltr'><strong>capitati;</strong></span> <span class='ocrx_word' id='word_1_736' title='bbox 3487 5575 3697 5655; x_wconf 55' lang='lat'><strong>£51382</strong></span> 
     </span>
    </p>
   </div>
   <div class='ocr_carea' id='block_1_137' title="bbox 2214 5645 3660 5724">
    <p class='ocr_par' dir='ltr' id='par_1_137' title="bbox 2214 5645 3660 5724">
     <span class='ocr_line' id='line_1_139' title="bbox 2214 5645 3660 5724; baseline 0.018 -25"><span class='ocrx_word' id='word_1_737' title='bbox 2214 5645 2289 5714; x_wconf 71' lang='grc' dir='ltr'><strong>(θ)</strong></span> <span class='ocrx_word' id='word_1_738' title='bbox 2318 5645 2512 5705; x_wconf 79' lang='lat' dir='ltr'><strong>Versus</strong></span> <span class='ocrx_word' id='word_1_739' title='bbox 2540 5651 2631 5708; x_wconf 88' lang='lat' dir='ltr'><strong>ille</strong></span> <span class='ocrx_word' id='word_1_740' title='bbox 2658 5645 2872 5712; x_wconf 73' lang='lat' dir='ltr'><strong>additus</strong></span> <span class='ocrx_word' id='word_1_741' title='bbox 2894 5667 2977 5713; x_wconf 88' lang='lat' dir='ltr'><strong>est</strong></span> <span class='ocrx_word' id='word_1_742' title='bbox 3005 5645 3072 5715; x_wconf 63' lang='lat' dir='ltr'><strong>ei</strong></span> <span class='ocrx_word' id='word_1_743' title='bbox 3099 5645 3227 5718; x_wconf 69' lang='grc' dir='ltr'><strong>τηεέῖ</strong></span> <span class='ocrx_word' id='word_1_744' title='bbox 3252 5645 3660 5724; x_wconf 49' lang='lat' dir='ltr'><strong>causa};</strong></span> 
     </span>
    </p>
   </div>
  </div>
