1997 3090
240 144 294 172 ws

315 198 442 227 Prtesidet
455 198 512 233 ipse
522 196 577 225 suis
589 203 663 223 sacer
673 196 778 223 ossibus
789 197 804 228 ;'
816 201 929 229 ossaque
942 193 1027 220 sancti
1041 196 1064 224 Α

314 245 440 280 Corporis
459 244 484 271 in
500 242 603 270 tumulo
619 250 672 269 non
691 241 777 269 obsita
793 240 903 275 pulvere
923 239 1025 271 mortis,

315 292 420 318 Arcano
434 294 540 318 πίθηκε
554 288 601 315 sed
614 287 722 323 praedita
735 286 837 313 semine
851 285 921 318 vitm,

314 336 452 364 Vivilicum
467 335 568 369 spirant
586 333 680 360 animm
694 331 811 359 victricis
825 330 935 358 odorem
947 338 954 362 ;

246 384 295 410 490
313 382 372 416 Quo
387 381 518 409 medicina
533 384 627 414 potens
644 378 722 405 datur
736 376 909 404 exorantibus
921 374 1008 409 mgris.

349 428 453 460 Quanta
468 427 640 459 resurgentes
653 423 738 450 virtus
751 427 779 449 et
793 421 877 456 gloria
892 420 991 454 cinget,

314 474 473 508 Conjectare
487 472 558 503 licet,
575 478 636 498 cum
649 469 734 503 gratia
750 472 825 495 tanta
839 466 959 501 sepultos

315 520 440 551 Ambiat;
456 523 483 545 et
497 521 599 553 quanto
612 516 732 543 rediviva
747 514 845 541 decore
856 512 992 539 micabunt

315 567 434 601 Corpora
444 586 451 598 ,
468 564 495 591 in
507 562 628 591 obscuris
641 569 702 589 cum
716 561 750 587 sit
765 560 807 586 lux
824 563 898 585 tanta
912 555 1021 584 favillisl

246 613 296 641 l95
315 612 383 646 Quid
397 611 474 638 nobis
489 609 605 636 minimis
619 608 713 635 horum
729 610 856 640 przestare
870 610 976 631 corona:

314 658 452 687 Sufﬁcient
464 657 497 688 ‘°,
513 661 637 689 quorum,
652 657 679 680 et
692 653 796 679 cineres
810 650 875 677 dant
889 646 1029 676 commoda

896 693 974 731 [vivis
982 693 995 720 Ἰ

352 750 471 778 Cernere
489 755 559 783 saepe
570 747 646 782 juvat
658 745 741 773 variis
753 742 906 779 spectacula
921 739 1013 768 formis

315 796 381 824 Mira
394 795 557 823 salutantum
567 814 575 826 ,
590 796 617 820 et
631 791 681 819 sibi
694 797 807 825 quaeque
820 785 992 816 accommoda
1006 784 1029 800 “

915 831 996 868 [votis

286 893 288 895 ’
316 885 514 924 433-434
526 883 688 912 Poscentum
700 890 708 915 ;
723 880 815 909 videas
826 879 909 907 etiam
920 877 954 905 de
966 883 1029 904 rure
1044 886 1068 916 Β

873 924 996 961 [colonos

246 982 299 1009 200
316 979 375 1007 Non
390 978 477 1006 solum
490 975 594 1011 gremio
607 981 655 1002 sua
668 973 781 1009 pignora
795 976 808 990 ι
822 971 1030 1004 [εῐτεηρθιθιιιιο.

316 1024 370 1053 Sed
383 1031 479 1059 pecora
493 1028 564 1055 aegra
575 1027 656 1048 mann
667 1026 738 1054 saepe
748 1016 920 1045 introducere
928 1020 1031 1046 secum,

317 1070 352 1098 Et
363 1069 463 1097 Sancto
477 1066 552 1101 quasi
567 1064 713 1099 conspicuo
727 1062 854 1090 mandare
867 1060 987 1088 licenter.

317 1114 433 1148 Moxque
447 1112 536 1139 datam
550 1117 599 1138 sua
613 1108 729 1137 conﬁsos
742 1107 776 1135 ad
788 1110 852 1134 vota
864 1104 998 1133 medelam

318 1160 437 1195 Experto
447 1157 565 1192 gaudere
578 1155 644 1188 Deo,
661 1158 689 1181 et
698 1153 754 1188 jam
769 1151 879 1180 credere
892 1156 970 1182 sana,

247 1207 299 1235 205
318 1206 352 1233 Et
364 1212 428 1233 vere
441 1204 598 1239 plerumque
611 1200 685 1228 brevi
699 1202 792 1226 sanata
806 1197 855 1225 sub
869 1197 928 1231 ipso

319 1251 423 1279 Limine
436 1250 496 1276 l:eta
509 1248 565 1275 suis
576 1247 698 1281 iumenta
712 1243 842 1271 reducere
856 1241 944 1269 tectis.

354 1296 408 1324 Sed
436 1295 500 1329 quia
524 1293 658 1329 prolixum
679 1295 707 1318 et
728 1296 842 1317 vacuum
875 1292 1034 1323 percurrere

880 1334 997 1370 [cuncta,

317 1390 423 1423 Quanta
437 1387 506 1423 gerit
519 1385 594 1413 Felix
608 1382 737 1411 miracula
749 1380 859 1409 nomine
872 1380 896 1395 "
910 1376 1020 1410 Christi,

319 1435 408 1463 Unum
421 1434 455 1461 de
468 1432 559 1460 multis
572 1437 641 1466 opus
654 1427 810 1456 admirabile
824 1432 946 1461 promam

247 1483 300 1512 2l0
318 1479 465 1510 lnnumeris
478 1478 598 1514 paribus,
613 1475 661 1503 sed
674 1475 709 1502 ab
720 1481 775 1501 uno
787 1471 877 1508 pende
890 1470 996 1504 relicta,

318 1529 382 1563 Quae
393 1527 479 1555 virtus
491 1524 585 1553 eadem
598 1522 691 1557 gessit,
705 1519 831 1548 distantia
845 1517 943 1546 causis.

353 1572 467 1601 Pandite
493 1569 593 1601 corda,
618 1574 734 1602 precor,
760 1564 850 1592 brevis
871 1566 914 1590 est
936 1560 1069 1599 injuriae

604 1610 609 1615 ’
900 1607 997 1645 [vobis,

319 1667 387 1694 Dum
411 1662 504 1700 paucis
520 1666 646 1694 magnum
665 1656 822 1692 exiguisque
840 1660 909 1689 opus
922 1652 1035 1686 eloquor

907 1697 996 1734 [orsis

319 1757 353 1784 Et
366 1760 499 1783 memores
509 1751 595 1779 viduae
608 1749 695 1785 primo
708 1752 833 1775 sermone
845 1743 946 1775 relatae,

246 1804 299 1831 2l5
319 1802 404 1836 Quam
418 1800 489 1827 Deus
503 1805 518 1825 e
532 1795 618 1832 pretio
637 1793 734 1822 mentis
744 1812 753 1826 ,
776 1798 831 1819 non
843 1795 955 1817 munere
976 1794 1036 1815 cer-

911 1835 1000 1871 [nens,

320 1893 452 1922 Antetulit
464 1890 578 1918 multum
591 1886 766 1919 mittentibus,
782 1883 872 1912 omnia
886 1881 994 1909 dantem
1007 1888 1015 1906 :

319 1940 362 1967 Me
375 1944 482 1974 quoque
496 1937 564 1963 ferte
577 1933 630 1961 levi
644 1933 776 1961 dicentem
790 1936 887 1964 magna
900 1927 997 1955 relatu.

319 1985 353 2012 Et
365 1972 425 2011 mea
439 1972 554 2016 namque
568 1980 621 2007 illis
635 1982 698 2006 sunt
710 1976 805 2004 aemula
818 1974 901 2002 verba
914 1972 1033 2004 minutis,

320 2030 402 2064 Queis
415 2027 529 2064 pretium
542 2025 628 2060 pietas
640 2021 787 2057 pervilibus
801 2019 814 2038 ι’
830 2025 910 2046 aurea
924 2017 997 2045 fecit.

248 2077 302 2106 220
327 2062 342 2064 ἦ
354 2062 469 2109 Quidam
481 2072 564 2099 homo
576 2076 607 2096 re
618 2073 630 2087 ε
645 2066 734 2094 tenuis
744 2086 753 2099 ,
777 2063 897 2100 plebeius
920 2062 1034 2096 origine,

917 2107 1002 2144 [cultu

321 2164 458 2195 Rusticus,
477 2169 493 2189 e
506 2159 620 2195 geminis
631 2160 772 2192 angustam
786 2155 872 2182 bubus
885 2153 976 2180 alebat

321 2208 481 2245 Pauperiem
496 2202 705 2239 meroedejugi;
731 2208 802 2229 nunc
823 2199 937 2227 subdere
956 2197 1035 2232 plau-

928 2243 1002 2280 [stris
1050 2244 1077 2274 ι)

294 2312 297 2315 λ
323 2301 420 2329 Suetus
433 2306 491 2332 eos,
504 2295 579 2325 oneri
592 2298 671 2331 pacta
683 2292 794 2327 regione
806 2289 940 2323 vehendo,

323 2347 400 2374 Nunc
412 2351 501 2380 operm
514 2343 630 2379 pretium
642 2339 692 2368 sub
706 2342 794 2366 aratra
808 2336 896 2364 aliena
908 2334 1002 2363 locatis

700 141 729 168 S.
750 137 886 167 PAULINI
904 135 1028 165 NOLANI
1045 133 1197 164 EPISCOPI
1212 132 1383 163 POEMATA.

1805 127 1857 156 496

1147 191 1275 220 Esuriens
1286 191 1425 226 pascebat,
1440 195 1521 223 egens
1534 187 1598 221 sibi,
1613 187 1688 215 dives
1701 186 1728 214 in
1742 187 1801 220 illis,

1148 238 1267 272 Quorum
1277 236 1404 265 fecundus
1418 236 1494 263 labor
1508 234 1678 262 exsaturabat
1692 233 1715 252 "
1725 238 1855 268 egentem.

1078 283 1131 312 235
1182 283 1238 312 llos
1252 283 1332 318 igitur
1343 286 1397 310 tam
1411 289 1472 308 cara
1488 280 1526 315 (a)
1541 287 1595 308 suac
1609 280 1739 307 solamina
1754 279 1823 312 vite,

1148 329 1233 357 Nocte
1246 329 1327 356 miser
1337 328 1451 363 quadam
1466 333 1560 354 somno
1575 326 1696 360 graviore
1710 325 1836 360 sepultus,

1149 376 1244 404 Amisit
1254 374 1328 403 taciti
1338 375 1410 402 furto
1422 372 1555 408 pmdonis
1569 372 1678 399 abactos
1689 379 1697 404 ;

1148 421 1352 456 Exsurgensque
1365 419 1408 447 die
1423 419 1512 446 reduci
1521 438 1528 451 ,
1544 418 1577 445 de
1591 425 1666 445 more
1677 417 1809 451 jugandos

1149 466 1243 495 Infelix
1257 466 1345 502 primo
1359 466 1386 493 in
1400 465 1489 492 vacuis
1504 464 1666 499 praesepibus
1682 464 1768 494 intus,

1078 513 1130 540 2L0
1148 513 1263 548 Moxque
1275 512 1340 540 foris
1352 511 1448 539 frustra
1462 510 1532 537 notis
1546 509 1667 543 quaesivit
1680 509 1705 535 in
1720 509 1791 543 agris
1809 518 1814 533 :

1148 558 1221 586 Illico
1233 558 1281 586 sed
1298 558 1384 585 fessus
1398 556 1480 584 cassis
1494 555 1630 582 erroribus
1645 554 1714 580 ultro

1151 605 1237 640 'Atque
1250 604 1330 636 citro.
1345 606 1487 638 postquam
1498 600 1577 628 nullis
1591 599 1702 634 vestigia
1716 599 1800 634 signis

1149 650 1229 677 Certa
1243 649 1325 681 videt,
1341 649 1439 684 spebus
1453 647 1579 674 frustrata
1595 645 1691 681 indage
1705 645 1846 680 peremtis,

1151 695 1301 723 Humanam
1314 683 1440 729 desperat
1453 700 1543 728 opem,
1558 695 1586 719 et
1597 683 1698 726 pietate
1712 691 1843 725 repletus,

1080 742 1133 770 255
1151 742 1311 776 Adspirante
1323 741 1379 769 Deo
1393 739 1549 775 depressam
1563 738 1590 765 in
1603 740 1713 773 pectore
1725 736 1814 763 fracto

1150 787 1235 821 Erigit
1246 787 1272 814 in
1287 786 1383 814 coelum
1395 788 1528 817 mentem;
1543 786 1571 811 et
1583 790 1645 809 mox
1659 781 1740 809 corde
1754 780 1866 814 refecto,

1150 833 1331 861 Praesumente
1346 831 1397 859 fide
1410 826 1486 867 s'pem
1499 830 1557 858 voti
1570 828 1703 874 cpmpotis
1716 828 1822 862 haurit,

1148 879 1300 913 Sanctaque
1309 877 1406 905 Felicis
1418 875 1511 912 rapido
1525 873 1593 910 petit
1607 873 1674 901 atria
1684 881 1774 905 cursu,

1151 925 1340 959 Ingressusque
1349 929 1453 950 sacram
1463 921 1565 956 magnis
1575 928 1635 947 cum
1647 919 1753 947 fletibus
1763 919 1866 954 aulam,

1081 972 1133 1000 9.50
1151 971 1286 999 Sternitur
1300 974 1362 996 ante
1373 968 1454 1002 fores,
1468 971 1496 995 et
1510 966 1631 1002 postibus
1648 970 1660 984 ε
1675 965 1766 993 oscula
1780 963 1850 999 ﬁgit,

1152 1018 1186 1046 Et
1211 1017 1336 1053 lacrymis
1359 1015 1429 1051 rigat
1451 1020 1532 1041 omne
1561 1012 1668 1045 solum,
1699 1018 1749 1046 pro
1774 1010 1867 1037 limine

1723 1056 1833 1092 [sancto

1150 1110 1235 1137 Fusus
1250 1108 1333 1140 humi,
1348 1111 1376 1135 et
1389 1110 1481 1141 raptos
1494 1109 1625 1133 nocturna
1636 1102 1729 1131 fraude
1736 1102 1868 1137 iuvencos

1152 1156 1175 1183 Δ
1187 1155 1277 1183 Felice
1289 1154 1346 1189 pio,
1358 1153 1433 1181 velut
1446 1159 1462 1179 a
1476 1150 1587 1179 custode
1601 1149 1729 1185 reposcit,

1151 1200 1325 1235 increpitans,
1336 1199 1483 1232 miscetque
1494 1195 1631 1231 precantia
1642 1193 1722 1221 verba
1732 1192 1867 1228 querelis:

1081 1248 1134 1275 255
1187 1246 1347 1275 SancteDeo
1361 1244 1446 1277 Felix,
1460 1243 1568 1278 inopum
1583 1241 1743 1273 substantia,
1759 1246 1869 1275 semper

1153 1292 1206 1320 Pro
1219 1291 1324 1320 miseris
1337 1290 1413 1324 felix,
1428 1293 1457 1317 et
1470 1295 1576 1324 semper
1589 1287 1663 1315 dives
1677 1285 1777 1321 egenis,

1153 1340 1192 1368 Te
1204 1339 1324 1374 requiem
1337 1338 1415 1366 fessis
1425 1337 1495 1365 Deus
1504 1356 1512 1370 ,
1526 1335 1684 1369 aﬂlictisque
1696 1333 1834 1364 levamen,

1152 1385 1191 1414 Te
1203 1385 1292 1421 posuit
1304 1384 1407 1413 mestis
1419 1383 1452 1411 ad
1463 1382 1552 1411 saucia
1567 1381 1648 1409 corda
1660 1379 1790 1408 medelam
1805 1378 1842 1411 ⁸⁸,

1152 1432 1350 1470 ωτι-436
1367 1431 1513 1466 Propterea
1528 1433 1664 1464 tamquam
1678 1426 1781 1462 gremio
1800 1433 1869 1453 con-

1629 1473 1688 1510 [lisa
1707 1476 1834 1508 paterno,

1080 1524 1133 1551 260
1153 1523 1182 1552 in
1197 1528 1224 1552 te
1234 1523 1376 1559 pauperies
1393 1522 1402 1541 ί
1419 1525 1500 1557 caput
1513 1520 1639 1549 inclinata
1650 1519 1673 1535 “
1688 1517 1830 1546 recumbit.

1153 1569 1226 1597 Felix
1240 1573 1334 1597 sancte
1347 1574 1422 1596 meos
1440 1573 1546 1602 semper
1557 1566 1683 1593 miserate
1696 1564 1812 1595 labores,

1155 1614 1231 1642 Nunc
1243 1614 1326 1642 oblite
1337 1613 1400 1646 mei,
1412 1620 1460 1641 cur
1474 1619 1518 1639 me
1531 1617 1609 1645 rogo,
1623 1609 1666 1637 vel
1680 1609 1723 1636 cui
1737 1607 1838 1635 nudum

1155 1661 1280 1689 Deseris?
1294 1659 1371 1687 amisi
1385 1666 1464 1687 caros
1479 1662 1523 1685 tua
1537 1656 1608 1684 dona
1619 1655 1759 1690 iuvencos,

1153 1707 1231 1742 Saepe
1244 1706 1292 1734 tibi
1305 1705 1418 1741 supplex
1430 1711 1499 1739 quos
1511 1700 1701 1731 commendare
1713 1699 1854 1731 solebam;

1082 1754 1136 1782 265
1153 1754 1227 1788 Quos
1241 1757 1286 1780 tua
1300 1754 1432 1787 perpetuo
1445 1748 1570 1777 servabat
1582 1754 1646 1775 cura
1659 1746 1760 1777 favore,

1154 1799 1338 1832 Pascebatque
1347 1795 1424 1823 mihi.
1440 1795 1497 1822 Tua
1512 1801 1574 1821 nam
1588 1791 1710 1821 custodia
1719 1790 1817 1822 salvus,

1155 1845 1309 1878 Dextraque
1321 1840 1456 1869 sufﬁciens
1470 1840 1530 1867 illos
1544 1837 1688 1874 praestabat
1700 1836 1813 1871 opimos,

1153 1891 1226 1925 Quos
1238 1889 1338 1917 misero
1355 1886 1421 1915 mihi
1437 1893 1492 1914 nox
1509 1885 1567 1913 haec
1585 1882 1704 1911 abstulit.
1724 1881 1783 1908 Heu
1801 1879 1868 1915 quid

1633 1928 1720 1965 [agam
1735 1934 1806 1954 nunc
1819 1926 1832 1952 ἵ

1155 1982 1215 2017 Quo
1232 1981 1362 2016 deceptus
1387 1978 1469 2007 eam?
1490 1984 1571 2013 quem
1591 1973 1738 2003 criminer?
1760 1972 1800 1999 An
1821 1970 1869 1998 tibi

1748 2017 1792 2056 [de
1806 2020 1836 2045 te

1085 2074 1137 2102 270
1153 2072 1330 2108 Conquerar?
1348 2071 1586 2103 immemoremque
1604 2068 1657 2095 mei
1677 2064 1810 2094 accusabo
1824 2071 1870 2099 pa-

1711 2115 1816 2138 tronum
1822 2109 1835 2136 ἲ

1463 2127 1469 2133 -
1711 2111 1835 2138 tronum'!

1157 2164 1208 2198 Qui
1223 2163 1288 2191 mihi
1301 2162 1389 2198 sopito
1404 2165 1458 2188 tam
1470 2160 1582 2188 densum
1596 2111 1714 2192 irreperg
1723 2161 1858 2184 somnum.

1157 2210 1196 2238 Ne
1218 2216 1277 2238 mea
1303 2207 1430 2236 sentirem
1453 2204 1620 2244 perfringere
1645 2203 1763 2231 claustra
1781 2200 1806 2217 ⁸⁸
1831 2200 1869 2226 la-

1723 2247 1836 2283 [trones,

1159 2300 1257 2328 Passus
1268 2299 1318 2328 es?
1331 2303 1360 2327 et
1370 2298 1444 2326 nullo
1457 2295 1558 2331 fregisti
1572 2295 1638 2322 dura
1652 2299 1754 2328 pavore

1159 2345 1294 2374 Pectora?
1307 2352 1357 2372 uec
1367 2344 1453 2371 lucem
1466 2341 1583 2369 tenebris
1597 2339 1721 2374 furtoque
1734 2336 1828 2365 dedisti
1840 2336 1853 2363 τ

250 2393 306 2421 925
324 2390 492 2427 pwpemﬁs
503 2388 606 2416 habens
618 2385 733 2414 “dum”
745 2391 754 2417 ἶ
773 2390 835 2418 spes
848 2381 927 2409 ³¹¹¹ὶ²
940 2387 1037 2415 resque
1088 2393 1140 2421 275
1162 2393 1216 2421 Aut
1228 2393 1288 2420 ullis
1302 2391 1428 2427 profugos
1439 2388 1538 2418 curasti
1553 2386 1667 2423 prodere
1679 2384 1784 2419 signis?

326 2438 393 2466 Tota
404 2436 477 2471 inopi
489 2442 537 2471 par
548 2433 612 2461 illud
625 2435 693 2460 erat.
709 2430 767 2457 Non
780 2429 869 2457 carior
881 2428 918 2456 illi

327 2482 482 2518 Progenies,
498 2484 544 2507 aut
557 2479 614 2514 ipse
626 2477 694 2505 sibi:
708 2475 755 2503 sed
767 2475 880 2510 pignora
894 2474 908 2492 α
922 2477 951 2501 et
964 2473 1037 2508 ipsos

323 2528 461 2560 Ducebat;
476 2532 562 2560 neque
572 2530 636 2551 cura
650 2522 737 2549 minor
749 2525 870 2549 saturare
882 2519 1020 2554 iuvencos,

325 2573 412 2608 Quam
426 2572 518 2600 dulces
531 2573 608 2597 natos
621 2568 754 2600 educere;
769 2566 875 2601 parcior
889 2566 971 2592 immo

239 2632 241 2634 ι
254 2621 307 2649 230
326 2619 409 2652 Natis,
421 2624 500 2652 quam
514 2614 604 2651 pecori
617 2620 682 2641 caro
694 2621 702 2646 ;
718 2620 771 2640 non
784 2611 904 2646 gramine
918 2609 964 2639 vili

324 2665 395 2696 illos,
411 2667 456 2691 aut
468 2661 552 2690 sterili
567 2660 653 2696 palea,
667 2658 715 2686 sed
729 2658 845 2692 tegmine
859 2655 950 2691 aprico

326 2710 452 2745 Algidus,
466 2712 493 2736 et
506 2707 539 2735 de
553 2706 623 2733 farre
636 2705 687 2733 sibi
701 2704 823 2737 natisque
837 2706 934 2737 negato

292 2773 305 2786 ⁸·
319 2766 348 2794 Id
362 2770 403 2794 est
415 2764 516 2791 liberos.
528 2761 594 2789 Vide
607 2769 633 2788 v.
649 2760 699 2787 ἠε
715 2764 742 2788 et
754 2759 817 2786 228.

293 2803 306 2822 δ
322 2801 389 2829 Vide
403 2803 458 2828 not.
475 2798 538 2825 256.

295 2843 306 2856 ε
323 2837 349 2864 ld
364 2840 406 2864 est
418 2834 516 2869 apibus.

290 2873 305 2892 ά
323 2871 350 2899 Id
362 2876 403 2899 est
417 2865 518 2898 liberos.
536 2866 600 2896 Vide
610 2874 636 2894 ν.
651 2865 714 2893 200.

1158 2438 1217 2472 Quo
1233 2426 1320 2475 gnodo
1343 2436 1491 2463 discurram
1509 2433 1520 2461 τ
1545 2440 1599 2467 quo
1622 2429 1750 2459 deferar?
1777 2426 1871 2454 Omnia

1759 2480 1837 2501 CZCCIS

1759 2480 1837 2501 czccts

1159 2530 1266 2558 Structa
1286 2528 1351 2556 mihi
1371 2526 1499 2558 latebris;
1523 2530 1594 2551 nunc
1616 2526 1645 2549 et
1666 2528 1726 2553 mea
1748 2473 1820 2546 lecta
1832 2517 1871 2544 vi-

1732 2565 1839 2602 [dentur

1160 2621 1255 2649 Clausa
1269 2619 1332 2646 mihi
1342 2639 1350 2652 ,
1366 2617 1487 2645 abductis
1500 2616 1546 2643 ubi
1559 2613 1693 2642 desolatus
1707 2610 1821 2638 alumnis

1161 2666 1203 2693 Nil
1223 2665 1308 2692 habeo
1323 2684 1331 2697 ,
1359 2663 1429 2699 quod
1449 2662 1548 2690 habere
1570 2660 1667 2692 velim;
1702 2656 1774 2693 quod
1796 2654 1873 2682 dulce

1715 2702 1837 2740 [videnli,

1128 2763 1141 2777 ο
1156 2757 1222 2785 Vide
1233 2760 1289 2784 not.
1304 2754 1366 2781 257.

1128 2793 1139 2812 ί
1153 2792 1244 2826 Virgil.
1257 2799 1293 2819 xu
1307 2789 1414 2826 Αὲηείὀ.

1126 2828 1165 2864 (a)
1181 2823 1228 2855 M's.
1242 2834 1309 2854 unus
1319 2825 1420 2858 Germ.,
1436 2823 1495 2850 sibi.
