1994 3088
164 133 213 161 ‘97
854 143 951 172 rom

990 146 1074 174 XVIII.
1723 150 1777 179 ωδ

160 192 211 220 280
228 193 312 223 Dulce
325 196 459 225 laboranti
474 206 526 227 non
541 199 616 227 irrita
630 199 715 234 gratia
730 206 846 236 praestet,
950 205 978 237 Δ

228 239 370 270 Oblectans
383 243 488 279 inopem
502 252 584 272 censu
597 245 735 280 fructuque
748 247 846 281 peculi,
1059 239 1198 274 Temporis
1211 239 1318 273 oblitus,
1335 239 1427 268 damni
1442 248 1554 274 memor,
1570 241 1638 269 ostia
1651 249 1735 277 prono

264 285 320 314 Hos
335 287 379 315 ubi
393 296 464 316 nunc
483 296 599 324 qumm
622 291 813 320 miserandus?
831 293 937 327 quando
1057 285 1111 313 Ore
1121 293 1255 321 premens,
1272 290 1330 314 toto
1344 287 1504 322 prohibebat
1515 295 1629 323 corpore
1644 289 1771 316 claustra.

687 337 740 373 [vel
754 345 866 373 usquam
879 339 902 355 ﬂ
1094 332 1146 360 Sed
1159 333 1250 361 multis
1264 332 1361 361 frustra
1375 334 1410 370 (ε)
1424 334 1559 369 pulsatum
1572 335 1684 363 vocibus
1694 343 1773 363 aures

226 376 364 405 Inveniam
378 379 467 407 tales?
480 384 526 407 aut
539 380 609 408 unde
621 381 723 416 parabo
740 387 863 417 repertos
872 383 885 404 ν

1058 377 1218 413 Aggreditur
1239 379 1356 407 violenta
1387 387 1482 408 manus
1503 389 1512 414 ;
1542 381 1704 416 tandemque
1729 389 1771 409 re-

225 422 276 455 Qui
287 422 360 451 solos
373 424 452 451 habui
465 428 597 453 contento:
610 425 724 454 rusticus
737 427 798 455 illos
1613 427 1700 463 [vellit
1713 427 1736 444 "

156 466 208 494 ἓθὸ
224 467 394 503 Paupertatis
407 470 494 504 opes?
508 469 582 506 Ipsos
594 471 674 506 igitur
687 472 753 499 mihi
764 472 856 506 redde,
986 469 1037 497 330
1056 469 1144 498 Turba
1158 470 1343 504 reluctantem,
1359 475 1386 499 et
1399 478 1491 500 sancta
1501 474 1595 509 procul
1606 474 1687 508 exigit
1698 475 1767 501 aula.

224 513 292 542 Nolo
306 514 383 542 alios.
406 515 460 543 Nec
472 523 519 544 eos
532 517 585 545 ulla
597 518 707 551 regione
720 518 864 552 requiram,
1090 516 1186 545 Pulsus
1197 517 1231 545 ab
1243 517 1347 545 aedituis
1360 517 1407 546 ﬂet
1419 519 1545 553 amarius,
1559 524 1588 548 et
1600 528 1647 548 sua
1663 521 1758 553 lugens

223 559 274 588 llic
287 560 352 587 mihi
365 561 515 589 debentur:
530 562 588 590 haec
601 563 660 591 illos
672 563 763 591 limina
776 564 899 598 reddent,
1054 564 1134 591 Tecta
1147 563 1224 599 petit,
1241 569 1368 592 resonant
1380 566 1507 600 plangore
1520 566 1623 595 silentia
1636 567 1733 600 noctis,

221 604 251 631 In
264 605 359 639 quibus
373 606 459 641 ipsum
472 611 500 635 te
511 607 623 643 supplex
636 608 782 644 adstringo,
798 609 899 644 tibique
1053 610 1196 644 Questibus
1208 610 1248 646 (ά)
1262 614 1290 639 et
1304 612 1406 646 magnis
1420 612 1473 640 late
1486 612 1545 640 loca
1555 614 1612 641 sola
1622 614 1767 641 resultant:

221 650 318 679 Haereo
330 660 338 685 ;
358 660 407 680 cur
419 659 537 687 quaeram
547 672 556 686 ,
572 656 618 681 aut
628 653 674 682 ubi
683 673 692 687 ,
706 661 774 689 quos
788 655 882 689 ignoro
895 655 934 683 la-
1055 655 1146 683 Donec
1159 659 1187 682 et
1197 655 1296 683 invitus
1308 656 1439 691 pervenit,
1454 661 1482 684 et
1495 661 1553 684 atra
1568 658 1671 685 silentis

775 700 899 737 [trones?
983 699 1034 728 555
1050 700 1206 735 Ingrediens
1217 702 1305 736 tuguri
1318 702 1477 736 penetralia,
1490 711 1583 731 rursus
1596 704 1630 739 ab
1642 704 1704 739 ipso

151 741 201 770 290
217 742 330 771 Debitor
343 743 387 771 hic
400 751 476 773 meus
489 748 549 778 est;
566 744 653 781 ipsum
666 753 716 781 pro
729 745 787 774 fure
801 747 898 774 tenebo
1051 745 1181 774 Culminis
1190 747 1301 774 introitu
1314 748 1398 781 taciti,
1414 752 1443 775 ut
1456 749 1583 784 praesepia
1596 738 1664 777 vidit

218 788 364 817 Custodem
376 798 383 816 :
408 794 436 817 tu
448 811 457 824 ,
480 794 573 819 sancte
586 811 595 826 ,
618 798 681 819 reus
700 791 765 819 mihi
776 811 785 825 ,
807 792 932 820 conscius
1052 792 1126 820 Nuda
1139 792 1230 826 boum,
1247 797 1275 821 et
1288 793 1375 821 nullos
1385 794 1451 821 dare
1464 794 1640 823 tintinnabula
1653 796 1758 831 pulsus,

813 837 876 874 [illis
887 846 894 864 :
1050 837 1169 865 Excussa
1182 841 1212 865 ut
1226 838 1330 866 cervice
1342 839 1424 866 boum
1437 840 1568 874 crepitare
1581 841 1713 875 solebant,

215 879 256 908 'I'e
268 884 349 909 teneo
362 889 370 913 ;
387 884 414 908 tu
425 881 477 909 scis
488 882 533 909 ubi
546 882 609 914 sint,
625 882 670 918 qui
685 882 784 910 lumine
798 882 896 910 Christi
946 893 968 923 Β
1051 882 1157 911 Mollius
1170 887 1217 911 aut
1227 883 1309 911 lentis
1321 891 1386 911 cava
1399 884 1497 919 linguis
1510 893 1564 914 {era
1578 886 1669 920 ferire,

213 927 318 956 Cuncta
327 932 356 956 et
364 934 457 963 operta
468 928 554 961 vides,
561 929 693 964 longeque
703 929 822 957 absentia
832 929 928 963 cernis,
980 927 1032 955 540
1049 928 1206 956 Αηῐιεηιωι]
1216 928 1328 957 reduces
1336 929 1399 957 dum
1409 934 1516 964 gutture
1526 932 1644 960 ruminat
1653 934 1763 962 escas":

190 998 193 1005 ,
211 973 248 1001 Et
260 974 336 1009 capis
345 994 353 1008 ,
368 974 519 1002 includente
536 975 601 1008 Deo,
617 983 670 1009 quo
684 980 779 1002 cuncta
794 979 927 1002 tenentur.
1048 973 1094 1000 His
1108 974 1222 1008 gravius,
1228 977 1363 1009 tamquam
1372 976 1485 1003 rescisso
1497 976 1615 1011 vulnere,
1627 977 1765 1013 planctum

153 1012 200 1048 ες
214 1021 304 1055 Atque
317 1020 377 1048 ideo
390 1021 488 1048 occulti
500 1021 581 1054 fures,
597 1029 764 1056 quacumque
779 1022 879 1049 latebra
1048 1018 1179 1053 Integrat:
1188 1023 1216 1047 et
1224 1026 1385 1054 quamquam
1395 1025 1475 1055 neget
1483 1028 1555 1056 aegro
1563 1030 1628 1050 cura
1634 1023 1763 1058 quietem,

211 1065 273 1099 Non
289 1065 337 1093 tibi
350 1065 481 1099 celantur,
495 1073 545 1094 nec
557 1066 591 1094 de
606 1070 632 1094 te
645 1068 759 1094 evadere
773 1071 894 1101 possunt,
1047 1065 1172 1100 Pcrvigili
1187 1065 1221 1102 (ε)
1236 1070 1327 1094 tamen
1340 1067 1398 1094 haec
1408 1067 1455 1094 dat
1470 1068 1618 1096 solamenta
1629 1069 1727 1103 dolori,

212 1111 287 1145 Quos
298 1116 325 1139 et
334 1111 389 1146 jam
399 1119 494 1139 manus
505 1120 557 1140 una
569 1115 650 1140 tenet.
669 1113 738 1140 Deus
746 1122 813 1140 unus
820 1114 927 1149 ubique,
1049 1110 1085 1138 Ut
1097 1111 1331 1140 bubus'swbulata
1346 1112 1402 1140 suis
1416 1113 1474 1141 loca
1488 1121 1603 1148 corpore
1617 1114 1675 1143 fuso

212 1156 315 1186 Christi
329 1157 426 1185 blanda
435 1158 498 1193 piis,
512 1157 561 1186 sed
576 1158 674 1193 iniquis
688 1158 797 1187 dextera
810 1159 919 1187 vindex.
977 1156 1030 1184 545
1048 1156 1144 1184 Pressa
1156 1156 1344 1192 superjaceat;
1363 1165 1414 1186 nec
1426 1158 1494 1186 duro
1509 1158 1591 1187 fracta
1605 1160 1686 1188 cubili

214 1205 307 1233 Redde
320 1205 403 1240 igitur
415 1205 491 1237 mihi,
501 1205 585 1233 redde
594 1205 677 1233 boves
690 1210 718 1234 et
728 1207 833 1242 con-ipe
847 1207 928 1235 fures,
1048 1201 1167 1230 Membra
1188 1201 1282 1230 dolent
1293 1221 1302 1235 ,
1320 1202 1397 1237 juvat
1410 1203 1467 1238 ipsa
1485 1203 1582 1238 injuria
1594 1212 1602 1238 ;
1627 1213 1677 1234 nec
1696 1206 1763 1234 situs

147 1250 194 1280 500
247 1251 301 1279 Sed
320 1259 376 1279 non
399 1259 491 1287 quaero
513 1259 596 1285 reos.
624 1252 740 1286 abeant,
763 1261 817 1281 non
837 1254 929 1282 nescio
1625 1251 1728 1287 [horret

795 1300 895 1337 [mores
1048 1292 1188 1320 Sordentis
1201 1293 1310 1327 stabuli,
1324 1293 1387 1328 quia
1402 1297 1496 1322 notum
1510 1295 1598 1323 reddit
1610 1296 1721 1325 odorem

213 1346 310 1373 Sancte
330 1349 410 1378 ιυοε,
431 1345 520 1374 nescis
533 1345 571 1382 (α)
591 1345 661 1374 male
681 1345 751 1374 facta
770 1346 928 1381 rependere,
1049 1339 1144 1367 Dilecti
1156 1339 1272 1374 pecoris,
1287 1347 1337 1367 nec
1351 1339 1432 1367 foetor
1445 1340 1520 1368 foetet
1533 1342 1644 1369 amanti.

798 1391 894 1428 [mavis
1048 1385 1076 1413 Si
1089 1392 1140 1420 qua
1156 1385 1194 1412 illi
1208 1389 1330 1413 extremo
1343 1386 1462 1413 tulerant
1476 1388 1587 1422 vestigia
1599 1395 1692 1423 gressu

212 1436 363 1465 Emendare
376 1437 463 1464 malos
476 1438 563 1470 venia,
581 1445 661 1473 quam
674 1437 787 1472 perdere
801 1444 890 1472 poma.
977 1430 1028 1458 350
1047 1431 1150 1466 Αερίείῑ
1163 1431 1196 1464 ³⁵ς
1211 1435 1239 1458 ει
1253 1431 1379 1466 Palliai“e
1392 1439 1472 1459 manu
1485 1432 1587 1460 calcata
1602 1438 1750 1462 retractans

250 1482 398 1511 Conveniat
412 1482 490 1510 nobis
502 1483 600 1517 igitur:
616 1482 655 1510 sic
668 1482 756 1510 divide
769 1489 874 1510 mecum

1047 1475 1168 1510 Ingemit,
1181 1480 1209 1504 et
1221 1476 1331 1505 refricat
1345 1477 1369 1493 "
1382 1477 1447 1505 totis
1458 1478 1514 1512 jam
1528 1478 1621 1513 frigida
1635 1480 1761 1509 membris

210 1527 277 1561 Quae
293 1531 340 1555 tua
351 1548 359 1560 ,
381 1534 441 1561 qum
460 1535 520 1554 mea
539 1531 620 1560 sunt;
646 1527 778 1555 indemnis
796 1531 849 1555 stet
867 1535 926 1555 mea
1047 1522 1129 1557 Signa
1141 1522 1260 1558 pedum;
1284 1527 1455 1558 mentemque
1471 1531 1546 1551 suam
1557 1545 1566 1558 ,
1580 1524 1645 1552 licet
1658 1526 1762 1554 eminus

791 1572 852 1608 [per
865 1576 893 1600 te
941 1574 965 1606 α
1046 1594 1047 1597 η
1645 1570 1727 1607 [absit

145 1617 192 1645 ωδ
213 1618 330 1652 Utilitas,
343 1619 470 1653 justeque
480 1623 540 1646 tuas
549 1618 693 1646 clementia
706 1622 796 1653 partes
1047 1614 1184 1649 Corpore.
1197 1619 1329 1642 sacratam
1343 1610 1440 1642 Felicis
1453 1614 1535 1642 mittit
1548 1615 1582 1643 ad
1595 1616 1695 1648 aulam.

210 1665 336 1692 Vindicet
348 1665 392 1698 ¹⁶;
411 1669 571 1700 mquatoque
585 1668 660 1692 tuum
671 1664 811 1692 libramine
822 1669 928 1692 constet
1038 1661 1165 1689 Felicem
1178 1660 1257 1694 ῧθιυν
1272 1660 1386 1689 Ρθιίοεω
1400 1661 1508 1688 nomine
1522 1661 1659 1689 clamans:

207 1708 362 1737 Judicium:
379 1710 427 1737 tibi
439 1710 513 1737 solve
529 1717 600 1742 reos,
614 1709 680 1736 mihi
691 1708 773 1736 redde
785 1709 925 1743 juvencos.
976 1706 1030 1735 355
1047 1707 1102 1735 Nec
1115 1706 1241 1742 desperat
1253 1714 1345 1741 opem,
1359 1714 1409 1734 nec
1422 1707 1508 1742 parcit
1523 1707 1635 1735 fundere
1651 1712 1724 1736 vota.

246 1754 318 1783 Ecce
332 1760 408 1783 tenes
422 1760 540 1791 pactum,
551 1755 643 1782 famuli
651 1754 707 1790 jam
722 1754 794 1781 nulla
805 1755 926 1783 morandi
1082 1753 1142 1781 Nox
1170 1753 1289 1781 medium
1314 1757 1465 1780 transvecta
1493 1753 1585 1788 polum
1608 1753 1764 1788 perfuderat

207 1801 298 1829 Causa
313 1802 380 1833 tibi;
396 1801 515 1829 accelera
526 1802 607 1828 tantis
620 1809 664 1829 me
674 1802 778 1829 solvere
791 1801 871 1830 curis.
1623 1798 1727 1835 [orbem

148 1846 190 1875 5|0
206 1847 278 1875 Nam
297 1847 364 1874 mihi
383 1851 456 1875 certa
470 1851 561 1874 manet
579 1847 711 1875 sententia
730 1846 826 1875 cedere
842 1852 854 1866 η
867 1855 926 1875 nus-
1048 1844 1116 1872 Pace
1130 1844 1287 1879 soporifera,
1301 1845 1449 1872 reticebant
1463 1844 1551 1871 omnia
1565 1852 1670 1878 somno,

761 1892 854 1929 [quam
868 1893 890 1910 "
1045 1890 1138 1918 Solum
1153 1890 1174 1906 "
1189 1889 1262 1917 illum
1277 1896 1324 1916 sua
1335 1889 1490 1924 pervigilem
1502 1897 1564 1924 spes
1579 1897 1698 1925 curaque
1712 1891 1760 1918 ha-

205 1939 302 1966 Donec
311 1939 463 1971 subvenias,
478 1946 529 1966 nec
542 1938 576 1965 ab
588 1938 640 1966 isto
652 1942 729 1974 poste
740 1938 817 1974 reﬁgi
829 1947 837 1972 ;
1623 1936 1724 1973 [bebat.

206 1984 244 2011 Ni
255 1984 294 2019 (ὸ)
309 1991 449 2019 properas,
464 1984 517 2012 isto
527 1983 660 2018 deponam
675 1984 701 2011 in
715 1984 806 2012 limine
819 1985 911 2018 vitam,
1047 1983 1115 2010 Ecce
1137 1987 1248 2018 repente
1275 1982 1332 2009 suis
1357 1981 1499 2016 strepitum
1521 1989 1570 2016 pro
1594 1982 1716 2016 postibus
1738 1984 1761 1998 "

204 2030 264 2057 Nec
276 2030 332 2064 jam
346 2031 492 2065 repperies,
503 2030 546 2057 cui
561 2029 655 2058 reddas
669 2038 730 2058 sero
744 2030 868 2058 reductos
879 2032 911 2058 ³ο.
1628 2030 1724 2065 laudit,

248 2075 325 2102 Talia
338 2082 404 2102 voce
417 2075 526 2109 quidem
540 2075 661 2110 querula,
676 2076 723 2103 sed
735 2080 825 2103 mente
837 2075 908 2103 ﬁdeli
975 2077 1027 2105 560
1046 2076 1079 2104 Et
1092 2076 1184 2111 pulsas
1197 2082 1326 2103 resonare
1340 2075 1411 2102 fores
1423 2083 1430 2108 ;
1446 2082 1500 2109 quo
1512 2076 1622 2103 territus
1634 2084 1731 2103 amens

141 2120 187 2149 515
206 2121 377 2154 Plorantem,
392 2125 504 2156 totoque
517 2121 560 2148 die
570 2122 628 2149 sine
639 2121 691 2149 line
704 2126 870 2157 precantem,
1047 2122 1197 2154 Exclamat,
1212 2127 1318 2149 rursum
1332 2120 1383 2148 sibi
1397 2120 1469 2148 fures
1482 2120 1575 2149 adfore
1585 2121 1716 2150 credens:

202 2168 316 2195 Audivit
330 2169 405 2195 lmtus
416 2176 468 2195 non
481 2167 578 2195 blando
591 2168 710 2203 supplice
723 2172 833 2204 martyr,
1044 2167 1113 2201 Quid
1127 2174 1212 2194 vacua
1225 2167 1359 2194 incassum
1372 2166 1494 2194 crudeles
1508 2167 1576 2194 ostia
1595 2167 1673 2194 vultis

203 2212 383 2249 $37-$38
407 2212 441 2239 Et
457 2220 506 2240 sua
534 2220 595 2240 cum
608 2212 722 2241 Domino
739 2213 832 2241 ludens
854 2221 920 2241 con-
1044 2213 1200 2247 Frangere?
1224 2212 1283 2239 Jam
1297 2212 1385 2240 nullus
1395 2212 1460 2239 mihi
1473 2212 1542 2245 bos;
1566 2212 1630 2247 quid
1643 2214 1763 2247 quaeritis

728 2258 802 2295 [vilia
816 2259 888 2291 risit;
938 2263 963 2293 ι)
1620 2257 1724 2293 [ιιιῑηῖ

206 2304 402 2338 Powentisque
417 2303 482 2335 ﬁde,
497 2311 552 2331 non
566 2303 689 2331 libertate
702 2303 818 2331 dolentis
1044 2302 1200 2330 vaenere
1212 2302 1267 2335 alii,
1278 2309 1338 2328 mea
1352 2305 1455 2328 tantum
1470 2301 1523 2328 vita
1536 2306 1672 2336 superstes

201 2350 293 2378 Motus
304 2369 313 2383 ,
336 2357 415 2385 opem
436 2352 582 2385 properat;
606 2348 698 2383 paucis
720 2356 795 2376 mora
816 2349 923 2376 ducitur
973 2348 1026 2376 ἵνθὸ
1042 2348 1106 2382 Quae
1119 2347 1200 2375 sociis
1212 2346 1309 2374 vestris
1320 2350 1350 2373 ut
1363 2346 1453 2383 prada
1466 2354 1543 2374 cassa
1557 2348 1696 2376 remansit.

792 2395 885 2432 [horis.
1080 2394 1190 2421 Dixerat
1202 2393 1260 2420 haec
1279 2396 1402 2419 metuens
1414 2401 1421 2418 :
1447 2392 1496 2420 sed
1509 2392 1533 2409 ³³
1547 2393 1620 2421 nullo
1634 2393 1688 2422 tine
1701 2403 1760 2422 ma-

139 2440 186 2469 320
238 2443 344 2470 [nterea
359 2443 465 2471 labente
478 2442 530 2475 die,
548 2441 604 2476 jam
615 2448 726 2476 vespere
741 2441 832 2474 ducto,
1631 2439 1724 2475 [nebat

205 2488 262 2516 Nec
275 2488 401 2523 precibus
414 2487 495 2515 dabat
513 2487 558 2515 ille
571 2487 680 2515 modum
693 2508 701 2520 ,
723 2494 775 2514 nec
794 2486 918 2519 ﬂetibus;
1044 2483 1191 2510 Liminibus
1203 2482 1306 2509 sonitus
1318 2489 1390 2518 :quo
1396 2482 1589 2515 crebrescente,
1605 2491 1656 2512 nec
1670 2485 1723 2512 ulla

821 2532 885 2569 [una
1044 2528 1232 2563 Respondente
1245 2528 1295 2555 sibi
1309 2528 1460 2563 pulsantum
1470 2536 1547 2563 voce,
1562 2530 1724 2565 propinquat

205 2580 263 2607 Vox
274 2583 334 2608 erat
347 2578 419 2606 aﬂixi
434 2578 454 2594 ³¹
469 2578 580 2612 foribus,
600 2578 658 2606 Non
671 2586 749 2606 eruar
763 2577 863 2605 istinc:
1044 2574 1194 2609 Suspensus
1215 2577 1359 2601 cunctante
1381 2573 1465 2608 gradu
1480 2594 1488 2608 ,
1516 2578 1545 2602 et
1569 2574 1616 2602 dat
1636 2575 1759 2610 postibus

203 2625 253 2653 llic
265 2625 378 2658 moriar,
393 2625 455 2652 vitae
469 2624 521 2651 nisi
534 2631 642 2651 causam
658 2624 780 2659 protinus
794 2623 853 2651 istic
1615 2621 1719 2658 [aurem

204 2672 338 2707 Accipiam
351 2680 357 2697 ς
373 2670 480 2698 tandem
492 2674 592 2704 tamen,
607 2674 635 2697 ιιι
643 2670 698 2705 jam
708 2670 821 2705 plurima
832 2674 917 2697 tutum
971 2666 1022 2692 570
1040 2665 1198 2698 Sollicitam,
1213 2668 1240 2692 et
1255 2664 1328 2691 rimis
1341 2664 1412 2692 acies
1425 2672 1474 2699 per
1487 2665 1588 2693 hiantia
1601 2666 1727 2700 claustra,

138 2715 185 2742 διδ
203 2716 260 2744 Nox
273 2721 407 2747 secretum
420 2716 506 2752 adytis
519 2715 577 2744 ﬁeri
593 2716 707 2751 cogebat
719 2724 726 2749 ;
741 2719 769 2743 et
783 2715 829 2743 ille

1040 2711 1097 2745 Qua
1112 2711 1232 2739 tenebris
1245 2710 1321 2738 albus
1334 2710 1396 2738 caeli
1415 2710 1492 2738 color
1505 2711 1646 2739 interlucet
1655 2732 1665 2745 ,

171 2785 277 2839 39:“
291 2785 431 2839 ἀίκειξξνι
512 2831 519 2839 ,
780 2829 804 2839 ,ί
1003 2770 1043 2839 {Si
1057 2767 1752 2839 iia“i.gs".‘fcﬁ?iii.°§3§iﬁ'f'$533713???quamius.

171 2805 277 2864 (arti:
470 2831 553 2859 codex
569 2835 596 2858 et
610 2830 670 2858 edd.
687 2829 713 2863 ι,
735 2829 805 2856 mala
816 2830 896 2865 facta.

1015 2805 1043 2839 ά)
1057 2805 1096 2831 Ita
1108 2812 1172 2831 mss.
1188 2805 1265 2830 codd.
1277 2811 1338 2830 cum
1352 2805 1395 2830 ed.
1410 2805 1501 2829 Schol.
1517 2805 1579 2835 Alii,
1597 2805 1750 2834 Queslubus.

1003 2805 1039 2875 ie)
1054 2840 1102 2875 Sic
1106 2846 1170 2875 cum
1177 2837 1308 2875 Sacchino
1318 2845 1368 2866 ms.
1380 2836 1466 2866 codex
1472 2836 1660 2866 Germanensis
1671 2846 1750 2867 unus.

174 2875 209 2912 ib)
231 2877 279 2908 Ms.
293 2878 406 2907 lGerm.
422 2885 482 2907 cum
491 2877 569 2906 editis
580 2878 712 2913 quinque,
727 2876 764 2905 Ni
776 2884 909 2911 properes.
966 2874 1065 2908 Ceteri,
1086 2874 1120 2902 Et
1134 2874 1213 2909 vigili.
