1997 3090
234 143 286 170 499

693 142 723 169 S.
744 141 878 170 PAULINI
896 141 1020 170 NOLANI
1041 141 1192 178 EPISCOH
1212 141 1381 171 POEMATA.

1728 167 1730 170 .
1787 143 1833 172 500

303 200 407 234 Inserit,
422 199 597 234 exploratque
611 198 654 226 diu
669 207 676 231 ;
691 206 740 226 nec
754 198 841 226 adhuc
854 199 906 226 sibi
919 198 1012 232 credit,
1027 200 1055 232 Α
1064 199 1117 227 415
1134 199 1169 227 Et
1181 199 1324 228 reserantis
1336 198 1426 227 adhuc
1438 198 1574 226 molimina
1585 204 1775 234 praevenerunt.

303 244 370 280 Quid
383 245 473 273 videat
486 254 492 271 τ
509 252 558 272 nec
573 245 643 271 enim
658 244 783 271 sublustri
796 244 896 272 lumine
913 245 999 272 noctis

303 292 372 319 Pura
388 291 453 319 iides
467 291 562 323 oculis,
577 291 658 319 dubio
673 295 763 318 tamen
778 291 834 326 ipsa
847 298 896 326 per
910 291 1017 318 umbras

234 337 285 365 5Ἱῦ
301 337 479 374 ﬁas-M0
508 336 628 371 Corpora
656 336 807 371 pulsantum
828 336 947 371 trepidos
968 344 1017 363 aue

749 382 829 419 [ferre
843 390 967 418 pavores,

302 430 436 466 Spemque
461 429 508 464 (a)
531 429 595 456 boni
627 436 734 463 cmpere
762 428 837 455 novis
861 428 1017 462 promittere

866 471 980 510 [formis.

340 522 398 550 Non
414 521 538 549 homines
555 520 664 557 pulsare
680 519 773 554 videt;
796 520 843 549 sed
861 519 932 555 quod
946 520 1019 548 videt

913 566 983 603 [esse

305 614 414 647 Verum,
427 621 481 641 non
493 612 575 641 audet
584 612 634 640 sibi
645 613 764 641 credere.
775 610 870 647 Magna
880 612 1017 648 profabor,

303 659 467 694 Quamquam
483 664 566 693 parva
580 658 636 686 Deo
650 658 787 691 miracula,
803 658 847 686 cui
859 658 930 693 sapit
939 664 1018 685 omne

232 706 285 733 380
305 705 404 732 Rerum
413 704 513 731 animal
527 711 618 736 sensu,
632 710 686 738 quo
698 703 808 738 jusserit
821 703 879 738 ipse
890 702 1005 730 Greater

305 751 481 786 Omnigenum
503 757 596 785 pecus.
620 749 689 777 Ecce
708 753 804 784 gerens
823 749 891 777 duce
904 748 1018 776 Numine

853 794 983 831 [mentem

305 841 357 869 Par
371 842 473 877 insigne
485 842 578 876 boum,
591 849 645 870 non
656 845 719 869 nota
735 848 785 877 per
794 841 853 868 avia
868 844 948 869 nocte

304 887 422 915 Venerat
438 888 471 915 ad
485 891 564 915 notas
574 887 652 915 nullis
666 887 815 915 rectoribus
826 886 909 919 aedes,

303 933 407 968 Sponte
421 933 509 968 quasi,
526 941 580 961 non
593 939 691 969 sponte
702 936 792 961 tamen
802 953 810 967 ,
823 933 886 967 quia
898 931 1020 960 Numinis

911 978 983 1014 [actu

178 1062 185 1069 ί
235 1023 289 1051 585
306 1023 420 1059 Ereptos
433 1024 539 1060 potiore
553 1031 635 1052 manu
648 1024 819 1059 praedonibus
832 1023 893 1069 illos

306 1069 405 1104 Egerat
417 1070 529 1097 occultis
544 1069 618 1097 Felix
630 1069 786 1097 moderatus
801 1066 922 1096 habenis.

340 1114 374 1141 Et
385 1119 525 1149 postquam
537 1114 679 1148 attigerant
693 1114 791 1142 assueti
804 1113 909 1142 culmen
923 1111 986 1140 tecti

308 1158 430 1186 Culmina
442 1159 484 1192 ”;
508 1159 655 1193 gaudentes
670 1159 758 1187 reditu
769 1179 777 1192 ,
800 1163 979 1194 expertasque
993 1157 1023 1186 ti-

874 1204 988 1240 [mentes

308 1251 357 1279 Sat
371 1250 408 1287 (ὁ)
422 1251 534 1279 memori
549 1255 653 1279 terrore
665 1258 774 1283 manus,
789 1250 865 1286 quasi
881 1254 975 1285 sponte
990 1250 1023 1277 ti-

872 1295 989 1332 [merent

242 1346 291 1373 590
310 1344 454 1372 instantem
468 1344 518 1372 sibi
529 1349 678 1380 raptorem,
690 1348 803 1380 quatere
817 1344 885 1372 ostia
897 1343 998 1378 junctis

310 1390 453 1418 Frontibus
465 1412 474 1425 ,
496 1395 524 1419 et
547 1395 683 1427 tamquam
703 1390 825 1418 manibus
847 1390 886 1417 sic
899 1389 1025 1418 cornibus

930 1435 989 1471 imi.

311 1480 345 1509 Ut
358 1480 496 1509 dominum
507 1481 628 1509 excirent
640 1480 740 1509 sonitu.
754 1479 809 1508 Sed
823 1480 932 1508 territus
946 1480 1000 1513 ille,

311 1526 412 1554 Rursus
425 1532 455 1554 ut
468 1527 559 1555 hostili
571 1527 671 1555 circum
684 1534 732 1555 sua
745 1527 860 1554 claustra
875 1526 1001 1560 tumultu,

312 1572 381 1600 Tuta
394 1573 474 1600 etiam
490 1573 578 1600 timuit
590 1580 598 1605 ;
616 1580 710 1600 rursus
724 1572 855 1607 sapientia
869 1572 948 1599 bruto

245 1617 296 1644 595
317 1617 444 1652 Adspirat
457 1617 549 1652 pecori
563 1624 672 1644 causam
687 1617 787 1644 sentire
802 1617 941 1648 morantis,

316 1663 403 1697 Atque
417 1663 581 1690 intellectum
596 1662 697 1690 domini
711 1670 832 1690 reserare
847 1662 974 1691 timentis.

315 1707 402 1734 Edere
414 1707 555 1741 mugitum,
571 1707 605 1734 de
618 1715 673 1742 quo
684 1707 824 1735 formidine
838 1707 914 1743 pulsa

317 1751 451 1780 Panderet
463 1752 578 1780 exclusis
592 1752 693 1779 aditum
707 1759 817 1780 securus
830 1752 954 1780 alumnis.

352 1798 399 1827 ille
412 1798 520 1833 inopina
535 1798 627 1826 videns
641 1798 722 1825 divini
737 1798 850 1833 insignia
863 1798 938 1831 doni,

248 1845 298 1873 ιυο
316 1845 406 1874 Haeret
426 1844 532 1875 adhuc,
556 1843 744 1879 trepidumque
765 1844 847 1871 etiam
868 1851 915 1871 sua
936 1843 1031 1878 gaudia

869 1888 996 1925 [turbant,

317 1936 433 1965 Credere
446 1943 501 1963 non
516 1935 618 1968 audet;
633 1935 727 1963 metuit
737 1943 792 1963 non
802 1934 931 1967 credere;
947 1934 1033 1962 cernit

318 1982 435 2015 Coram,
460 1981 505 2018 (ο)
528 1985 557 2009 et
574 1981 690 2015 caligare
714 1985 815 2016 putat;
839 1981 903 2008 dum
923 1981 1032 2017 respicit

898 2027 943 2064 [ad
955 2036 995 2060 se,

317 2073 416 2101 Diflidit
430 2077 532 2099 tantum
546 2078 606 2099 sese
617 2071 737 2106 potuisse
750 2072 849 2100 mereri
861 2081 868 2099 :

315 2118 370 2146 Sed
382 2121 476 2145 contra
489 2120 626 2151 reputans,
649 2123 665 2144 a
678 2124 731 2151 quo
743 2118 892 2152 speraverit
904 2118 938 2151 ‘°,
951 2118 1032 2146 audet

245 2164 298 2191 405
315 2163 440 2195 Credere,
456 2170 621 2197 cognoscens
633 2163 729 2191 Felicis
742 2169 817 2198 gesta
831 2165 947 2200 patroni.

350 2207 463 2244 Jamque
481 2209 658 2236 rubesceltant
678 2214 819 2245 rumpente
837 2215 850 2229 ιι
874 2210 1028 2245 crepuscula

895 2256 993 2291 [mane,
1041 2259 1068 2290 υ

316 2299 408 2327 Noctis
421 2303 449 2327 et
462 2303 589 2327 extremae
602 2300 663 2335 fuga
676 2301 873 2329 rarescentibus
885 2301 974 2334 astris,

316 2345 387 2373 Luce
400 2345 563 2373 subobscura
578 2346 620 2373 vel
634 2347 834 2374 sublucentibus
847 2346 960 2379 umbris,

315 2390 439 2425 (Imperat
452 2390 591 2425 ambiguos
604 2398 828 2429 rerum_peserare
839 2391 862 2407 ἰι
877 2391 991 2420 col0res.

246 2435 297 2463 ιιο
314 2435 390 2463 Tunc
402 2435 507 2462 demum
518 2439 581 2463 nota
595 2437 685 2471 specie
699 2436 748 2463 sibi
765 2436 851 2463 bubus
866 2436 973 2471 apertis,

316 2481 351 2509 Ut
363 2481 478 2517 primum
492 2489 598 2517 coepere
611 2482 695 2509 oculis
708 2482 855 2509 clarescere
865 2487 938 2514 sene,

315 2527 422 2555 Certior
435 2528 566 2560 exsultat,
580 2534 721 2555 removens
735 2531 763 2555 et
775 2527 880 2562 pessula
894 2528 1024 2562 claustris,

314 2573 388 2601 Ostia
402 2573 492 2601 laxato
505 2573 645 2601 stridentia
658 2573 767 2601 cardine
780 2573 869 2600 solvit.

352 2619 420 2647 Dum
433 2619 499 2647 facit
508 2619 569 2652 hoc,
582 2619 667 2654 juncti
682 2619 760 2647 simul
773 2619 893 2654 irrupere
904 2614 1023 2655 juvenci,

285 2680 298 2696 ⁸
307 2676 336 2704 id
349 2680 390 2704 est
402 2680 557 2710 erumpente.
743 2682 745 2684 ’

246 2746 265 2774 ϐ
280 2712 319 2747 (a)
333 2711 383 2744 Hic
390 2709 483 2739 versus
492 2710 658 2738 desideratur
668 2710 694 2737 in
704 2709 808 2738 duobus
816 2717 881 2738 mss.
892 2710 1028 2738 codicibus

269 2754 335 2774 erm.

269 2754 388 2816 eaSLSic
411 2781 580 2808 emendatum
598 2787 631 2808 ex
651 2780 735 2816 tribus
749 2787 813 2808 mss.
838 2780 988 2814 codicibus,
1008 2780 1027 2807 ‘2

247 2815 336 2844 Germ.
350 2820 378 2843 et
391 2815 403 2842 i
418 2816 510 2842 Barth.
523 2815 591 2842 Ante
605 2819 662 2843 erat
676 2815 763 2842 Stant.

282 2852 317 2885 (ε)
333 2850 395 2878 Mss.
407 2855 460 2878 tres
474 2851 556 2886 codd.
564 2855 591 2877 et
603 2851 644 2877 ed.
660 2848 763 2886 Schot.,
778 2850 935 2886 Comminus,
946 2856 969 2877 el
980 2859 1024 2877 m-

247 2886 329 2921 Iigare
341 2889 423 2921 putat,
440 2886 520 2914 male.
537 2885 602 2914 Vide
614 2893 699 2914 carm.
711 2885 754 2919 52,
772 2894 797 2914 v.
810 2886 871 2913 205.

1137 246 1244 273 Dimoto
1257 245 1348 273 faciles
1360 249 1499 273 cesserunt
1512 245 1588 272 obice
1600 249 1701 279 postes.

1136 290 1313 325 Oblatumque
1324 290 1376 318 sibi
1392 297 1456 318 mox
1469 290 1528 324 ipso
1542 289 1569 317 in
1582 290 1673 317 limine

1137 336 1310 371 Cognosctmt
1322 335 1421 363 hilares
1433 336 1532 368 laetum,
1544 335 1717 370 lambuntque
1730 335 1835 363 vicissim

1137 382 1312 416 Mulcentem,
1335 381 1469 416 labrisque
1487 389 1583 410 manus
1600 381 1732 417 palpantis
1746 380 1782 416 (ά)
1799 381 1836 408 in-

1689 426 1805 463 [undant,

1066 474 1118 502 420
1137 475 1224 510 Atque
1237 474 1357 503 habitum
1375 478 1463 502 totum
1482 479 1608 509 spumosa
1629 480 1679 509 per
1695 472 1781 501 oscula
1794 472 1837 500 fm-

1727 518 1807 554 [dant,

1138 565 1206 593 Dum
1221 565 1269 602 (e)
1288 565 1491 601 complectentis
1509 565 1611 593 domini
1630 564 1694 600 juga
1717 572 1777 592 cara
1798 565 1837 592 be-

1696 610 1808 646 [nignum

1136 657 1253 686 Molliter
1260 657 1352 686 obnixi
1365 656 1462 685 blanda
1475 656 1535 685 vice
1546 659 1639 691 pectus
1653 655 1687 691 (ι)
1702 655 1813 682 adulant.

1136 702 1211 730 illum
1222 703 1311 731 dilecti
1324 702 1429 738 pecoris
1440 709 1490 730 nec
1504 709 1604 729 cornua
1619 701 1727 732 laedunt,

1137 748 1169 776 Et
1178 750 1275 777 collata
1287 750 1363 785 quasi
1375 749 1471 777 molles
1481 749 1515 776 ad
1526 752 1636 783 pectora
1649 748 1750 775 frontes

1067 794 1119 823 425
1136 795 1275 829 Admovet,
1291 800 1319 824 et
1329 796 1452 824 manibus
1462 803 1516 823 non
1525 802 1622 830 aspera
1635 794 1724 829 lingua
1733 793 1838 824 videtur,

1137 841 1202 875 Qua:
1216 841 1335 870 lambens
1347 842 1427 869 etiam
1443 841 1575 869 silvestria
1588 840 1687 876 pabula
1701 839 1777 867 radit.

1175 889 1227 915 Sed
1242 893 1330 916 tamen
1344 889 1399 915 inec
1415 889 1493 920 inter,
1509 895 1561 914 non
1576 895 1646 914 vano
1660 886 1751 916 corde,
1765 885 1839 912 iidelis

1142 935 1265 962 Rusticus
1276 934 1357 961 cilicii
1371 934 1504 966 meminit,
1521 940 1607 967 neque
1621 936 1699 961 curat
1711 931 1814 959 anhelos

1141 980 1338 1017 Ml—Mz
1349 980 1417 1007 Ante
1427 980 1509 1007 boves
1516 979 1629 1006 stabulis
1637 978 1771 1011 inducere,
1779 980 1841 1011 posto

1624 1025 1688 1060 [que
1701 1024 1812 1051 laborem

1072 1072 1124 1100 450
1143 1072 1228 1107 Atque
1239 1072 1346 1105 iamem,
1356 1079 1479 1099 recreare
1489 1071 1557 1102 cibo,
1568 1078 1650 1105 quam
1659 1070 1754 1097 ducere
1762 1075 1842 1096 secum

1145 1117 1218 1148 illuc,
1232 1117 1301 1144 unde
1315 1125 1378 1143 suos
1394 1117 1503 1144 meruit.
1518 1116 1596 1143 Venit
1610 1122 1676 1149 ergo
1687 1114 1802 1142 reductos

1141 1162 1258 1196 Ducens,
1273 1170 1322 1190 nec
1337 1162 1424 1189 tacitis
1438 1162 1508 1190 celat
1517 1169 1567 1189 sua
1580 1161 1679 1196 gaudia
1692 1159 1777 1187 votis:

1144 1209 1178 1237 Et
1191 1209 1309 1237 referens
1322 1208 1419 1236 densas
1430 1208 1514 1236 trahit
1523 1208 1557 1236 ad
1566 1215 1615 1236 sua
1623 1207 1708 1235 verba
1719 1209 1842 1236 catervas;

1143 1255 1347 1290 ingrediturque
1359 1263 1450 1283 sacras
1463 1254 1567 1283 cunctis
1584 1253 1743 1281 mirantibus
1754 1250 1827 1279 aedes.

1076 1300 1128 1328 £35
1144 1300 1218 1334 Quos
1232 1300 1314 1328 miser
1327 1300 1454 1328 hesterno
1469 1299 1581 1327 amissos
1596 1298 1718 1330 deﬂerat,
1735 1295 1835 1324 eosdem

1144 1346 1291 1374 Prmentes
1302 1345 1383 1373 hodie
1396 1345 1488 1378 ducit;
1507 1345 1651 1379 sanctique
1664 1342 1815 1377 triumphum

1145 1391 1267 1427 Martyris
1281 1394 1398 1418 ostentat
1410 1390 1432 1406 “
1447 1390 1571 1426 populis;
1584 1389 1720 1417 ducuntur
1731 1392 1757 1415 et
1770 1386 1815 1421 ipsi

1146 1436 1199 1464 Per
1208 1436 1311 1464 medios
1325 1439 1420 1470 enatus,
1435 1435 1516 1464 modo
1529 1435 1617 1462 furum
1627 1433 1729 1469 praeda,
1741 1430 1844 1467 juvenci,

1147 1481 1182 1508 Et
1191 1481 1271 1509 modo
1284 1481 1381 1510 Felicis
1391 1481 1523 1516 spolium;
1534 1480 1580 1507 dat
1593 1480 1721 1508 euntibus
1734 1478 1818 1512 ingens

1077 1528 1129 1556 440
1147 1528 1235 1556 Turba
1249 1528 1347 1561 locum,
1361 1532 1390 1556 et
1403 1532 1478 1556 muto
1490 1528 1644 1556 celebratur
1654 1527 1736 1563 gloria
1749 1523 1835 1553 Christi

1147 1574 1176 1601 in
1191 1581 1299 1609 pecore.
1314 1573 1361 1601 ille
1374 1577 1474 1608 autem,
1488 1574 1533 1608 qui
1548 1573 1615 1600 tanti
1628 1572 1747 1600 muneris
1759 1571 1806 1598 alto

1148 1619 1235 1646 Causa
1248 1618 1298 1646 fuit
1309 1618 1431 1651 Domino,
1447 1618 1541 1646 mediis
1554 1619 1582 1646 in
1595 1618 1732 1645 liminibus
1745 1621 1811 1644 stans

1149 1665 1282 1700 Flensque
1292 1665 1398 1698 iterum,
1408 1664 1456 1692 sed
1466 1664 1566 1697 laetitia,
1576 1664 1661 1691 modo
1672 1662 1843 1691 debitaSancto

1149 1710 1218 1738 Vota
1232 1710 1323 1742 refert,
1338 1717 1393 1737 non
1405 1717 1459 1737 tere
1471 1709 1556 1745 gravi,
1566 1716 1617 1736 nec
1630 1716 1742 1737 munere
1751 1706 1831 1738 surdo,

1080 1757 1133 1785 M5
1150 1757 1259 1785 Munere
1272 1756 1318 1783 sed
1332 1756 1392 1783 vivo
1405 1755 1502 1789 linguae
1515 1755 1668 1789 mentisque
1679 1753 1803 1790 profusus,

1150 1803 1223 1831 Voce
1233 1803 1277 1838 pia
1291 1803 1393 1836 largum
1406 1806 1519 1829 testatur
1532 1809 1634 1836 pauper
1648 1801 1775 1829 honorem
1784 1798 1821 1824 ":

1151 1849 1261 1876 Debitor
1273 1852 1302 1875 et
1314 1841 1422 1875 Christo
1435 1847 1500 1875 satis
1513 1847 1566 1875 isto
1579 1847 1693 1882 pignore
1704 1846 1788 1879 solvit,

1149 1893 1319 1922 Immaculata
1329 1901 1383 1920 suae
1394 1893 1435 1920 cui
1450 1892 1547 1920 sullicit
1560 1892 1648 1920 hostia
1663 1892 1756 1919 laudis.

1184 1938 1309 1974 Captivos
1322 1946 1365 1971 en,
1381 1938 1489 1971 Sancte,
1502 1942 1564 1965 tuos
1576 1938 1624 1965 tibi
1637 1938 1717 1972 plebe
1727 1936 1774 1964 sub
1786 1933 1847 1962 omni

1081 1985 1133 2013 450
1150 1985 1241 2012 Victor
1254 1990 1324 2018 ago,
1347 1987 1375 2011 et
1399 1983 1512 2018 supplex
1535 1984 1632 2011 iterum
1650 1983 1700 2011 tibi
1714 1980 1866 2058 mfndotuell-

1694 2046 1697 2050 ς
1757 2027 1818 2054 dos:

1694 2046 1697 2050 ς
1739 2027 1818 2054 idos:

1148 2075 1285 2104 Conserva
1298 2076 1426 2108 reduces,
1443 2075 1566 2110 dignatus
1579 2074 1695 2102 reddere
1708 2077 1803 2108 raptos.

1151 2121 1205 2149 Sed
1227 2126 1317 2149 tamen
1339 2121 1367 2148 in
1386 2128 1430 2149 me
1452 2128 1523 2148 nunc
1549 2121 1646 2156 ipstun.
1663 2119 1734 2147 bone
1758 2115 1850 2150 respicﬂ

1695 2164 1801 2202 [Martyr
1810 2171 1816 2188 :

1148 2212 1269 2247 Namque
1287 2212 1362 2240 vides
1379 2210 1451 2246 quod
1468 2218 1531 2245 agas
1551 2211 1598 2238 tibi
1618 2210 1709 2239 adhuc
1721 2213 1856 2245 superesse,

1658 2256 1718 2292 [sed
1732 2256 1757 2282 in
1768 2260 1816 2284 me,

1148 2303 1197 2336 Qui
1206 2310 1291 2338 prope
1304 2303 1328 2319 ⁸⁵
1341 2302 1447 2330 uncatis
1460 2302 1545 2336 oculis
1560 2306 1605 2329 tua
1620 2302 1768 2329 comminus
1781 2298 1848 2326 adsto

1078 2348 1131 2376 1.55
1146 2348 1248 2375 Limina
1260 2357 1268 2382 ;
1285 2356 1346 2375 nam
1361 2348 1447 2375 multo
1458 2347 1540 2375 mersi
1554 2355 1615 2375 mea
1627 2347 1727 2374 lumina
1740 2343 1818 2376 ﬂetu;

1151 2394 1207 2421 Non
1223 2394 1308 2421 solum
1323 2394 1430 2425 damno,
1446 2393 1493 2420 sed
1509 2398 1536 2420 et
1550 2393 1620 2420 inter
1631 2393 1726 2427 gaudia
1740 2392 1846 2426 plorans.

1148 2440 1273 2467 Demsisti
1289 2446 1396 2466 causam
1411 2439 1598 2474 lacrymarum,
1613 2438 1677 2466 tolle
1690 2437 1767 2465 modo
1779 2440 1833 2464 om

1148 2485 1261 2512 Vulnera
1279 2484 1314 2513 de
1334 2484 1457 2519 lacrymis
1468 2493 1476 2517 ;
1487 2484 1639 2518 miseratus,
1653 2484 1765 2517 Sancte,
1778 2487 1847 2509 meo-

1751 2528 1816 2564 [rum

1146 2576 1246 2603 Damna
1261 2576 1357 2607 boum,
1376 2575 1505 2603 miserare
1521 2575 1613 2603 itidem
1627 2575 1650 2591 "
1668 2574 1746 2602 modo
1759 2573 1846 2600 damna

1662 2619 1814 2656 [oculorum

1115 2675 1154 2710 (ἀ)
1169 2675 1207 2703 Ita
1219 2675 1383 2704 correximus
1391 2684 1426 2702 ex
1435 2684 1486 2703 ms.
1497 2675 1587 2703 Germ.
1594 2684 1648 2703 uno
1658 2675 1755 2703 codice.
1769 2672 1845 2710 Alter,

1078 2711 1229 2772 inhzma‘nt,
1253 2711 1322 2739 forte
1335 2710 1363 2738 id
1375 2715 1433 2743 est,
1447 2711 1565 2738 humida:
1575 2712 1693 2738 reddunt.
1707 2710 1774 2736 Ante
1794 2709 1845 2734 erat

1078 2754 1124 2772 mu
1144 2754 1177 2771 an
1191 2765 1198 2772 .

1078 2754 1198 2772 muatmt.

1114 2791 1149 2827 (ε)
1164 2791 1209 2819 Sic
1220 2799 1283 2819 mss.
1301 2791 1354 2819 duo
1365 2790 1456 2819 Germ.
1471 2791 1548 2824 Edd.,
1564 2791 1761 2827 complectentem

1113 2838 1147 2873 (Γ)
1161 2838 1198 2865 ita
1211 2838 1408 2866 emendavimus
1424 2846 1456 2866 ex
1471 2838 1575 2866 duobus
1586 2845 1648 2867 mss.
1664 2835 1746 2865 eodic.
1759 2832 1840 2860 Germ.

1079 2872 1157 2906 Ediu’,
1172 2873 1292 2902 adorant.
