1997 3090
173 137 222 165 δοί
877 145 991 173 POEMA
1010 145 1077 174 Xlx.
1733 149 1790 179 502

171 195 226 223 ιω
242 195 353 224 Donasti
366 196 478 227 reduces
490 199 606 234 pecudes
618 199 640 217 “
654 201 732 237 mihi,
746 210 838 231 rursus
847 208 875 231 et
889 204 940 233 illis
970 207 996 237 Α
1080 205 1194 241 Moxque
1206 205 1304 234 refecta
1325 213 1429 235 sacram
1447 213 1586 236 senserunt
1603 209 1701 238 lumina
1720 210 1785 238 dex-

243 242 334 271 Redde
353 251 429 272 meos
446 245 549 273 oculos.
573 246 639 274 Nam
657 247 720 283 quid
736 247 813 283 juvat
830 256 889 278 esse
908 258 953 279 re-
1660 256 1748 292 [tram.

801 293 917 329 [ductos,
1109 296 1175 326 inde
1189 297 1211 313 "
1226 297 1334 326 domum
1349 298 1468 333 gaudens
1486 299 1571 328 oculis
1586 300 1724 335 bubusque
1742 309 1787 329 re-

239 331 268 360 Si
278 332 427 382 languente
439 334 496 363 acie
509 343 626 370 praesens
639 338 816 373 prtesentibus
829 339 936 367 absim?
1352 331 1363 333 ἡ
1638 331 1732 382 [ceptis
1740 367 1749 379 ,

278 379 352 426 Talia
366 386 512 426 praesentes
521 383 612 418 populi
627 384 711 413 risere
720 391 887 420 querentem.
1074 389 1251 418 Collaudante
1260 390 1282 406 ⁸⁸
1292 390 1375 418 Deum
1388 390 1496 426 populo,
1511 379 1659 425 remeabat,
1672 379 1699 420 et
1711 391 1785 419 illum

238 422 294 474 §ed
308 425 401 459 procul
416 426 529 474 admota:
542 429 639 456 secreti
653 429 775 466 Martyris
787 439 865 459 aures
1074 437 1148 465 Laeta
1161 438 1323 474 sequebatur
1334 422 1432 473 gemini
1441 422 1553 467 victoria
1567 438 1632 466 voti.

165 467 220 494 465
239 468 387 505 Suscepere
399 471 458 506 pias
470 473 505 501 ab
518 472 609 509 inepto
623 475 743 511 supplice
756 484 846 510 voces,

814 563 1008 600 MURAT
1014 563 1132 600 OBII

818 725 1130 759 PROLEGOMENA.

199 788 378 827 “3-545
389 790 507 819 Tandem
520 797 641 828 apertum
655 794 683 823 in
696 794 768 823 diem
780 801 897 832 quatuor
911 799 921 809 ‘
934 797 1037 826 Paulini
1048 797 1166 834 episcopi
1180 796 1275 825 Nolani
1285 800 1408 833 poemata
1421 797 1543 832 perduxi,
1558 796 1602 824 ditt
1612 797 1646 825 ab
1664 796 1788 825 omnibus

164 833 313 863 litterannn
327 836 474 865 cultoribus
485 838 647 874 desiderata,
661 839 707 868 diu
720 841 801 869 etiam
816 842 964 878 deplorata.
976 842 1038 871 Hmc
1050 843 1116 871 tanti
1130 842 1178 871 viri
1192 846 1364 870 monmuenta
1378 843 1513 877 hucusque
1525 841 1602 870 nobis
1616 841 1708 869 invidit
1717 848 1787 869 wva

165 883 315 914 temporum
330 881 457 914 edacitas,
474 890 533 917 quzn
550 884 619 911 inter
633 885 748 913 illustres
762 887 868 921 rapinas
882 888 934 915 hoc
948 895 1055 923 quoque
1069 895 1194 922 magnum
1213 886 1364 915 involverat
1377 887 1536 921 eloquentiae
1549 887 1653 922 pignus.
1673 885 1788 913 Maxime

163 924 308 952 dolendum
321 927 441 961 profecto
455 932 496 954 est
509 932 549 955 tot
558 934 677 956 veterum
693 929 801 957 Patrum
816 932 921 959 divitias
931 922 1071 967 excidisse,
1083 932 1178 967 quibus
1191 935 1219 959 et
1232 931 1412 959 ecclesiastica
1427 931 1547 964 historia,
1558 935 1587 959 et
1598 930 1658 958 lidei
1672 925 1787 958 catholi—

163 978 200 997 ce
212 971 341 1006 dogmata
353 974 505 1008 promoveri
520 974 631 1003 feliciter
641 981 765 1011 possent;
780 977 827 1004 sed
842 978 869 1004 in
889 985 980 1005 earum
996 978 1163 1013 potissimum
1174 976 1280 1012 jactura
1294 976 1416 1005 dolorem
1430 980 1550 1005 nostrum
1563 984 1688 1004 exercere
1699 975 1788 1010 juvat,

164 1025 222 1051 qua:
231 1018 266 1045 ab
283 1018 517 1053 eloquentissimis.
531 1020 757 1056 sanctissimisque
770 1021 893 1050 Patribus
907 1023 1043 1050 elaborata
1059 1023 1147 1055 luere,
1164 1029 1278 1056 quorum
1292 1028 1343 1056 ope
1356 1021 1405 1048 aevi
1418 1020 1503 1048 nostri
1519 1020 1697 1048 heterodoxos
1710 1027 1787 1048 ever-

167 1067 232 1096 tere,
245 1069 273 1092 et
287 1065 425 1093 meliorem
439 1066 471 1093 ad
486 1067 587 1101 frugem
601 1075 727 1095 revocare
741 1067 779 1095 fas
792 1073 872 1096 esset.
888 1068 1007 1102 Quantus
1020 1073 1110 1097 autem
1124 1068 1204 1096 fuerit
1217 1067 1343 1095 Paulinus
1355 1071 1446 1095 noster
1461 1071 1489 1095 et
1502 1071 1605 1099 orator,
1618 1071 1646 1094 et
1656 1070 1746 1102 poeta,
1761 1070 1789 1095 et

168 1114 281 1141 sanctus,
296 1115 350 1137 tum
363 1112 420 1146 ejus
439 1113 548 1147 scripta,
563 1116 618 1140 tum
638 1114 755 1141 omnium
770 1114 910 1141 illustrium
920 1116 1081 1150 scriptorum
1095 1114 1255 1142 documenta
1269 1118 1412 1142 testantur.
1426 1112 1558 1141 Eximiam
1572 1113 1641 1141 illius
1659 1113 1788 1140 sanctita-

166 1162 218 1183 tem
230 1165 284 1184 non
296 1158 434 1193 attingant,
443 1163 536 1193 utpote
546 1167 605 1193 qua:
619 1160 682 1187 satis
696 1164 803 1194 apertos
811 1160 1133 1188 laudatoresinveneritS.
1142 1159 1310 1187 Ambrosium
1316 1158 1439 1194 ep.50ad
1445 1158 1547 1192 Sabim,
1555 1158 1653 1194 Sulpic.
1661 1157 1789 1186 Severum

163 1201 189 1228 in
204 1201 257 1229 line
270 1202 385 1237 Dialog.,
401 1203 590 1238 Greg.Turon.
603 1204 1258 1240 lib.deGlor.confess.,cap.107,Greg.Magnum
1265 1204 1454 1238 lib.mDialog.
1462 1203 1582 1239 aliosque
1589 1203 1788 1238 ejusresgestas

163 1250 339 1281 prosecutos,
355 1255 386 1275 ac
400 1248 546 1275 etiamnum
562 1249 587 1275 in
607 1249 693 1276 Fastis
713 1250 899 1277 ecclesiasticis
918 1250 1127 1277 commendetur.
1144 1249 1240 1277 Mirum
1258 1257 1324 1277 sane
1341 1249 1426 1277 videri
1444 1248 1533 1282 debet,
1548 1249 1633 1276 virum
1654 1248 1789 1276 senatoria

162 1292 304 1326 dignitate,
320 1301 351 1320 ac
364 1293 422 1328 ipso
435 1295 575 1321 consulatu
590 1295 652 1322 olim
677 1300 794 1327 anetum,
809 1296 954 1322 innumeris
968 1298 1136 1330 prwslantem
1151 1294 1246 1330 opibus
1259 1295 1350 1323 seculo
1368 1294 1405 1322 ita
1418 1295 1594 1326 renuntiasse,
1609 1297 1640 1320 ut
1657 1293 1789 1321 universa:

161 1337 377 1366 Christianorum
392 1340 542 1374 reipubliczc
557 1341 703 1368 sanctitatis
717 1342 867 1376 exemplum
885 1341 1025 1373 exstiterit,
1041 1340 1112 1376 quod
1126 1340 1210 1374 inquit
1223 1340 1257 1367 ad
1270 1348 1331 1368 eum
1345 1340 1463 1368 scribens
1477 1340 1638 1374 Augustinus
1650 1346 1693 1374 ep.
1706 1339 1752 1373 54,
1762 1343 1790 1367 et

161 1389 209 1416 ep.
221 1382 256 1408 '59
270 1382 302 1409 ad
315 1383 473 1411 Licentium.
490 1384 553 1418 Ejus
572 1385 598 1412 in
618 1386 735 1413 oratoria
750 1391 807 1412 arte
820 1386 1004 1413 excellentiam
1024 1385 1222 1412 commendavit
1239 1384 1417 1422 Hieronymus
1428 1385 1455 1412 in
1470 1393 1513 1420 ep.
1526 1386 1561 1413 15
1579 1386 1620 1413 his
1634 1386 1721 1414 verbis
1736 1394 1742 1412 :
1758 1384 1790 1412 Si

160 1428 240 1463 quasi
257 1433 369 1455 extrema
388 1438 478 1457 manus
498 1432 567 1465 operi
587 1437 628 1457 tuo
646 1431 818 1464 induceretur,
832 1431 897 1457 nihil
912 1431 1054 1466 pulchrius,
1069 1429 1135 1457 nihil
1149 1430 1247 1458 doctius
1262 1439 1271 1458 :
1285 1431 1351 1458 nihil
1365 1428 1473 1463 dulcius,
1484 1431 1597 1466 nihilque
1611 1431 1730 1458 Latinius
1741 1431 1791 1457 tuis

160 1475 314 1503 haberemus
325 1477 501 1506 voluminibus.
517 1478 586 1506 Tum
597 1479 670 1506 addit
682 1487 688 1506 :
705 1478 832 1515 Magnum
842 1478 920 1506 habet
935 1480 1077 1515 ingenium,
1091 1483 1115 1505 et
1125 1479 1256 1514 inﬁnitam
1269 1478 1394 1506 sermonis
1405 1477 1604 1512 supellectilem,
1615 1481 1639 1504 et
1658 1477 1734 1513 facile
1752 1477 1791 1504 lo-

160 1522 251 1558 queris
263 1526 288 1548 et
300 1531 373 1558 pure,
385 1528 437 1552 etc.
454 1524 565 1560 Reliqua
587 1524 674 1558 mitto,
687 1529 717 1553 ut
736 1524 855 1560 ejusdem
876 1525 904 1554 in
923 1525 998 1561 poesi
1009 1525 1188 1560 praestantiam
1202 1531 1299 1559 magno
1311 1524 1360 1551 viri
1374 1523 1462 1558 magni
1474 1523 1626 1551 testimonio
1639 1524 1789 1552 ostendam.

162 1568 300 1597 Ausonius
313 1568 453 1596 Paulinum
477 1569 546 1598 inter
559 1577 658 1605 paucos
671 1577 764 1598 carum
777 1570 881 1604 habuit,
896 1575 1023 1605 totusque
1035 1570 1063 1598 in
1086 1577 1119 1598 eo
1133 1577 1240 1605 semper
1254 1568 1314 1601 fuit,
1329 1572 1359 1596 ut
1372 1568 1410 1596 illi
1430 1568 1574 1603 dignitates
1591 1572 1789 1604 comparentur,

157 1612 278 1649 ejusque
287 1621 386 1642 nomen
400 1614 478 1642 famae
490 1614 733 1644 commendaretur.
746 1615 839 1651 Itaque
848 1615 883 1643 ad
892 1623 954 1644 eum
963 1615 1083 1643 scribens
1092 1622 1135 1650 ep.
1151 1614 1185 1642 20
1197 1614 1254 1643 haec
1266 1614 1347 1642 habet
1360 1622 1367 1641 :

596 1670 852 1726 EtLqure'jamdudum
864 1671 911 1714 tibi
924 1671 1000 1702 [alma
1009 1671 1106 1703 poetica
1118 1670 1205 1702 pollet,

597 1731 614 1738 η
640 1707 752 1738 _emmseo
762 1705 845 1738 ornata
858 1705 906 1732 est,
912 1709 967 1738 quo
979 1708 1033 1726 mea
1045 1702 1122 1738 palma
1132 1706 1209 1727 caret.

596 1731 710 1758 Cedimus
722 1733 834 1763 ingenio,
845 1731 962 1763 quantum
972 1731 1131 1763 pracedlmus
1141 1738 1203 1762 aevo,

625 1763 739 1795 Assurgit
751 1764 825 1788 Musae
836 1766 918 1788 nostra
927 1763 1039 1788 Camena
1052 1767 1110 1788 tute.

197 1812 268 1840 Hine
283 1813 367 1848 disce,
381 1817 510 1848 quantum
524 1814 551 1841 in
564 1814 639 1849 poesi
652 1814 768 1842 nominis
782 1813 893 1842 Paulino
906 1814 986 1848 foret,
997 1814 1040 1843 cui
1052 1814 1185 1842 Ausonius
1195 1814 1414 1849 pneclarissimus
1427 1814 1527 1848 alioqui
1539 1817 1615 1841 vates
1628 1818 1790 1847 assurgeret.

166 1857 238 1886 Ideni
252 1858 387 1887 Ausonius
401 1860 433 1886 ad
446 1859 587 1887 Paulinum
601 1867 645 1895 ep.
662 1860 675 1886 1
693 1869 699 1887 ;
715 1860 775 1887 Jam
785 1860 856 1896 quid,
872 1860 918 1893 ait,
933 1860 964 1887 de
976 1859 1120 1895 eloquentia
1133 1859 1237 1886 dicam?
1250 1859 1359 1894 Liquida
1377 1859 1499 1894 adjurare
1512 1867 1614 1893 possum
1632 1859 1731 1886 nullum
1744 1861 1792 1887 tibi

166 1904 200 1930 ad
211 1905 343 1939 poeticam
357 1905 506 1939 facundiam
519 1905 645 1932 ﬂammae
655 1905 797 1940 juventutis
809 1905 916 1941 aequari.
931 1904 985 1933 Sed
998 1905 1048 1932 viri
1067 1904 1134 1932 tanti
1148 1911 1292 1938 numquam
1305 1904 1371 1931 satis
1387 1903 1511 1931 laudandi
1527 1903 1681 1940 panegyrim
1699 1908 1792 1933 texere

163 1958 219 1978 non
233 1950 321 1978 lubet.
336 1950 377 1978 Ad
389 1950 446 1985 ejus
459 1950 541 1985 igitur
549 1951 678 1979 librorum
689 1950 785 1978 seriem
795 1950 981 1985 explicandam
995 1957 1039 1978 me
1051 1948 1170 1977 confero.
1186 1948 1310 1984 Ejusdem
1325 1948 1514 1983 quinquaginta
1527 1949 1562 1976 ad
1574 1949 1662 1984 plures
1672 1950 1791 1985 epistola:

163 2001 285 2030 exstant,
297 2000 354 2024 tum
367 2001 491 2032 poemata
503 1996 585 2030 varia,
594 2004 627 2024 ac
640 1996 772 2032 praecipue
786 1995 820 2023 10
832 1995 940 2024 Natales
952 1996 979 2024 in
998 1996 1127 2023 honorem
1141 1994 1170 2022 S.
1186 1993 1283 2022 Felicis
1302 1994 1413 2022 conditi.
1429 1994 1491 2023 Haec
1510 1998 1538 2023 et
1556 1995 1608 2023 alia
1619 1994 1647 2023 S.
1672 1995 1790 2031 episcopi

162 2041 299 2077 opuscula
312 2042 381 2077 typis
401 2049 472 2077 sape
483 2042 626 2070 commissa
639 2040 724 2074 fuere,
739 2040 775 2068 ita
787 2044 876 2068 tamen
889 2044 920 2067 ut
932 2040 1051 2068 omnium
1065 2039 1252 2067 venustissima
1274 2039 1405 2067 habeatur
1419 2039 1620 2075 Antuerpiensis
1633 2040 1715 2068 editio
1728 2041 1792 2069 anni

163 2085 251 2119 i622,
265 2086 511 2121 quippequaenotis
525 2087 667 2116 Frontonis
681 2085 783 2119 Ducaei,
798 2090 827 2113 et
844 2085 977 2114 Heriberti
991 2085 1132 2118 Rosveidi,
1147 2093 1179 2114 ac
1193 2084 1296 2113 Paulini
1307 2085 1361 2112 vita
1376 2092 1424 2120 per
1436 2084 1468 2113 P.
1479 2085 1637 2114 Sacchinum
1654 2086 1791 2115 elaborata

162 2134 296 2161 abundet.
305 2133 414 2162 Parisiis
419 2133 525 2161 demum
532 2142 603 2162 anno
609 2133 678 2161 1685
684 2134 710 2162 in
720 2133 787 2161 duos
795 2137 881 2160 tomos
890 2131 991 2166 digesta
997 2132 1121 2168 prodiere
1126 2131 1228 2159 Paulini
1239 2139 1319 2166 opera
1326 2131 1359 2158 ad
1369 2139 1432 2158 mss.
1441 2131 1548 2159 codices
1554 2132 1701 2168 recognita,
1707 2133 1792 2161 notis-

161 2187 218 2214 que
229 2180 367 2208 variorum
377 2181 509 2209 illustrata
521 2181 609 2209 studio
623 2180 752 2209 Johannis
757 2179 1012 2216 BaptistaeLeBrun,
1021 2186 1080 2214 quae
1085 2178 1118 2206 ad
1124 2185 1218 2205 manus
1228 2185 1311 2211 meas,
1319 2177 1390 2212 quod
1395 2177 1472 2206 valde
1478 2178 1561 2214 dolui,
1568 2179 1665 2207 deferri
1674 2180 1792 2208 nondum

162 2229 325 2260 potuerunt.
341 2224 472 2253 Emiserat
482 2226 563 2253 etiam
576 2225 671 2254 Petrus
683 2225 779 2254 Franc.
793 2225 941 2253 Chililetius
950 2224 984 2252 V.
995 2224 1025 2252 C.
1041 2231 1057 2251 e
1072 2231 1130 2251 soc.
1145 2222 1209 2251 Jesu
1223 2231 1293 2251 anno
1312 2223 1382 2250 1669-
1401 2223 1515 2257 librum,
1529 2225 1572 2252 cui
1588 2225 1693 2253 titulum
1716 2226 1789 2255 feeep

162 2276 205 2298 rat
221 2270 353 2298 Paulinus
371 2271 523 2304 illustratus,
539 2271 696 2306 eruditeque
710 2271 853 2299 admodum
873 2278 918 2298 res
940 2274 1039 2305 gestas.
1056 2269 1191 2304 librosque
1213 2269 1298 2296 sancti
1317 2269 1395 2303 hujus
1413 2273 1566 2297 exornant.
1580 2270 1684 2297 Nemini
1704 2275 1793 2297 tamen

162 2317 309 2350 hucusque
322 2323 353 2343 ea
365 2321 488 2351 poemata
502 2318 599 2345 intueri
612 2318 732 2352 contigit,
746 2325 806 2352 quas
817 2325 850 2344 ex
858 2316 1040 2344 Ambrosiana'e
1051 2315 1219 2343 bibliothecze
1230 2315 1339 2343 latebris
1349 2315 1468 2343 omnium
1478 2316 1580 2350 primus
1593 2316 1619 2343 in
1631 2317 1717 2344 lucem
1731 2325 1793 2351 pro-

161 2363 250 2391 duco.
265 2362 388 2390 Testatur
402 2362 530 2392 Paulinus
543 2364 570 2392 in
585 2372 627 2400 ep.
643 2365 677 2391 ad
689 2364 817 2392 Severum
831 2371 911 2396 nona,
926 2371 957 2391 se
966 2363 1110 2398 quotannis
1121 2362 1278 2390 Natalitium
1298 2371 1401 2389 carmen
1414 2362 1442 2390 S.
1459 2362 1540 2390 Felici
1554 2370 1670 2398 pangere
1680 2370 1794 2391 consue-

162 2409 251 2436 visse.
265 2408 363 2436 Decem
376 2417 440 2437 vero
454 2416 488 2437 ex
502 2409 543 2436 his
557 2408 694 2437 Natalibns
708 2413 811 2436 tantum
824 2412 931 2436 exstare
945 2408 1036 2443 opinio
1050 2411 1117 2440 erat,
1132 2415 1214 2443 quum
1228 2407 1256 2434 in
1269 2407 1403 2441 publicum
1420 2407 1541 2441 prolatus
1554 2411 1596 2434 est
1609 2407 1731 2443 Dungali,
1746 2407 1794 2441 qui

162 2461 241 2481 anno
251 2451 351 2481 Christi
361 2454 467 2482 circiter
476 2453 524 2481 82!
540 2452 662 2486 ﬂorebat,
677 2454 744 2481 liber
753 2453 881 2480 adversus
891 2452 1030 2480 Claudium
1043 2451 1241 2488 “5—546
1254 2451 1445 2479 Taurinensem
1460 2452 1491 2479 de
1502 2451 1575 2479 Cultu
1586 2461 1719 2480 sacrarum
1730 2453 1795 2479 ima-

163 2499 270 2534 ginum,
291 2506 371 2533 quem
385 2497 523 2526 Ludovico
537 2498 585 2526 Pio
597 2498 763 2533 imperatori,
784 2498 895 2533 ejusque
910 2497 964 2524 lilio
979 2497 1106 2524 Lothario
1125 2497 1269 2532 inscripsit.
1285 2496 1403 2524 Plurima
1418 2496 1455 2524 ibi
1473 2501 1605 2524 memorat
1618 2497 1659 2524 vir
1678 2496 1795 2525 disertus

164 2552 197 2572 ac
210 2543 277 2579 pius
290 2542 319 2570 S.
335 2541 437 2570 Paulini
451 2543 578 2576 carmina,
595 2544 664 2571 inter
677 2551 735 2578 quae
751 2543 876 2570 nonnulla
889 2550 923 2570 ex
937 2542 1073 2569 Natalibus
1087 2551 1123 2574 xl,
1136 2551 1193 2577 xui,
1211 2550 1256 2570 xw
1268 2546 1297 2570 et
1309 2551 1343 2570 xv
1355 2542 1448 2576 libata,
1472 2543 1567 2578 quibus
1581 2551 1715 2570 sacrarum
1727 2543 1794 2569 ima-

164 2589 272 2622 ginum,
288 2587 513 2622 reliquiarumque
528 2589 614 2616 cultus
631 2588 787 2615 mirabiliter
801 2588 1000 2622 comprobatur.
1024 2588 1237 2615 Vetustissimum
1254 2588 1334 2624 hujus
1349 2588 1487 2623 scriptoris
1507 2589 1646 2623 exemplar
1658 2594 1685 2616 et
1703 2594 1794 2617 nostra

164 2632 334 2662 bibliotheca
347 2636 447 2661 servat.
461 2632 539 2660 Istius
553 2633 632 2667 igitur
645 2633 748 2660 monitu
762 2632 828 2659 alios
842 2640 949 2667 quoque
962 2632 1070 2660 Natales
1082 2632 1221 2661 Paulinum
1236 2633 1391 2668 procudisse
1405 2633 1530 2661 innotuit.
1545 2634 1622 2662 Sitim
1636 2635 1710 2661 auxit
1723 2634 1794 2670 frag-

165 2681 326 2705 mentorum
339 2677 455 2712 pretium
476 2677 593 2712 visisque
614 2677 716 2712 aliquot
729 2677 806 2704 unda:
820 2678 902 2711 guttis
913 2677 1041 2705 continuo
1058 2681 1129 2705 totus
1147 2677 1174 2705 in
1195 2678 1266 2705 votis
1285 2677 1344 2705 fons
1362 2677 1422 2705 fuit.
1441 2678 1534 2714 Itaque
1554 2679 1617 2707 dum
1634 2679 1793 2707 uberrimam

166 2722 414 2757 manuscriptorum
427 2722 548 2750 codicum
560 2723 655 2751 seriem
671 2723 764 2756 lustro,
786 2730 846 2758 qua:
864 2723 891 2750 in
906 2723 1083 2752 Ambrosiana
1101 2728 1267 2756 asservatur,
1292 2724 1385 2752 incidit
1405 2725 1432 2752 in
1446 2734 1541 2753 manus
1553 2734 1625 2754 meas
1639 2726 1793 2760 antiquissi-

167 2775 246 2794 mum
259 2767 396 2802 volumen,
407 2768 433 2794 in
446 2775 500 2802 quo
509 2768 632 2796 Venantii
648 2768 797 2801 Fortunati,
818 2768 954 2803 Prosperi,
969 2768 1089 2802 Juvenci,
1110 2768 1240 2803 Aratoris,
1256 2770 1423 2806 aliorumque
1442 2775 1563 2799 veterum
1581 2771 1793 2799 Christianorum

209 2833 361 2872 ‘rintclligit
380 2833 539 2872 Natales“,
562 2843 597 2872 xu
611 2838 638 2862 et
652 2843 708 2867 xm.
730 2842 832 2862 necnon
851 2841 949 2872 poema
1002 2833 1191 2872 prolegomena
1212 2835 1321 2870 praeﬁxa
1345 2836 1468 2872 leguntur
1482 2842 1554 2865 tomo
1570 2837 1791 2869 lAnecdotorum

170 2868 278 2896 Paulini
301 2869 422 2897 ultimum
439 2878 444 2895 :
460 2870 513 2897 illis
530 2870 600 2898 enim
618 2874 732 2904 quatuor
751 2870 885 2905 opusculis
898 2869 956 2897 haec
1003 2868 1155 2898 'Muratorii.
1172 2868 1248 2899 Eoi-r.
