1997 3090
251 158 302 187 505
722 161 750 189 S.
767 160 902 189 PAULINI
920 160 1044 189 NOLANi
1058 161 1209 191 EPISCOPI
1227 162 1396 192 POEMATA.
1666 135 1671 148 Ι
1796 162 1848 191 50‘

250 216 366 245 carmina
380 216 593 245 continebantur.
609 216 675 246 Tres
686 221 714 246 et
726 218 820 246 decem
833 218 862 246 S.
878 217 981 247 Paulini
996 218 1102 248 Natales
1112 220 1148 248 ibi
1159 224 1283 248 exaratos
1292 219 1382 248 inveni
1390 240 1398 253 .
1421 226 1489 255 quos
1501 228 1562 248 cum
1580 220 1688 255 Dungali
1701 219 1849 256 fragmentis

249 263 361 290 collatos
374 270 530 298 germanum
541 264 663 298 protinus
674 265 740 291 tanti
751 265 888 300 scriptoris
901 263 992 293 foetum
1005 265 1082 299 mihi,
1091 269 1118 294 et
1128 265 1187 293 orbi
1199 266 1329 294 litterario
1344 274 1403 293 sum
1416 266 1571 301 gratulatus.
1579 266 1669 294 Codex
1677 266 1850 294 venerandam

248 309 318 343 sapit
328 312 496 337 vetustatem.
511 309 684 337 Characteres
698 310 830 344 quadrati,
849 318 880 337 ac
899 310 1069 338 minutissimi
1088 311 1209 346 miraque
1230 315 1370 339 venustate
1390 312 1471 340 rectis
1490 312 1568 341 lineis
1590 313 1659 340 inter
1675 320 1705 340 se
1725 312 1850 344 distincti,

249 354 350 387 seculo,
367 358 396 382 ut
409 355 535 388 arbitror,
548 362 621 382 nono
633 355 762 382 elaborati
779 355 860 383 fuere.
883 355 1038 388 Quindecim
1052 363 1133 391 porro
1146 355 1253 383 Natales
1266 354 1404 384 Paulinum
1418 356 1547 385 cecinisse
1566 357 1701 392 hucusque
1712 357 1851 389 creditum,

248 407 330 433 quum
345 407 471 435 expresse
483 401 598 428 carmina
608 400 742 436 Dungalus
756 406 811 429 tum
823 409 856 429 ex
869 410 912 429 xtv
927 405 982 429 tum
996 409 1031 429 ex
1044 409 1078 429 xv
1087 402 1186 430 eitarit.
1198 402 1298 430 Verum
1312 407 1406 431 auctor
1418 403 1479 437 iste,
1489 408 1535 431 aut
1549 404 1649 431 librarii
1662 403 1688 431 in
1699 404 1745 431 illo
1759 404 1852 431 exserL

249 445 335 472 bendo
349 446 452 480 decepti
466 446 555 480 fuere;
576 454 636 482 quae
649 448 720 475 enim
734 448 851 476 carmina
865 456 899 475 ex
912 448 998 475 Natali
1012 456 1056 475 xxv
1066 448 1161 476 hausta
1172 448 1337 483 referuntur,
1362 451 1471 479 omnino
1490 450 1634 486 rejicieuda
1647 451 1673 477 in
1688 459 1743 483 xui,
1771 450 1853 479 codex

248 496 340 519 noster
358 497 384 519 et
398 500 486 519 rerum
505 492 572 520 ordo
591 493 726 521 evincunt.
742 493 833 528 itaque
847 493 948 521 Natalis
962 493 1032 528 apud
1044 493 1191 529 Dungalum
1204 503 1238 522 xv
1256 494 1319 523 hinc
1336 496 1517 524 inscribenst
1537 496 1588 523 erit
1609 495 1726 524 decimus
1737 499 1852 530 quartus,

247 545 326 572 quem
341 538 369 565 in
383 540 544 567 membranis
556 540 654 567 nostris
666 539 828 575 descriptum
841 548 896 568 non
914 540 995 568 fuisse
1011 540 1184 568 vehementer
1205 540 1333 569 dolemus.
1358 541 1455 569 Nostro
1468 546 1596 577 praeterea
1619 541 1646 569 in
1667 541 1759 569 codice
1780 541 1854 569 simul

247 585 442 613 confunduntur
451 587 563 622 primus,
577 591 604 615 et
618 588 686 615 alter
699 587 816 620 Natales,
830 595 862 616 ac
874 587 974 615 idcirco
986 586 1082 622 reliqui
1091 594 1203 615 numero
1217 595 1270 615 uno
1282 588 1316 615 ab
1328 587 1408 616 editis
1418 587 1578 623 discrepant,
1590 588 1627 615 ita
1637 592 1666 615 ut
1675 587 1719 615 hic
1731 588 1855 622 septimus

246 630 359 665 dicatur,
387 633 432 667 qui
454 633 525 669 apud
538 633 605 661 alios
619 638 729 661 octavus
741 637 909 666 numeratur,
934 640 988 668 quo
1009 632 1104 661 ordine
1125 632 1220 667 reliqui
1241 632 1403 668 procedunt;
1426 632 1474 661 sed
1495 633 1695 661 anianuensium
1715 633 1815 660 incuria
1830 632 1854 659 id

244 675 360 709 factum;
383 685 464 712 quum
478 678 586 713 penitus
599 678 669 706 inter
681 685 710 706 se
719 678 896 713 distinguendi
915 678 969 707 sint
989 678 1100 713 primus,
1120 681 1149 706 et
1161 677 1303 706 secundus.
1326 677 1501 712 Subsequitur
1521 678 1547 705 in
1561 677 1668 705 laudato
1682 677 1775 705 codice
1788 677 1855 705 aliud

245 721 349 750 Paulini
362 722 461 751 Poema
474 724 576 759 absque
591 724 680 759 titulo,
691 724 765 759 quod
779 725 817 753 uti
838 732 942 752 summa
954 724 1081 753 refertum
1095 724 1243 753 eruditione
1254 728 1282 752 et
1299 730 1350 759 ego
1363 723 1485 759 produxi.
1497 723 1561 751 Post
1575 724 1631 751 haec
1644 723 1673 750 S.
1686 722 1791 750 Martini
1804 722 1855 750 vita

244 774 305 795 cum
315 767 466 802 hujusmodi
480 768 654 804 inscriptione
666 769 825 797 exhibetur:
841 769 938 805 Incipit
950 778 1013 805 opus
1028 769 1134 797 Paulini
1143 769 1310 803 Petrecordii,
1326 769 1357 797 de
1374 769 1434 796 Vita
1447 769 1477 797 S.
1494 768 1602 796 Martini
1615 769 1725 803 episcopi
1736 767 1855 796 versibus.

244 810 321 841 Unde
334 812 487 841 Bellarmini
500 814 534 842 de
543 814 642 850 Script.
658 815 736 848 eccl.,
750 814 885 842 Sirmondi
898 814 930 842 ad
942 814 1034 842 Sidon.
1051 814 1151 850 Apoll.,
1170 813 1277 843 Labbzei
1289 814 1324 842 de
1333 813 1432 849 Script.
1445 813 1525 848 eccl.,
1545 813 1711 848 aliorumque
1726 812 1855 840 sententia

244 858 428 893 confirmatur,
444 860 490 895 qui
504 860 599 888 horum
613 861 760 888 carminum
774 865 908 889 auctorem
922 861 1022 889 faciunt
1035 860 1175 888 Paulinum
1191 859 1371 893 Petricorium,
1385 867 1433 888 seu
1446 859 1643 893 Petricordium,
1663 859 1708 893 qui
1720 858 1757 886 50
1767 862 1812 885 aut
1824 857 1855 884 ω

244 904 320 932 annis
332 904 367 932 ab
380 905 454 932 obitu
469 904 572 933 Paulini
586 904 668 933 nostri
682 904 803 934 ﬂorebat.
835 906 930 934 Parum
947 910 1070 934 accurate
1083 905 1189 941 scripsit
1199 904 1324 941 Ugheilus
1340 910 1406 934 tom.
1422 905 1455 933 Vl
1469 905 1527 933 Ital.
1539 913 1608 933 sacr.
1624 906 1731 933 illorum
1747 904 1856 939 scripto.

243 955 299 976 rem
310 953 463 983 poematum
474 949 555 978 fuisse
567 949 595 978 S.
612 948 752 977 Paulinum
762 950 907 985 juniorem,
922 950 1052 978 Nolanum
1067 950 1159 978 itidem
1173 951 1340 986 cpiseopum;
1357 951 1399 978 hic
1413 951 1483 978 enim
1497 950 1568 978 circa
1579 958 1623 977 an.
1638 950 1686 978 Ch.
1702 950 1799 977 saltem
1809 948 1855 975 520

243 993 399 1029 episcopatu
419 994 464 1022 illo
478 999 519 1022 est
532 998 636 1027 auctus,
648 993 841 1023 Petricordimn
851 1002 925 1028 vero,
941 999 970 1022 ut
979 995 1043 1027 dixi.
1057 996 1127 1023 circa
1140 1003 1183 1022 an.
1198 995 1248 1022 460
1258 996 1394 1030 scripsisse
1404 996 1579 1023 certissimum
1590 1000 1640 1023 est.
1654 994 1781 1023 Ceterum
1795 995 1855 1023 satis

243 1038 333 1066 mirari
347 1046 452 1074 nequeo
475 1047 524 1068 cur
537 1040 619 1068 hosce
632 1040 739 1068 Natales
752 1040 849 1075 partim
862 1040 1038 1076 neglexerint,
1053 1042 1150 1075 partim
1163 1049 1266 1069 summo
1279 1042 1366 1069 studio
1385 1047 1490 1070 veteres
1506 1043 1680 1077 protexerint.
1695 1041 1778 1074 Beda,
1793 1041 1856 1069 Not-

242 1083 331 1117 kerus,
346 1083 415 1118 Ado,
438 1084 578 1112 Marcellus
601 1085 739 1121 presbyter
761 1085 967 1120 antiquissimus,
992 1090 1072 1119 atque
1092 1086 1148 1121 ipse
1163 1086 1304 1120 Gregorius
1319 1086 1431 1120 Turon.,
1456 1087 1553 1122 aliique
1574 1087 1601 1114 in
1615 1087 1689 1114 Actis
1702 1086 1754 1114 SS.
1770 1087 1813 1114 die
1825 1086 1855 1113 il

242 1129 350 1157 Ianuar.
364 1130 454 1164 relati,
465 1129 493 1158 S.
506 1130 602 1158 Felicis
615 1130 697 1159 vitam
711 1137 742 1158 ac
754 1131 881 1158 miracula
891 1130 1073 1164 illustrarunt;
1089 1132 1223 1159 neminem
1238 1136 1326 1159 tamen
1339 1140 1373 1159 ex
1386 1132 1419 1160 iis
1428 1133 1518 1167 plures
1528 1140 1609 1167 quam
1620 1132 1712 1160 decem
1723 1133 1855 1167 hucusque

242 1176 328 1205 editos
339 1176 446 1205 Natales
460 1177 558 1205 vidisse
571 1181 692 1212 apparet,
715 1184 798 1212 quum
811 1184 843 1204 ea
858 1181 960 1204 tantmn
972 1177 1101 1205 miracula
1119 1177 1273 1209 exhibeant.
1294 1185 1353 1213 qum
1364 1178 1390 1206 in
1405 1179 1443 1207 eis
1457 1179 1608 1212 laudantur,
1628 1178 1679 1206 alia
1690 1178 1775 1206 etiam
1788 1179 1854 1206 rela—
1895 1204 1902 1207 .,

241 1223 307 1257 turi,
321 1223 381 1251 siin
394 1228 518 1258 promptu
531 1223 649 1258 reliquos
663 1227 719 1251 tres
732 1222 895 1257 habuissent,
910 1226 956 1250 aut
969 1227 1094 1258 quatuor.
1118 1223 1168 1251 Vix
1182 1231 1250 1252 unus
1263 1224 1397 1259 Dungalus
1416 1225 1555 1259 inventus,
1573 1224 1619 1261 qui
1631 1225 1728 1253 horum
1742 1225 1855 1259 aliquam

242 1267 404 1296 mentionem
414 1267 545 1303 iniecerit.
560 1267 705 1296 Lubentius
719 1267 799 1302 igitur
812 1267 846 1295 ab
859 1267 969 1295 eruditis
978 1267 1099 1296 laborem
1111 1273 1231 1297 nostrum
1244 1273 1384 1306 eiceptum
1398 1271 1431 1299 iri
1445 1279 1592 1307 speramus,
1605 1279 1686 1307 quum
1701 1271 1855 1299 thesaurum

241 1320 296 1343 tam
310 1314 355 1342 diu
369 1314 446 1342 nobis
456 1318 587 1349 ereptum,
603 1322 635 1342 ac
648 1321 718 1350 pene
728 1315 898 1350 desperatum
911 1314 1018 1343 tandem
1032 1316 1237 1345 subduxerimus
1245 1317 1386 1346 voracitati
1402 1322 1561 1354 temporum.
1584 1318 1646 1346 Haec
1664 1322 1754 1346 autem
1768 1318 1856 1346 omnia

241 1357 314 1385 notis
326 1365 357 1385 ac
371 1357 613 1391 disceptationibus
626 1364 676 1393 pro
690 1357 796 1385 viribus
810 1357 980 1386 enucleanda
994 1358 1100 1391 censui,
1113 1362 1182 1391 ,tum
1196 1365 1231 1387 ne
1246 1358 1360 1394 reliquis
1378 1358 1486 1386 Paulini
1506 1358 1643 1393 operibus,
1658 1364 1716 1392 qua:
1734 1357 1857 1384 erudito-

241 1411 303 1433 rum
319 1404 411 1433 studio
433 1405 575 1440 hucusque
595 1408 689 1433 ornata
714 1404 859 1439 visuntur,
881 1405 909 1433 in
936 1405 1029 1441 aliquo
1053 1401 1197 1439 cederent,
1222 1409 1280 1433 tum
1305 1409 1336 1433 ut
1358 1413 1472 1441 poeseos
1493 1405 1587 1433 merito
1614 1404 1704 1440 aliqua
1734 1411 1786 1439 per
1815 1410 1857 1431 me

240 1449 344 1475 ratione
359 1447 511 1475 satisiieret.
532 1447 565 1475 Ut
578 1447 651 1476 enim
664 1455 697 1476 ea
718 1448 852 1482 omittam,
874 1455 933 1483 quae
946 1448 1009 1475 hinc
1022 1449 1150 1476 adversus
1162 1453 1315 1483 novatores,
1334 1453 1508 1485 reliquiarum
1538 1455 1745 1485 sanctorumque
1761 1455 1858 1479 cultum

240 1495 421 1530 improbantes
434 1494 531 1522 adferri
544 1500 663 1529 possunt,
676 1499 749 1523 certe
760 1502 890 1530 nusquam
903 1494 1034 1529 majorem
1047 1501 1126 1529 quam
1141 1495 1167 1522 in
1182 1495 1256 1524 hisce
1270 1496 1354 1524 tribus
1367 1496 1462 1523 saltent
1476 1496 1616 1531 poematis,
1634 1496 1755 1524 invenias
1768 1497 1858 1524 erudi-

240 1540 349 1569 tionem.
364 1540 415 1569 iiic
427 1541 595 1569 ethnicorum
608 1542 775 1577 superstitio,
800 1541 844 1569 hic
860 1544 1014 1570 sanctorum
1028 1546 1200 1569 monumenta
1220 1537 1398 1578 explicantur,
1420 1549 1518 1577 resque
1533 1546 1614 1577 gestae
1628 1542 1730 1569 Paulini
1745 1543 1822 1570 velut
1834 1543 1858 1570 in

239 1594 321 1614 unum
333 1585 520 1621 compendium
538 1589 639 1614 coactae
660 1586 789 1614 illustrem
811 1586 985 1622 scriptoribus
1003 1585 1100 1613 seriem
1120 1586 1276 1614 eruditionis
1296 1587 1460 1622 pnehebunt.
1485 1586 1561 1620 Quod
1582 1587 1617 1614 ad
1638 1594 1730 1624 annos.
1742 1591 1856 1622 spectat,

239 1631 335 1666 quibus
347 1632 453 1659 recitati
474 1631 573 1659 fuerint
593 1633 745 1668 hujusmodi
758 1633 878 1667 Natales,
901 1632 1040 1660 sententiae
1061 1632 1185 1661 ChiiIIetii
1207 1637 1277 1669 part.
1301 1632 1328 1667 2,
1351 1641 1411 1669 cap.
1427 1632 1453 1666 9,
1478 1633 1581 1661 Paulini
1602 1633 1640 1661 ill.
1652 1635 1803 1669 proposita:
1816 1642 1856 1661 ac-

238 1677 428 1711 quiescendum
442 1681 517 1712 puto,
533 1678 647 1713 primum
658 1685 754 1714 nempe
768 1679 801 1706 ad
816 1686 861 1706 an.
876 1678 925 1707 Ch.
941 1678 992 1706 594
1005 1679 1150 1713 pertinere,
1162 1687 1243 1714 quum
1257 1680 1375 1707 nondum
1389 1680 1483 1708 Nolam
1499 1688 1529 1708 se
1542 1681 1699 1709 contulisset
1718 1679 1855 1714 Paulinus,

238 1723 352 1751 alterum
365 1722 461 1751 deinde
475 1724 501 1751 in
512 1732 556 1752 an.
569 1723 621 1751 595
634 1724 742 1759 cadere,
752 1732 806 1759 quo
819 1729 929 1753 sanctus
938 1724 994 1760 jam
1006 1724 1079 1752 Nolae
1092 1725 1212 1754 redditus
1224 1730 1292 1757 erat.
1307 1726 1415 1754 tertium
1428 1726 1455 1754 in
1467 1734 1511 1754 an.
1525 1726 1587 1760 596,
1603 1730 1631 1754 et
1639 1727 1679 1754 sic
1691 1726 1725 1754 de
1733 1726 1857 1762 reliquis;

237 1769 336 1797 etenim
349 1769 491 1804 quotannis
504 1769 625 1797 Natalem
643 1770 740 1798 cecinit
750 1769 886 1799 Paulinus.
901 1770 930 1798 id
944 1775 1032 1799 autem
1046 1778 1079 1798 ex
1093 1770 1180 1799 Natali
1194 1780 1240 1800 χιιι
1252 1772 1417 1807 potissimum
1432 1773 1568 1808 probatur.
1593 1772 1632 1800 Ibi
1650 1771 1855 1807 prmelarissimx

237 1814 272 1842 de
285 1814 379 1843 Gothis
393 1814 478 1842 relata
498 1814 620 1849 victoria,
641 1822 778 1851 caesasque
792 1815 974 1850 Rhadagaisus
986 1819 1160 1851 memoratur,
1182 1824 1242 1851 quae
1264 1824 1308 1844 an.
1324 1816 1375 1844 405
1397 1817 1521 1845 Stilicane
1536 1817 1566 1844 Il
1587 1821 1612 1844 et
1629 1817 1765 1845 Anthemio
1789 1823 1853 1844 coss.

237 1860 385 1894 contigere,
400 1859 438 1887 uti
448 1859 564 1895 Prosper
577 1860 603 1887 in
618 1860 751 1888 Chronico
762 1864 890 1894 testatur;
904 1868 936 1888 ac
949 1864 1091 1895 propterea
1105 1865 1260 1895 sequentem
1270 1869 1368 1888 annum
1383 1861 1434 1889 406
1448 1862 1557 1897 respicit
1567 1861 1666 1889 Natalis
1680 1869 1735 1890 xui.
1752 1861 1782 1889 Si
1794 1868 1855 1896 ergo

236 1906 346 1941 reliquis
359 1906 457 1941 elapsis
471 1907 547 1933 annis
559 1905 679 1934 Natalem
691 1914 768 1934 suum
782 1905 883 1941 alligas,
899 1906 1012 1941 primum
1026 1906 1173 1940 comperies
1187 1906 1214 1934 in
1224 1914 1323 1934 annum
1337 1907 1389 1935 594
1401 1907 1532 1940 incidere;
1550 1908 1671 1935 similiter
1684 1907 1855 1936 undecimum

235 1957 308 1978 anno
327 1951 387 1985 404,
412 1952 598 1980 duodecimum
612 1960 683 1980 anno
702 1952 754 1980 405
770 1960 830 1981 esse
848 1952 1014 1981 tribuendos.
1038 1952 1126 1980 Unum
1141 1954 1325 1982 tantummodo
1339 1954 1453 1982 lectores
1475 1954 1592 1982 monitos
1612 1955 1702 1988 velim,
1727 1955 1853 1984 nimirum

235 1997 358 2025 consulto
372 1998 455 2026 hosce
468 2006 563 2026 versus
576 2006 630 2026 una
644 2006 704 2026 cum
718 1998 920 2026 amanuensium
934 1998 1070 2026 erroribus
1083 2005 1099 2025 a
1111 2005 1154 2026 me
1167 1998 1249 2026 luisse
1261 1998 1426 2035 descriptos;
1448 2001 1575 2036 conqueri
1598 2001 1669 2028 enim
1680 2008 1752 2036 saepe
1765 2002 1853 2029 solent

235 2042 381 2071 doctissimi
397 2044 445 2071 viri
459 2043 538 2071 ﬁdem
550 2044 738 2079 manuscriptis
752 2052 805 2072 non
820 2049 963 2076 servatam,
980 2052 1172 2080 germanasque
1185 2045 1314 2073 lectiones
1323 2046 1520 2075 emendantium
1531 2048 1665 2083 opinione,
1680 2054 1727 2076 aut
1740 2049 1852 2077 audacia

235 2087 392 2123 plerumque
405 2089 502 2117 vitiari.
524 2089 627 2117 idcirco
639 2090 758 2117 omnium
772 2089 879 2124 ingenio
891 2090 1013 2125 quaedam
1027 2090 1181 2125 castiganda
1196 2091 1302 2126 reliqui,
1322 2092 1458 2121 nonnullis
1471 2094 1552 2121 etiam
1565 2094 1635 2122 inter
1647 2098 1725 2123 notas
1743 2102 1852 2123 manum

236 2140 357 2168 apposui.

271 2178 415 2213 (Hactenus
425 2179 595 2207 Muratorius.
619 2180 745 2207 Audiatur
758 2189 825 2208 nunc
834 2182 948 2210 Joannes
962 2183 1081 2218 Aloysius
1092 2182 1272 2220 Mingarellius
1282 2192 1314 2212 ea:
1326 2185 1398 2220 cujus
1411 2185 1522 2214 editione
1534 2189 1584 2213 tres
1599 2183 1708 2213 Natale:
1719 2186 1753 2213 de
1762 2185 1850 2222 quibus

235 2225 320 2261 agitur
329 2224 471 2253 exscribere
483 2225 629 2253 maluimus.
646 2225 736 2262 Eutr.)

557 2288 618 2329 IN
642 2288 951 2330 NATALITIA
979 2288 1215 2332 PAULINI
1250 2291 1511 2352 CARMINA

939 2357 1161 2390 PREFATIO.

268 2418 295 2445 Ι.
314 2416 400 2445 Edidit
411 2418 567 2452 jamdudum
579 2425 613 2445 ex
627 2417 809 2445 Ambrosianus
822 2417 990 2445 bibliotheca:
1002 2417 1094 2446 codice
1104 2417 1171 2446 Lud.
1186 2419 1248 2446 Ant.
1264 2418 1424 2448 Muratorius
1436 2421 1478 2448 vir
1488 2425 1515 2448 et
1527 2420 1642 2455 ingenio,
1657 2424 1685 2447 et
1699 2420 1847 2448 eruditione

231 2462 394 2492 clarissimus
414 2463 464 2490 tria
485 2462 513 2490 S.
529 2462 631 2490 Paulini
646 2462 808 2490 Nolanorum
823 2462 941 2498 episcopi
954 2464 1071 2491 Carmina
1086 2464 1113 2491 in
1127 2464 1155 2492 S.
1170 2464 1286 2493 Felicem
1302 2465 1350 2501 (α),
1365 2473 1478 2500 quorum
1493 2471 1571 2494 antea
1586 2465 1707 2501 qumdam
1719 2466 1847 2493 duntaxat

230 2507 379 2543 fragmenta
393 2508 535 2536 exstabant
548 2507 618 2543 apud
628 2507 776 2542 Dungalum
791 2507 818 2535 in
832 2507 900 2536 libro
923 2514 1002 2542 quem
1025 2508 1048 2535 is
1069 2509 1197 2537 adversus
1210 2508 1352 2538 Claudium
1367 2510 1557 2538 Taurinensem
1570 2510 1604 2537 de
1624 2510 1697 2537 cultu
1711 2516 1846 2537 sacrarum

230 2553 374 2587 imaginum
386 2553 491 2588 scripsit
506 2552 541 2587 (b)
555 2560 624 2588 :qua
640 2552 672 2580 de
687 2560 717 2580 re
731 2560 860 2580 summam
875 2552 945 2588 apud
962 2553 1094 2582 litteratos
1107 2554 1229 2582 homines
1242 2556 1355 2589 gratiam
1373 2556 1432 2583 iniit
1441 2555 1610 2588 Muratorius,
1630 2564 1661 2583 ac
1673 2555 1777 2590 magnis
1790 2555 1846 2583 lau-

230 2598 308 2626 dibus
322 2606 337 2625 a
350 2597 481 2626 Casimiro
491 2596 607 2631 Oudino,
619 2598 730 2633 aliisque
743 2602 888 2626 exornatus
901 2602 952 2626 est.
965 2598 1000 2625 At
1013 2607 1074 2626 cum
1087 2599 1114 2626 in
1127 2601 1308 2635 apographum
1321 2606 1348 2628 et
1364 2602 1468 2630 mendis
1482 2602 1580 2637 ubique
1593 2602 1710 2637 plenum,
1726 2606 1754 2629 et
1766 2601 1846 2629 inuti-

229 2644 284 2672 lum
296 2644 393 2672 alicubi
405 2648 484 2679 atque
498 2644 681 2680 imperfectum
695 2643 840 2677 incidisset,
856 2643 913 2671 ﬁeri
927 2644 1036 2672 omnino
1050 2653 1102 2672 non
1117 2646 1213 2681 potuit,
1229 2650 1258 2673 ut
1271 2647 1340 2674 eain
1354 2647 1441 2675 lucem
1455 2648 1589 2675 emitteret
1600 2647 1679 2682 plane
1691 2647 1844 2675 emendata.

228 2693 358 2726 Quocirca
372 2700 433 2720 cum
447 2692 566 2720 codicem
581 2692 638 2727 ipse
651 2700 707 2727 pm:
720 2692 843 2719 manibus
857 2691 1007 2725 habuerim,
1031 2686 1113 2727 cujus,
1121 2701 1173 2728 ope
1187 2694 1381 2728 quamplurima
1396 2695 1492 2722 menda
1512 2701 1664 2729 expungere
1687 2695 1791 2725 liceret.
1812 2701 1843 2721 ac

226 2741 317 2775 plures
330 2739 448 2767 nondum
470 2739 556 2767 editos
578 2746 671 2766 versus
694 2738 852 2773 adjungere,
873 2738 953 2765 statui
977 2745 1009 2765 ea
1029 2738 1147 2766 carmina
1165 2747 1256 2767 rursus
1276 2739 1301 2766 in
1317 2739 1368 2767 isto
1386 2745 1539 2767 nostrorum
1554 2740 1751 2768 Anecdotorum
1770 2745 1841 2767 tomo

227 2785 361 2819 evulgare.

260 2841 299 2874 (τι)
315 2840 413 2868 Tom.l
429 2840 635 2872 Anccdotorum,
656 2840 701 2876 qui
715 2839 802 2868 editus
812 2844 853 2867 est
863 2839 1003 2868 Mediolani
1092 2840 1130 2876 (b)
1143 2839 1235 2876 Exstat
1249 2840 1293 2867 hic
1313 2840 1380 2867 liber
1397 2840 1424 2867 iu
1439 2840 1603 2876 Bibliotheca
1615 2841 1734 2873 Patrum.
1757 2844 1784 2869 et
1796 2840 1843 2876 iu-_

225 2884 297 2903 anno
313 2875 389 2902 1697.
665 2874 673 2876 ’
1059 2875 1183 2904 scribitur
1199 2875 1330 2911 Responsa
1340 2876 1459 2904 adamas
1472 2874 1573 2903 Claudii
1583 2876 1733 2904 sententias.
