1997 3090
138 150 192 180 505
848 149 963 179 POEMA
983 146 1053 178 XIX.
1704 152 1757 181 506

174 213 203 239 2.
221 211 312 240 Codex
325 218 408 248 porro
417 211 470 240 iste
483 219 538 247 quo
551 219 619 240 usus
629 219 689 241 sum
700 211 864 241 chartaceus
873 216 925 246 est,
937 221 969 241 ac
982 213 1091 245 szeculo,
1109 217 1140 240 ut
1153 212 1280 248 equidem
1290 212 1398 248 opinor,
1409 212 1580 247 xivrtjinu
1590 212 1708 242 natasic
1717 215 1765 249 (si

135 264 277 287 exaratos.
294 260 322 286 In
339 265 373 286 eo
391 264 537 286 occurrunt
551 259 667 293 primum
685 258 813 287 tredecim
826 259 933 286 Paulini
946 259 1068 286 carmina
1083 259 1110 286 in
1125 258 1154 286 S.
1172 258 1301 293 Felicem,
1318 263 1374 286 tum
1391 258 1444 286 alia
1458 258 1614 292 Prudentii,
1631 268 1750 295 quorum

135 306 254 335 indicem
276 305 360 333 habes
375 306 402 333 in
420 309 542 334 extrema
559 305 655 341 pagina
670 305 720 340 (ὁ).
738 304 836 333 Decem
851 306 943 341 priora
955 305 1061 333 Paulini
1076 312 1138 333 cum
1153 304 1302 332 Veronensi
1314 305 1433 333 editione
1444 304 1509 332 anni
1527 304 1596 332 1756
1608 305 1671 332 dum
1689 313 1757 332 con-

137 353 252 384 ferrem,
270 352 388 388 aliquam
403 352 429 379 in
445 352 479 381 iis
500 352 645 380 lectionum
660 352 821 380 varietatem
836 352 1014 387 deprehendi,
1026 360 1087 388 quae
1100 360 1161 380 cum
1180 352 1260 379 alicui
1272 352 1337 380 usui
1353 351 1447 379 futura
1460 352 1506 385 sit,
1524 352 1546 379 si
1562 352 1671 386 quando
1687 358 1757 379 nova

137 406 235 426 eorum
249 398 333 426 editio
346 398 510 434 perﬁcienda
526 399 588 432 erit,
603 399 691 427 visum
709 403 750 427 est
767 399 835 426 mihi
849 399 894 427 illa
907 390 966 427 ltica
984 399 1010 426 in
1028 399 1127 434 quibus
1140 399 1256 427 varietas
1269 399 1398 427 nonnulla
1412 403 1453 427 est
1470 398 1515 426 hic
1525 399 1666 426 adnotare.

170 446 199 473 5.
217 446 246 473 lu
262 445 383 473 carmine
402 445 429 478 1,
444 453 525 473 versu
544 445 572 478 4,
590 451 684 474 noster
697 446 782 474 codex
800 445 892 479 habet,
907 445 1047 474 Christum
1066 454 1120 473 non
1134 446 1224 473 vincta
1244 453 1319 473 voce.
1338 446 1417 474 Vers.
1436 446 1481 479 56,
1506 445 1647 473 Munditiis
1661 452 1758 474 curare

135 493 221 522 sines.
239 493 267 520 ln
285 492 405 520 secundo
416 492 538 520 carmine
556 493 629 521 nulla
643 497 685 521 est
700 493 828 521 varietas.

175 540 202 566 4.
218 539 248 566 In
266 547 352 566 carm.
365 539 392 572 5,
405 547 477 567 vers.
491 539 520 571 4,
534 543 627 567 noster
637 539 722 567 codex
732 539 823 574 habet,
838 539 975 567 caelestem
989 537 1095 567 nactus.
1109 537 1186 565 Vers.
1200 537 1228 569 5,
1243 545 1352 572 pmnam
1366 545 1419 565 non
1430 543 1537 573 sponte.
1555 538 1633 566 Vers.
1645 538 1689 571 11,
1702 538 1758 565 Deo

135 586 250 614 caleant;
260 584 343 612 'Vers.
361 584 404 616 15,
416 591 526 611 munere
540 583 658 611 condidit
672 583 736 610 alto.
753 583 831 610 Vers.
849 583 892 615 15,
913 582 969 616 Qua
982 586 1044 618 post
1057 582 1210 610 solstitium.
1225 582 1302 612 Vers.
1316 582 1359 616 22,
1375 583 1474 610 virtute
1488 582 1598 617 recepti.
1621 581 1695 609 Vers.
1710 581 1755 615 58,

135 631 228 659 divino
241 630 350 657 numine
362 629 450 657 solvit.
476 629 552 656 Vers.
568 627 613 662 59,
627 627 744 655 Cernere
757 635 829 655 nunc
841 628 941 663 passim
961 631 1003 655 est
1023 627 1108 655 sacris
1122 631 1253 662 purgante
1268 627 1383 654 medela.
1406 627 1483 654 Vers.
1499 626 1542 659 48,
1568 625 1661 653 IEthra
1675 626 1754 661 polis.

135 675 211 702 Vers.
228 674 273 706 55,
298 678 392 707 totque
403 681 457 701 uno
471 673 607 707 compulsa
621 672 743 700 examine
754 676 827 700 vota.
849 672 926 700 Vers.
941 672 985 706 59,
1006 672 1040 700 Et
1051 672 1092 700 bis
1112 672 1237 699 terdenas
1251 672 1406 707 Campania.
1431 672 1508 699 Vers.
1522 672 1566 702 61,
1591 672 1716 706 Neapolis
1729 676 1755 698 et

134 727 211 754 quos.
225 719 300 747 Vers.
316 718 360 752 65,
376 718 449 752 Quos
462 717 559 744 Antina
573 721 679 752 potens.
703 716 779 744 Vers.
795 716 839 749 66,
854 717 1044 745 monumentis.
1068 716 1144 744 Vers.
1160 716 1205 751 68,
1224 716 1303 750 hujus
1316 717 1419 744 honore
1432 717 1485 744 die.
1506 717 1582 744 Vers.
1599 717 1642 749 77,
1656 714 1715 744 Huc
1727 721 1756 744 et

133 766 266 794 olivifera.
291 765 364 792 Vers.
380 764 424 797 85,
436 763 505 791 Toto
518 763 599 798 plena
613 763 654 790 sui
669 762 766 798 spatio,
780 762 950 798 spatiosaque
962 763 1074 791 cunctis.
1086 762 1161 790 Vers.
1180 762 1224 796 85,
1240 763 1306 790 Nola
1319 764 1446 798 assurgis.
1461 763 1527 792 Tres
1540 771 1643 795 versus,
1658 771 1756 799 nempe

132 810 177 845 86,
192 811 227 838 87
241 815 268 838 et
280 810 324 843 88,
340 809 536 837 desiderantur.
548 807 624 835 Vers.
641 807 685 840 95,
698 807 773 835 Nunc
782 815 889 842 quoque
902 812 1042 843 perpetuo.
1055 807 1132 835 Vers.
1146 807 1208 841 105,
1223 807 1286 835 Plus
1297 808 1365 835 nitet
1378 808 1534 836 innumeris.
1549 808 1625 836 Vers.
1640 808 1701 843 111,
1720 808 1756 837 s'it

132 857 232 885 ﬂoreus
244 865 338 884 annus.
357 856 429 883 Vers.
444 854 502 886 128,
519 853 552 880 Ut
567 854 689 888 precibus
704 854 778 880 lenis.
797 854 871 880 Vers.
892 854 950 885 155,
966 853 999 880 Et
1013 854 1101 888 potius
1114 853 1209 881 dextre
1223 854 1324 888 positos
1338 854 1364 881 in
1377 859 1452 889 parte
1462 855 1576 889 piorum.

166 901 192 929 5.
212 902 243 929 ln
256 910 338 930 carm.
355 901 381 933 4,
396 908 464 927 vers.
482 899 508 932 2,
520 904 611 926 noster
626 899 709 925 codex
722 899 809 930 habet,
826 906 842 925 ο
855 899 991 925 carissime
1008 897 1125 926 Christo.
1138 898 1213 926 Vers.
1230 899 1258 932 9,
1270 900 1363 934 inopes
1374 900 1450 934 justi,
1463 900 1637 934 indignosque
1650 900 1753 928 salutis.

130 947 207 975 Vers.
222 947 268 981 29,
283 946 372 974 Pulset
385 952 476 973 amore
488 945 560 980 lyrae.
579 944 653 971 Vers.
665 944 710 977 57,
722 944 768 970 tibi
783 944 921 970 lactantes.
934 944 1009 971 Vers.
1022 943 1066 975 55,
1078 943 1134 971 lmo
1145 948 1172 971 et
1182 945 1334 979 apostolicis
1343 945 1456 973 lundens
1469 954 1518 973 sua
1528 945 1636 972 ﬂumina
1647 947 1752 979 linguis.

133 993 208 1021 Vers.
223 993 267 1026 64,
290 992 365 1020 Unde
375 992 529 1028 peregrinas
542 992 668 1020 obeunte.
693 992 770 1020 Vers.
786 992 830 1024 74,
847 992 984 1026 multoque
998 992 1103 1027 reliquit
1126 993 1153 1020 in
1167 1000 1240 1027 agro.
1266 993 1343 1022 Vers.
1360 993 1420 1026 102,
1445 994 1566 1029 prtelegit
1578 994 1648 1028 jura.
1673 994 1750 1022 Vers.

135 1040 197 1073 125,
211 1041 335 1076 sedisque
347 1042 469 1069 vovebat.
486 1042 560 1069 Vers.
578 1042 638 1073 127,
649 1041 747 1069 invidia
761 1041 880 1069 ell'ectns.
895 1041 973 1068 Vers.
993 1041 1054 1076 128,
1070 1041 1137 1069 ﬁdes
1150 1041 1213 1077 quia
1227 1046 1340 1070 tantum.
1364 1042 1441 1070 Vers.
1457 1042 1518 1075 149,
1541 1046 1695 1077 prosternet
1707 1050 1751 1070 sua

78 1099 81 1101 ·
137 1091 250 1122 perante.
264 1086 339 1115 Vers.
356 1087 417 1120 181,
434 1087 537 1114 Primus
547 1087 681 1122 suppliciis
694 1087 726 1113 de
740 1094 848 1114 carcere
863 1086 977 1113 sumitur
990 1086 1067 1113 ordo.
1092 1086 1168 1114 Vers.
1183 1085 1246 1118 207,
1260 1086 1374 1114 Dumosa
1391 1091 1540 1122 prostratus
1554 1087 1645 1114 humo.
1670 1087 1747 1114 Vers.

136 1132 192 1165 226,
207 1133 310 1160 Arcana
325 1133 419 1160 tellure
435 1134 497 1167 tegi.
514 1133 590 1159 Vers.
609 1132 670 1163 269,
695 1132 825 1159 Custodes
847 1136 990 1158 cunctante
1004 1139 1139 1166 premens.
1164 1131 1242 1160 Vers.
1256 1131 1318 1165 294,
1344 1132 1545 1167 Demissumque
1564 1140 1654 1160 manu.
1672 1132 1749 1160 Vers.

131 1177 189 1211 518,
208 1179 338 1213 corporis,
354 1178 455 1213 atquin.
477 1178 551 1205 Veis.
567 1177 628 1210 520,
645 1177 676 1204 Et
691 1185 783 1205 carum
805 1177 858 1204 vita
873 1177 974 1203 fuisset.
1000 1176 1075 1204 Vers.
1090 1175 1151 1209 551,
1176 1180 1231 1204 tam
1244 1176 1354 1204 volucer
1366 1184 1456 1204 cursu.
1478 1177 1554 1205 Vers.
1570 1177 1684 1212 penult.,
1698 1177 1750 1204 im-

129 1225 317 1252 marcescibili.

161 1271 188 1298 6.
208 1270 240 1298 In
254 1278 336 1298 carm.
352 1270 378 1302 5,
394 1277 464 1298 vers.
481 1269 506 1301 1,
522 1273 614 1297 noster
623 1268 709 1297 codex
721 1268 813 1302 habet,
820 1267 854 1295 Et
866 1267 940 1295 venit
950 1271 1023 1294 aetas.
1035 1267 1113 1295 Vers.
1128 1267 1173 1302 11,
1184 1267 1265 1296 Felici
1280 1268 1378 1296 librare
1391 1273 1462 1295 meo.
1473 1268 1549 1296 Vers.
1565 1268 1609 1299 12,
1624 1267 1730 1295 deditus
1742 1276 1749 1294 :

125 1316 198 1344 hunc
209 1317 292 1344 etiam
305 1316 369 1343 oris.
383 1315 459 1342 Vers.
469 1314 512 1347 18,
528 1314 661 1350 Martyris,
671 1312 742 1341 unde
751 1313 870 1340 domum.
885 1312 962 1340 Vers.
975 1311 1020 1344 46,
1035 1312 1121 1339 dulcia
1136 1312 1244 1340 mundo.
1257 1312 1334 1340 Vers.
1349 1312 1393 1345 54,
1409 1313 1435 1339 in
1448 1317 1557 1347 pectora
1573 1313 1656 1340 vivus.
1671 1313 1748 1340 Vers.

124 1361 169 1395 57,
185 1362 257 1398 petit
267 1361 385 1397 improba
398 1361 522 1397 primum.
544 1360 621 1388 Vers.
633 1359 676 1392 65,
688 1358 758 1386 Ecce
770 1361 798 1385 et
811 1364 882 1385 eum.
897 1357 975 1385 Vers.
991 1356 1037 1391 84,
1051 1356 1187 1384 Attonitus
1200 1356 1284 1384 Felix.
1312 1357 1385 1384 Vers.
1399 1356 1443 1390 86,
1466 1357 1487 1383 E
1501 1358 1587 1392 Spatio
1602 1362 1750 1391 nactusque

124 1408 226 1439 locum,
243 1405 288 1441 qui
302 1406 370 1434 forte
384 1405 501 1441 paventi.
514 1404 591 1432 Vers.
608 1403 669 1438 100,
684 1403 808 1431 sordibus
821 1409 910 1437 agger.
928 1399 1005 1429 Vers.
1022 1401 1083 1435 102,
1098 1402 1213 1429 intutum
1226 1401 1333 1430 struxit.
1347 1401 1423 1429 Vers.
1440 1401 1502 1435 155,
1517 1402 1657 1437 Opprimit,
1673 1410 1750 1430 ever-

124 1460 218 1487 satque
232 1455 369 1486 exponunt
382 1450 516 1478 montibus
536 1449 626 1476 urbes.
649 1448 726 1476 Vers.
746 1447 807 1480 159,
832 1454 928 1482 magna
942 1445 1076 1474 Hiericho.
1101 1446 1177 1474 Vers.
1199 1446 1260 1479 140,
1284 1446 1412 1474 Omnibus
1426 1447 1500 1474 exitii
1514 1455 1561 1474 sua
1577 1447 1671 1481 gloria,
1697 1456 1749 1482 qua

124 1502 294 1530 tumuerunt,
309 1497 393 1524 Causa
407 1495 465 1524 fuit.
480 1496 556 1523 Vers.
572 1495 634 1529 167,
641 1495 809 1523 'diseesserat
823 1494 893 1522 inde.
919 1493 996 1521 Vers.
1015 1493 1077 1526 169,
1096 1493 1226 1521 Intulerat
1239 1497 1363 1528 satagens
1375 1494 1498 1529 propriis.
1524 1494 1598 1521 Vers.
1617 1494 1676 1527 190,
1691 1495 1749 1522 Non

124 1540 182 1574 rera
196 1545 253 1579 jam
268 1545 358 1572 leritas
368 1544 502 1572 hominem
515 1543 691 1571 circumstetit
701 1542 809 1569 almum.
822 1540 971 1568 Frenarunt
982 1540 1074 1569 avidos
1084 1540 1185 1575 jejunia
1199 1544 1292 1569 sancta
1306 1541 1408 1569 leones.
1423 1540 1477 1568 Sex
1496 1541 1579 1574 illum,
1595 1545 1646 1569 etc.
1671 1542 1747 1570 Vers.

123 1592 189 1625 199,
203 1599 288 1626 aquae,
304 1599 361 1626 qua:
375 1590 464 1618 nubila
478 1590 586 1625 passim.
607 1589 684 1616 Vers.
700 1588 761 1622 201,
782 1587 875 1615 Gratia
892 1587 973 1616 Felici
986 1587 1097 1615 defudit.
1121 1587 1198 1615 Vers.
1220 1587 1281 1620 212,
1301 1587 1383 1622 Inque
1405 1587 1512 1622 globum
1527 1592 1645 1615 tenuem.
1670 1588 1749 1617 Vers.

124 1638 190 1673 215,
204 1637 353 1673 Compluvii
366 1637 470 1665 dulcem
484 1636 597 1664 sitientis
611 1635 638 1663 in
652 1643 699 1663 ore
721 1635 861 1669 liquorem.
885 1634 962 1662 Vers.
977 1634 1040 1667 250,
1055 1634 1195 1667 Maximus,
1220 1639 1248 1661 et
1261 1634 1377 1669 pecudes
1391 1634 1472 1661 ductu
1487 1634 1602 1669 pastoris
1623 1636 1747 1669 egebant.

124 1683 211 1716 Quem
225 1681 395 1715 confessoris,
411 1685 463 1709 etc.
484 1680 551 1708 Nam
564 1685 657 1708 versus
672 1679 845 1707 intermedius
858 1678 908 1706 251
925 1679 1092 1706 desideratur
1105 1679 1131 1706 in
1146 1683 1239 1707 nostro
1260 1679 1362 1708 codice.
1386 1679 1463 1707 Vers.
1476 1679 1538 1712 241,
1553 1681 1614 1715 quia
1628 1689 1750 1709 crescere

124 1727 201 1755 sede.
215 1726 294 1754 Vers.
309 1725 371 1759 264,
386 1733 441 1761 pra:
451 1726 554 1754 cunctis
565 1725 674 1753 nomine
686 1724 759 1752 claro
771 1724 896 1752 Archelai
910 1728 965 1752 tam
986 1728 1077 1752 sancta
1093 1723 1155 1757 iide,
1171 1733 1251 1760 quam
1265 1726 1373 1753 nomine
1386 1726 1468 1754 clara.
1485 1726 1560 1754 Vers.
1572 1725 1635 1759 274,
1650 1727 1749 1755 modici

124 1774 177 1801 tria
190 1772 284 1808 jugera
299 1773 377 1800 ruris.

161 1820 191 1846 'l.
208 1819 237 1846 In
252 1827 334 1847 carm.
350 1818 376 1852 6,
388 1826 459 1846 vers.
477 1818 520 1852 11,
532 1821 623 1846 noster
636 1817 721 1846 codex
734 1817 825 1851 habet,
838 1824 977 1853 amorque,
991 1818 1124 1853 timorque
1135 1823 1185 1847 est.
1198 1819 1274 1847 Vers.
1290 1818 1335 1853 20,
1356 1818 1420 1852 Quae
1434 1819 1494 1846 nive
1506 1823 1578 1847 tecta
1592 1820 1677 1847 solum
1688 1820 1749 1849 nive

129 1864 220 1896 silvas,
237 1863 364 1896 culmina,
383 1863 466 1891 colles
485 1862 598 1898 Compta
617 1862 689 1891 senis
702 1863 788 1891 sancti
801 1870 884 1900 canos
904 1867 1018 1891 testatur
1031 1864 1157 1891 honores.
1172 1864 1248 1891 Vers.
1263 1863 1309 1898 28,
1332 1867 1378 1891 tua
1401 1863 1515 1898 namque
1529 1865 1566 1891 tui
1589 1869 1650 1891 sunt
1665 1865 1748 1899 gloria

127 1910 230 1938 Sancti.
253 1909 329 1938 Vers.
344 1909 387 1943 50,
411 1908 497 1937 Oflicii
510 1913 632 1944 sumptus
645 1912 771 1944 superent
785 1918 792 1936 :
808 1909 834 1936 hi
848 1909 959 1944 pulchra
973 1910 1103 1945 tegendis.
1125 1909 1202 1937 Vers.
1216 1909 1260 1942 59,
1276 1908 1311 1937 Ut
1323 1909 1464 1937 medicata.
1482 1909 1555 1938 Vers.
1569 1910 1614 1944 45,
1637 1910 1748 1939 Fercula

125 1957 218 1992 opima
229 1956 305 1990 cibis,
320 1963 407 1989 ceras,
421 1956 515 1989 aulaea,
526 1955 649 1984 lucernas
659 1955 744 1990 Larga
758 1955 876 1990 quidem,
891 1955 938 1984 sed
949 1956 1032 1983 multa
1046 1955 1145 1983 dicant.
1170 1955 1246 1983 Vers.
1260 1954 1305 1989 47,
1325 1955 1418 1983 Nullus
1430 1963 1510 1991 opum
1524 1956 1647 1985 famulus.
1670 1955 1746 1985 Vers.

125 2004 170 2037 60,
187 2003 235 2039 qui
247 2002 299 2030 duo
312 2006 408 2030 totum.
421 2002 498 2030 Vers.
513 2001 555 2034 62,
571 2002 667 2037 quibus
680 2002 737 2029 haec
748 2001 876 2037 dignatio,
897 2005 925 2029 et
938 2002 998 2030 istic
1011 2009 1162 2030 consessus.
1189 2002 1266 2030 Vers.
1287 2002 1331 2037 71,
1346 2002 1380 2030 ab
1392 2002 1495 2037 origine
1513 2003 1586 2031 duxi.
1610 2004 1687 2031 Vers.
1702 2004 1748 2037 85,

124 2051 245 2079 Tantum
261 2051 312 2078 erit
325 2055 353 2078 et
364 2049 454 2077 verbis
467 2056 548 2084 super
556 2049 609 2077 hoc
622 2057 675 2083 quo
688 2049 777 2077 dicere
787 2054 861 2083 gesta
875 2049 970 2077 Felicis
984 2052 1084 2084 pateat,
1099 2049 1122 2076 si
1132 2048 1210 2084 copia
1224 2052 1298 2076 tanta
1311 2049 1346 2077 sit
1359 2049 1425 2083 oris,
1446 2049 1549 2082 Quanta
1570 2057 1679 2084 operum
1693 2057 1749 2077 me-

123 2099 226 2132 ritique
241 2100 341 2124 manet.
357 2095 423 2122 Nam
439 2100 560 2130 tempore
573 2094 607 2122 ab
622 2095 677 2122 illo.
698 2094 775 2123 Vers.
793 2095 854 2130 115,
874 2096 947 2130 pium
960 2103 1021 2130 spes
1040 2096 1176 2123 solabatur
1195 2103 1325 2122 amorem.
1349 2095 1426 2123 Vers.
1443 2094 1504 2128 126,
1529 2094 1646 2130 Quisque
1669 2096 1749 2125 alium

123 2147 267 2179 praestare,
286 2145 315 2169 et
326 2141 436 2176 propius
457 2140 605 2168 consistere
620 2144 714 2173 certat,
729 2140 806 2168 Vers.
822 2140 884 2174 146,
900 2141 968 2168 Tum
982 2142 1070 2169 nivea.
1092 2141 1169 2169 Vers.
1183 2140 1244 2174 147,
1264 2140 1343 2168 Pater
1356 2141 1528 2176 additjudice
1541 2142 1657 2170 Christo.
1671 2143 1749 2170 Vers.

122 2188 188 2218 158,
203 2187 244 2214 Ex
259 2187 362 2214 ossibus
372 2186 480 2213 emicuit
493 2185 548 2213 lux.
564 2185 640 2213 Vers.
656 2185 719 2218 165,
734 2190 818 2214 terras
829 2187 980 2214 venerabile
993 2194 1100 2214 nomen.
1115 2187 1192 2215 Vers.
1207 2186 1267 2220 166,
1291 2186 1430 2221 Dignatam
1450 2192 1477 2215 et
1491 2192 1576 2216 tanto.
1592 2188 1667 2216 Vers.
1686 2189 1737 2215 187

122 2233 258 2268 Corporis
272 2239 288 2259 e
301 2231 412 2258 tumulo.
427 2231 503 2258 Vers.
519 2230 580 2264 208,
600 2230 674 2258 Felix
687 2230 814 2258 miracula
829 2231 938 2259 numine
952 2231 1060 2259 Christi.
1075 2231 1152 2259 Vers.
1168 2232 1231 2266 219,
1253 2231 1339 2266 pietas
1350 2235 1378 2259 et
1391 2232 1496 2260 vilibus.
1518 2233 1707 2266 Vers.260,1n
1723 2238 1749 2262 te

121 2284 276 2317 paupertas
296 2284 377 2315 caput
400 2279 540 2307 acclinata.
564 2278 640 2306 Vers.
659 2279 721 2311 269,
746 2286 824 2313 quem
848 2279 992 2307 criminer?
1015 2283 1061 2307 aut
1083 2279 1128 2306 ubi
1144 2279 1178 2307 de
1192 2283 1229 2306 te.
1253 2279 1330 2307 Vers.
1341 2278 1402 2311 276,
1427 2286 1479 2314 qua
1493 2273 1572 2307 m'odo
1587 2280 1749 2308 discurram?

121 2328 206 2356 Vers.
221 2324 285 2359 297,
297 2324 369 2358 Quos
383 2328 410 2352 et
423 2329 450 2351 te
463 2331 557 2350 manus
571 2331 623 2350 una
635 2327 717 2350 tenet.
732 2323 809 2351 Vers.
822 2322 883 2356 298,
898 2322 1019 2351 Christus
1032 2324 1128 2351 blanda
1138 2324 1198 2359 piis.
1214 2323 1291 2351 Vers.
1307 2323 1367 2357 501,
1383 2323 1471 2352 nescis
1484 2324 1552 2351 mala
1569 2324 1648 2352 facta.
1672 2325 1749 2353 Vers.

121 2376 188 2408 515,
206 2374 263 2402 Nec
272 2373 326 2408 jam
341 2372 488 2408 repperies,
502 2370 597 2399 reddas
611 2371 654 2398 cui
667 2378 759 2398 errore
771 2371 905 2399 reductos.
919 2371 997 2399 Vers.
1013 2371 1073 2406 524,
1085 2376 1116 2399 ut
1124 2372 1179 2407 jam
1194 2371 1308 2406 plurima
1318 2375 1414 2399 totum.
1435 2370 1510 2398 Vers.
1524 2369 1587 2405 565,
1607 2369 1643 2398 Ut
1656 2371 1750 2406 przcdai

122 2429 205 2450 cassa
217 2419 356 2448 remansit.
370 2418 446 2446 Vers.
463 2417 524 2451 589,
539 2417 615 2452 quasi
628 2424 699 2452 pone
712 2417 847 2444 timerent.
870 2416 948 2445 Vers.
963 2416 1025 2451 594,
1040 2425 1133 2445 rursus
1146 2417 1277 2452 sapientia
1290 2417 1380 2445 bruto.
1403 2417 1482 2445 Vers.
1496 2416 1558 2452 405,
1571 2416 1708 2451 Cominus,
1723 2421 1751 2445 et

123 2470 247 2503 caligare
258 2471 343 2503 putat.
358 2467 435 2495 Vers.
448 2466 509 2499 455,
521 2464 557 2493 ad
568 2472 616 2493 sua
629 2468 692 2492 vota
706 2468 837 2492 catervas.
851 2463 928 2492 Vers.
943 2463 1005 2498 450,
1021 2464 1069 2492 tibi
1082 2464 1180 2492 mando
1193 2464 1317 2492 tuendos.

160 2524 249 2562 (a).ln
262 2524 345 2562 prima
360 2523 458 2550 codicis
472 2522 567 2562 pagina
581 2525 685 2562 vetusta
697 2528 777 2562 manu
788 2520 915 2562 scriptum

123 2554 171 2589 est:
181 2554 336 2587 {Iste-liber
346 2562 383 2585 est
438 2554 549 2591 scriptus
563 2566 579 2584 α
593 2556 705 2583 Domino
716 2555 797 2591 Lippa
811 2555 842 2582 de
856 2554 917 2582 Pla-

122 2596 220 2624 thesiis
233 2595 287 2622 uiro
302 2593 390 2620 devoto
403 2596 428 2619 et
444 2592 529 2619 docta.

160 2631 202 2664 (b)
218 2629 247 2657 ln
268 2629 355 2656 fronte
368 2627 468 2664 codicis
481 2627 539 2654 haec
551 2627 650 2664 scripta
661 2626 731 2664 _olim
746 2625 852 2653 fuerunt
864 2635 870 2652 :
882 2625 917 2664 _In

122 2661 175 2694 hoc
187 2661 255 2693 libro
312 2667 372 2690 sunt
384 2663 434 2689 ista
450 2670 495 2697 per
508 2662 634 2689 ordinem.
654 2661 743 2697 Primo
762 2661 915 2696 quatuorde—

121 2703 177 2728 cim
193 2700 256 2727 libri
265 2700 292 2726 in
304 2698 391 2725 metris
407 2696 539 2732 compositi
553 2705 570 2723 a
581 2700 670 2723 sancto
682 2696 793 2732 Paulino
806 2696 916 2722 civitatis

123 2736 210 2763 Nola:
219 2735 347 2769 episcopo,
354 2732 383 2760 ἐι
393 2731 548 2768 confessore,
558 2732 604 2769 qui
615 2731 675 2769 facti
685 2735 745 2757 sunt
754 2731 781 2757 in
795 2737 916 2766 quatuor-

121 2772 213 2798 decim
229 2766 317 2801 annis,
331 2768 427 2795 scilicet
442 2766 489 2802 pro
503 2766 614 2802 quolibet
629 2767 692 2801 {esto
711 2774 787 2797 unus,
809 2774 916 2800 quorum

123 2805 240 2833 materia
250 2809 289 2831 est
299 2805 333 2841 Ade
343 2809 433 2841 sancto
443 2801 531 2841 Felice
544 2801 699 2841 presbytero.
719 2805 744 2827 et
760 2801 913 2841 confefspre,

123 2848 149 2868 et
160 2845 274 2875 patrono
282 2837 506 2875 ciuitatic‘NollpL
517 2835 733 2875 etdeejusfesta
742 2856 749 2868 ,
772 2835 838 2875 quod
854 2835 914 2875 brut

124 2870 198 2902 male
208 2880 256 2906 est,
266 2874 363 2901 scilicet
377 2873 418 2899 die
446 2872 477 2899 14
489 2870 621 2904 Januarii,
644 2871 759 2898 videlicet
776 2870 913 2906 Δίζεαιιαί

127 2910 230 2938 Felicis
239 2910 266 2937 in
276 2908 365 2937 Pincis
375 2907 524 2943 presbyteri,
534 2912 559 2935 et
567 2907 688 2941 martyris
695 2906 794 2935 Romw.
802 2905 837 2934 Et
846 2907 913 2934 inter

968 2521 1022 2548 lucc
1036 2522 1152 2549 carmina
1174 2526 1235 2549 sunt
1254 2523 1334 2549 multa
1349 2522 1380 2549 de
1392 2521 1457 2554 Deo,
1479 2525 1504 2548 et
1523 2522 1630 2555 sanctis,
1654 2525 1679 2548 et
1693 2521 1751 2549 aliis

966 2557 1038 2584 rebus
1054 2557 1228 2590 spiritualibua
1243 2563 1267 2584 et
1279 2558 1385 2585 devotis.
1401 2556 1522 2590 Sequitur
1541 2556 1706 2590 Apotheosis,
1724 2556 1750 2582 id

966 2597 1004 2627 est
1016 2592 1047 2619 de
1056 2591 1208 2626 Diuinitate,
1223 2592 1360 2620 Prudentii
1369 2598 1451 2627 poene
1464 2592 1609 2618 clarissimi.
1619 2591 1750 2627 Ejusdem

967 2626 1103 2655 Prudentii
1118 2636 1219 2655 carmen
1231 2629 1269 2655 vel
1285 2628 1349 2655 liber
1363 2626 1453 2655 contra
1466 2627 1597 2654 haereticos
1612 2626 1751 2661 Patripas-

966 2663 1100 2698 sianum...
1117 2662 1194 2689 Liber
1204 2663 1318 2698 ejusdem
1328 2667 1418 2690 contra
1430 2662 1584 2698 Πηὶοῃὶιςιδ..
1593 2680 1611 2689 ..
1624 2661 1750 2698 Ejusdem

968 2697 1104 2725 Prudentii
1123 2696 1240 2725 carmina
1252 2698 1291 2725 vel
1310 2698 1374 2724 liber
1387 2702 1476 2724 contra
1489 2696 1603 2723 Judwos.
1624 2696 1749 2731 Ejusdem

966 2731 1103 2759 Prudentii
1121 2742 1224 2761 carmen
1238 2734 1276 2760 vel
1296 2733 1359 2760 liber
1373 2733 1493 2759 adversus
1508 2732 1640 2759 hereticos
1652 2735 1676 2757 et
1688 2731 1750 2764 inﬁ-

965 2767 1033 2795 deles
1046 2768 1261 2796 Ilomuncionitas
1330 2767 1407 2795 Liber
1431 2765 1698 2802 ejusdemrPruderttii
1718 2765 1749 2791 de

965 2807 1058 2839 natura
1072 2804 1165 2839 animle
1219 2803 1295 2831 Liber
1308 2803 1420 2839 ejusdem
1427 2800 1517 2839 contra
1526 2800 1747 2839 Phantasticosru

965 2835 1090 2872 Ejusdem
1096 2838 1272 2872 Marcioqem‘a
1284 2834 1451 2872 jusdem
1464 2836 1527 2863 liber
1537 2838 1628 2862 totum
1638 2834 1749 2863 Marcio-
1772 2852 1775 2854 η

965 2873 1033 2901 nitas
1090 2873 1167 2902 Liber
1180 2875 1259 2902 dictus
1275 2872 1488 2909 Psychomacltia.
