1997 3090
252 152 305 182 εστ
732 155 760 182 S.
780 153 916 182 PAULINI
934 153 1058 183 NOLAN-I
1077 153 1225 184 EPISOOPI
1242 154 1412 183 POEMATA.
1811 158 1861 185 508

288 209 314 237 8.
334 209 363 237 lu
377 217 459 237 eam.
475 211 500 243 7,
515 218 585 238 vers.
598 211 625 244 5,
640 216 733 239 noster
745 211 830 240 codex
843 212 931 245 habet,
947 212 1030 240 Ducat
1042 217 1197 241 concretum
1207 213 1286 241 terris
1299 212 1457 241 canentibus
1471 220 1580 241 annum.
1595 213 1670 241 Vers.
1684 213 1729 248 24,
1740 213 1777 242 Tu
1787 215 1862 243 mini-

252 263 324 282 mam
338 255 451 290 repleas.
468 255 543 283 Vers.
557 256 602 289 55,
614 256 647 283 Et
659 257 747 284 subito
761 257 924 292 praecedens.
939 257 1016 285 Vers.
1030 258 1075 291 59,
1087 259 1206 286 Donetur
1217 258 1321 286 variare
1334 258 1430 291 modis,
1449 262 1477 286 et
1487 262 1565 293 pacta
1578 260 1721 294 quotannis
1734 259 1864 296 Carmina,

251 302 362 329 mutatis
373 309 425 328 uno
436 302 498 329 licet
511 310 560 329 ore
574 302 687 335 loquelis
700 302 837 330 Promere.
861 303 938 331 Vers.
953 303 999 337 45,
1017 303 1156 331 Cernimus
1170 304 1213 331 illa
1225 304 1307 332 diem.
1332 304 1409 332 Vers.
1423 304 1468 336 85,
1484 305 1603 338 vegetior
1616 306 1709 334 hostis.
1732 306 1806 334 Vers.
1819 305 1863 339 95,

252 347 364 374 sedeant
377 348 546 381 contegtnina
560 349 696 377 membris.
721 349 799 377 Vers.
816 349 860 383 96,
875 350 935 384 quis
948 350 1084 386 ambigat?
1108 351 1183 379 Vers.
1200 350 1261 383 154,
1281 350 1409 384 Sustinet,
1424 355 1453 379 et
1465 352 1563 380 solido.
1587 352 1663 380 Vers.
1680 352 1740 387 464,
1759 352 1866 388 cuspide

253 393 333 420 trino.
348 393 425 421 Vers.
440 394 502 426 227,
518 399 613 430 potens
627 396 751 423 Domino.
767 396 843 424 Vers.
858 396 921 428 252,
934 397 1016 424 vitam
1026 397 1157 425 veniendo
1169 397 1292 426 redemit.
1316 398 1393 425 Vers.
1404 397 1468 431 277,
1486 398 1598 427 suﬂerre
1609 403 1710 427 tomum
1731 399 1865 428 duramus.

254 438 331 466 Vers.
346 439 409 473 278,
424 441 547 469 acumine
559 441 632 469 ferri.
654 442 730 470 Vers.
748 442 813 477 279,
834 443 957 472 sordibus
970 448 1089 472 unctum.
1110 445 1186 473 Vers.
1201 444 1264 478 287,
1285 445 1357 480 quod
1370 445 1456 474 solido
1469 449 1497 473 et
1510 452 1600 476 crasso
1619 449 1704 473 totum
1718 445 1866 480 complebat

252 486 349 519 operti.

288 530 314 557 9.
334 530 362 557 ln
378 539 461 559 carm.
475 532 502 566 8,
516 540 586 560 vers.
601 533 645 567 69,
661 538 752 562 noster
764 534 849 562 codex
871 535 951 563 habet
964 535 1004 563 Ad
1017 537 1234 565 consternandas.
1258 536 1334 564 Vers.
1350 536 1397 571 95,
1407 540 1511 564 servata
1522 536 1631 564 Nineve.
1654 536 1729 564 Vers.
1744 534 1790 569 96,
1812 543 1868 571 qua!

252 577 322 603 main
335 578 445 605 sanctis.
459 579 535 606 Vers.
553 579 612 611 126,
626 580 730 607 numeri
740 581 839 608 virtute
853 585 986 616 potentes.
998 582 1075 610 Vers.
1090 582 1149 615 444,
1165 582 1279 610 Provida
1291 583 1415 618 pollutas.
1427 582 1503 610 Vers.
1517 582 1578 614 462,
1591 582 1747 610 Terrentem
1759 588 1868 616 magnos

252 621 305 648 late
320 622 441 656 populos.
468 622 542 650 Vers.
559 623 620 656 468,
637 624 670 651 Et
687 625 776 659 opima
791 625 900 653 Nineve.
924 626 1000 654 Vers.
1016 626 1078 659 475,
1090 628 1184 655 altaria
1198 635 1298 656 coram.
1321 628 1397 655 Vers.
1417 627 1475 661 478,
1497 627 1593 655 Attrita
1606 635 1668 656 cum
1679 628 1766 663 plebe.
1794 628 1868 656 Vers.

253 667 314 700 479,
330 667 394 695 Tam
411 669 500 702 gravis
510 670 593 697 exitii.
608 670 684 705 Vers.
700 671 761 705 48l,
783 671 835 699 Pro
846 672 958 705 meritis,
970 680 1021 700 nec
1034 677 1112 701 norat
1125 681 1195 701 eum.
1221 673 1300 702 Vers.
1314 673 1376 706 207,
1396 673 1554 701 Venerando
1568 674 1597 701 in
1615 681 1727 708 corpore
1739 674 1869 701 membra.

252 713 327 742 Vers.
343 714 404 747 245,
417 715 449 742 Ει
463 720 540 750 rupta
555 716 582 743 in
594 715 673 744 ﬂuvio
687 717 822 745 sitientem
836 722 923 745 caute.
939 718 1017 746 Vers.
1030 719 1093 751 259,
1112 719 1169 747 Ceu
1180 719 1322 754 aliquando
1336 719 1409 747 ferae.
1432 719 1509 747 Vers.
1525 718 1585 752 261,
1609 719 1736 746 Naturam
1749 723 1870 746 mutante

252 759 317 787 Deo.
344 760 419 788 Vers.
434 761 499 795 265,
514 761 603 796 Atque
618 770 680 790 suos
694 767 814 796 cantare,
837 770 898 791 reos
919 763 1013 792 ardere
1032 764 1178 792 ministros.
1202 763 1279 792 Vers.
1293 763 1356 798 289,
1379 763 1486 792 Sanctis
1508 763 1567 791 fons
1590 763 1713 791 omnibus
1736 771 1817 797 unus,
1840 762 1871 790 Et

250 803 362 840 regnum
377 815 519 834 commune
534 808 603 835 Deus
615 817 621 834 :
637 816 691 839 non
706 816 757 835 una
769 809 919 844 prophetis,
933 809 1145 846 Martyribusque
1159 810 1242 838 sacris
1256 817 1356 845 opera:
1371 813 1399 837 et
1410 809 1515 838 diversa
1529 809 1644 837 fuerunt.
1657 809 1733 837 Vers.
1745 809 1810 843 500,
1824 809 1871 843 Qui

252 850 316 878 fecit
328 852 439 886 gelidos.
461 852 538 880 Vers.
555 853 616 887 544,
633 853 716 888 Dape,
729 853 810 881 facili.
832 854 908 882 Vers.
925 854 987 889 522,
1006 855 1137 884 lmmanes
1149 855 1280 883 domitare
1299 856 1379 883 feras.
1395 856 1472 883 Vers.
1496 855 1559 890 525,
1582 855 1616 883 Et
1636 855 1737 883 morbis
1759 863 1872 890 corpora

252 897 384 931 frangunt,
400 898 451 931 Qui
466 898 604 926 desideriis
619 899 755 927 hominem
768 899 964 928 ﬂammantibus
979 904 1068 931 urunt.
1081 901 1252 935 Peccatisque
1268 906 1374 929 vorant.
1395 902 1472 929 Vers.
1490 901 1552 933 554,
1575 905 1607 928 ut
1623 901 1761 928 incensum
1776 901 1870 929 restin-

252 946 323 975 guat.
340 942 414 969 Vers.
430 942 492 974 556,
508 942 573 970 Mira
589 951 693 977 manus,
705 948 734 971 et
747 944 819 979 virga
834 949 939 979 potens.
963 945 1040 972 Vers.
1057 946 1118 979 542,
1133 954 1186 980 quo
1200 947 1334 982 myrrham
1350 947 1460 973 tristem.
1482 947 1558 974 Vers.
1570 946 1632 979 545,
1649 947 1733 974 tristia
1745 947 1870 982 myrrhze.

252 987 327 1015 Vers.
343 987 405 1020 559,
417 996 507 1023 agere,
523 990 550 1016 in
561 989 723 1025 Christoque
733 995 881 1025 potentem.
906 991 982 1020 Vers.
999 991 1059 1022 565.
1084 997 1141 1020 toto
1155 993 1287 1020 redivivus
1307 1000 1419 1027 corpore
1440 992 1523 1019 Felix.
1551 992 1627 1020 Vers.
1642 992 1704 1026 568,
1733 992 1871 1020 distinctos

251 1037 322 1060 actu.
346 1033 421 1061 Vers.
437 1034 498 1068 584,
520 1043 552 1063 ac
566 1036 666 1063 sentire
680 1037 806 1064 medelas.
830 1036 907 1064 Vers.
924 1037 986 1069 589,
1012 1037 1106 1066 Felicis
1117 1042 1145 1066 et
1169 1039 1236 1074 ipsa,
1261 1039 1336 1066 Vers.
1354 1038 1417 1071 394,
1442 1046 1526 1073 pavor
1539 1043 1566 1066 et
1580 1043 1692 1066 terrore.
1720 1038 1799 1066 Vers.
1812 1039 1871 1073 596,

252 1079 374 1107 incendia
390 1081 475 1108 tectis.
491 1080 567 1109 Vers.
583 1081 645 1115 597,
658 1082 778 1110 recalent
787 1082 910 1110 incendia
924 1082 1045 1110 ﬂammm.

289 1125 333 1153 40.
353 1126 382 1153 In
395 1134 479 1154 carm.
494 1127 521 1160 9,
541 1135 610 1155 vers.
627 1128 654 1161 6,
678 1134 770 1156 noster
789 1129 874 1157 codex
888 1129 969 1157 habet
982 1130 1045 1156 mihi
1069 1135 1093 1157 te
1115 1130 1203 1157 lucere
1223 1129 1323 1156 diebus.
1349 1129 1425 1157 Vers.
1440 1129 1485 1164 24,
1507 1129 1598 1164 Neque
1614 1132 1685 1156 cnim
1705 1129 1749 1156 ille
1760 1128 1822 1156 dies
1836 1128 1873 1156 lit.

254 1172 331 1200 Vers.
348 1172 392 1206 79,
406 1171 524 1201 Currens
545 1181 625 1201 aereo
639 1174 818 1202 modulabilis.
843 1174 919 1202 Vers.
934 1173 978 1207 92,
1002 1175 1130 1210 Spiritum
1144 1176 1178 1203 ab
1193 1174 1312 1209 Unigena
1322 1174 1450 1203 Sanctum
1468 1174 1548 1202 Patre
1571 1173 1770 1210 procedentem.
1797 1174 1873 1203 Vers.

254 1216 316 1250 405,
330 1217 442 1245 Numine
456 1219 569 1253 potabit.
585 1218 660 1247 Vers.
678 1219 737 1252 107,
752 1219 896 1252 Dominus;
911 1219 1016 1254 sicipsa
1027 1220 1130 1248 diebus.
1154 1220 1231 1248 Vers.
1247 1220 1307 1251 449,
1322 1220 1389 1247 mihi
1402 1220 1489 1247 carius
1502 1227 1583 1247 anno.
1602 1218 1679 1247 Vers.
1695 1219 1757 1254 456,
1772 1220 1875 1255 anima,

252 1261 394 1296 edicatque
406 1263 477 1297 quod
491 1263 567 1290 olim.
591 1263 669 1292 Vers.
684 1263 744 1296 464,
759 1264 887 1298 temporis
905 1271 990 1292 annus
1001 1264 1055 1292 Ver
1068 1265 1132 1299 agit.
1152 1265 1229 1293 Vers.
1244 1265 1296 1292 165
1308 1268 1399 1293 noster
1412 1265 1497 1293 codex
1508 1264 1606 1297 habet,
1621 1263 1722 1293 Unctus
1735 1265 1817 1292 adest
1826 1265 1874 1293 Do-

256 1305 331 1333 mini.
355 1306 429 1335 Vers.
445 1306 506 1339 464,
521 1307 636 1335 Nicetas.
653 1307 731 1335 Vers.
744 1307 805 1339 480,
816 1307 927 1336 Niceten
940 1308 1028 1336 ridere
1039 1309 1114 1337 mihi.
1130 1309 1204 1338 Vers.
1220 1309 1282 1344 $19,
1294 1309 1414 1344 agminis,
1430 1313 1457 1337 et
1466 1309 1632 1344 patriarchae.
1647 1309 1721 1337 Vers.
1737 1309 1806 1344 214,
1821 1310 1877 1338 fore

253 1350 454 1384 prazcecinistis.
470 1351 547 1379 Vers.
562 1351 624 1385 240,
637 1352 742 1386 dignius
755 1360 812 1380 ore.
826 1352 902 1381 Vers.
913 1352 975 1386 245,
990 1352 1102 1382 Lumine
1115 1356 1297 1390 conspicuum.
1311 1355 1385 1384 Vers.
1400 1354 1462 1389 254,
1476 1353 1550 1383 Unde
1563 1355 1703 1382 interraso.
1717 1355 1800 1383 Vers.
1816 1355 1875 1388 292,

253 1402 305 1428 quo
316 1403 359 1423 me
373 1400 418 1423 tua
433 1396 538 1423 dextra.
563 1396 640 1426 Vers.
655 1396 716 1428 508,
735 1396 846 1425 credere
862 1397 952 1432 pinna.
965 1398 1041 1426 Vers.
1057 1399 1120 1432 518,
1134 1400 1273 1428 meditanti
1289 1400 1407 1435 suggerit
1426 1400 1525 1434 ignem.
1545 1399 1621 1427 Vers.
1635 1399 1698 1433 555,
1709 1407 1771 1428 cura
1784 1408 1876 1428 sumus

253 1442 369 1475 gemini?
392 1443 437 1478 qui
449 1442 518 1477 jure.
543 1443 619 1471 Vers.
634 1443 695 1476 561,
721 1443 784 1471 dum
798 1447 825 1471 te
838 1444 938 1472 circum
959 1445 1072 1480 agitans.
1096 1446 1172 1474 Vers.
1188 1446 1249 1480 570,
1273 1447 1344 1475 hunc
1356 1455 1401 1475 res
1413 1446 1637 1482 poscere-cultum
1651 1446 1710 1481 ipsa
1723 1447 1874 1475 videbatur.

255 1486 332 1514 Vers.
348 1486 409 1520 595,
425 1487 556 1522 Conspice
569 1496 685 1516 sursum.
700 1488 776 1516 Vers.
790 1488 852 1522 404,
869 1489 962 1517 altaria
975 1494 1044 1518 tuta.
1065 1490 1140 1519 Vers.
1155 1492 1216 1525 445,
1232 1492 1300 1520 Huic
1311 1493 1407 1521 dubius
1420 1492 1527 1527 gemino
1547 1491 1660 1527 Didymi.
1676 1492 1754 1520 Vers.
1767 1492 1833 1526 455,
1850 1493 1876 1520 in

253 1538 329 1559 arma
343 1531 458 1564 vocavit,
474 1532 508 1559 Et
521 1533 628 1567 paribus
639 1534 754 1568 compsit
766 1534 879 1562 victoria
893 1535 962 1563 celsa
974 1536 1093 1570 coronis,
1110 1536 1214 1572 Parque
1224 1538 1375 1571 salutiferis,
1390 1542 1442 1566 etc.
1457 1538 1534 1566 Vers.
1550 1537 1611 1571 459,
1622 1537 1686 1565 Jure
1698 1538 1743 1573 pio
1757 1538 1873 1573 signant.

254 1576 331 1604 Vers.
344 1577 405 1609 460,
420 1581 517 1604 sanctae
531 1582 619 1605 tamen
634 1578 711 1606 unica
727 1579 808 1613 pacis.
834 1578 910 1607 Vers.
925 1579 988 1614 490,
1007 1580 1062 1608 Nec
1076 1581 1174 1609 mirere
1186 1582 1268 1609 sacris
1282 1582 1384 1617 spatiis.
1408 1582 1485 1610 Vers.
1506 1581 1568 1615 506,
1590 1581 1680 1616 Teque
1695 1582 1788 1615 sacris,
1806 1583 1874 1617 psal-

254 1622 358 1656 misque
369 1622 448 1649 simul
460 1622 557 1649 devota
571 1622 674 1650 litante.
691 1623 766 1656 Vers.
783 1623 844 1656 521,
856 1632 935 1652 amne
949 1625 1049 1654 refuso.
1065 1626 1139 1654 Vers.
1152 1626 1214 1661 555,
1227 1626 1279 1655 Per
1290 1631 1374 1657 totam
1387 1628 1490 1663 vigiles.
1511 1627 1588 1655 Vers.
1603 1627 1666 1659 564,
1683 1627 1790 1663 irrepsit
1807 1627 1874 1655 rudi-

254 1667 313 1695 bus.
328 1667 404 1694 Vers.
419 1666 481 1700 584,
493 1667 595 1702 pictura
610 1668 711 1696 ludere.
727 1669 803 1696 Vers.
820 1668 881 1702 629,
896 1670 1007 1705 vigilare
1020 1675 1124 1706 parato.

292 1713 336 1741 44.
355 1714 385 1741 In
396 1721 478 1741 carm.
495 1714 538 1747 10,
552 1718 645 1742 noster
657 1714 743 1743 codex
755 1715 845 1750 habet,
865 1724 945 1745 versu
958 1717 986 1752 2,
999 1718 1121 1746 solennia
1134 1722 1208 1747 voto.
1231 1719 1308 1747 Vers.
1323 1719 1367 1752 40,
1381 1719 1438 1749 lllic
1449 1720 1590 1755 adiunctis.
1613 1719 1690 1748 Vers.
1706 1718 1752 1753 25,
1774 1719 1875 1747 lumine

255 1757 347 1785 Tobis.
363 1758 440 1786 Vers.
452 1758 496 1792 52,
508 1759 624 1786 culmine
636 1760 726 1787 turris.
746 1760 823 1788 Vers.
837 1761 882 1794 40,
898 1762 921 1789 Α
935 1762 1021 1790 tribus
1034 1769 1166 1797 egressus.
1191 1764 1267 1792 Vers.
1280 1763 1324 1797 45,
1345 1765 1562 1801 interpositisque
1575 1765 1715 1794 columnis.
1737 1765 1820 1793 Vei‘s.
1834 1765 1876 1798 47,

255 1804 401 1839 Aspectare
413 1805 495 1834 lacus.
518 1805 593 1832 Vers.
610 1804 653 1839 59,
676 1806 816 1841 spatiabile
828 1808 930 1842 pandit.
954 1808 1031 1837 Vers.
1047 1809 1111 1844 151,
1135 1817 1216 1845 quam
1229 1810 1343 1845 liquerat
1354 1810 1416 1838 illis.
1440 1811 1516 1838 Vers.
1535 1809 1597 1843 188,
1621 1809 1740 1838 castifico
1758 1813 1876 1838 socians.

255 1850 333 1878 Vers.
348 1850 411 1884 254,
424 1850 459 1878 Et
469 1852 587 1880 moribus
598 1851 675 1880 istius
685 1853 744 1880 avi.
760 1852 834 1881 Vers.
850 1853 913 1887 276,
927 1858 989 1890 post
999 1855 1122 1891 corporis
1135 1863 1221 1883 usum.
1237 1855 1312 1884 Vers.
1329 1855 1391 1888 282,
1408 1860 1490 1889 terra,
1509 1855 1570 1890 quis
1582 1855 1609 1883 in
1626 1863 1669 1884 me
1683 1855 1787 1883 Bubus.
1804 1855 1876 1883 Vers.

256 1897 318 1931 514,
334 1896 370 1925 Ut
381 1898 426 1933 qui
440 1898 530 1926 corde.

290 1944 334 1972 12.
345 1943 409 1972 Haec
422 1949 496 1979 sunt,
510 1952 569 1980 quae
581 1945 608 1973 in
621 1945 754 1981 prioribus
767 1945 862 1974 decem
873 1945 977 1975 Paulini
990 1946 1153 1975 caminibus
1172 1946 1405 1975 animadvertenda
1421 1945 1583 1974 censuimus.
1603 1945 1680 1979 Quod
1695 1951 1759 1973 vero
1769 1949 1879 1980 spectat

255 1990 288 2018 ad
303 1991 352 2018 tria
365 1995 513 2026 postrema,
527 1999 587 2026 qua:
600 1999 694 2022 rursus
706 1999 778 2019 nunc
787 1992 901 2026 edimus,
925 1993 951 2020 in
965 1992 1006 2020 his
1018 1993 1080 2029 plus
1092 2001 1172 2029 quam
1184 1997 1304 2021 trecenta
1317 1992 1376 2020 loca
1390 1992 1600 2025 emendavimus,
1611 1998 1642 2018 ac
1655 1994 1784 2026 praeterea
1799 1991 1878 2019 tertio

255 2041 282 2064 et
295 2036 399 2064 decimo
413 2037 524 2064 carmini
536 2041 599 2072 post
611 2037 837 2071 septuagesimum
849 2045 956 2065 versum
970 2042 1026 2066 tres
1038 2043 1067 2067 et
1076 2038 1267 2074 quinquaginta
1277 2044 1370 2065 versus
1380 2037 1538 2070 addidimus,
1553 2036 1599 2071 qui
1613 2036 1639 2063 in
1653 2043 1686 2063 eo
1697 2042 1777 2069 quem
1789 2035 1879 2063 Mura-

255 2084 341 2110 torius
355 2083 483 2116 adhibuit,
500 2082 682 2110 Ambrosianae
696 2082 864 2111 bibliothecae
885 2083 978 2111 codice
991 2083 1219 2111 desiderabantur.
1240 2083 1280 2111 Ac
1299 2087 1419 2110 nostrum
1431 2082 1538 2117 quidem
1560 2081 1643 2109 hocce
1665 2080 1878 2115 additamentum

255 2130 380 2157 brevibus
401 2129 509 2157 scholiis
523 2129 713 2157 illustravimus
730 2137 737 2155 :
753 2129 803 2156 alia
824 2137 889 2157 vero
908 2130 1026 2157 carmina
1050 2138 1105 2158 non
1126 2130 1207 2164 item,
1227 2129 1299 2165 quod
1323 2128 1531 2156 luculentissime
1548 2135 1563 2154 a
1576 2126 1711 2154 Ludovico
1729 2126 1879 2154 Muratorio

256 2177 386 2211 explicata
399 2175 454 2210 jam
469 2175 532 2203 sint.
553 2174 650 2209 Quanti
661 2179 751 2203 autem
771 2175 982 2204 additamentum
996 2176 1082 2211 ipsum
1096 2175 1245 2204 faciendum
1265 2176 1308 2208 sit,
1330 2182 1364 2202 ex
1379 2174 1436 2208 ejus
1449 2174 1562 2201 lectione
1575 2180 1738 2207 cognosces:
1750 2172 1800 2200 sed
1814 2172 1878 2200 illud

256 2221 299 2249 hic
310 2220 523 2256 praetereundum
538 2228 592 2248 non
607 2224 658 2254 est,
674 2219 765 2247 Tobize
782 2219 891 2252 librum,
905 2224 933 2247 ct
952 2228 1023 2253 eum,
1036 2221 1082 2256 qui
1093 2220 1296 2248 Ecclesiasticus
1316 2218 1478 2251 inscribitur,
1502 2225 1569 2252 quos
1582 2217 1663 2245 libros
1677 2216 1839 2245 heterodoxi
1850 2221 1879 2245 ut

256 2266 423 2301 apocryphos
434 2265 567 2300 rejiciunt,
580 2272 595 2292 a
608 2264 718 2292 Paulino
734 2268 763 2291 ut
776 2271 868 2292 sacros
881 2268 962 2299 atque
975 2264 1078 2293 divinos
1089 2265 1116 2293 in
1131 2273 1164 2293 eo
1176 2265 1261 2298 citari,
1278 2268 1307 2292 ut
1320 2265 1347 2291 in
1360 2263 1467 2291 scholiis
1479 2262 1658 2291 ostendemus.

245 2324 253 2344 ς
292 2312 335 2340 45.
351 2312 438 2347 Atque
452 2313 496 2340 hic
510 2319 560 2346 ego
573 2310 702 2346 praefandi
715 2310 795 2338 linem
808 2310 934 2344 facerem,
956 2311 1007 2338 nisi
1027 2311 1126 2346 aliquid
1138 2311 1172 2338 de
1185 2319 1227 2344 ea,
1251 2318 1303 2346 qua
1317 2318 1380 2337 usus
1399 2316 1467 2341 sum,
1490 2308 1587 2335 horum
1607 2312 1761 2343 poematum
1781 2307 1878 2336 inscri-

257 2359 347 2393 ptione
360 2358 500 2386 dicendum
513 2361 594 2385 esset.
606 2356 690 2391 Vulgo
704 2356 776 2384 enim
790 2356 828 2384 sic
847 2356 955 2384 inscribi
969 2357 1065 2388 solent,
1077 2356 1177 2384 Natalis
1191 2356 1212 2391 l,
1227 2356 1328 2383 Natalis
1341 2355 1372 2388 ll,
1388 2360 1415 2382 et
1428 2355 1465 2382 ita
1478 2354 1611 2389 deinceps.
1635 2353 1673 2381 lta
1685 2358 1759 2381 certe
1779 2353 1878 2381 inscri-

258 2405 311 2440 psit
328 2405 497 2432 Muratorius.
520 2404 556 2430 At
575 2402 640 2430 mihi
661 2402 769 2438 quidem
785 2410 817 2430 ea
831 2402 968 2437 inscriptio
982 2409 1126 2438 numquam
1147 2402 1255 2438 probari
1273 2401 1361 2437 potuit
1372 2410 1379 2427 :
1390 2400 1470 2436 idque
1485 2400 1574 2427 multis
1591 2399 1624 2426 de
1636 2406 1733 2427 causxs.
1756 2396 1879 2425 Primum

258 2452 328 2479 enim
342 2451 392 2479 etsi
405 2452 548 2486 quotannis
562 2450 688 2478 Paulinus
699 2451 726 2478 in
738 2451 923 2482 emortualem,
940 2458 996 2482 seu,
1012 2454 1042 2478 ut
1055 2450 1154 2478 rectius
1168 2457 1228 2477 cum
1238 2448 1356 2476 Ecclesia
1370 2448 1473 2483 loquar,
1485 2447 1511 2473 in
1526 2446 1639 2473 natalem
1652 2444 1682 2472 S.
1692 2444 1791 2472 Felicis
1804 2444 1879 2472 diem

257 2505 366 2526 carmen
378 2498 518 2532 scriberet,
533 2498 667 2532 quomodo
682 2501 772 2526 tamen
783 2498 901 2526 carmina
916 2497 973 2533 ipsa
987 2497 1094 2525 Natales
1107 2497 1158 2524 dici
1172 2495 1284 2531 possint,
1300 2494 1433 2529 equidem,
1445 2497 1474 2520 ut
1487 2492 1572 2519 dicam
1592 2490 1618 2518 id
1629 2490 1702 2525 quod
1717 2498 1761 2518 res
1774 2495 1828 2524 est,
1843 2497 1879 2518 ne

261 2543 382 2577 intelligo
395 2543 512 2578 quidem.
536 2543 671 2577 Dungalus
682 2552 748 2572 sane
762 2544 788 2572 in
803 2551 836 2571 eo
857 2551 936 2578 quem
949 2543 1003 2570 dixi
1027 2543 1093 2570 libro
1118 2550 1179 2570 cum
1193 2542 1290 2577 passim
1310 2540 1367 2567 11ωο
1386 2540 1443 2574 ipsa
1461 2537 1564 2565 Paulini
1578 2539 1702 2571 poemata
1717 2536 1744 2563 in
1758 2536 1879 2564 medium

259 2587 387 2624 proferat,
403 2595 532 2622 nusquam
546 2592 635 2615 vimen
649 2596 681 2616 ea
694 2588 801 2616 Natales
815 2588 942 2623 appellat,
962 2588 1008 2615 sed
1020 2595 1126 2621 semper
1135 2591 1180 2613 aut
1194 2586 1284 2616 libros,
1300 2588 1346 2611 aut
1359 2584 1487 2611 carmina.
1509 2581 1597 2610 Nostri
1612 2586 1703 2609 autem
1714 2581 1814 2609 codicis
1828 2589 1879 2608 ex-

257 2635 371 2670 scriptor
383 2635 495 2670 primum
508 2633 615 2668 quidem
628 2634 667 2661 sic
678 2641 711 2661 ea
725 2633 877 2668 inscripsit:
889 2632 928 2660 De
939 2632 994 2660 vita
1010 2632 1039 2659 S.
1054 2631 1149 2659 Felicis
1159 2638 1266 2659 carmen
1278 2629 1342 2656 anni
1356 2628 1443 2664 primi,
1455 2634 1562 2655 carmen
1579 2625 1642 2653 anni
1651 2625 1682 2659 ll,
1695 2631 1766 2658 etc.;
1780 2630 1879 2660 postea

258 2689 333 2715 vero,
347 2682 422 2716 quasi
435 2689 495 2709 eum
509 2680 589 2715 hujus
603 2680 784 2715 inscriptionis
802 2678 954 2713 paeniteret,
975 2678 1014 2705 sic
1037 2677 1170 2712 inscripsit
1190 2685 1196 2702 :
1218 2675 1297 2703 Liber
1310 2675 1330 2708 l,
1355 2674 1436 2701 Liber
1453 2673 1485 2706 ll,
1509 2676 1561 2700 etc.
1583 2671 1685 2699 Natalis
1695 2677 1880 2716 veroqnomen

259 2714 389 2762 nusquam
400 2726 471 2762 apud
485 2714 551 2754 eum
562 2714 692 2753 occurrit.
704 2724 739 2751 At
756 2723 819 2759 quid
833 2723 926 2758 plura?
941 2722 1065 2750 Paulinus
1078 2722 1134 2756 ipse
1148 2721 1269 2755 quamvis
1286 2719 1376 2747 multis
1398 2717 1424 2745 in
1438 2717 1505 2744 locis
1522 2716 1556 2744 de
1569 2715 1643 2762 hisce
1656 2714 1785 2762 poematis
1799 2721 1881 2741 men-

258 2759 358 2800 tionem
373 2759 462 2804 faciat,
478 2775 567 2799 tamen
581 2778 616 2798 ne
628 2769 711 2799 semel
723 2763 829 2805 quidem
841 2774 874 2796 ea
887 2767 995 2795 Natales
1007 2766 1133 2802 appellat,
1154 2765 1202 2795 sed
1215 2765 1328 2798 libellos,
1352 2767 1398 2792 aut
1412 2762 1550 2791 Natalitios
1569 2760 1685 2790 libellos.
1709 2759 1776 2788 Nam
1787 2767 1878 2788 carm.

260 2817 304 2852 42,
319 2826 388 2846 vers.
402 2817 464 2852 506,
480 2816 517 2844 ita
531 2816 602 2844 canit
615 2824 621 2843 :
