3988 6176
1703 312 1933 372 POEMA
1958 313 2096 370 XIX.

1590 426 1690 478 Sed
1711 428 1887 478 nostris
1906 437 2021 479 ante
2047 427 2219 481 libellis

1124 503 1392 567 Praeterita,
1420 505 1469 557 lu
1492 519 1712 571 praesens
1733 520 1929 573 semper
1953 520 2146 562 servata
2168 517 2395 564 cauetur.

270 306 375 366 509
1703 312 1933 372 POEMA
1958 313 2096 370 XIX.
3370 334 3471 404 διὸ

255 562 326 618 Et
352 577 517 617 utrm.
551 560 643 629 I5,
670 575 808 617 vers.
840 556 909 615 δτι
933 578 947 615 :

1163 717 1173 728 ,
1209 724 1218 728 _
1482 658 1545 711 Et
1566 663 1679 723 quia
1702 663 1966 725 preteritis
1987 666 2142 726 magis
2163 664 2243 715 illa
2263 664 2437 718 libellis

1116 715 1253 768 Dicta
1277 717 1412 771 mihi.

253 774 320 830 Et
339 789 485 830 vers.
517 773 623 830 55:

1461 875 1603 930 Hunc
1624 880 1780 931 annuo
1800 884 1963 931 texam
1981 888 2207 944 gratante
2228 879 2461 936 libellum.

249 950 315 1006 Et
332 966 482 1007 vers.
517 949 620 1005 l04
643 967 657 1005 :

1115 1045 1194 1096 Sit
1215 1053 1360 1110 caput
1379 1048 1583 1113 bemus,
1608 1052 2071 1118 fundamentumque
2093 1053 2269 1106 libella.

250 1145 387 1215 Quin
413 1148 530 1203 imo
557 1146 611 1202 in
639 1146 864 1219 epistola
892 1146 961 1202 98
987 1147 1055 1204 ad
1096 1148 1351 1207 Severum
1379 1153 1577 1224 scripta
1605 1156 1795 1212 eodem
1836 1158 1997 1232 modo
2026 1159 2237 1215 locutus
2266 1168 2348 1217 est
2376 1179 2390 1216 :
2447 1180 2465 1215 ι
2498 1162 2673 1220 Habes
2698 1178 2847 1234 ergo,
2899 1164 3088 1236 inquit,
3136 1164 3332 1221 libellos
3352 1182 3381 1221 a
3408 1182 3499 1223 me

249 1240 403 1303 duos,
427 1254 597 1294 unum
618 1238 859 1327 versibus
885 1237 1194 1294 Natalitium
1214 1239 1285 1297 de
1309 1256 1430 1297 mea
1456 1244 1680 1299 solemni
1704 1246 1771 1301 ad
1800 1248 2182 1305 Dominaadium
2212 1268 2387 1307 meum
2418 1254 2513 1322 (ita
2535 1264 2690 1309 vocat
2712 1254 2959 1310 Paulinus
2987 1255 3043 1311 S.
3071 1256 3322 1323 Felicem,
3345 1258 3496 1327 quasi

251 1329 534 1385 Dominum
571 1326 724 1395 aedis)
765 1328 1051 1395 cantilena,
1094 1330 1180 1385 cui
1208 1346 1435 1402 corpore
1494 1348 1558 1389 ac
1594 1335 1785 1404 spiritu
1824 1340 2081 1409 quotidie,
2124 1340 2302 1411 lingua
2343 1352 2520 1399 autem
2566 1348 2851 1415 quotannis
2897 1349 3105 1418 pensito
3134 1326 3498 1404 dulcissimum

250 1423 567 1479 voluntariae
592 1421 866 1477 servitutis
887 1420 1144 1476 tributum
1172 1422 1224 1476 in
1251 1422 1337 1478 die
1356 1426 1780 1483 consecrationis
1801 1429 1932 1497 ejus,
1956 1439 2060 1486 etc.
2083 1450 2102 1484 ι
2133 1430 2308 1488 Pauca
2337 1434 2452 1490 haec
2482 1444 2533 1489 te
2558 1437 2880 1491 monendum
2903 1438 3101 1503 censui,
3120 1438 3498 1494 humanissime

248 1513 435 1578 lector,
462 1520 751 1581 antequam
777 1510 846 1565 ad
874 1511 988 1580 ipsa
1016 1508 1223 1567 Paulini
1249 1514 1484 1571 carmina
1508 1516 1693 1573 venias
1717 1535 1731 1572 :
1755 1520 1881 1590 quid
1908 1522 2050 1577 enim
2078 1537 2298 1580 necesse
2337 1535 2456 1582 erat
2478 1542 2564 1582 me
2591 1528 2745 1599 plura
2776 1529 2973 1597 dicere,
3024 1547 3146 1587 cum
3190 1541 3299 1588 tam
3320 1533 3488 1587 multa

248 1606 309 1661 de
330 1605 406 1661 iis
428 1602 745 1660 doctissime
769 1602 1044 1673 scripserit
1070 1602 1428 1663 Muratorius?
1456 1607 1607 1665 Vale.

829 1714 1063 1772 POEMA
1085 1716 1226 1774 XIX.
1837 1730 1891 1790 Δ

626 1821 837 1863 causam
863 1823 915 1863 ιι
935 1806 1010 1880 (α)
1033 1823 1086 1863 nv
1112 1824 1157 1864 s.
1186 1822 1434 1866 rsucstr.

377 1898 539 1970 “7
560 1897 767 1970 -448
805 1898 992 1955 Sidera
1033 1898 1110 1971 (lt)
1154 1901 1200 1957 si
1235 1902 1389 1965 (zelo,
1422 1900 1468 1957 si
1496 1908 1718 1971 possunt
1745 1902 1818 1974 (ο)

1294 1991 1564 2063 [gramina
1592 1993 1750 2049 terris

383 2080 601 2149 Before,
627 2081 787 2136 mella
815 2080 969 2147 favis,
994 2096 1131 2152 aqua
1153 2082 1410 2150 fontibus,
1431 2083 1683 2139 uberibus
1701 2083 1814 2141 lac:

390 2172 467 2229 Sic
490 2180 753 2243 poterunt
779 2173 971 2242 linguis
998 2172 1185 2229 laudes
1205 2188 1416 2231 cessare
1442 2175 1670 2245 piorum,

386 2265 437 2320 in
461 2266 663 2335 quibus
689 2272 745 2321 et
771 2265 894 2320 vita:
920 2265 1089 2321 virtus
1116 2266 1216 2336 id),
1248 2276 1305 2322 et
1331 2267 1500 2336 gloria
1525 2269 1716 2325 mortis

190 2408 194 2414 λ
250 2356 279 2409 5
383 2356 497 2427 Ipse
522 2357 667 2412 Deus
689 2372 790 2427 pro
817 2370 924 2426 quo
951 2357 1114 2412 vitam
1141 2356 1361 2414 voluere
1383 2359 1599 2429 pacisci,

382 2448 444 2503 Et
470 2448 757 2505 moriendo
781 2450 923 2519 piam
951 2450 1160 2505 sancire
1184 2448 1343 2505 ﬁdem
1362 2452 1708 2523 populorum,

380 2538 714 2608 Mercarique
739 2554 950 2594 sacrum
977 2539 1216 2610 pretioso
1244 2541 1500 2609 sanguine
1524 2555 1744 2611 regnum
1761 2583 1779 2611 ,

374 2621 797 2692 Sanguine,quo
821 2630 993 2676 totum
1006 2631 1319 2693 spargentes
1342 2632 1603 2696 martyres
1630 2627 1816 2683 orbem

369 2713 639 2769 Gentibus
666 2714 959 2770 innumeris
978 2728 1163 2770 semen
1190 2714 1402 2770 caeleste
1428 2712 1642 2769 fuerunt
1670 2714 1763 2786 (ε).

238 2807 299 2861 lo
371 2806 582 2862 ﬂorum
611 2807 699 2880 (ί)
741 2808 811 2865 de
840 2808 919 2881 (g)
948 2822 1172 2865 numero
1213 2823 1495 2880 procerum
1542 2812 1817 2868 confessor

1527 2900 1545 2974 ί
1564 2902 1617 2957 in
1642 2903 1744 2958 ista

370 2992 519 3049 Urbe
542 2992 703 3048 datus
727 2990 877 3048 Felix
903 2990 1062 3061 longe
1086 2988 1302 3063 lateque
1329 3006 1426 3063 per
1456 2993 1641 3049 orbem
1665 2994 1744 3066 (It)

366 3086 619 3141 Nominis
647 3085 866 3141 emicuit
893 3084 1069 3141 titulo.
1099 3083 1205 3140 Sed
1230 3084 1364 3141 Nola
1392 3086 1588 3155 sepulti

364 3179 536 3235 Facta
551 3179 745 3234 domus
758 3186 1025 3249 tamquam
1041 3178 1259 3249 proprio
1273 3178 1373 3234 sibi
1390 3178 1568 3234 sidere
1582 3176 1802 3248 plaudit.

357 3270 557 3326 Omnis
601 3270 783 3338 enim,
826 3283 1163 3340 quacumque
1202 3276 1385 3325 manet
1412 3269 1475 3337 (ί)
1527 3268 1808 3326 mandatus

148 3410 155 3415 _
1557 3376 1612 3414 in
1641 3376 1737 3415 ora

239 3452 297 3509 l5
358 3451 591 3524 Martyr,
621 3450 780 3506 stella
801 3449 907 3506 loci
930 3449 993 3527 (λ’)
1022 3451 1213 3516 simul,
1244 3458 1300 3507 et
1325 3449 1589 3506 medicina
1616 3453 1803 3508 colen-

1488 3549 1600 3595 tum
1623 3550 1725 3597 est.

304 3660 369 3729 (al
394 3659 458 3714 In
500 3657 692 3714 codice
736 3656 1076 3729 bibliothecae
1117 3656 1175 3711 S.
1204 3654 1500 3729 salvatoris
1522 3655 1800 3729 Bononiaz,

247 3726 381 3797 quem
394 3741 650 3808 nostrain
667 3728 913 3808 _eodicem_
930 3727 1171 3808 vocabo,
1198 3728 1433 3808 primurn
1454 3726 1657 3808 Paulini
1686 3743 1805 3808 car:

247 3814 349 3867 men
391 3801 445 3855 in
495 3800 558 3853 S.
588 3797 820 3867 Felicem
870 3797 948 3852 sic
996 3796 1302 3867 inscribitur
1336 3814 1349 3849 :
1379 3796 1537 3867 genti
1581 3797 1802 3867 Mempii

238 3866 429 3924 Paulini
473 3870 702 3939 episcopi
738 3866 935 3939 Nolani
982 3868 1046 3939 de
1092 3866 1211 3939 _Vit_a
1260 3866 1319 3919 S.
1370 3864 1561 3939 Felicis
1594 3864 1802 3939 carrum

235 3943 343 3994 anni
368 3934 553 4011 primi.
583 3934 730 4011 Lilter
750 3934 1341 4011 prim_us._U_ndecimu_rn
1368 3950 1495 3991 vero
1527 3937 1666 3992 istud
1692 3952 1803 3993 car-

233 4024 338 4065 men
367 4004 451 4065 sic
481 4004 793 4064 inscribitur
817 4025 829 4060 :
864 4006 1055 4075 Incipit
1076 4004 1229 4059 Liber
1256 4004 1360 4057 XI.

295 4082 362 4152 (b)
393 4082 509 4152 Sex
538 4080 743 4152 primos
765 4078 926 4152 hujus
947 4074 1199 4152 carminis
1220 4090 1413 4152 versus
1440 4076 1567 4130 citat
1591 4074 1805 4152 Dunga-

228 4145 370 4219 [asin
394 4145 683 4219 Respbnsis
704 4149 819 4201 adv.
848 4147 1049 4219 Claudii
1074 4145 1804 4219 Taurinensis_sententias.—

229 4218 403 4276 Priora
434 4215 554 4274 haec
578 4220 815 4274 carmina
842 4217 1027 4271 retulit
1047 4217 1209 4271 etiam
1231 4216 1499 4281 Dungalus
1524 4215 1800 4281 diaconus,

229 4229 403 4276 Priora
436 4229 554 4274 haec
578 4231 815 4274 carmina
842 4229 1027 4271 retulit
1047 4229 1209 4271 etiam
1233 4229 1499 4339 uungalus
1524 4229 1800 4281 diaconus,

226 4293 308 4359 qui
342 4290 553 4359 seculo
580 4288 778 4359 Christi
825 4303 970 4359 nono
1003 4287 1209 4359 librum
1245 4286 1308 4340 de
1370 4284 1493 4359 fulta
1521 4286 1804 4356 imaginum

226 4356 479 4416 adversus
522 4358 803 4412 Claudium
853 4357 1238 4411 Taurinensem
1280 4356 1491 4425 scripsit
1513 4371 1804 4426 ,Weumque

224 4428 494 4487 Ludovico
515 4439 575 4483 et
594 4428 848 4482 Lothario
869 4428 1116 4495 Augustis
1146 4424 1491 4495 nuncupavit.
1520 4424 1641 4479 Htec
1662 4424 1803 4495 ejus-

1841 3105 1889 3165 B

2051 1726 2290 1797 Namque
2315 1731 2655 1787 tenebrosum
2678 1734 2846 1788 veteri
2875 1735 3102 1804 caligine
3122 1737 3375 1792 mundum
3391 1779 3406 1803 ,

2062 1816 2503 1891 Languentesque
2527 1822 2732 1877 animas
2751 1824 3033 1881 miseratus
3061 1826 3113 1879 in
3130 1827 3261 1881 orbe
3283 1838 3494 1882 creator

2061 1908 2151 1965 Sic
2194 1925 2345 1966 sacra
2376 1911 2447 1983 (Is)
2475 1912 2738 1982 disposuit
2782 1916 2943 1971 terris
2982 1927 3325 1972 monumenta
3374 1920 3492 1988 pio-

3234 2011 3419 2081 Imm,

2058 2091 2264 2163 Sparsit
2290 2101 2348 2148 ut
2375 2103 2640 2151 astrorum
2668 2105 2932 2153 nocturno
2961 2100 3157 2154 lumina
3183 2101 3334 2155 caelo.

1918 2180 1986 2236 20
2056 2181 2123 2237 Et
2149 2183 2274 2239 licet
2298 2200 2400 2239 una
2430 2184 2579 2251 ﬁdes,
2612 2202 2711 2256 par
2735 2188 2922 2255 gratia,
2956 2197 3011 2243 et
3035 2192 3228 2243 :emula
3255 2192 3424 2245 virtus

2058 2273 2376 2348 Martyribus
2412 2278 2619 2333 cunctis
2644 2287 2879 2345 maneat,
2919 2288 3094 2335 tamen
3126 2282 3372 2337 omnibus
3402 2284 3490 2340 iis-

3265 2370 3284 2442 [
3301 2372 3422 2426 dem

2056 2458 2350 2513 Dissimiles
2379 2474 2599 2531 operum
2626 2461 2823 2516 formas
2851 2470 3065 2518 exstare
3096 2463 3355 2519 videmus.

2053 2548 2227 2618 Atque
2252 2547 2376 2603 alibi
2406 2550 2580 2605 tacitis
2615 2549 2675 2620 (ι)
2703 2551 2946 2605 meritum
2973 2553 3202 2607 sublime
3236 2553 3489 2622 sepulcris

2054 2638 2358 2696 Excolimus
2384 2657 2669 2707 memores,
2701 2644 2829 2699 alibi
2857 2644 3143 2700 clamantia
3172 2648 3319 2715 signa

1913 2728 1985 2783 25
2054 2727 2384 2800 Conspicuas
2412 2733 2668 2787 miramur
2695 2748 2845 2802 opes.
2900 2733 2997 2789 Ubi
3027 2737 3188 2791 credo
3218 2738 3341 2790 mali
3371 2737 3488 2807 plus

2056 2820 2250 2877 Durior
2276 2823 2521 2893 impietas
2548 2825 2763 2889 retinet,
2792 2826 3048 2894 majorem
3078 2830 3149 2883 ibi
3179 2830 3397 2885 morbus

2056 2910 2404 2984 Poscitopem
2420 2916 2653 2984 gravior,
2680 2915 2767 2969 vel
2782 2915 2958 2972 adhuc
2986 2918 3075 2972 ubi
3103 2921 3296 2973 caecior
3323 2921 3485 2974 altam

2057 3000 2295 3057 Perﬁdia:
2322 3014 2534 3058 noctem
2564 3005 2728 3058 trahit
2756 3020 2925 3071 error,
2962 3015 3018 3060 et
3044 3022 3181 3075 :egra
3210 3009 3419 3063 laborat

2051 3091 2111 3147 In
2139 3093 2336 3163 populo
2366 3092 2626 3147 titubante
2657 3092 2806 3163 fides,
2836 3093 2907 3149 ibi
2937 3095 3135 3150 lumina
3165 3114 3384 3167 prorsus

1906 3180 1976 3236 50
2046 3182 2275 3237 Accendi
2301 3182 2504 3250 majora
2532 3182 2713 3249 decet,
2736 3184 3028 3255 mundique
3056 3188 3311 3243 tenebras

2048 3273 2351 3329 Illustrante
2378 3274 2489 3329 Deo
2516 3274 2727 3344 perimi,
2757 3285 3071 3346 mentesque
3096 3279 3292 3335 retusis

2050 3362 2320 3419 Attonitas
2340 3364 2528 3430 oculis,
2561 3365 2901 3435 trepidasque
2928 3367 3207 3424 intendere
3243 3368 3310 3424 ad
3338 3369 3485 3442 ipsos

2056 3453 2229 3507 Divini
2257 3453 2372 3509 veri
2399 3454 2600 3522 radios,
2632 3456 2857 3525 caligine
2880 3464 3016 3510 tetra

2039 3542 2282 3610 Solvere,
2294 3544 2619 3615 collyrioque
2630 3546 2981 3616 medentis(m)
2998 3547 3251 3615 inungere
3265 3546 3481 3604 Christi.

1980 3658 2059 3729 (α)
2087 3658 2145 3713 In
2173 3658 2449 3731 Muratorii
2477 3659 2659 3731 codice
2686 3661 2943 3729 scriptum
2973 3671 3057 3715 est
3081 3679 3093 3714 :
3128 3661 3195 3714 In
3223 3660 3402 3731 quibus
3429 3672 3480 3717 et

1908 3728 2032 3791 vita,
2070 3739 2119 3781 et
2156 3730 2331 3782 virtus.
2355 3796 2359 3797 ν
2382 3728 2451 3781 At
2477 3744 2602 3782 vero
2633 3728 2904 3795 Dungalus
2934 3730 3061 3797 legit
3109 3739 3167 3784 ut
3194 3728 3276 3786 est
3298 3732 3351 3785 in
3378 3747 3479 3787 no-

1908 3806 2020 3853 stro
2048 3797 2250 3863 codice,
2279 3796 2429 3863 cujus
2458 3798 2739 3852 lectionem
2758 3808 2970 3855 secutus
2996 3796 3135 3853 Sum.

2006 3868 2053 3937 e)
2079 3866 2141 3938 In
2167 3867 2287 3922 cod.
2316 3867 2449 3938 Mur.
2482 3867 2675 3935 legitur
2694 3869 2835 3937 [uere
2861 3885 2877 3922 :
2903 3870 3045 3938 quod
3083 3884 3268 3938 parum
3291 3870 3475 3925 refert.

2002 3940 2045 4007 ί)
2077 3937 2344 4005 Dnngalus
2371 3937 2501 4009 citat
2528 3938 2671 3992 hunc
2709 3937 2953 4009 versum,
2982 3947 3036 3993 et
3065 3937 3228 4003 alios,
3269 3941 3361 4009 qui
3388 3956 3475 3996 se-

1906 4016 2142 4077 quuntur
2172 4022 2339 4077 usque
2368 4008 2434 4061 ad
2465 4022 2674 4061 versum
2704 4007 2791 4063 l9.

1980 4077 2055 4148 (g)
2086 4078 2377 4148 Emendavi
2405 4094 2471 4131 ex
2501 4089 2685 4131 nostro
2713 4078 2916 4134 codice.
2947 4077 3003 4132 In
3028 4078 3164 4133 Mur.
3194 4078 3312 4133 cod.
3338 4080 3473 4133 scri-

1906 4146 2054 4272 rtujn
2085 4156 2167 4201 est
2214 4146 2413 4201 Horum
2458 4166 2549 4217 pro
2588 4165 2821 4204 numero.
2870 4150 2939 4203 At
2966 4148 3235 4218 Dungalus
3259 4165 3474 4219 quoque

1928 4227 2034 4272 emt
2062 4217 2263 4272 florum
2290 4219 2352 4270 de
2380 4235 2608 4272 numero.

1928 4219 2034 4287 egit
2062 4217 2263 4287 florum
2290 4219 2352 4270 de
2380 4235 2608 4272 numero.

1978 4288 2054 4359 (Ii)
2088 4286 2256 4341 Tanta
2309 4288 2409 4342 fuit
2455 4304 2551 4358 per
2595 4290 2780 4344 orbem
2817 4289 2873 4343 S.
2903 4289 3097 4344 Felicis
3125 4288 3294 4354 fama,
3324 4295 3381 4342 ut
3405 4305 3475 4345 ex

1904 4358 2090 4427 quavis
2135 4366 2397 4429 terrarum
2450 4367 2601 4427 parte
2655 4360 2839 4413 Nolam
2884 4360 3068 4429 pepuli
3114 4358 3471 4414 venerabundi

1905 4426 2256 4483 Conﬂuerent.
2289 4426 2541 4482 Miracula
2573 4432 2756 4483 crebra
2790 4426 3031 4483 sanctum
3061 4430 3298 4496 quotidie
3326 4446 3477 4483 com-

223 4501 333 4555 dem
364 4500 779 4573 praeclarissima
802 4489 1205 4573 verbajomnino
1229 4489 1351 4551 sunt
1368 4489 1801 4573 oculisomnium
1830 4489 1874 4552 C
1904 4499 2259 4573 mendabant;
2288 4496 2507 4567 ipsaque
2530 4498 2716 4573 Roma,
2750 4507 2829 4551 tot
2848 4498 2978 4573 licet
3004 4489 3306 4573 sanctorum
3333 4507 3482 4553 metu.

223 4566 584 4649 subjicienda:
611 4569 887 4649 Paulinus,
908 4569 1013 4649 ait,
1035 4569 1307 4649 episcopus
1333 4568 1411 4649 vir
1424 4566 1800 4649 eruditissimus

222 4653 265 4693 et
290 4637 657 4696 sanctissimus
676 4682 690 4707 ,
720 4642 848 4692 sicut
867 4648 915 4691 et
940 4637 1087 4691 multi
1109 4638 1170 4691 de
1198 4637 1255 4692 eo
1284 4639 1451 4691 testati
1475 4646 1622 4701 sunt,
1654 4637 1803 4692 nobi-

221 4713 314 4763 lem
350 4714 553 4767 librum
600 4726 665 4763 xv
712 4709 1019 4763 carminibus
1060 4709 1357 4761 distinctum
1398 4709 1453 4761 in
1502 4708 1723 4773 honore,
1752 4716 1803 4760 et

220 4782 367 4836 laude
398 4782 465 4838 S.
500 4780 695 4833 Felicis
732 4780 974 4848 martyris
1003 4780 1193 4844 edidit,
1223 4778 1276 4830 in
1297 4794 1393 4847 quo
1414 4787 1605 4848 quanta
1635 4778 1799 4830 mira—

219 4856 350 4918 cula,
380 4864 435 4907 et
458 4855 667 4907 virtutes
687 4868 778 4920 per
798 4851 956 4920 ipsius
985 4851 1186 4911 merita,
1218 4857 1267 4901 et
1299 4848 1688 4920 intercessiones
1720 4848 1799 4900 di-

218 4923 332 4992 cina
362 4924 628 4992 largiente
666 4917 960 4992 elententia__
983 4920 1051 4992 ad
1088 4934 1235 4972 suum
1273 4917 1389 4992 ﬁeri
1416 4918 1599 4992 cotidie
1629 4926 1798 4992 tumu-

218 4990 335 5057 lum,
367 5002 418 5047 et
440 4987 667 5046 maxime
691 4991 774 5043 die
801 4990 962 5042 natali
996 4989 1105 5058 ejus
1158 4989 1508 5040 anniversario
1538 4987 1799 5054 disseruit,

218 5076 318 5115 non
366 5064 528 5133 facile
555 5079 587 5114 a
628 5076 879 5131 quoquam
906 5059 1142 5127 excerpi,
1192 5058 1566 5133 aut__¢_leﬂoruri
1608 5066 1794 5133 potest,

218 5134 335 5199 quia
366 5127 555 5186 cuncta
584 5127 769 5201 nam,
792 5139 1062 5201 aromata,
1108 5144 1259 5201 roma,
1290 5127 1400 5180 lilia
1430 5127 1795 5201 suaveolentia,

215 5196 276 5272 ᾀε
298 5204 555 5272 melli/ina
582 5196 721 5255 sunt.
769 5198 1130 5272 animadverti
1176 5207 1351 5272 tamen
1393 5196 1634 5272 sumain
1664 5212 1793 5272 pro-

216 5268 417 5337 legom.
448 5266 734 5341 deceptum
772 5269 1067 5340 Dnngalum
1091 5309 1107 5333 ,
1156 5267 1247 5335 qui
1278 5266 1345 5319 15
1372 5282 1401 5320 a
1430 5266 1652 5341 Paulino
1680 5266 1796 5319 elu-

215 5335 471 5397 cubratas
500 5335 714 5396 Natales
744 5335 971 5395 asseruit
991 5380 1005 5403 ,
1037 5354 1200 5407 quum
1244 5352 1429 5391 revera.
1473 5335 1545 5407 Ii
1592 5343 1796 5407 tantum

215 5414 511 5475 cecinerit;
545 5414 659 5481 ipse
689 5411 828 5465 enim
850 5398 1129 5481 Dungal'us
1168 5423 1333 5461 unum
1362 5398 1825 5461 exeisinduosin-

215 5480 784 5537 considerate’divisit.
817 5480 1183 5533 Munuonws.

287 5553 363 5619 (c)
400 5552 455 5605 In
502 5552 689 5608 codice
734 5551 1071 5619 bibliothecae
1114 5546 1496 5619 Atnbrosianze,
1533 5560 1642 5614 quo
1670 5561 1795 5619 usus

214 5617 301 5672 est
329 5622 651 5677 Muratorius
670 5665 685 5689 ,
716 5635 980 5691 quemque
1009 5617 1535 5691 Muratariicodicem
1575 5617 1795 5691 posthac

216 5694 452 5755 vocabo,
484 5686 750 5762 scriptum
767 5700 853 5762 est
877 5686 1109 5762 {Sidera
1139 5688 1181 5762 si
1209 5686 1659 5762 cmlapossuntrs-i
1681 5703 1796 5755 gra-

218 5762 367 5813 mina
391 5754 535 5815 terris
558 5754 711 5826 ,'etc‘.
766 5760 1002 5827 Utraque
1040 5759 1199 5812 lectio
1238 5757 1527 5827 probabilis
1564 5754 1788 5811 videtur.

222 5828 496 5900 Dungalus
519 5842 697 5889 tamen
726 5832 853 5901 legit
906 5826 961 5885 ut
988 5838 1068 5886 cst
1088 5829 1142 5887 in
1170 5826 1355 5885 uestro
1384 5826 1593 5881 codice.

1903 4569 2182 4637 sublimis,
2235 4577 2345 4637 tota
2394 4583 2532 4637 pene
2575 4570 2682 4621 suis
2722 4584 2752 4622 e
2803 4567 3017 4622 sedibus
3042 4568 3364 4637 solvebatur,
3414 4579 3474 4623 ut

1899 4635 2115 4705 glo'riosi
2132 4635 2467 4707 confessoris
2500 4637 3109 4707 sepulcruminviseret.
3150 4636 3297 4707 “Hoc
3330 4653 3481 4707 saepe

1902 4710 2098 4777 repetit
2128 4706 2411 4773 Paulinus,
2496 4721 2562 4761 ac
2642 4706 2976 4777 petissiinum
3008 4705 3327 4777 NatalitI.S.
3362 4705 3471 4762 Da-

1900 4776 2078 4832 Inasus
2102 4794 2237 4856 papa
2263 4786 2449 4856 sancto
2473 4778 2543 4831 hu
2567 4793 2681 4856 c_se
2715 4776 2987 4856 quondanl
3012 4786 3138 4856 voto
3166 4776 3481 4856 obstrinxe-v

1901 4858 2002 4911 rat,
2033 4848 2183 4913 cujus
2212 4848 2288 4902 rei
2317 4856 2508 4902 testem
2538 4849 2863 4916 epigramma
2894 4849 3308 4916 reliquitnostra
3336 4864 3475 4917 quo-

1899 4932 2005 5042 Ἇιέθ
2044 4919 2123 5003 ad‘
2156 4926 2394 4987 tempora
2430 4918 2829 4998 transmissum.
2892 4917 3132 4973 Videnda
3178 4922 3342 4985 super
3386 4919 3479 4975 bis

1979 4996 2027 5040 ta
2052 4989 2149 5041 SS.
2182 4996 2310 5041 tom.
2344 4987 2362 5040 I
2391 4988 2478 5041 die
2508 4987 2574 5040 14
2600 4986 2817 5042 Januar.
2849 4987 3215 5042 Mumronws.

1979 4996 2027 5040 ta
2052 4988 2149 5041 SS.
2182 4986 2310 5041 tom.
2344 4987 2362 5040 I
2391 4987 2478 5041 die
2508 4987 2574 5040 14
2600 4986 2817 5042 Januar.
2849 4987 3215 5044 Mmuronws.

1970 5058 2030 5127 (ἱ)
2061 5057 2115 5111 In
2159 5058 2279 5111 cod.
2319 5056 2454 5111 Mur.
2498 5058 2689 5127 legitur
2723 5058 2904 5127 jacet:
2936 5061 2989 5114 in
3033 5068 3218 5115 nostro
3254 5065 3467 5114 manet:

1898 5126 2002 5195 quo
2034 5126 2193 5181 modo
2223 5128 2350 5195 legit
2370 5128 2528 5181 etiam
2545 5126 2828 5195 Dungalus.

1969 5197 2033 5267 (j)
2059 5197 2233 5281 Nostri
2260 5197 2460 5281 codicis
2481 5197 2765 5281 lectionem
2791 5199 3069 5281 amplexus
3095 5216 3229 5281 sum.
3262 5201 3319 5255 In

1898 5266 2032 5392 ἓξὲξ.
2076 5268 2268 5335 legitur
2295 5268 2441 5321 locis.
2489 5268 2757 5336 Dungalus
2802 5266 2931 5338 legit
2978 5277 3038 5324 ut
3082 5280 3165 5325 est
3196 5272 3248 5325 in
3278 5280 3468 5326 nostro

2002 5353 2098 5392 tce.

1897 5352 2098 5392 conice.

1970 5408 2045 5475 (Κ)
2080 5407 2234 5461 Ilunc
2260 5423 2468 5461 versum
2498 5408 2755 5463 mendose
2783 5409 2862 5464 sic
2890 5410 3018 5479 legit
3044 5410 3309 5479 Dungalus
3331 5428 3343 5462 :
3369 5408 3465 5463 Si:

1895 5493 1989 5530 sua
2016 5478 2267 5547 disposuit
2293 5479 2442 5547 terris
2469 5480 2783 5533 munimenta
2804 5478 3022 5547 piorum.

1968 5548 2029 5616 (ι)
2061 5546 2249 5602 Noster
2290 5546 2462 5601 codex
2503 5549 2665 5603 habet
2712 5546 2943 5605 tacitum.
2992 5550 3062 5602 At
3096 5547 3292 5603 codicis
3320 5546 3454 5601 Mur.

1897 5615 2055 5671 lectio
2078 5618 2204 5670 mihi
2227 5618 2394 5684 magis
2414 5617 2608 5686 placet.

1968 5690 2060 5755 (ut)
2088 5687 2219 5741 Mur.
2262 5688 2379 5741 (ξοδ.
2420 5684 2593 5742 habet
2623 5689 2892 5742 medentes.
2948 5688 3012 5739 At
3056 5684 3328 5751 legendum
3377 5698 3461 5741 est

1896 5758 2140 5811 medentis
2163 5798 2177 5819 ,
2224 5766 2284 5809 ut
2321 5757 2482 5829 estin
2514 5769 2695 5814 nostro
2725 5758 2928 5813 codice.
2962 5755 3018 5809 Id
3049 5754 3189 5809 enim
3217 5758 3468 5829 exposcit

1895 5830 2007 5897 ipsa
2035 5843 2247 5898 quoque
2274 5827 2427 5882 metri
2453 5829 2609 5891 ratio.
