1997 3090
900 228 942 264 [⁵ο
958 228 995 264 (θ)

315 282 459 317 Deplorant
469 282 555 309 aliena
569 290 617 309 suo
630 283 743 309 lamenta
758 283 861 317 dolore,

317 328 430 363 Moxque
443 328 534 356 itidem
548 328 633 355 insani
649 329 736 363 sopito
747 330 843 364 gaudia
855 330 926 357 luctu
944 332 980 365 (τ)

247 373 298 401 115
316 374 389 401 Vana
403 379 498 408 gerunt
512 374 604 401 eadem
620 376 723 402 mentiti
738 375 830 403 fraude
839 381 986 410 repertum,

315 420 372 453 Qua
384 427 437 447 non
451 420 576 447 amissum
592 421 630 455 (d)
646 421 694 447 sibi
706 421 852 454 quaesivere
867 427 1003 455 vagantes.

317 467 375 494 Heu
388 475 442 502 quo
453 467 571 495 stultitiae
584 472 740 501 merguntur
753 468 857 502 gurgite
868 473 972 496 mentes

247 513 424 549 457-458
435 513 506 541 Luce
518 513 565 540 Dei
577 512 681 540 vacum!
695 520 756 539 nam
763 512 835 547 quid,
848 519 925 547 rogo,
937 512 1033 540 ctecius
1073 551 1078 556 ἡ

936 558 972 585 illi

924 558 997 594 [illis,

317 604 367 638 Qui
387 613 442 632 non
464 604 590 632 amissum
613 608 752 639 quaerunt,
774 611 960 638 nusquamque
973 611 1032 631 ma-

878 648 998 685 [nentem

249 694 475 727 I201nveniunt,
503 694 686 730 planguntque
709 693 754 721 alii
781 693 852 729 quod
883 701 937 721 non
961 693 1034 721 dolet

917 739 999 766 insis?

917 739 925 765 i
959 739 999 766 is?

318 784 392 821 Elige
407 785 470 820 quid
483 784 565 813 facias
587 784 669 812 miser
691 791 776 812 error.
801 783 869 817 Quid
888 739 973 812 c[olli):?
986 788 1034 812 aut

913 832 996 869 [quid

318 889 439 923 Plangis?
446 897 500 916 non
506 893 604 916 coeunt
613 896 672 924 quze
684 888 773 923 jungis
784 897 792 917 :
805 889 893 916 luctus
900 889 1031 917 honorem

316 934 374 962 Non
385 935 525 969 sequitur:
539 934 655 962 lamenta
667 935 743 969 colis,
754 935 921 969 lugendaque
933 934 1031 968 credis,

248 1003 326 1038 luget,
340 1002 454 1037 plangit,
468 1001 591 1038 inquirit;
605 1005 629 1028 et
642 1001 721 1028 Isiaci
738 1002 826 1029 miseri
840 1002 942 1029 credunt
951 1005 1035 1038 pecto-

248 1036 293 1071 ra‘,
308 1042 331 1064 et
352 1037 464 1064 dolorem
487 1036 672 1072 infelicissimis
690 1038 780 1064 matris
803 1037 948 1064 imitantur.
969 1036 1033 1072 Mor;

248 1074 348 1099 invento
360 1073 464 1107 parvulo
480 1072 573 1107 gaudet
582 1071 639 1107 Isis
648 1092 655 1104 ,
669 1072 799 1107 exsultant
811 1072 965 1104 sacerdotes,
981 1071 1033 1107 Cy-

248 1107 402 1142 nocephalus
422 1106 537 1142 inuentor
560 1106 698 1142 gloriatur.
720 1106 773 1134 Sed
787 1114 836 1142 cur
851 1107 986 1141 perditum
1001 1106 1033 1132 li-

250 1140 316 1168 liurn
338 1146 417 1169 vocat
442 1140 586 1168 blinutius?
615 1140 746 1168 Osiridem
766 1140 886 1175 profecto
909 1141 1034 1168 maritum

249 1176 324 1204 Isidis
337 1180 478 1210 testantur,
490 1176 594 1210 antiqui
606 1183 700 1203 omnes
708 1197 714 1209 ,
730 1184 761 1203 ac
772 1176 938 1210 potissimum
950 1175 1035 1210 Syne-

249 1212 305 1238 sius
320 1211 346 1237 in
361 1211 406 1237 lib.
422 1210 455 1237 de
469 1209 576 1238 Provid.
586 1232 593 1244 ,
609 1215 635 1237 et
651 1209 806 1237 Plutarchus
821 1211 847 1237 in
860 1211 906 1238 lib.
924 1210 958 1238 de
970 1209 1032 1238 Isid.

248 1251 277 1273 et
287 1245 356 1273 Osir.
380 1245 437 1272 Non
449 1245 525 1279 juvat
543 1246 584 1272 his
603 1246 755 1277 immorari,
768 1254 849 1280 quum
861 1249 962 1272 tantum
977 1254 992 1273 a
1005 1252 1035 1273 se

250 1281 315 1316 ipsis
342 1280 524 1315 discrepantes
534 1280 651 1341 l‘iipsimct
676 1280 793 1315 {Egyptri
816 1281 984 1308 inveniantur
1006 1281 1034 1308 in

250 1323 386 1341 sacrorum
406 1322 516 1341 suorum
560 1321 667 1341 rstona.
683 1320 711 1341 ut
726 1324 759 1341 ne
774 1316 913 1341 venditant
926 1316 1034 1341 quidem

249 1323 386 1343 sacrorum
398 1322 516 1351 suorum
534 1316 667 1351 Historia.
683 1320 711 1342 ut
726 1324 759 1343 ne
774 1316 913 1343 venditent
926 1316 1035 1351 quidem

249 1350 352 1386 tabulas
365 1350 422 1377 sale
431 1350 593 1386 mixtas,_sed
604 1357 687 1384 nugas
697 1351 835 1386 proferant
845 1350 1033 1386 ineptissimas.

249 1385 302 1412 Pro
325 1385 441 1421 Minutio_
459 1389 513 1421 stat
535 1384 687 1412 Lactantius
698 1384 758 1413 'lib.
774 1394 783 1413 ι
797 1384 898 1419 Instit.,
910 1394 970 1421 cap.
987 1386 1032 1420 ει,

250 1421 295 1448 ubi
307 1420 392 1454 inquit
401 1429 411 1456 γε
428 1419 509 1446 Isidis
518 1428 594 1446 sacra
604 1424 663 1447 sunt
672 1441 679 1453 ,
695 1425 820 1456 quatenus
829 1421 913 1456 [ilium
923 1419 961 1448 υᾱι
977 1419 1036 1456 per—

249 1455 353 1488 diderit,
368 1455 405 1492 uel
418 1456 556 1488 invenerit;
568 1456 785 1492 namrsacerdotes
799 1455 857 1492 ejus
867 1464 914 1483 sua
930 1455 1036 1491 pectora

249 1491 373 1523 tundunt,
394 1490 578 1527 lamentantur,
598 1490 690 1527 deinde
707 1499 770 1526 puer
790 1490 948 1527 producitur,
963 1491 1036 1527 quasi

249 1527 376 1558 inventus,
391 1527 451 1553 etin
464 1526 582 1553 lwtitiam
596 1525 677 1553 luctus
691 1525 813 1554 mutatur.
835 1526 931 1554 Filium
945 1525 1034 1553 autem

250 1560 325 1588 Isidis
336 1560 436 1587 Horum
450 1561 559 1588 nomine
573 1560 740 1596 deperditum
754 1561 788 1588 ab
798 1561 881 1593 Iside,
892 1561 1035 1596 simulque

249 1597 387 1631 quresitum
405 1595 526 1631 suspicor
539 1603 573 1622 ex
590 1596 679 1623 verbis
694 1595 832 1631 Athanasii
846 1596 874 1623 in
885 1595 959 1622 Orat.
974 1603 1036 1623 con-

250 1630 291 1657 tra
303 1634 413 1667 gentes_:
425 1630 468 1656 ’Ἐν
481 1634 541 1666 γοῦν
556 1632 675 1667 Αἶγὺπτῳ
698 1630 736 1658 ἔτι
758 1633 801 1658 καὶ
813 1635 857 1658 νῦν
871 1631 884 1658 ὁ
898 1632 958 1667 περὶ
966 1630 1036 1658 ὀσί-

251 1676 325 1704 prose,
340 1666 380 1704 uati.
393 1664 533 1704 ’.Οροιιίξαὶ
544 1664 671 1704 Ττξφωνοςξ
679 1668 736 1704 nari_
735 1669 785 1693 τῶν
798 1666 877 1697 ἀλλῶν
888 1664 977 1704 Opinio;
989 1670 1035 1704 τῆς

251 1699 376 1735 inmitia;
385 1699 553 1735 interici-rat.
569 1699 642 1726 Certe
655 1701 682 1726 in
698 1699 814 1735 Ai'gypto
828 1699 991 1727 nunc'etiam
1004 1700 1036 1728 de

250 1734 362 1765 Osiride,
380 1734 463 1770 Hora,
479 1733 610 1770 Typhone,
625 1733 776 1770 aliisque'u't'
787 1735 936 1770 deperditis,
950 1740 974 1762 et
986 1744 1034 1763 ex-

251 1769 348 1805 stinctis
363 1769 506 1805 deploratio
520 1769 642 1805 solemnis
657 1770 796 1805 peragitur.
813 1769 998 1798 MURATORIUS.

285 1805 323 1838 (α)
337 1804 502 1839 Lampridius
515 1805 541 1832 in
562 1804 710 1832 Commodo
731 1813 737 1831 :
758 1804 842 1832 Sacra
856 1805 937 1832 Isidis
946 1805 1035 1839 coluit,

250 1844 278 1867 ut
296 1843 321 1866 et
339 1844 416 1875 capsit
428 1839 541 1875 raderet,
559 1843 583 1866 et
594 1839 697 1866 Anubin
707 1844 831 1875 portaret.
854 1840 925 1867 Idem
939 1840 1037 1875 repetit

251 1874 406 1909 Spartianus
419 1875 445 1901 in
461 1874 589 1902 Pescenn.
606 1874 711 1909 Nigro.’
726 1875 842 1902 Vidimus
861 1883 935 1902 sacra
956 1874 1036 1903 Isidis

251 1912 382 1946 ferentem,
395 1910 485 1945 quibus
495 1909 649 1946 Commodus
660 1910 724 1937 adeo
735 1910 835 1946 deditus
850 1911 907 1946 fuit,
923 1915 957 1946 ut
960 1916 985 1937 et
996 1919 1037 1938 ca-

251 1945 296 1981 put
309 1945 425 1981 raderet,
451 1950 475 1971 et
485 1945 598 1981 Anubim
617 1950 740 1980 portaret.
763 1945 873 1973 Hieron.
891 1946 918 1972 in
938 1945 1035 1973 Elch.

251 1979 311 2015 cap.
323 1988 384 2007 xrn:
397 1979 536 2015 Perspicue
547 1979 737 2015 demonstratur
745 1982 811 2007 rasis
822 1980 956 2015 capitibus,
972 1982 1038 2007 sicut

251 2014 405 2048 sacerdotes,
424 2014 582 2050 cultoresque
601 2014 680 2041 Isidis
698 2014 895 2050 ac§erapidis.
917 2024 963 2042 nos
982 2024 1038 2043 esse

251 2050 415 2086 nonrdebere.
436 2048 559 2086 Ambros.
575 2056 682 2086 quoque
696 2049 722 2075 in
736 2048 785 2086 Ep.
801 2048 835 2076 ad
847 2050 938 2086 Sabin.
952 2059 959 2077 :
981 2050 1037 2086 Ipsi

253 2085 348 2119 capita,
360 2087 384 2111 et
403 2084 540 2120 supercilia
553 2091 600 2109 sua
612 2083 719 2120 radunt,
736 2084 758 2110 si
772 2085 872 2120 quando
885 2084 964 2112 Isidis
977 2083 1038 2112 sus—

253 2117 461 2154 cipiuntrsacra.
489 2117 573 2154 Ijujus
596 2117 701 2154 ridiculi
724 2117 806 2146 moris
824 2127 929 2147 causam
958 2120 1038 2147 tradit

254 2152 411 2181 Plutarchus
440 2152 474 2179 de
496 2152 558 2180 Isid.
583 2156 611 2180 et
634 2152 703 2180 Osir.
728 2154 766 2181 De
784 2155 914 2182 vocabulo
926 2156 991 2183 calvi
1002 2155 1038 2183 ad

253 2196 311 2216 rem
319 2188 386 2224 iacit
399 2187 526 2224 Martialis
540 2187 672 2224 distichon
686 2188 732 2215 lib.
750 2197 785 2216 xn
796 2191 879 2224 epigr.
894 2189 929 2217 29
941 2198 948 2218 :

317 2223 428 2255 Linigeri
440 2223 535 2255 fugiunt
545 2223 615 2253 calvi,
626 2224 772 2255 sistrataque
784 2223 865 2254 turba,

348 2254 413 2278 Inter
425 2254 553 2279 adorantes
563 2261 618 2279 cum
630 2255 699 2279 stetit
710 2254 890 2286 Hermogenes.

253 2283 437 2313 Munuomus.

291 2320 328 2356 (ὁ)
343 2319 438 2356 Julius
452 2319 582 2356 Firmicus
609 2320 829 2356 prreclarissimus
853 2321 981 2355 scriptor.
1006 2321 1040 2348 de

255 2354 353 2383 Eri-ore
377 2354 481 2390 profari.
506 2355 581 2389 relig.
605 2362 665 2390 cap.
681 2354 707 2388 2,
723 2354 801 2390 Isiaci
819 2356 889 2383 sacri
908 2354 1040 2383 summam

255 2391 297 2418 llis
311 2389 464 2425 perstringit
487 2390 592 2425 verbis:
607 2389 639 2416 In
654 2390 740 2425 adytis
758 2389 852 2417 [tabent
870 2391 966 2418 idolum
980 2390 1041 2417 Osi-

255 2424 320 2452 ridis
334 2425 469 2461 sepultum.
495 2424 552 2461 Hoc
564 2426 656 2451 annuis
671 2425 778 2461 luctibus
788 2425 930 2461 plangunt,
946 2426 1041 2452 radunt

256 2461 354 2495 capita,
363 2459 397 2496 ut
407 2459 579 2496 miserandum
593 2467 681 2496 casum
696 2460 736 2496 sui
748 2460 814 2495 regis
826 2459 984 2496 turpitudine
996 2461 1040 2487 de-

257 2494 384 2522 honestati
399 2495 510 2529 deﬂeant
526 2495 618 2529 capitis
627 2514 634 2526 ,
647 2494 754 2521 tundunt
764 2494 992 2530 pectus,‘lacerunt
1004 2496 1041 2522 la-

257 2534 351 2563 certos,
366 2533 476 2557 veterum
486 2529 616 2556 vulnerum
626 2534 742 2556 reserant
752 2530 893 2563 cicatrices.
909 2536 937 2557 ut
946 2531 1040 2558 annuis

258 2564 366 2593 luctibus
381 2565 408 2591 in
418 2565 512 2591 animis
526 2566 746 2600 eorumfunestte,
760 2573 790 2591 ac
801 2566 955 2593 miserandae
970 2567 1040 2593 necis

258 2600 364 2627 exitium
374 2604 533 2630 renascatur,
549 2603 600 2627 etc.
609 2599 729 2627 Lactant.
740 2600 786 2627 lib.
800 2608 807 2628 I
824 2601 880 2628 Div.
888 2600 970 2628 lnst.:
986 2600 1039 2628 Sa—

258 2635 373 2662 cerdotes
382 2634 461 2661 Isidis
472 2634 620 2670 deglabrato
631 2643 736 2669 corpore
744 2641 849 2670 pectora
859 2645 906 2663 sua
920 2636 1039 2669 tundunt,

259 2670 425 2707 Lamentando
439 2670 504 2696 sicut
523 2670 666 2707 ipsa,_cum
684 2671 767 2707 ﬁlium
787 2671 914 2707 perdidit,
931 2673 1038 2707 fecerat.

258 2704 421 2732 Commodus
432 2711 539 2740 quoque
561 2704 693 2732 referente
716 2704 868 2740 Lampridio
888 2704 986 2734 Isiacos
1001 2707 1041 2740 pi-

258 2740 317 2768 neis
339 2747 423 2774 usque
445 2739 478 2766 ad
502 2740 645 2775 perniciem
666 2744 759 2775 pectus
782 2739 893 2769 tundere
916 2739 1038 2775 cogebat.

259 2776 389 2809 Athenag.
398 2775 423 2801 in
431 2774 544 2810 Apolbg.
559 2784 565 2800 :
582 2774 711 2810 Ai'yvirr‘rtot
720 2778 857 2803 τύπτονται
866 2778 890 2804 ἐν
897 2774 1040 2810 reis-firmi:

259 2813 292 2838 τὰ
304 2811 392 2842 στήθη,
415 2809 533 2845 Αῑσῃριῑί
552 2809 638 2845 pectus
653 2811 760 2838 tundunt
770 2812 797 2838 in
810 2812 891 2839 sacris
904 2813 967 2839 suis.
983 2809 1039 2840 Mu-

259 2853 396 2873 ΙιΛτοιιιηε.

295 2881 331 2915 (c)
346 2880 413 2909 Mur.
429 2880 513 2909 codex
526 2880 606 2910 habet
615 2880 736 2916 planctu;
751 2886 843 2910 noster
856 2882 935 2911 luctu.

742 123 771 152 S.
793 124 929 153 PAULINI
946 124 1070 154 NOLANI
1091 124 1240 155 EPISCOPI
1263 124 1435 154 POEMATA.

316 180 416 215 Quaerit
436 180 600 216 aruspicibus
614 181 652 216 (α)
663 180 765 215 calvis,
786 182 832 217 qui
844 187 953 218 pectore
967 187 1029 211 tun-
1042 185 1069 216 Α

1807 125 1862 153 5‘20

1149 184 1213 218 Qum
1236 184 1325 213 divina
1346 188 1434 220 putas.
1458 183 1488 212 Si
1509 184 1546 212 dii
1565 188 1629 213 sunt
1646 182 1693 220 (e),
1708 190 1759 212 nec
1771 182 1863 211 miseri

1732 228 1823 264 [sunt;

1082 276 1132 304 ηδ
1150 277 1203 304 Ant
1222 276 1245 304 si
1267 280 1331 304 sunt
1348 274 1440 304 miseri
1454 274 1500 311 (f),
1513 274 1549 303 dii
1562 282 1617 303 non
1630 278 1703 307 sunt,
1718 278 1800 308 atque
1813 274 1866 301 ho-

1643 319 1740 355 [mines
1754 323 1826 351 sunt,

1151 366 1184 394 Et
1198 366 1287 394 miseri
1303 375 1309 394 :
1334 366 1461 394 miserare
1474 366 1513 401 (q)
1528 365 1609 400 igitur
1621 365 1744 393 mortalia
1760 371 1866 399 passos,

1151 413 1203 440 Aut
1217 413 1292 440 laetus
1306 412 1344 448 (Ιι)
1355 419 1485 440 venerare
1501 411 1567 439 deos
1581 419 1588 438 :
1603 418 1665 438 nam
1678 417 1764 438 caecus
1774 413 1870 445 aperte

1773 454 1836 491 [est

1152 502 1201 531 llic
1211 502 1293 535 furor,
1306 506 1352 530 aut
1361 502 1473 530 miseros
1486 501 1585 534 colere,
1600 505 1648 529 aut
1656 501 1748 535 lugere
1761 501 1870 528 beatos.

1151 547 1222 583 Ergo
1235 548 1285 575 dea
1298 552 1340 576 est
1352 547 1418 575 Isis?
1430 547 1526 575 mulier
1539 546 1607 574 dea?
1621 547 1644 574 si
1658 547 1720 579 dea,
1734 553 1837 580 corpus

1083 594 1134 622 450
1151 594 1209 622 Non
1231 594 1328 627 habet,
1352 598 1382 622 et
1402 601 1482 622 sexus
1502 593 1561 622 sine
1579 600 1693 627 corpore
1707 593 1739 628 (i)
1750 614 1758 626 ,
1773 592 1819 619 vel
1835 591 1870 627 (j)

1679 638 1754 676 [sine
1766 645 1838 666 sexu

1153 685 1248 715 Partus
1258 686 1333 714 abest
1344 686 1393 722 (Ir).
1415 684 1491 713 Unde
1504 691 1568 720 ergo
1582 684 1620 712 illi
1634 692 1713 720 quem
1726 684 1827 719 qurerit
1840 684 1869 719 (ι)

1707 728 1820 766 [Osirim
1826 729 1839 756 2

1154 776 1241 812 Atque
1259 776 1305 804 ubi
1316 779 1419 811 quaerat
1433 783 1495 804 eum
1509 775 1567 812 (ιη),
1578 775 1665 803 nescit
1677 775 1736 803 dea.
1752 775 1808 803 Sed
1822 775 1874 803 dea

1671 821 1682 858 |_
1689 829 1839 856 numquam

1156 868 1222 897 Esse
1235 871 1325 904 potest
1338 872 1433 902 mater,
1449 875 1499 896 nec
1509 867 1617 896 femina.
1631 867 1697 895 Nam
1711 867 1781 895 Deus
1790 875 1875 902 unus,

1154 914 1245 942 Virtus
1266 914 1335 941 trina
1350 914 1431 948 Deus,
1450 912 1529 941 Pater
1542 920 1628 946 unus,
1649 917 1676 940 et
1689 920 1757 940 unus
1771 912 1798 939 in
1815 912 1875 948 ipso

1082 960 1134 989 155
1152 960 1255 988 Filius:
1274 967 1309 988 ex
1325 959 1384 995 ipso
1398 959 1476 987 simul
1488 967 1557 987 unus
1570 958 1608 995 (γι)
1623 966 1683 987 cum
1698 958 1777 987 Patre
1789 958 1875 987 Verbi

1118 1027 1298 1063 (d),Minutius
1311 1026 1337 1054 in
1349 1026 1443 1063 octav.
1459 1025 1538 1063 {Nec
1554 1026 1684 1063 desinunt_
1694 1025 1770 1052 annis
1785 1027 1876 1063 omni-

1083 1061 1129 1103 bus
1142 1061 1303 1103 bel_perdere,
1313 1062 1386 1103 quod
1396 1062 1539 1103 inveniunt,
1552 1062 1591 1103 uel
1600 1061 1722 1103 invenire,
1734 1061 1803 1103 qugd
1816 1070 1876 1103 per:

1083 1099 1155 1125 dant.
1172 1096 1267 1124 Nonne
1277 1096 1413 1132 ridiculum
1422 1101 1476 1130 est,
1501 1097 1539 1123 vel
1550 1096 1636 1132 lugere
1651 1096 1718 1131 quod
1733 1097 1818 1128 colas,
1833 1096 1873 1123 uel

1083 1134 1166 1161 colere
1179 1132 1246 1168 quod
1259 1132 1366 1167 lugeas?
1379 1131 1563 1159 Muna-roruus.

1121 1179 1157 1214 (e)
1171 1178 1201 1205 In
1216 1177 1353 1214 Muratorii
1365 1177 1459 1205 codice
1478 1178 1514 1205 ita
1533 1177 1662 1214 scriptum
1673 1181 1732 1214 est;
1748 1176 1815 1209 Qua:
1833 1178 1876 1214 di-

1083 1215 1143 1242 uina
1156 1218 1240 1250 putas,
1253 1213 1275 1240 si
1289 1213 1365 1246 dicis,
1383 1221 1429 1239 nec
1451 1213 1538 1250 miseri
1557 1217 1626 1240 sunt.
1651 1213 1809 1250 A_utsisunt
1826 1213 1878 1239 mi-

1084 1250 1144 1282 seri,
1156 1246 1205 1276 'dii
1218 1256 1270 1275 non
1282 1253 1352 1280 sunt,
1368 1253 1442 1284 atque
1454 1248 1567 1284 homines
1577 1246 1695 1284 suntlEt
1707 1248 1803 1279 miseri,
1819 1252 1877 1284 etc.

1083 1284 1113 1312 In
1136 1288 1229 1311 nostro
1250 1286 1339 1310 autem
1360 1281 1453 1311 codice
1471 1283 1526 1309 ita:
1546 1281 1609 1314 Qure
1628 1282 1716 1309 divina
1730 1287 1820 1317 putas.
1846 1282 1878 1310 Si

1084 1319 1122 1346 dii
1138 1323 1210 1353 sunt,
1225 1326 1271 1345 nec
1285 1319 1371 1353 miseri
1381 1322 1452 1345 sunt.
1470 1317 1503 1353 Et
1516 1318 1613 1353 miseri,
1628 1321 1694 1353 etc.,r
1703 1316 1879 1353 desideratur

1084 1354 1186 1382 scilicet
1200 1360 1301 1381 versus.
1318 1352 1409 1387 Itaque
1420 1373 1427 1386 ,
1440 1352 1543 1380 collatis
1556 1352 1668 1379 invicem
1681 1352 1783 1379 duabus
1795 1352 1879 1380 hisce

1085 1389 1257 1423 lectionibus,
1271 1388 1311 1416 sic
1325 1387 1465 1422 legendum
1476 1389 1557 1415 statui
1569 1391 1598 1414 ut
1613 1387 1733 1422 superius
1743 1387 1859 1421 legitur.

1121 1434 1160 1473 (f)_
1170 1433 1192 1461 E
1201 1433 1271 1473 Iulio
1280 1433 1399 1473 firmico
1409 1431 1696 1473 lib_.“denl"roph..relig.
1710 1431 1802 1473 Error.
1816 1432 1877 1461 haec

1085 1467 1174 1497 hausit
1184 1470 1265 1497 verba
1280 1467 1405 1496 Paulinus
1417 1477 1423 1495 :
1439 1468 1469 1495 Si
1489 1467 1526 1494 dii
1538 1472 1598 1503 sunt
1610 1468 1659 1499 illi,
1673 1467 1758 1502 inquit
1772 1467 1796 1503 is
1810 1475 1874 1503 cap.

1086 1504 1113 1537 8,
1129 1512 1191 1539 quos
1209 1504 1302 1536 colitis,
1315 1511 1360 1530 cur
1369 1511 1412 1530 eos
1423 1503 1533 1539 lugetis?
1543 1501 1595 1539 cur
1604 1503 1696 1539 annuis
1711 1502 1821 1529 luctibus
1832 1501 1875 1530 eos

1047 1547 1070 1579 α
1086 1537 1226 1579 plangitis?
1240 1538 1270 1566 Si
1284 1539 1411 1579 lacrymis
1426 1537 1458 1579 et
1464 1538 1537 1579 luctu
1545 1537 1619 1573 digni
1631 1542 1706 1579 sunt,
1719 1546 1765 1579 cur
1777 1545 1822 1579 eos
1834 1539 1875 1579 dif

1085 1572 1142 1601 irino
1149 1572 1249 1601 ltortore
1260 1572 1394 1600 cumulatis
1401 1574 1411 1600 .’
1424 1572 1509 1600 Unum
1518 1572 1603 1608 itaque
1609 1581 1622 1599 ε
1628 1572 1725 1599 duobus
1733 1573 1821 1608 facile,
1829 1577 1874 1599 aut

1084 1610 1163 1636 nolite
1177 1617 1220 1636 eos
1232 1608 1326 1643 lugere,
1340 1609 1363 1635 si
1382 1608 1419 1635 dii
1433 1612 1509 1639 sunt,
1525 1607 1569 1634 aut
1588 1608 1611 1643 si
1625 1608 1694 1634 luctu
1713 1616 1757 1643 eos
1780 1607 1873 1643 dignos

1083 1644 1189 1678 putatis,
1205 1652 1235 1670 ac
1252 1642 1386 1678 lacrymis,
1405 1643 1464 1670 deos
1477 1651 1519 1670 eos
1535 1642 1666 1678 appellare
1680 1642 1814 1678 nolite,ne
1827 1643 1870 1678 lur-

1084 1677 1166 1706 ctibus
1182 1686 1213 1705 ac
1226 1677 1345 1713 lacryntis
1358 1679 1449 1705 vestris
1462 1677 1583 1713 majestas
1595 1678 1672 1704 divini
1685 1677 1793 1705 nominis
1814 1677 1870 1739 gol-

1084 1713 1179 1739 luatur.
1203 1713 1365 1739 Eninhanins
1387 1713 1467 1739 etiam
1491 1713 1518 1739 in
1539 1712 1692 1739 Auchorato
1714 1720 1773 1739 can.
1799 1712 1812 1738 ι
1834 1712 1870 1739 6:

1084 1713 1179 1748 luatur.
1203 1712 1365 1748 Epiphanius
1387 1713 1467 1740 etiam
1491 1713 1518 1740 in
1539 1712 1692 1740 Auchorato
1714 1720 1773 1748 cap.
1799 1712 1870 1739 I06:

1083 1747 1171 1786 Ἄλλος
1186 1748 1212 1776 δὲ
1226 1747 1644 1786 ῖερᾁκλιιτοςιιιὶγυπτίοις.φησὶν-ι
1656 1749 1684 1774 Εἰ
1695 1747 1817 1786 θξρὶιίσι,
1831 1748 1874 1786 διὰ

1084 1785 1110 1821 ri
1122 1785 1235 1821 θρῃνιῐςι
1248 1782 1360 1821 adrade;
1374 1782 1446 1810 Alius
1460 1791 1524 1821 vero
1533 1782 1681 1821 Heraclitus
1691 1782 1875 1821 {Egyptiisjta

1085 1817 1190 1854 objicit:
1203 1819 1234 1847 Si
1245 1819 1282 1846 dii
1295 1822 1364 1853 sunt,
1378 1827 1440 1853 quos
1454 1819 1547 1850 colitis,
1563 1826 1609 1844 cur
1622 1818 1679 1845 illos
1694 1817 1802 1853 lugetis?
1814 1817 1874 1845 Mu-

1086 1862 1225 1882 ιιΑτοιιιυε.

1121 1889 1159 1925 (g)
1175 1889 1242 1925 Mur.
1254 1887 1326 1922 cod.,
1340 1883 1468 1925 miserere.
1487 1888 1521 1915 At
1530 1887 1672 1922 legendum
1682 1891 1724 1915 est
1737 1887 1875 1920 miserare,

1089 1923 1174 1951 ut'cSt
1187 1924 1214 1950 in
1228 1928 1320 1951 nostro
1334 1923 1435 1952 codice.

1134 1959 1160 1994 h)
1175 1958 1327 1993 Legendum
1345 1962 1386 1986 est
1399 1959 1472 1985 (artus
1484 1977 1492 1990 .
1512 1962 1542 1985 ut
1562 1961 1603 1985 est
1616 1957 1643 1985 in
1657 1961 1748 1985 nostro
1760 1957 1875 1985 codice:

1086 1998 1114 2021 at
1128 1993 1195 2021 Mur.
1211 1994 1297 2021 codex
1311 1994 1391 2021 habet
1404 1993 1486 2020 laetos.

1085 2064 1094 2091 1
1123 2029 1154 2064 (i)
1171 2027 1332 2064 Corruptum
1347 2036 1465 2056 carmen.
1489 2026 1547 2062 Ego
1568 2027 1715 2055 emendatis
1733 2026 1824 2054 verbis
1838 2027 1875 2054 ita

1096 2070 1218 2091 euerem:

1096 2070 1202 2099 egerem
1211 2072 1218 2090 :

1149 2109 1213 2140 Ergo
1223 2109 1270 2133 des
1285 2113 1324 2133 est
1334 2107 1400 2133 Isis?
1413 2108 1500 2133 Mulier
1511 2108 1577 2133 dea?
1590 2108 1615 2134 Si
1626 2107 1682 2140 dea.
1694 2113 1782 2140 corpus

1148 2138 1200 2164 Non
1212 2140 1294 2168 habet,
1308 2142 1430 2170 etisexum
1443 2146 1495 2164 stne
1510 2145 1624 2170 corpore,
1637 2138 1676 2163 vel
1685 2139 1739 2163 sine
1750 2144 1814 2163 sexu

1149 2170 1240 2201 Corpus
1251 2169 1344 2195 habet?

1090 2210 1125 2238 Ut
1138 2210 1173 2238 sit
1183 2218 1286 2239 sensus.
1302 2209 1330 2238 Si
1342 2209 1392 2238 dea
1406 2214 1447 2238 est
1457 2209 1514 2242 Isis,
1529 2210 1663 2245 quomodo
1674 2216 1811 2245 corpus.)
1821 2215 1878 2243 quo

1090 2246 1214 2273 divinitas
1227 2246 1371 2273 abhorrere
1382 2244 1598 2280 deprehenditur,
1613 2245 1693 2272 habet
1704 2245 1766 2280 illa?
1777 2244 1805 2271 Si
1815 2252 1878 2271 cor-

1091 2289 1156 2314 pore
1168 2285 1303 2308 carentem
1316 2279 1426 2313 dicitis,’
1439 2288 1492 2314 quo
1513 2285 1598 2315 pacto,
1607 2279 1743 2307 sexus'illi
1754 2280 1806 2306 erit
1818 2280 1878 2315 sine

1090 2316 1221 2350 corpore?
1244 2315 1297 2343 Sed
1319 2315 1463 2350 legendum
1478 2314 1566 2350 potius
1587 2314 1698 2342 Partum
1712 2315 1797 2341 habet.
1816 2314 1877 2341 Mu-

1090 2358 1228 2378 ιιΑτοιιιυε.

1127 2394 1159 2430 (j)
1174 2394 1242 2422 Mur.
1258 2394 1317 2430 cod.
1331 2394 1412 2422 habet
1431 2399 1475 2421 aut
1494 2395 1549 2422 sine
1562 2402 1634 2422 sexu.
1661 2394 1695 2421 At
1710 2394 1787 2430 metri
1804 2394 1875 2421 ratio

1089 2429 1206 2456 ostendit
1226 2429 1367 2464 legendum
1389 2437 1465 2464 esse,
1488 2433 1519 2456 ut
1538 2430 1666 2464 scriptum
1683 2433 1725 2456 est
1742 2429 1770 2456 in
1784 2434 1880 2456 nostro

1090 2464 1193 2496 codice.
1208 2464 1284 2498 cujus
1298 2464 1440 2492 lectionem
1455 2469 1562 2492 secutus
1576 2473 1646 2492 sum.

1126 2504 1163 2539 (Ir)
1178 2503 1246 2530 Mur.
1259 2502 1332 2536 cod.,
1350 2503 1416 2530 Pars
1430 2504 1518 2535 habet,
1533 2511 1592 2538 qum
1605 2503 1683 2531 lectio
1697 2502 1755 2530 sine
1769 2507 1879 2530 contro-

1089 2539 1176 2566 versia
1200 2538 1328 2565 mendosa
1349 2543 1410 2566 est:
1425 2543 1453 2566 et
1474 2539 1616 2572 legendum
1639 2542 1669 2566 ut
1682 2543 1723 2566 est
1743 2539 1770 2565 in
1784 2541 1879 2564 nostro

1089 2574 1191 2604 codice.
1207 2581 1283 2608 cujus
1297 2573 1439 2601 lectionem
1452 2574 1540 2608 posui.

1125 2609 1157 2643 (ιι
1172 2608 1239 2635 Mur.
1252 2609 1322 2641 cod.,
1348 2613 1444 2644 quatiat
1454 2617 1463 2635 :
1480 2613 1570 2636 noster
1581 2616 1656 2640 vero,
1672 2609 1781 2644 quaerit:
1796 2615 1879 2644 qgam

1089 2644 1230 2679 lectionem
1243 2642 1397 2678 sequori—
1406 2643 1438 2671 Et
1450 2644 1496 2671 hic
1503 2644 1590 2672 insciti
1602 2642 1783 2679 exscriptores
1792 2642 1879 2670 oﬂen-

1089 2678 1196 2706 derunt.
1212 2678 1323 2712 Corrigo
1336 2679 1374 2705 sic
1387 2688 1393 2705 :

1281 2718 1351 2743 Unde
1364 2725 1426 2749 ergo
1437 2718 1482 2748 illi,
1491 2719 1555 2750 quod
1566 2725 1619 2743 cum
1632 2720 1720 2749 quierit
1729 2718 1827 2747 Osirim,

1152 2750 1199 2773 Aut
1211 2749 1251 2772 ubi
1264 2753 1357 2780 quaerat
1369 2756 1434 2780 eum,
1448 2754 1525 2774 nescit
1534 2751 1581 2774 dea
1590 2752 1601 2774 ἳ

1090 2778 1275 2806 Illum-renuis.

1127 2816 1173 2849 (m)
1189 2815 1217 2841 In
1226 2814 1292 2841 Mur.
1305 2815 1364 2843 cod.
1377 2816 1504 2844 mendose
1515 2816 1642 2851 scripturn
1654 2820 1695 2844 est
1706 2823 1771 2842 cum.
1781 2814 1877 2841 Noster

1090 2849 1169 2877 habet
1183 2858 1239 2876 eum
1257 2858 1264 2877 :
1281 2855 1308 2877 et
1322 2851 1357 2877 ita
1373 2851 1512 2884 legendum
1526 2849 1576 2878 est:

1126 2885 1165 2918 (π)
1180 2885 1293 2918 Spiritus
1306 2890 1413 2914 sanctus
1424 2886 1467 2914 hic
1477 2886 1589 2921 Spiritus
1609 2886 1684 2915 Verbi
1695 2888 1874 2920 nuncupatur,
