1994 3088
156 137 202 163 521
474 145 482 154 ι
881 133 996 163 ΡΟΕΜΛ
1015 134 1082 162 ΗΧ.

1749 135 1802 163 522

227 191 361 226 Spiritus:
385 192 440 219 haec
463 192 512 218 trin
528 191 565 227 (α)
585 195 647 218 sunt
664 191 735 218 Deus
754 199 822 218 unus
839 191 947 218 nomina
961 192 986 221 Α
1001 188 1053 215 145
1071 188 1233 224 Martyribus
1247 195 1345 222 magno
1356 188 1517 216 veneranda:
1531 189 1611 217 caudis
1625 196 1722 218 acervo

786 236 914 272 [semper.

226 281 289 308 Sola
307 281 354 308 Dei
368 286 464 308 natura
479 281 550 308 Deus
563 290 569 308 :
584 281 656 315 quod
671 281 768 313 Filius,
784 286 811 309 et
826 281 899 316 quod

228 327 355 362 Spiritus,
366 332 393 355 et
404 328 483 355 Pater
496 332 538 355 est
549 337 555 353 ε
568 328 615 355 sed
630 327 712 355 Filius
723 335 757 355 ex
768 327 848 355 Patre
863 332 952 361 natus,

225 373 342 408 Spiritus
356 380 390 400 ex
405 372 485 401 Patre
500 373 536 409 (ὁ)
548 374 707 408 procedens.
724 374 793 401 Nihil
807 374 852 401 hic
867 374 949 400 habet

795 419 863 455 [una
878 419 916 454 (ε)

160 465 169 492 l
177 465 214 492 40
233 465 393 497 Commune,
407 468 453 491 aut
466 464 552 491 simile
567 464 593 491 in
606 464 685 491 rebus
700 468 794 491 natura
808 464 917 491 creatis.

226 511 274 538 Ast
290 510 328 545 (ά)
349 509 483 544 Carthago
507 513 603 544 potens
622 509 755 545 Cypriane
770 514 888 544 martyre
902 509 952 536 ilo-

800 554 853 590 [τει
869 554 916 590 (ε),

227 600 310 635 Cujus
324 600 352 627 et
367 607 414 626 ore
429 599 507 626 simul
523 598 634 633 profusi,
648 603 675 626 et
688 600 819 633 sanguine
829 599 918 627 fontes

228 646 451 673 Fecundaverunt
467 645 555 680 Libym
570 645 684 672 sitientis
699 653 808 673 arenas.

232 691 288 718 Nec
314 691 407 726 procul
431 691 493 718 inde
516 690 618 718 Uticam
647 691 680 726 (Γ)
704 691 952 763 εοΙΙθιίἭίιιωιίιιιι

829 741 835 752 l
855 735 916 754 assa

829 735 852 753 Μ
855 735 916 754 assa

158 797 204 820 aut
217 792 240 820 si
253 791 331 819 aliter
341 791 481 826 legendum
495 799 599 824 censes,
616 795 645 818 ut
659 791 724 819 illud
743 791 820 819 Verbi
833 793 952 821 referen-

157 829 222 855 dum
233 827 269 855 sit
280 827 313 854 ad
329 826 451 860 Patrem,
469 834 500 853 ex
517 827 573 861 ipso
592 826 762 854 referendum
776 832 848 855 esset
861 828 894 855 ad
909 829 953 856 Fi-

158 863 224 890 lium
238 884 246 896 ,
269 870 284 889 a
307 869 361 896 quo
381 861 496 901 Spiritus
518 862 693 902 procederet,
718 869 750 889 ac
763 867 905 924 propterea
919 864 953 892 de
968 871 992 902 Β

158 897 333 924 nrocessione
343 896 371 923 S.
384 896 499 924 Sumtus
509 904 523 922 a
539 896 605 924 Filio
616 901 802 924 arkumeutum
834 898 877 924 inc
890 905 955 924 ouo-

157 897 333 933 processione
343 896 371 923 S.
384 896 499 933 Spiritus
509 904 523 922 a
539 896 605 924 Filio
616 901 802 930 argumentum
814 896 877 925 hinc
890 905 955 932 quo-

177 940 213 960 ue
237 932 298 959 duci
323 930 425 966 posset.
450 930 571 966 Priorem
590 935 678 958 tamen
698 938 806 958 sensum
821 930 910 960 tuetur
924 935 953 961 S.

177 941 213 960 ue
237 941 298 959 OUCI
323 941 425 966 posset.
450 941 569 957 ΙἼΊυΙῈΙΙΙ
590 941 678 958 tamen
698 941 806 958 sensum
821 941 910 960 tuetur
924 941 953 961 δ.

157 941 327 1000 Ἆυευειὶηυς
348 970 425 993 tract.
453 965 486 991 99
510 966 537 992 in
549 964 692 1000 Johann”
708 966 752 993 ubi
766 967 822 993 ait:
838 966 890 994 Cur
904 977 955 996 non

158 999 296 1029 credamus
306 1022 313 1033 ,
363 1001 396 1028 od
406 1001 484 1027 etiam
498 1000 529 1026 de
544 999 614 1027 Filio
628 1001 750 1035 procedat
763 1001 783 1028 S
806 1002 877 1029 'n'tus
891 1011 954 1030 san-

158 1042 225 1062 ctus.
238 1045 296 1062 cum
315 1009 378 1062 Egiliii
398 1043 495 1062 auouue
511 1035 566 1062 ipse
580 1036 614 1062 sit
629 1036 763 1062 Sniritus?
778 1011 876 1062 gerum
892 1038 953 1062 vide

158 1042 225 1070 ctus,
238 1045 296 1063 cum
315 1035 378 1062 Filii
398 1043 495 1071 quoque
511 1035 566 1071 ipse
580 1036 614 1062 sit
629 1036 763 1070 Spiritus?
778 1035 876 1065 Verum
892 1038 953 1066 vide

158 1080 220 1106 qua:
235 1071 347 1098 inferius
361 1069 496 1106 adnotavi.
514 1069 697 1098 Munnouius.

195 1108 235 1141 (α)
252 1106 320 1132 Mur.
343 1106 403 1133 cod.
429 1105 511 1141 habet
531 1105 617 1132 trina:
631 1106 680 1141 sed
700 1105 848 1134 mendose:
865 1107 956 1141 itaque

163 1140 325 1168 Dluratorius
350 1141 389 1168 sic
413 1140 608 1167 emendandum
632 1140 719 1168 locum
742 1142 864 1168 censuit:
891 1140 955 1169 Ηιεε

161 1178 229 1203 trino
245 1175 316 1202 Deus
335 1183 400 1202 unus
423 1176 526 1202 nomine
548 1183 657 1210 semper.
693 1175 727 1202 At
750 1177 834 1203 nostri
854 1178 956 1205 codicis

161 1212 243 1238 lectio
264 1218 316 1238 non
332 1214 375 1238 est
396 1210 573 1242 immutanda.
590 1211 616 1237 in
635 1218 689 1245 quo
704 1211 819 1245 legitur:
835 1212 889 1239 hac
904 1213 956 1240 tria

159 1251 221 1273 sunt
234 1246 305 1272 Deus
315 1254 380 1272 unus
392 1245 497 1280 nomina
508 1253 617 1280 semper.

197 1281 237 1315 (ὑ)
255 1280 392 1307 Prioribus
406 1279 529 1307 Ecclesia:
547 1279 644 1307 seculis
656 1287 737 1314 quum
755 1281 782 1308 in
797 1285 955 1309 controver-

161 1317 230 1344 siam
244 1324 297 1342 non
315 1315 501 1345 adduceretur.
524 1323 556 1341 an
571 1323 605 1342 ex
620 1315 687 1342 Filio
701 1323 808 1350 quoque
822 1317 954 1350 procede-

162 1356 206 1379 ret
219 1351 248 1378 S.
265 1351 379 1385 Spiritus
393 1350 432 1386 (id
446 1350 516 1386 enim
531 1350 664 1386 haeretici,
674 1355 702 1377 ut
714 1350 891 1386 Bellarminus
907 1352 955 1386 ait,

160 1384 359 1415 concedebant.
369 1384 594 1419 quemadmodum
604 1392 637 1412 ex
650 1385 749 1412 Basilio
762 1386 808 1413 lib.
822 1394 840 1413 η
861 1384 955 1414 contra

162 1421 325 1449 Eunomiqu
345 1421 370 1447 in
391 1420 504 1447 conculio
524 1419 680 1455 Florentino
695 1420 809 1447 evictum
824 1422 876 1455 cst)
892 1429 957 1449 con-

163 1457 232 1483 tenti
253 1457 332 1483 erant
354 1455 479 1482 catholici
504 1462 537 1482 ex
558 1454 638 1481 Patre
655 1454 751 1489 Filium
766 1457 955 1489 procedentem

162 1492 265 1518 dicere.
292 1490 426 1524 Nusquam
449 1494 537 1516 tamen
557 1497 573 1516 a
596 1489 655 1516 solo
674 1488 753 1516 Patre
766 1488 956 1524 procedentem

162 1526 300 1552 affirmare
323 1525 379 1552 ausi
403 1528 480 1556 sunt;
507 1525 571 1558 quin
593 1524 676 1551 immo
698 1528 725 1551 et
745 1525 896 1559 complures
908 1534 956 1553 ex-

1074 234 1156 270 559
1167 249 1180 253 -
1192 234 1273 270 460
1294 233 1412 267 Extulit;
1435 242 1502 261 unus
1522 235 1594 262 enim
1610 235 1647 270 (g)
1663 236 1798 264 benedicti

1538 279 1666 315 [ceSpitis
1679 288 1761 315 agger

1074 325 1194 358 Corpora
1209 326 1290 351 multa
1307 330 1401 359 tegens
1415 325 1470 352 alte
1481 329 1563 360 caput
1577 326 1673 352 extulit
1687 327 1769 360 arvis,

1077 369 1109 395 Et
1124 370 1226 396 meritis
1239 370 1308 397 altos
1324 370 1365 405 (h)
1381 374 1496 398 testatur
1509 374 1602 397 monte
1615 370 1744 405 sepulcri.

1081 414 1143 440 lude
1158 414 1214 441 Deo
1229 415 1327 441 dudum
1340 415 1395 448 jam
1409 415 1504 442 fertilis
1516 414 1605 442 Africa
1618 414 1726 443 Christo

1006 454 1057 481 150
1076 455 1233 489 Multiplicat
1249 455 1335 488 largas
1347 459 1423 482 tanto
1436 455 1471 483 de
1485 456 1587 483 semine
1603 455 1709 489 fruges,

1076 500 1110 527 Et
1133 500 1203 535 parit
1223 501 1346 535 egregios
1361 500 1390 536 (i)
1405 501 1558 535 verboque,
1583 501 1687 535 fideque
1707 501 1795 536 magi-

1364 564 1366 566 -
1669 550 1761 574 lstros.

1364 564 1366 566 .
1680 550 1751 573 stros

1075 589 1129 617 Nec
1143 589 1176 624 (j)
1193 590 1280 616 minor
1295 589 1418 616 Occidnis
1431 589 1530 617 eﬂ‘ulsit
1544 591 1629 624 gratia
1642 546 1729 618 te[rris.

1076 636 1232 663 Ambrosius
1246 635 1322 662 Latio
1338 636 1388 670 (k),
1405 635 1563 662 Vincentius
1575 641 1663 663 exstat
1676 637 1770 664 lberis.

1075 681 1161 708 Gallia
1184 681 1326 708 Martinum
1349 681 1390 717 (ι),
1411 682 1570 716 Delphinum
1585 682 1728 716 Aquitania
1745 684 1792 719 (in)

1622 727 1628 762 Ι
1634 728 1760 762 sumpsit.

1042 792 1077 827 (ε)
1089 792 1163 828 Mur.
1174 792 1247 827 cod.,
1262 793 1318 821 illa.
1335 794 1369 820 At
1383 793 1524 828 legendum
1539 797 1582 821 est
1593 794 1660 827 ulla,
1672 798 1702 822 ut
1712 799 1755 823 est
1769 796 1798 824 in

1005 831 1100 855 nostro
1115 827 1218 854 codice.

1041 862 1080 897 (τι)
1096 862 1260 900 Μμτηςοὼξχ
1273 862 1354 890 habet
1368 862 1423 890 Et:
1434 867 1601 900 nostervero
1611 864 1667 891 Ast.
1692 864 1800 900 Dunga-

1006 897 1057 927 lus,
1082 897 1128 931 qui
1149 897 1214 934 citat
1236 897 1309 934 hunc
1331 905 1447 934 versum,
1468 902 1496 934 et
1518 898 1602 931 duos,
1617 899 1663 933 qui
1677 897 1800 934 proxiiuc

1005 936 1165 967 sequuntur,
1175 966 1179 967 ν
1191 932 1255 966 legit
1268 932 1312 958 At.
1323 948 1359 952 —
1368 931 1495 967 Cypriani
1517 931 1661 966 sanctitas,
1677 931 1715 961 'et
1729 934 1799 962 fama

1005 966 1136 1003 doctrina:
1150 966 1217 993 adeo
1231 974 1261 994 se
1271 974 1319 1001 per
1330 966 1424 1003 orbem
1440 968 1606 1003 propagavit,
1623 972 1651 995 ut
1666 969 1736 1003 apud
1747 969 1799 996 La-

1006 1001 1077 1042 tinos
1092 1009 1145 1028 non
1162 1005 1273 1042 tantum,
1289 1002 1335 1042 sed
1351 1001 1466 1042 et‘apud
1481 1001 1589 1042 Grrccos
1603 1001 1719 1042 antiquis
1731 1007 1799 1031 tem-

1005 1036 1116 1071 poribus
1130 1036 1304 1071 celeberrima
1318 1036 1399 1063 fuerit
1410 1036 1479 1064 illius
1496 1036 1674 1064 solemnitas.’
1687 1037 1799 1066 Exstant

1005 1068 1040 1098 de
1054 1070 1100 1097 illo
1112 1078 1250 1098 senuones
1260 1068 1367 1105 quidam
1379 1071 1408 1098 S.
1425 1071 1577 1104 Augustini,
1593 1077 1621 1099 et
1634 1073 1686 1099 duo
1696 1072 1724 1099 S.
1740 1073 1798 1100 Ma-

1005 1105 1080 1142 ximi.
1103 1105 1228 1142 Quinque
1248 1106 1332 1142 etiam
1345 1106 1417 1142 alios
1434 1105 1556 1139 ejusdem
1572 1106 1724 1134 Taurinatis
1738 1109 1798 1142 epi-

1005 1140 1130 1177 scopi‘iu
1154 1139 1182 1167 S.
1208 1140 1342 1177 Cypriani
1359 1141 1464 1167 laudem
1488 1141 1622 1174 proferam
1647 1142 1672 1169 in
1688 1139 1799 1177 reliquis

1006 1174 1204 1202 Anecdotorum
1219 1174 1302 1202 libris.
1319 1174 1504 1202 Munnonws.

1042 1211 1077 1243 (ei
1094 1209 1228 1246 Dougalus
1239 1210 1302 1246 legit
1311 1210 1420 1246 gaudet,
1430 1209 1497 1236 Mur.
1508 1210 1568 1237 cod.
1579 1215 1606 1237 et
1614 1215 1706 1246 noster
1712 1212 1796 1246 ﬂoret.

1042 1246 1077 1280 (ι’)
1092 1244 1211 1271 Celebris
1226 1250 1268 1280 est
1277 1245 1388 1271 Catonis
1408 1244 1472 1280 fato,
1491 1245 1665 1279 amplitudine
1679 1244 1716 1273 et'
1726 1248 1797 1275 anti-

1005 1280 1109 1314 quitate
1123 1279 1192 1306 inter
1206 1279 1344 1317 Africanas
1358 1280 1437 1307 nrbes
1450 1279 1535 1317 Utica.
1551 1280 1589 1307 De
1603 1281 1688 1317 easic
1703 1281 1799 1317 Appia:

1006 1323 1056 1350 nus
1074 1322 1081 1340 :
1106 1317 1188 1350 Ὗτίκῃ
1207 1315 1303 1344 Λιϐύης
1324 1317 1431 1350 μεγίστη
1454 1314 1524 1350 μετά
1540 1315 1692 1350 [apludam
1714 1314 1798 1348 τξᾶλις.

1008 1349 1084 1385 Utica
1098 1354 1155 1383 post
1165 1348 1346 1384 Carthaginem
1359 1348 1473 1385 maxima
1485 1349 1544 1377 urbs
1558 1348 1665 1385 A'fi'icw.
1681 1351 1736 1378 Sub
1748 1352 1799 1379 Va—

1006 1384 1108 1422 leriano
1122 1385 1234 1411 trecenti
1246 1388 1391 1422 martyres,
1408 1388 1436 1411 ut
1450 1384 1568 1412 fatentur
1581 1384 1685 1422 quaivis
1695 1392 1798 1422 marty-

1006 1419 1130 1452 rologia,
1160 1426 1208 1445 seu
1233 1422 1262 1445 ut
1285 1418 1323 1445 S.’
1339 1418 1450 1452 August.
1475 1424 1552 1446 tract.
1579 1418 1606 1446 in
1631 1420 1697 1454 psal.
1723 1418 1797 1454 xu'x,

1006 1458 1113 1490 centum
1128 1453 1323 1490 quinquaginta
1328 1454 1437 1490 _tres_in
1456 1453 1594 1481 fornacem
1608 1453 1723 1488 ccujecti
1738 1457 1798 1490 glo-

1007 1489 1078 1515 riose
1093 1489 1287 1515 occubuerunt.
1303 1487 1370 1514 llinc
1382 1488 1501 1515 cinerum
1516 1487 1755 1516 sacrorum’massa
1771 1492 1798 1518 in

1007 1530 1110 1559 summa
1132 1523 1306 1559 veneratione
1319 1523 1421 1559 habita:
1450 1522 1516 1559 Vide
1527 1522 1624 1559 Baron.
1640 1524 1669 1550 iu.
1686 1523 1795 1559 Martyr.

163 1568 258 1595 presse
279 1560 408 1595 Spiritum
431 1567 446 1586 a
470 1555 552 1595 Fili-or
559 1559 706 1595 procedere
727 1555 899 1594 scripserunt,
926 1566 955 1588 ut
969 1555 991 1585 C
1007 1558 1040 1595 ad
1054 1557 1173 1595 diem_24
1187 1557 1337 1592 Septemb.;
1352 1556 1513 1585 Prudentius
1537 1558 1563 1585 iu
1588 1558 1688 1594 hymno
1712 1555 1798 1587 l5'de

163 1594 287 1630 pluribus
301 1594 447 1630 exemplis
457 1594 605 1630 ostendunt
628 1594 805 1630 Bellarminus
828 1596 873 1622 lib.
892 1604 910 1622 u
922 1597 955 1624 de

163 1628 282 1663 Christo,
302 1637 360 1664 cap.
377 1629 420 1661 24,
433 1628 481 1665 25,
497 1628 633 1665 θιαηίτθρ
648 1628 761 1665 Allatius
774 1634 801 1665 et
815 1630 870 1665 alii.
899 1630 955 1665 Ego

163 1665 190 1691 in
215 1663 547 1699 reliquis’Anecdotorum
572 1663 646 1699 libris
668 1663 792 1691 Vcnautii
814 1663 954 1693 Fortunati

164 1697 364 1734 expositionem
394 1699 419 1725 in
446 1698 595 1733 symbolum
618 1697 773 1734 Quicumque
797 1700 953 1734 producam,

162 1742 217 1769 qua
236 1735 307 1761 idem
322 1734 402 1761 etiam
423 1740 578 1769 expressum
587 1734 750 1769 reperietur.
777 1734 806 1760 lu
825 1735 878 1761 alio
891 1735 955 1762 item

163 1768 347 1796 vetustissimo
378 1768 559 1795 Ambrosiam:
586 1768 753 1795 bibliothece
777 1769 870 1796 codice
893 1774 956 1797 ante

164 1805 252 1836 mille,
267 1809 295 1831 et
316 1804 405 1838 plures
424 1810 508 1830 annos
520 1803 631 1838 scripto,
648 1803 798 1838 symbolum
812 1804 880 1830 idem
896 1812 954 1831 sum

164 1843 276 1870 nactus,
294 1837 338 1866 ubi
353 1838 458 1871 vulgata
473 1837 617 1865 occurrunt
631 1838 712 1864 verba
725 1847 730 1864 :
758 1837 870 1873 Spiritus
891 1847 955 1866 can—

163 1879 221 1900 ctus
234 1883 251 1900 α
266 1873 347 1900 Patre
360 1877 384 1899 et
402 1872 472 1909 Filio
484 1879 539 1909 non
555 1873 649 1909 factus,
665 1881 716 1909 non
731 1872 842 1905 creatus,
853 1882 899 1900 nec
910 1883 955 1909 ge-

164 1910 246 1942 nitus,
258 1909 303 1935 sed
315 1908 462 1944 procedens.
478 1908 566 1940 Quare
580 1907 770 1944 Graeculorum,
785 1907 956 1944 ipsorumque

164 1941 329 1971 Novatorum
344 1943 479 1977 querelam
493 1943 634 1978 retundere
649 1941 688 1969 fas
703 1942 769 1978 erit,
784 1941 880 1977 quibus
892 1941 956 1978 par-

164 1979 247 2005 ticula
262 1976 381 2014 Filioque
395 1985 455 2004 sero
467 1977 556 2014 addita
566 1977 683 2014 Avidetur.
709 1976 751 2004 Nil
766 1976 853 2014 igitur,
868 1976 957 2014 misu-

164 2014 256 2048 perius
270 2012 450 2045 dixi,‘obstat,
466 2013 489 2039 si
503 2012 573 2046 apud
588 2016 709 2048 veterum
724 2013 866 2040 nonnulle
878 2022 892 2041 e
902 2013 956 2040 Pa-

164 2046 205 2075 tre
224 2048 352 2083 Spiritum
375 2048 521 2083 procedere
544 2046 824 2083 audiamustquum,
848 2047 910 2076 licet
923 2048 957 2076 de

164 2083 234 2110 Filio
245 2082 370 2115 ’sileatur,
393 2082 457 2109 nihil
478 2082 503 2108 in
525 2089 574 2108 nos
589 2089 681 2109 eorum
696 2082 832 2109 silentium
845 2087 954 2117 pugnet.

163 2118 212 2145 Sic
239 2118 409 2145 Bachiarium
439 2117 577 2143 audiemus
603 2116 815 2152 antiquissimum
836 2116 956 2152 philoso-

185 2154 258 2184 hum,
274 2153 319 2187 qui
334 2152 425 2179 seculo
439 2151 547 2184 Christi,
563 2155 691 2185 quantum
702 2159 736 2179 ex
750 2151 888 2180 Gennadio
902 2153 957 2181 col-

175 2189 249 2222 igere
273 2186 433 2222 possumus,
458 2186 552 2247 (IIuinto
574 2187 700 2217 tlorebat,
724 2187 750 2213 in
765 2187 894 2221 Apologia
907 2196 956 2215 sua

175 2223 265 2247 "atris.
279 2230 333 2247 non
348 2229 412 2247 vero
424 2220 458 2247 Fi
470 2221 488 2247 ii
502 2222 665 2247 meminisse.
690 2221 764 2247 Hanc
779 2222 843 2247 item
854 2223 956 2247 Auoln.

165 2220 333 2254 Patrimnon
348 2229 412 2249 vero
424 2220 488 2247 Filii
502 2222 665 2257 meminisse.
690 2221 764 2248 Hanc
779 2220 843 2249 item
854 2220 956 2257 Apolo~

163 2259 234 2292 giam
260 2258 285 2284 in
312 2257 456 2284 Anecdotis
481 2256 548 2283 meis
566 2256 648 2283 veluti
659 2257 797 2292 eximium
814 2256 956 2285 vetustatis

163 2291 294 2320 arcanum
310 2293 364 2319 Deo
379 2292 485 2318 favente
499 2291 642 2320 proteram.
658 2291 724 2318 Illud
738 2292 818 2318 etiam
833 2293 955 2319 animad-

163 2328 233 2355 verti
258 2328 285 2354 in
307 2327 480 2362 expositione,
491 2325 565 2353 Fidei
578 2347 585 2358 ,
600 2333 660 2360 qua!
674 2326 744 2353 inter
755 2326 784 2354 S.
800 2325 956 2362 Hieronymi

162 2370 249 2397 opera
274 2362 396 2393 habetur,
423 2361 574 2397 Ruﬁnoque
597 2361 754 2397 presbytero
778 2361 955 2397 adjudicatur,

163 2396 313 2432 itidemque
325 2397 352 2423 in
363 2396 495 2432 symbolo,
506 2397 578 2430 quod
589 2403 604 2423 a
615 2396 770 2432 quibusdam
782 2396 955 2432 Hieronymo.

162 2433 199 2459 ab
213 2432 274 2459 aliis
286 2431 409 2465 Pelagio,
426 2435 454 2458 et
474 2431 500 2457 in
513 2431 697 2458 Vetustissimo
712 2431 895 2458 Ambrosiam:
908 2440 955 2460 co-

162 2467 224 2494 dice
248 2474 322 2502 papee
347 2466 471 2502 Damasor
485 2466 619 2498 tribuitur,
645 2474 697 2493 non
718 2466 778 2493 addi
797 2467 956 2502 particulam

163 2501 296 2538 Filioque;
311 2501 361 2541 uti_
374 2501 509 2541 volumina
529 2502 599 2541 typis
613 2501 768 2541 consignata
784 2501 894 2541 habent,
909 2502 956 2541 sed

163 2545 226 2564 eam
241 2536 256 2564 a
270 2537 377 2570 nuperis
391 2536 601 2570 exscriptoribus
615 2536 726 2563 nimium
733 2536 897 2570 scrupulosis
908 2537 956 2564 ad-

164 2573 274 2606 iectam.
288 2571 388 2599 Verum
399 2571 528 2598 lectorem
542 2571 577 2598 ad
597 2571 744 2598 secundum
756 2571 957 2599 Anecdotorum

163 2606 294 2633 volumen
316 2606 435 2638 remitto,
461 2605 506 2632 ubi
527 2605 561 2633 de
581 2606 623 2633 his
637 2605 729 2633 fusius.
746 2606 821 2634 Nunc
834 2607 957 2634 animad-

164 2641 289 2668 vertisse.
302 2639 416 2668 sufﬁciat
442 2640 582 2667 Paulinum
600 2641 671 2668 hunc
682 2641 713 2667 S.
726 2641 841 2675 Spiritus
854 2649 869 2668 e
889 2641 958 2669 Filio

163 2684 322 2739 glocessum
347 2676 411 2703 alibi
431 2675 583 2708 afﬁrmare,
608 2676 740 2710 siquidem
760 2676 797 2703 ita
811 2677 883 2704 canit
904 2676 957 2704 Na-

207 2731 214 2737 .
230 2719 276 2738 ix:

207 2719 276 2738 .IXE

199 2758 316 2789 Spiritum
327 2757 358 2782 ab
370 2758 475 2788 unigena
487 2761 606 2788 sanetum,
620 2760 646 2782 et
657 2757 730 2782 Patre
743 2759 925 2789 procedentem.

165 2800 226 2828 Hoc
241 2804 282 2835 est
296 2808 311 2826 α
325 2799 396 2834 prole
408 2799 532 2834 unigena,
547 2807 606 2835 qua:
618 2799 671 2826 alia
685 2806 738 2826 non
753 2802 804 2831 cst,
819 2806 898 2835 quam
912 2798 954 2825 Fi-

164 2837 228 2863 lius.
255 2834 313 2862 Hoc
332 2839 405 2861 certe
424 2836 507 2861 miror
527 2835 593 2861 tanti
616 2834 755 2868 scriptoris
775 2834 957 2862 testimonium

164 2870 234 2898 nulli
251 2871 421 2897 observatum
434 2869 524 2896 fuisse.
541 2869 726 2897 MURATOMUS.

331 2916 466 2946 PtTnoL.
493 2916 572 2945 LXI.

1006 1592 1035 1620 S.
1051 1591 1195 1620 Cvnriano.

1037 1599 1243 1661 etijgrifgéaor
1254 1626 1341 1661 habet,
1350 1626 1440 1661 candor
1449 1627 1520 1661 vehit
1531 1627 1559 1651 ad
1572 1634 1678 1658 superna
1691 1632 1798 1661 mentes,

1038 1658 1143 1682 Candida
1156 1664 1233 1682 massa
1244 1657 1393 1682 dehiuc'dici
1405 1658 1497 1683 meruit
1509 1664 1554 1689 per
1564 1657 1637 1682 omne
1650 1659 1757 1684 saclum.

1006 1687 1194 1715 Munnomus.

1042 1724 1080 1758 (ς)
1094 1722 1162 1750 Mur.
1187 1723 1271 1750 codex
1290 1722 1418 1750 mendose
1436 1723 1518 1751 habet
1529 1731 1609 1750 unum
1625 1724 1728 1751 etenim.
1743 1724 1798 1752 No-

1006 1762 1063 1785 ster
1077 1761 1152 1785 recte
1161 1766 1227 1784 unus
1242 1758 1320 1784 enim.

1041 1792 1081 1828 (h)
1089 1792 1186 1828 Noster
1192 1792 1253 1828 cod.
1262 1792 1324 1819 alto.
1334 1791 1387 1819 Sed
1393 1791 1444 1827 leg.
1453 1793 1646 1828 estaltos,utin
1657 1794 1717 1820 cod.
1727 1793 1796 1821 Mur.

1043 1826 1075 1862 (i)
1091 1826 1130 1853 ita
1142 1834 1185 1853 me
1197 1826 1268 1862 Deus
1281 1830 1362 1858 amet,
1376 1826 1457 1860 quum
1470 1827 1597 1854 Paulinus
1609 1828 1731 1861 religioni
1746 1828 1798 1856 sibi

1006 1861 1200 1896 aliquantulum
1211 1861 1332 1896 duceret,
1344 1865 1451 1896 sanctos
1466 1861 1493 1887 in
1508 1862 1576 1888 vivis
1590 1867 1700 1895 agentes
1714 1862 1799 1890 laudi-

1005 1896 1057 1923 bus
1073 1895 1204 1930 extollere
1216 1914 1223 1927 ,
1244 1895 1320 1930 quod
1344 1895 1440 1922 saltem
1455 1896 1557 1930 potuit,
1573 1897 1654 1930 tacite
1668 1896 1798 1924 laudavit.

1007 1930 1055 1958 Hic
1069 1930 1161 1964 itaque
1184 1929 1215 1957 S.
1236 1929 1430 1963 Augustinum,
1451 1929 1496 1964 Qui
1523 1934 1580 1957 tum
1596 1929 1798 1965 Hipponensem

1007 1965 1110 2001 urbem,
1123 1965 1204 2001 immo
1220 1968 1305 1991 totum
1316 1964 1551 2001 rorbem‘verboque
1566 1964 1666 2001 ﬁdeque
1681 1966 1799 1993 illustra-

1007 2000 1063 2033 hat,
1077 2000 1151 2026 innui
1167 2003 1241 2026 certo
1256 2000 1356 2027 certius
1371 1999 1495 2031 arbitror,
1510 1999 1542 2026 ’et
1563 1999 1632 2027 forte
1646 2001 1727 2027 etiam
1742 2001 1798 2028 Ali-

1007 2035 1080 2070 pium
1094 2034 1228 2069 egregium
1240 2034 1335 2066 virum,
1351 2041 1382 2061 ac
1390 2038 1452 2070 tum
1468 2035 1597 2069 temporis
1607 2034 1799 2070 Tagastensem

1007 2068 1162 2104 episcopum
1171 2089 1178 2099 .
1198 2076 1374 2104 quosiomnes
1390 2068 1515 2096 Paulinus
1525 2068 1603 2104 arcta
1616 2068 1798 2098 familiaritate

1007 2103 1376 2139 complectebatur.rConsule
1387 2104 1535 2138 Augustini,
1548 2103 1705 2139 Paulinique
1716 2112 1799 2134 ιιωωε

1008 2138 1080 2166 bams
1093 2139 1230 2166 epistolas.
1247 2138 1429 2166 MURATOBIUS.

1045 2173 1078 2208 (j)
1095 2173 1170 2200 Hunc
1194 2181 1300 2200 versum
1323 2178 1352 2200 et
1371 2173 1387 2199 5
1401 2178 1545 2207 sequentes
1573 2174 1639 2202 citat
1653 2175 1797 2208 Dungalus.

1045 2210 1081 2249 (Ia)
1097 2208 1241 2249 Doctorem
1256 2212 1368 2249 tantum
1386 2209 1546 2249 nullusnest
1561 2216 1595 2236 ex
1609 2210 1735 2249 antiquis.
1746 2211 1798 2249 _qui

971 2238 996 2268 Ι)
1008 2238 1094 2278 dignis
1116 2250 1169 2270 non
1191 2242 1317 2270 extulerit
1334 2243 1465 2278 laudibus.
1482 2242 1569 2270 Unum
1580 2238 1735 2278 producam
1746 2238 1800 2272 Ve-

1008 2277 1129 2305 na’ntium
1141 2278 1317 2305 Fortunatum
1334 2277 1379 2304 lib.
1393 2285 1449 2310 Vlll,
1475 2285 1557 2305 carm.

1599 2297 1606 2310 ,
1623 2283 1653 2305 ut
1666 2279 1724 2313 ejus
1738 2280 1799 2307 vul-

1007 2314 1065 2341 neri
1078 2320 1157 2347 opem
1170 2314 1263 2340 feram.
1280 2312 1457 2340 Commendat
1469 2313 1514 2340 ille

1053 2370 1168 2400 Vitalem,
1183 2374 1208 2394 et
1219 2368 1338 2400 reliquos,
1349 2375 1411 2399 quos
1420 2374 1475 2400 cara
1488 2368 1601 2393 Ravenna
1613 2369 1722 2400 sepultat

1084 2400 1239 2430 Gerunsium,
1254 2400 1406 2424 Ambrosmm
1418 2399 1556 2424 Mediolaue
1568 2402 1646 2424 tuum.

1008 2453 1143 2480 Hactenus
1165 2452 1315 2488 depravata
1333 2452 1427 2483 lectio;
1453 2452 1500 2479 sed
1523 2459 1557 2479 ex
1580 2453 1674 2480 codice
1694 2453 1797 2488 optimo

1008 2488 1191 2515 Ambrosiam:
1214 2487 1382 2514 bibliothecae
1407 2487 1548 2514 lectionem
1562 2487 1705 2521 genuinam
1720 2489 1797 2515 resti-

1008 2527 1070 2550 tuo:
1087 2522 1249 2554 Gerbasium,
1261 2521 1432 2553 Ambrosium,
1441 2526 1506 2555 etc.,
1518 2522 1622 2550 scilicet
1633 2522 1661 2549 S.
1677 2522 1798 2550 Gervasii

1009 2557 1172 2586 Fortunatus
1186 2556 1309 2584 meminit
1321 2574 1331 2589 ,
1353 2556 1427 2590 cujus
1441 2564 1540 2591 corpus
1553 2557 1587 2584 ab
1598 2556 1741 2585 Ambrosio
1755 2566 1799 2584 rc—

1007 2598 1112 2628 pertum
1129 2592 1253 2628 Paulinus
1264 2591 1335 2628 infra
1349 2591 1691 2628 memoratnlllunnomus.

1046 2629 1077 2662 (ι)
1094 2627 1134 2654 Ad
1150 2627 1178 2654 S.
1193 2626 1300 2653 Martini
1315 2626 1474 2662 memoriam
1491 2626 1675 2653 illustrandum
1687 2634 1749 2662 poni
1755 2630 1799 2662 est

1008 2660 1096 2690 meum
1110 2662 1186 2697 plura
1196 2668 1363 2697 congerere._
1369 2660 1494 2695 Ejusdem
1505 2669 1549 2697 res
1559 2666 1647 2695 gestas
1660 2669 1674 2687 a
1687 2660 1799 2697 Paulino

1009 2695 1190 2728 Petricordio,
1213 2695 1332 2731 Sulpicio
1348 2695 1465 2728 Severo.
1491 2696 1604 2731 aliisque
1618 2696 1719 2729 magnis
1733 2695 1800 2731 scri-

971 2744 976 2750 .
1009 2733 1132 2767 ptoribus
1147 2735 1218 2766 pete.
1244 2730 1316 2767 S_atis
1330 2731 1365 2757 sit
1378 2730 1632 2767 adnotasserpaucis
1646 2730 1799 2767 ant_e_:_1uuis

1008 2764 1110 2793 tantum
1128 2764 1211 2793 virum
1231 2764 1266 2791 ad
1286 2773 1398 2799 superos
1417 2764 1591 2793 concessisse.
1607 2765 1656 2791 An.
1682 2764 1743 2796 597,
1764 2772 1799 2790 an

1009 2809 1073 2827 vero
1087 2801 1139 2828 400
1158 2805 1204 2827 aut
1219 2799 1280 2833 601,
1302 2800 1325 2827 is
1339 2808 1424 2827 annus
1437 2799 1517 2827 fuerit
1538 2799 1724 2835 inquirendum
1739 2799 1799 2827 aliis

1009 2836 1143 2869 relinquo.
1156 2835 1339 2862 Munnonws.

1046 2868 1095 2906 (in)
1109 2870 1174 2898 Mur.
1183 2870 1254 2902 cod.,
1266 2870 1433 2904 Aquitanica;
1448 2873 1539 2897 noster
1551 2868 1704 2902 Aquilonia:
1719 2876 1798 2903 quam

1620 2915 1655 2943 17
