3994 6180
453 261 556 317 5‘25

458 400 560 457 155
594 400 865 469 Multaque
891 407 1152 470 praiterca
1178 412 1277 468 per
1301 397 1520 452 easdem
1550 395 1773 464 largiter
1800 408 1924 448 oras

594 491 811 548 Semina
836 499 1144 546 sanctorum
1172 490 1363 561 positis
1389 487 1582 545 dill‘usa
1609 487 1875 558 sepulcris

591 583 866 638 Illustrant
888 588 1061 636 totum
1083 580 1291 652 superis
1311 579 1602 634 virtutibus
1624 579 1833 641 orbem,

595 671 664 728 Et
690 683 806 730 toto
834 673 1114 741 antiquum
1140 670 1434 727 detrudunt
1459 670 1593 725 orbe
1619 667 1930 736 draconem,

597 767 699 836 Qui
744 781 915 837 genus
955 767 1250 821 humanum
1301 779 1399 836 per
1452 762 1671 820 nomina
1720 760 2040 923 mille(deo-

1697 853 1838 923 [rum
1890 853 1968 922 a),

1697 853 1838 928 [rum
1867 853 1968 923 (α).

461 954 562 1009 16υ
594 952 724 1021 Quae
749 960 931 1008 tamen
958 967 1027 1008 ex
1054 950 1216 1007 obitis
1245 947 1564 1004 mortalibus
1602 955 1658 1002 et
1688 946 1791 1001 sibi
1813 943 2042 1014 sumpsit

600 1045 754 1118 Ipse,
803 1045 1024 1114 suisque
1068 1041 1217 1098 dedit
1253 1040 1497 1106 coluber,
1548 1038 1745 1108 quibus
1781 1043 1900 1091 arte
1938 1049 2037 1090 no-

1795 1127 1968 1181 lcendi

1795 1127 1968 1202 [cendi

600 1228 856 1300 Princeps
881 1228 936 1282 in
965 1241 1136 1283 vacuo
1163 1232 1363 1280 tetrum
1391 1222 1532 1293 gerit
1558 1235 1684 1277 aere
1708 1232 1934 1288 regnum
1951 1258 1966 1283 ,

600 1321 1047 1389 Dmmonibusque
1067 1325 1228 1389 caput
1255 1316 1411 1372 nobis
1438 1314 1686 1370 inimicus
1713 1312 1950 1366 oberrat.

597 1415 689 1471 Sic
717 1413 792 1487 (b)
825 1414 1007 1484 itaque
1031 1419 1087 1468 et
1131 1417 1317 1466 nostra
1353 1409 1470 1464 haec
1505 1403 1706 1461 Christi
1731 1401 2042 1459 miserantis

1755 1495 1777 1568 [
1790 1506 1975 1548 amore

461 1599 562 1656 ως
595 1598 790 1658 Felicis
814 1597 1012 1653 meruit
1039 1595 1236 1650 muniri
1263 1592 1399 1648 Nola
1424 1590 1697 1662 sepulcro,

599 1690 927 1761 Purgariqne
953 1686 1134 1750 simul,
1165 1685 1292 1755 quia
1317 1684 1475 1740 catcis
1498 1682 1666 1736 mixta
1696 1677 1867 1734 ruinis

598 1767 779 1850 Orbis,
808 1789 865 1838 et
891 1782 1006 1850 ipsa
1030 1777 1190 1834 simul
1215 1775 1287 1847 (c)
1308 1775 1545 1831 moriens
1565 1775 1620 1829 in
1641 1780 1801 1827 nocte
1824 1770 2042 1841 iacebat

595 1873 861 1930 Saxicolis
885 1871 1088 1942 polluta
1115 1869 1207 1925 diu
1237 1867 1554 1933 cultoribus,
1584 1865 1637 1920 in
1667 1878 1774 1933 qua

602 1963 966 2021 Prostibulum
1006 1959 1233 2017 Veneris
1279 1960 1375 2032 (ά)
1424 1957 1622 2024 simul,
1649 1963 1727 2036 et
1773 1952 2044 2036 dementia

1649 2025 1869 2099 [Bacchi
1900 2026 1973 2094 (ε)

460 2149 747 2205 lectionem
767 2146 959 2216 probo.
982 2144 1254 2216 Dungalus
1275 2152 1458 2216 tamen
1476 2141 1607 2216 legit
1625 2140 1956 2216 Aquitanica.
1974 2168 2046 2179 —

459 2208 868 2289 Burdegalensis
905 2208 1209 2289 episcopus
1233 2213 1333 2289 fuit
1349 2208 1693 2289 ‘Qelphinus,
1725 2208 2043 2289 Paulinique

458 2289 628 2343 nostri
639 2281 953 2340 'admodum‘
966 2281 1260 2338 familiaris.
1285 2281 1366 2336 Ad
1391 2282 1540 2335 illum
1565 2281 1858 2335 etiamnum
1882 2281 2041 2347 quin-

457 2373 564 2428 que
588 2355 796 2412 Paulini
822 2353 1064 2428 epistolas
1090 2359 1332 2428 exstant,
1365 2351 1418 2406 in
1447 2351 1601 2428 queis
1621 2350 1785 2428 etiam
1816 2355 2044 2428 testatur

458 2417 618 2498 poeta
647 2434 832 2498 uoster
852 2417 911 2498 se
930 2423 1006 2498 ab
1026 2423 1134 2498 hoc
1160 2423 1279 2475 viro
1306 2417 1493 2498 sancto
1523 2419 1875 2498 baptizatum.
1907 2417 2043 2498 l_linc

458 2435 618 2498 poeta
647 2434 832 2479 noster
852 2439 911 2478 se
938 2434 1006 2476 ab
1030 2434 1134 2476 hoc
1160 2436 1279 2475 Vll‘O
1306 2434 1493 2477 sancto
1523 2434 1875 2540 baptizatum.
1907 2434 2043 2498 rimo

458 2505 636 2550 autem
852 2492 1170 2573 Delphinum
1199 2505 1341 2544 anno
1368 2489 1567 2573 Christi
1596 2487 1699 2573 ῃΟᾶ
1723 2489 2044 2573 ἱηιθιχνινοε

459 2580 566 2619 non
586 2556 1079 2632 exstitisse,quippe
1101 2561 1248 2614 viros
1271 2559 1567 2632 sanctitatis
1593 2556 1734 2613 fama
1759 2566 2046 2632 post_mor-

460 2644 567 2690 tem
588 2631 876 2704 pmlaros
899 2627 1027 2688 'hic'
1049 2639 1259 2685 tantum
1285 2629 1542 2684 Paulinus
1567 2627 1834 2684 recenset.
1862 2627 2044 2684 Μυλλ-

457 2719 667 2760 ⁸1⁸0111υὸ.

527 2785 606 2854 (a)
636 2780 861 2836 Videtur
885 2777 1091 2850 aliquid
1119 2777 1432 2834 desiderari.

529 2859 809 2934 (ὺῌίιιηει⁸
831 2875 1044 2915 versum
1085 2865 1142 2914 et
1167 2864 1277 2912 tres
1323 2857 1414 2926 qui
1461 2856 1707 2928 proxime
1746 2866 2043 2928 sequuntur

457 2931 587 2988 citat
613 2931 898 3001 Dungalus.

529 3012 601 3082 (c)
630 3008 816 3082 Codex
857 3017 1044 3082 noster
1084 3006 1344 3082 mendose
1390 3005 1554 3082 habet
1580 3008 1696 3082 jam
1737 3022 1835 3078 pro
1864 3007 2036 3082 simul.

457 3075 843 3171 Fiiieiidavitex
869 3077 1004 3171 Mur.
1036 3077 1243 3158 codice.
1275 3075 1428 3158 Apud
1457 3075 1755 3171 Bungalum
1780 3077 2040 3171 mendose
2067 3109 2114 3171 ρ
2145 3081 2268 3171 enin

457 3151 650 3220 legitur
677 3148 852 3215 Orbis,
877 3157 926 3202 et
947 3148 1060 3218 ipsa
1087 3149 1313 3200 moriens
1342 3148 1396 3199 in
1424 3155 1574 3199 nocte
1596 3147 1828 3216 jacebat.

527 3229 608 3298 (d)
633 3228 798 3282 Vetus
824 3227 1067 3298 aeliigma
1081 3225 1150 3278 de
1175 3222 1680 3298 quadamumuliere
1715 3225 1900 3298 Clodia
1942 3243 2042 3282 no-

456 3291 601 3352 mine
624 3291 1161 3364 usurpatuniilegitur
1185 3291 1208 3345 ξ
1231 3291 1297 3346 1η
1319 3292 1545 3364 triclinio
1567 3293 1692 3364 Cea,
1706 3363 1716 3364 ί
1731 3295 1786 3348 in
1809 3297 2040 3352 cubiculo

455 3365 620 3420 Nola.
651 3361 808 3431 Quod
839 3361 1174 3434 eruditorum
1188 3362 1550 3434 Aconsensunil
1575 3363 1723 3418 aliud
1743 3367 2036 3434 portendit,

455 3451 618 3505 quam
643 3434 887 3489 Clodiam
925 3431 1272 3505 in__triclinio,
1313 3432 1659 3505 convivisque
1691 3431 1892 3490 lascivo
1920 3431 2036 3502 ore,

456 3501 744 3573 verbisque
781 3502 1099 3573 procacibus
1125 3502 1204 3557 sic
1231 3515 1402 3573 usam,
1426 3508 1496 3573 _u_t
1522 3501 1808 3570 Venerem,
1838 3521 1957 3573 qua:
1986 3501 2038 3561 in

455 3575 629 3630 insula
648 3571 764 3630 Coo
783 3571 1091 3636 colebatur,
1121 3571 1674 3642 penitusexhiberet;
1706 3575 1759 3628 in
1787 3571 2038 3632 cubiculo

456 3660 586 3700 vero
615 3646 669 3700 in
692 3658 852 3700 omne
879 3640 1314 3710 libidinis’genus
1343 3640 1670 3696 Nolanorum
1707 3659 1860 3699 more
1889 3646 2039 3700 incu-

455 3715 654 3770 buisse.
701 3713 767 3768 Et
794 3727 984 3769 revera
1013 3711 1215 3768 Nolana
1257 3713 1474 3768 lascivia
1507 3713 1558 3766 in
1590 3713 1840 3782 adagium
1863 3724 2040 3772 trans-

454 3784 572 3858 lata
610 3793 726 3858 est,
755 3799 818 3858 ac
846 3783 1429 3858 proptereaAusonius
1459 3782 1513 3858 in
1538 3785 1711 3858 epigr.
1745 3784 1811 3858 7_0
1837 3784 2038 3858 Crispa:

453 3855 667 3913 cuidam
693 3853 1019 3912 fediséimos
1049 3854 1236 3924 objicit
1256 3868 1468 3908 amores
1497 3853 1646 3910 hisce
1675 3856 1892 3912 verbis:

609 3967 669 4019 Et
691 3980 835 4032 quam
855 3967 1053 4018 Nolanis
1076 3967 1298 4030 capitalis
1321 3967 1465 4018 luxus
1489 3971 1677 4020 inussit.

451 4071 713 4147 Qampani
739 4080 918 4147 autem
944 4071 1147 4147 populi,
1181 4072 1320 4126 inter
1345 4087 1482 4140 quos
1500 4073 1709 4147 Nolani,
1743 4077 2037 4147 antiquitus

451 4140 1050 4223 Qscﬁappellabantur,
1091 4140 1206 4223 ohoc.
1251 4149 1334 4223 est
1373 4142 1527 4223 quasi
1564 4144 1797 4223 obsceni,
1821 4140 2037 4223 ut'Por-

451 4209 731 4283 phyrioni's
750 4211 1106 4283 antiquissimi
1132 4209 1437 4283 Scholiastis
1464 4214 1629 4267 verba
1657 4214 1723 4267 ad
1755 4213 2034 4274 Horatium

453 4276 748 4346 testantur;
788 4276 1094 4350 icit—Festus
1137 4276 1290 4334 Oscis
1336 4279 1823 4350 frequentissimum
1872 4285 2035 4345 fuisse

450 4364 762 4424 spurcat-uin
787 4349 1064 4424 libidinum
1082 4349 1651 4424 _usum_asserit._.lure
1681 4355 1864 4424 itaque
1896 4356 2035 4411 Pau-

451 4421 592 4475 linus
625 4419 773 4475 Nola:
811 4419 1044 4487 positum
1082 4419 1297 4474 Veneris
1325 4421 1665 4492 prostibulum
1688 4419 1879 4494 inquit.
1911 4427 2029 4484 MU-

449 4504 729 4547 BATORIUS.
849 4543 852 4547 .

525 4559 596 4632 (ε)
627 4559 947 4634 Ambrosius
968 4558 1080 4634 Leo
1103 4560 1198 4634 lib.
1225 4576 1300 4634 In,
1329 4576 1448 4632 cap.
1484 4563 1582 4616 ult.
1614 4563 1682 4618 de
1701 4564 1855 4620 Nola.
1887 4564 2033 4634 Ejus-

449 4630 573 4703 dem
602 4631 854 4703 regionis
898 4630 1223 4703 vindemiam
1251 4630 1526 4700 eleganter
1553 4636 1839 4703 expressit.
1890 4630 2032 4693 Inter

449 4700 553 4754 alia
600 4696 718 4778 haec
761 4696 836 4778 ait
859 4702 971 4778 :_At
1008 4717 1124 4778 cera
1161 4696 1552 4758 vindeniiatores
1588 4696 1651 4758 ea
1679 4705 1777 4771 die,
1802 4723 1909 4778 qua
1937 4725 2031 4778 pro

447 4786 641 4841 quoque
669 4770 976 4842 uindemiam
1005 4773 1233 4842 faciunt,
1273 4782 1424 4842 atque
1458 4791 1548 4842 per
1576 4785 1736 4829 totum
1763 4770 2031 4834 euidentia:

447 4840 644 4915 tempus
662 4841 886 4915 _Baccho_
897 4840 1157 4915 deo’pleni
1183 4858 1312 4904 esse,
1336 4840 1396 4895 ac
1426 4840 1595 4914 furere
1621 4862 1830 4915 prorsus
1853 4849 2030 4902 viden-

449 4908 557 4963 tur.
581 4908 772 4964 Subdit
797 4927 808 4962 :
846 4908 1055 4964 Clamor
1078 4928 1193 4964 vero
1223 4908 1435 4980 εαριιιηί
1452 4908 1652 4968 omnem
1693 4916 1912 4971 hominis
1939 4936 2028 4973 su-

445 4989 612 5050 perat,
630 4989 793 5050 atque
813 4981 906 5050 qui
925 4982 1011 5034 vix
1039 4981 1363 5034 audientibus
1394 4985 1636 5050 creditur,
1667 5003 1790 5040 nam
1819 4991 2028 5045 omnino

445 5049 724 5120 furentium
752 5058 846 5126 est.
880 5049 956 5126 In.
970 5065 1096 5126 agro
1124 5051 1246 5126 quin
1276 5053 1452 5126 etiam,
1485 5055 1540 5126 in
1569 5072 1667 5126 quo
1688 5058 2023 5126 vindemiant,

445 5118 644 5192 semper
691 5118 1382 5192 pudibundu'uindemiando
1411 5118 1726 5192 inclamant,
1777 5118 2029 5184 obscenis;

445 5190 602 5266 s_i_mas
632 5205 854 5266 quasque
875 5199 1074 5266 _partes
1100 5191 1230 5266 Asuis
1270 5192 1560 5248 nominibus
1605 5190 2022 5266 pronuntiantes,

455 5258 674 5313 Veneres
715 5258 792 5333 vel
833 5259 1226 5333 obscenissimas
1250 5278 1328 5333 ise
1375 5272 1554 5332 optare
1597 5258 1909 5333 exclamant,
1936 5258 2024 5326 eas

431 5337 674 5401 iactant,
713 5331 1040 5401 minitentur,
1081 5339 1186 5385 etc.
1235 5332 1366 5398 Quis
1409 5331 1558 5390 certe
1595 5339 1840 5393 crederet
1875 5331 1939 5394 iis
1969 5342 2023 5395 in

443 5399 554 5454 bris
585 5408 760 5477 tantas
803 5399 1107 5454 ethnicismi
1149 5401 1402 5477 reliquias
1446 5406 1649 5477 tamdiu
1691 5408 1931 5477 durasse,
1965 5421 2025 5466 ut

444 5478 627 5546 nostra
655 5470 720 5546 ad
744 5484 912 5546 usque
935 5479 1174 5540 tempora
1203 5471 1310 5526 illic
1347 5474 1495 5542 orgia
1520 5470 1934 5546 celebrarentur,
1967 5491 2022 5536 et

442 5540 541 5593 sub
569 5538 883 5595 Christianis
913 5538 1120 5595 mutato
1149 5549 1354 5595 tantum
1389 5538 1605 5600 nomine
1643 5546 1888 5605 Bacchus
1923 5538 2020 5606 co-

443 5609 675 5685 l_eretu_r_?
705 5609 851 5685 Proh
869 5626 1131 5685 summum
1151 5613 1416 5669 dedecus!
1452 5615 1616 5678 Quale
1634 5621 1790 5685 enim,
1820 5630 1875 5674 ut
1894 5637 2016 5678 cum

443 5676 770 5736 Tel-tulliano
801 5681 891 5737 lib.
923 5681 990 5736 de
1018 5681 1142 5739 Cor.
1173 5685 1310 5752 mil.,
1342 5676 1546 5757 cap.‘6,
1580 5676 1789 5758 loquar,
1820 5676 2011 5750 haben-

1342 257 1396 313 S.
1442 255 1714 313 PAULlNl
1756 255 2003 311 NOLANI
2045 249 2346 308 EPISCOPI
2393 253 2742 308 POEMATA.

2059 376 2105 432 Α
2137 369 2240 422 170
2275 369 2503 424 Numina
2535 369 2604 441 (ι’)
2627 376 2782 422 erant
2810 367 3018 422 miseris
3039 406 3054 430 ,
3089 364 3339 435 fmdoquc
3371 363 3574 419 nefaria
3609 367 3712 420 ritu

3596 251 3698 307 52s

2279 469 2443 524 Sacra
2474 469 2782 523 celebrabat
2807 467 3010 521 sociata
3041 466 3204 520 libido
3226 464 3414 519 furori.

2282 571 2348 623 Et
2375 571 2494 640 quis
2531 578 2648 623 erat
2694 569 2815 622 vitae
2843 569 2991 623 locus
3018 568 3106 623 hic
3129 609 3143 632 ,
3189 568 3279 622 ubi
3308 582 3409 622 nec
3437 567 3610 637 pudor
3635 584 3719 622 us-

3447 666 3650 738 [quam,

2289 761 2396 816 Nec
2443 769 2620 816 metus
2666 759 2805 815 ullus
2847 759 3006 814 erat?
3035 757 3166 825 Quis
3207 757 3350 813 enim
3397 773 3626 828 peccare
3658 758 3722 812 ti-

3445 855 3660 931 [meret,

2292 949 2388 1004 llic
2415 951 2504 1005 ubi
2530 951 2852 1020 sanguineus
2876 948 3044 1013 furor,
3074 957 3237 1019 atque
3261 948 3464 1004 incesta
3495 948 3663 1004 libido

2145 1053 2245 1105 175
2287 1051 2600 1120 Relligionis
2627 1061 2782 1105 erant
2811 1051 2905 1121 (g),
2935 1060 2988 1105 et
3018 1058 3135 1105 erat
3163 1065 3261 1119 pro
3284 1051 3504 1106 numine
3525 1051 3731 1106 crimen

2285 1151 2378 1208 llis
2403 1153 2493 1222 qui
2535 1151 2873 1208 crediderant
2916 1167 3036 1207 esse
3076 1152 3240 1207 ullum
3295 1152 3348 1206 in
3379 1152 3604 1206 crimine
3628 1167 3730 1204 nu-

3351 1240 3512 1313 lmen
3545 1238 3666 1311 (h)?

2285 1330 2635 1405 ἀει-462
2680 1331 2855 1399 Atque
2899 1339 3016 1386 erat
3058 1332 3112 1386 in
3150 1340 3266 1386 toto
3303 1333 3456 1402 quasi
3491 1332 3734 1388 sanctior

3205 1434 3437 1505 [agmine
3461 1433 3664 1499 cultor,

2285 1525 2385 1590 Qui
2417 1524 2641 1579 Veneris
2670 1524 2840 1579 sacris
2864 1523 3123 1594 pollutius
3152 1524 3478 1580 incaluisset.

2290 1624 2483 1680 Plenus
2527 1634 2583 1678 ct
2633 1625 2693 1695 (i)
2745 1624 2835 1679 ille
2873 1623 3004 1690 Deo,
3034 1623 3359 1694 reliquisque
3399 1627 3614 1682 beatior
3644 1641 3734 1682 es-

3432 1722 3540 1794 [εει
3569 1723 3667 1792 ti).

2148 1813 2249 1865 180
2288 1811 2389 1878 Qui
2420 1814 2586 1881 magis
2608 1811 2784 1868 infuso
2811 1813 2912 1868 sibi
2940 1813 3186 1869 daemone
3211 1815 3404 1870 suavius
3428 1815 3481 1869 in
3509 1830 3572 1870 se

2291 1913 2679 1985 Dcsipiens(k),
2695 1915 3035 1985 propriisque
3063 1915 3224 1972 litans
3249 1914 3459 1971 furialia
3487 1931 3648 1972 sacra
3674 1916 3736 1987 (ι)

2289 2015 2608 2071 Vulneribus
2635 2031 2822 2070 sanam
2851 2017 3134 2072 meruisset
3160 2016 3385 2088 perdere
3410 2027 3678 2074 mentem.

2145 2160 2265 2230 dum
2284 2169 2362 2230 est
2383 2159 2521 2230 apud
2543 2158 2772 2213 homines
2796 2161 2902 2213 veri
2923 2158 3040 2223 Dei,
3072 2161 3208 2230 quod
3235 2177 3268 2214 a
3297 2160 3592 2215 candidatis
3617 2162 3734 2215 dia-

2146 2226 2246 2281 boli
2276 2226 2661 2292 introductum,
2705 2237 2755 2282 et
2803 2230 2930 2298 ipsis
2977 2247 3009 2282 a
3052 2226 3336 2298 primordio
3382 2232 3607 2284 dicatum
3633 2243 3736 2295 est,

2143 2298 2375 2369 quodque
2391 2298 2509 2369 jam
2541 2308 2660 2351 tunc
2703 2299 3015 2369 idololatria:
3056 2301 3360 2354 mitiabatur
3384 2302 3447 2355 ab
3477 2301 3660 2369 idolis,
3689 2313 3737 2358 et

2142 2368 2298 2423 idolis
2327 2368 2495 2421 adhuc
2517 2369 2640 2421 vivis
2657 2369 2682 2421 Σ)
2707 2368 3076 2424 Μυλλτοκιυε.

2225 2437 2291 2509 (1)
2322 2437 2456 2509 Mur.
2489 2437 2611 2509 cod.
2643 2438 2803 2492 habet
2832 2437 3071 2509 Numen;
3099 2448 3282 2494 noster
3311 2437 3564 2494 Numina.

2215 2507 2289 2580 (g)
2320 2507 2608 2580 Mur._cod.
2640 2509 2804 2580 habet
2829 2527 2840 2561 :
2869 2508 3182 2580 Relligiones
3203 2520 3389 2564 erant:
3419 2526 3537 2580 quis
3568 2510 3738 2566 lectio

2143 2577 2273 2633 sane
2316 2577 2572 2652 mendosa
2617 2586 2715 2634 est.
2740 2577 2951 2652 Noster
2987 2577 3156 2634 codex
3185 2581 3381 2652 habet:
3423 2577 3738 2652 Belligionis

2143 2659 2271 2701 erat.
2321 2647 2431 2719 _Sed
2480 2649 2546 2702 ad
2595 2649 2752 2703 metri
2798 2651 3062 2704 rationem
3097 2649 3410 2704 servandam
3441 2647 3736 2719 legendum

2144 2727 2276 2787 puto
2308 2717 2613 2788 Belligionis
2643 2728 2815 2773 erant.

2215 2788 2309 2862 (h)_
2329 2786 2494 2862 Totus
2525 2790 2625 2862 iste
2652 2803 2857 2856 versus,
2892 2789 2993 2862 [iis
3031 2791 3116 2862 qui
3155 2790 3479 2862 crediderant
3507 2806 3618 2844 esse
3645 2793 3736 2862 stl-

2143 2857 2248 2911 lum
2279 2857 2348 2912 in
2395 2859 2609 2912 crimine
2657 2873 2843 2912 numen
2864 2902 2879 2926 ,
2911 2860 2964 2914 in
2993 2857 3181 2916 codice
3209 2861 3484 2916 Muratorii
3514 2862 3602 2916 hic
3627 2861 3735 2916 de-

2145 2935 2262 2982 erat
2291 2946 2303 2980 :
2330 2927 2607 3011 legebatur
2634 2943 2762 3011 vero
2792 2939 2916 3011 post
2931 2945 3159 3011 fersum
3195 2929 3320 3011 212,
3353 2932 3473 2986 loco
3501 2931 3734 3011 omnino

2146 3013 2252 3051 non
2283 3013 2401 3052 suo.
2435 2999 2618 3079 itaque
2648 2999 2816 3052 nostri
2845 3000 3047 3056 codicis
3085 3000 3369 3056 lectionem
3396 3008 3613 3058 secutus
3641 3002 3733 3057 hic

2335 3083 2470 3121 OSlll.

2217 3139 2278 3206 (ἱ)
2304 3139 2497 3191 Noster
2544 3139 2717 3193 codex
2746 3140 2908 3194 habet
2939 3150 2995 3192 at
3030 3140 3119 3193 ille
3140 3179 3155 3204 ,
3186 3141 3356 3197 codex
3387 3156 3515 3198 vero
3542 3139 3731 3196 Mura-

2144 3208 2265 3261 torii
2294 3217 2344 3260 et
2363 3208 2470 3261 ille.
2499 3206 2649 3263 Hanc
2677 3210 2962 3264 lectionem
2992 3223 3208 3266 secutus
3233 3226 3370 3266 sum.

2214 3278 2277 3352 (λ)
2311 3275 2504 3352 Noster
2531 3281 2700 3352 code;
2726 3278 2889 3352 habet
2909 3294 3025 3352 esse
3045 3296 3064 3333 :
3097 3290 3151 3352 at
3183 3296 3250 3335 ex
3277 3296 3386 3352 quo
3406 3281 3574 3352 verbo
3597 3295 3730 3352 pen-

2141 3345 2242 3422 dct'
2258 3345 2393 3399 istud
2416 3349 2690 3422 esse‘gﬁnisi
2718 3349 3004 3404 subaudire
3032 3351 3164 3406 velis
3183 3345 3478 3421 putabatur.
3508 3345 3619 3422 Ego
3650 3354 3730 3410 le-

2142 3418 2375 3470 cti0uem
2400 3417 2518 3470 cod.
2546 3415 2682 3472 Mur.
2706 3428 2920 3472 secutus
2947 3434 3083 3472 sum.

2213 3486 2286 3556 Ui)
2315 3484 3112 3563 Non_possu1n_mecontinere,
3144 3488 3271 3563 quin
3290 3490 3574 3563 egregium
3601 3507 3730 3563 pro-

2141 3553 2304 3610 feram
2327 3554 2384 3628 S.
2411 3553 2624 3610 maximi
2656 3556 2962 3612 Taurinatis
3010 3553 3248 3628 episcopi
3287 3553 3465 3615 locum
3511 3575 3579 3615 ex
3601 3553 3730 3619 ser—

2140 3641 2300 3702 mone
2329 3627 2392 3679 de
2412 3627 2564 3702 idolis
2595 3628 2892 3702 auferendis
2919 3669 2932 3692 ,
2959 3642 3125 3702 quem
3157 3627 3410 3702 unaﬂcum
3439 3631 3558 3684 aliis
3580 3633 3728 3702 ejus-

2138 3696 2260 3772 dem
2290 3697 2461 3772 sancti
2503 3697 2556 3772 in
2586 3696 2782 3752 ceteris
2810 3697 3209 3772 Anecdotorum
3239 3700 3400 3772 libris
3445 3702 3563 3772 orbi
3595 3696 3727 3772 pro-

2138 3765 2348 3840 pediem
2378 3765 2490 3821 Deo
2521 3766 2746 3840 {aventer
2775 3768 3203 3840 communicabo.
3238 3769 3414 3840 lnquil
3435 3771 3522 3825 ille
3549 3789 3561 3823 :
3595 3765 3728 3828 Cum

2138 3837 2447 3888 matutinum
2488 3838 2777 3904 vigilaveris
2802 3879 2816 3904 ,
2867 3846 2916 3891 et
2950 3838 3133 3892 videris
3164 3837 3392 3893 saucium
3421 3843 3537 3894 vino
3566 3846 3728 3897 rusti-

2138 3921 2272 3970 cum,
2297 3907 2428 3976 scire
2471 3907 2619 3961 debes
2655 3910 2916 3976 quoniam,
2937 3909 3068 3961 sicut
3091 3909 3284 3974 dicunt,
3317 3921 3406 3964 aut
3428 3911 3728 3967 dianaticus

2137 3987 2235 4041 est,
2266 3983 2354 4047 aut
2378 3975 2636 4047 liamspea:
2670 3975 2785 4042 est;
2827 3979 3068 4032 insanum
3097 3981 3233 4032 enim
3255 3996 3440 4033 numen
3468 3992 3727 4037 amentem

2138 4047 2267 4121 solet
2308 4045 2493 4121 habere
2532 4045 2857 4121 pontiﬁcem;
2904 4049 3024 4102 talis
3051 4051 3187 4121 enim
3223 4052 3460 4121 sacerdos
3489 4062 3648 4121 parat
3670 4070 3726 4107 se

2135 4117 2253 4169 vino
2298 4114 2381 4196 ad.
2411 4114 2592 4197 plagas
2641 4114 2750 4172 dea:
2775 4134 2899 4197 suae,
2941 4119 3164 4197 ut__dum
3206 4130 3282 4173 est
3325 4114 3499 4174 ebrius
3516 4138 3724 4197 poenam

2138 4202 2285 4239 suam
2310 4187 2466 4239 miser
2491 4187 2599 4256 ipse
2619 4203 2723 4241 non
2745 4190 2951 4241 sentiat.
2995 4187 3109 4243 Hoc
3137 4197 3306 4243 autem
3337 4207 3439 4244 non
3460 4187 3631 4244 solum
3657 4193 3725 4246 de

2135 4258 2556 4329 intemperantia,
2575 4258 2664 4310 sed
2685 4267 2734 4310 et
2762 4257 2824 4310 de
2848 4269 2962 4329 parte
2989 4260 3205 4329 faciunt,
3239 4269 3291 4312 ut
3314 4262 3480 4329 minus
3510 4263 3724 4315 vulnera

2136 4342 2231 4398 sua
2261 4325 2488 4388 deleant,
2522 4327 2649 4398 dum
2673 4329 2778 4381 vini
2810 4325 3054 4398 ebrietate
3070 4331 3361 4398 jactantur.
3393 4328 3526 4384 Tum
3557 4332 3724 4384 haru-

2136 4395 2341 4467 spicum
2371 4405 2549 4451 vestes
2571 4435 2585 4460 ,
2625 4396 2970 4467 furoremque
3005 4395 3315 4454 describens
3352 4400 3499 4453 addit
3527 4419 3539 4452 :
3570 4400 3722 4455 More

2060 4469 2110 4531 ι)
2137 4465 2484 4541 gladiatorum
2523 4477 2736 4541 paratus
2761 4467 2830 4541 ad
2853 4465 3081 4541 pugnam
3111 4471 3304 4539 ferrum
3331 4477 3498 4541 gestat
3523 4472 3577 4523 in
3608 4489 3722 4524 ma-

2140 4533 2319 4610 nibus,
2353 4537 2453 4590 nisi
2499 4533 2634 4610 quod
2661 4533 2948 4610 gladiatore
2974 4533 3122 4610 pejor
3143 4549 3247 4603 est,
3279 4533 3398 4610 quia
3428 4541 3517 4594 ille
3535 4542 3720 4595 adver-

2138 4619 2224 4658 sus
2254 4607 2474 4682 alterum
2503 4607 3002 4682 ιζὶιηζεέινιῆρρῃὶιρινέ⁸
3035 4607 3130 4682 iste
3163 4607 3356 4682 contra
3400 4625 3453 4663 se
3481 4627 3719 4682 pugnare

2129 4676 2481 4760 compellitur.
2526 4675 2690 4760 Multa
2717 4675 2855 4759 .dein
2904 4678 3131 4760 insignia
3161 4679 3213 4734 in
3242 4681 3379 4760 hanc
3407 4675 3518 4760 rem
3547 4675 3715 4760 addit,

2137 4758 2257 4818 qua;
2281 4746 2493 4818 silentio
2508 4748 2794 4818 praeterire
2821 4746 3158 4818 propositum
3181 4749 3392 4805 suadet.
3431 4750 3627 4806 Tibull.
3650 4753 3714 4807 de

2136 4813 2332 4869 femina
2360 4813 2690 4872 sacriﬁcante
2718 4813 2878 4886 agens
2906 4835 2919 4870 :

2321 4917 2428 4978 Ipsa
2453 4917 2665 4976 bipenne
2689 4930 2802 4966 suos
2826 4918 2969 4968 caedit
2993 4918 3204 4968 violenta
3229 4920 3454 4979 lacertos,

2381 4979 2732 5040 Sanguineque
2757 4980 2912 5030 eil‘uso
2933 4989 3126 5042 Spargit
3150 4984 3209 5030 in:
3233 4992 3310 5042 pla
3332 4983 3494 5030 deam.

2132 5070 2450 5146 Expressius
2477 5072 2593 5127 hmo
2623 5073 2816 5129 asserit
2845 5072 3165 5130 Prudentius
3192 5076 3242 5128 in
3273 5073 3468 5146 Hymn.
3504 5072 3563 5128 S.
3598 5075 3708 5130 Ro.

2131 5143 2274 5196 mani
2302 5161 2314 5194 :

2317 5222 2444 5285 ﬁunt
2465 5233 2619 5281 sacra,
2645 5223 2838 5284 quando
2861 5237 2948 5274 vos
2969 5226 3059 5285 ipsi
3085 5225 3329 5285 exciditis,

2316 5283 2513 5347 Votivus
2537 5291 2588 5332 et
2608 5283 2718 5347 cum
2743 5287 2961 5335 membra
2983 5283 3242 5335 detruncat
3266 5283 3419 5347 dalor,

2314 5343 2530 5413 Qultrum
2554 5346 2600 5394 in
2624 5346 2832 5413 lacertos
2857 5349 3021 5413 erexit
3044 5348 3295 5413 fallalicus,

2312 5405 2570 5468 Sectisque
2594 5416 2798 5458 matrem
2822 5405 3032 5459 brachiis
3055 5412 3212 5473 placat
3236 5405 3398 5460 deum.

2125 5487 2494 5554 Munnonws.

2198 5559 2257 5626 (ι)
2305 5559 2383 5612 lta
2411 5565 2634 5618 omnino
2664 5573 2848 5619 noster
2875 5565 3065 5621 codex.
3123 5565 3178 5619 ln
3221 5565 3341 5620 cod.
3369 5579 3497 5618 vero
3512 5561 3688 5615 Mura-

2123 5628 2246 5683 torii
2276 5629 2490 5700 legitur,
2521 5634 2795 5699 mendose,
2829 5638 3054 5707 propriis
3080 5638 3237 5690 lituus
3270 5637 3458 5689 turalia
3481 5648 3666 5687 sacrm.
