3988 6176
465 273 568 328 527

602 381 818 437 Talibus
839 380 1063 437 intraret
1081 397 1245 452 puras
1269 382 1409 437 Deus
1430 383 1604 437 incola
1634 391 1864 447 mentes,

603 470 671 525 Et
691 469 809 527 vice
835 479 1040 525 mutata
1062 472 1217 526 nobis
1244 472 1445 541 pietate
1472 472 1663 527 solutis

462 561 569 618 255
605 562 798 617 Nostra
842 562 991 632 prius
1039 570 1255 617 nostros
1305 569 1611 631 premerent
1664 562 1827 615 modo
1869 562 2041 617 vinela

709 696 712 698 γ
1769 652 1977 724 [leones

608 744 821 799 Frustra
845 744 897 798 in
918 757 1050 800 oves
1070 743 1268 800 Christi
1288 743 1429 800 victa
1458 742 1533 815 (a)
1564 742 1780 799 feritate
1808 743 2043 797 fremen-

1849 832 1973 905 [tes.

608 919 675 975 Et
689 929 871 977 manet
896 921 1011 978 haec
1039 922 1194 977 nobis
1222 922 1385 977 etiam
1416 936 1557 977 nunc
1582 922 1775 990 gratia,
1805 937 1926 990 qua:
1948 937 2047 977 nos

606 1010 849 1066 Peccatis
877 1026 1039 1081 prece
1064 1020 1373 1068 sanctorum
1404 1019 1665 1067 exorante
1691 1013 1936 1080 resolvit,

610 1102 782 1170 Atque
806 1102 996 1158 iisdem
1018 1102 1218 1158 sanctis
1246 1103 1508 1158 ultoribus
1528 1102 1709 1171 alligat
1735 1103 1874 1166 illos,

467 1191 571 1246 240
607 1191 1009 1264 Discruciatque
1035 1193 1239 1259 hostes,
1269 1194 1359 1263 qui
1389 1208 1489 1248 nos
1532 1194 1735 1247 vincire
1781 1193 2045 1249 solebant.

610 1283 675 1337 Hi
695 1282 859 1339 modo
880 1292 938 1338 ut
965 1284 1113 1339 illato
1136 1284 1208 1356 (b)
1232 1284 1484 1354 deprensi
1513 1283 1714 1338 lumine
1741 1284 1906 1352 fures,

613 1376 787 1445 Atque
815 1376 869 1429 in
908 1375 1082 1431 vincla
1111 1376 1242 1441 dati,
1273 1390 1415 1429 nunc
1442 1376 1597 1444 ignea
1619 1375 1784 1445 ﬂagra
1814 1377 2049 1446 piorum,

615 1464 685 1520 Ut
704 1480 969 1531 meruere,
988 1464 1186 1534 ferunt,
1203 1466 1414 1534 autjam
1433 1467 1654 1522 infernis
1669 1466 1736 1539 (ε)
1751 1467 1892 1521 male
1917 1468 2051 1521 trusi

610 1556 927 1613 Carceribus
957 1558 1244 1627 trepidant,
1268 1559 1499 1613 vicinum
1531 1559 1731 1614 instare
1751 1558 1982 1614 fatentes

469 1646 573 1700 245
608 1646 873 1702 iudicium
901 1647 1111 1703 Domini
1130 1649 1259 1704 solis
1278 1648 1376 1703 sibi
1408 1650 1580 1716 triste,
1619 1649 1837 1717 suisque

612 1738 887 1805 Omnibus,
918 1741 972 1793 in
1011 1737 1225 1792 Satanae
1245 1750 1453 1809 partem
1482 1755 1620 1810 quos
1640 1755 1780 1795 saeva
1802 1738 2050 1795 voluntas
2084 1747 2127 1807 Β

620 1828 872 1894 Verterit,
901 1836 956 1883 et
977 1827 1191 1882 Satanae
1220 1830 1509 1885 sociaverit
1527 1831 1720 1887 temula
1750 1831 1876 1885 vita.

614 1918 739 1973 Istic
764 1918 1014 1987 nequitiae
1028 1918 1209 1973 socios
1237 1918 1505 1987 homines,
1538 1920 1611 1974 ibi
1632 1934 1823 1990 poenae.

615 2006 751 2063 Ecce
778 2008 894 2063 dies
913 2016 1133 2078 accepta
1164 2008 1274 2064 Deo
1308 2028 1319 2061 :
1346 2010 1505 2066 modo
1536 2026 1662 2067 vera
1691 2011 1879 2066 salutis

471 2099 574 2152 250
610 2099 727 2154 Lux
761 2100 960 2155 micat:
989 2100 1167 2155 omnia
1192 2100 1303 2169 jam
1351 2101 1506 2157 nobis
1550 2103 1689 2159 bene
1717 2119 1871 2159 versa
1899 2102 2054 2158 vide-

1802 2195 1942 2266 [mus
1968 2213 1979 2247 :

618 2276 885 2347 Diffugere
912 2280 1042 2347 doli,
1069 2282 1265 2337 cecidit
1294 2282 1409 2349 Bel,
1436 2284 1617 2338 interit
1638 2299 1811 2351 error,

614 2372 823 2443 Quique
842 2374 1159 2429 colebantur
1184 2376 1310 2430 totis
1334 2376 1488 2446 quasi
1514 2376 1732 2430 numina
1763 2376 1973 2446 templis

614 2465 915 2531 Dumones,
936 2466 991 2521 hi
1012 2481 1109 2535 per
1130 2467 1327 2537 templa
1351 2468 1444 2521 Dei
1463 2468 2049 2535 torquenturinermes;

614 2554 679 2610 Et
702 2557 792 2624 qui
816 2557 1024 2612 divinos
1046 2556 1320 2612 audebant
1346 2572 1556 2612 sumere
1585 2558 1841 2623 honores,

474 2648 578 2703 255
617 2647 679 2701 1ιί
702 2647 862 2703 modo
882 2648 949 2703 ab
971 2648 1199 2703 humana
1219 2649 1293 2719 (d)
1326 2648 1630 2717 plectuntur
1649 2657 1808 2718 gente
1825 2649 2052 2705 subacti.

614 2738 856 2809 Namque
882 2739 990 2806 isti,
1014 2754 1151 2808 quos
1165 2738 1232 2809 (ε)
1254 2756 1399 2794 nunc
1422 2740 1619 2795 celebri
1643 2740 1836 2797 Felicis
1856 2742 1911 2797 in
1934 2743 2055 2798 aula

616 2830 898 2900 Torqueri,
930 2832 1185 2897 clamare,
1218 2832 1333 2900 rapi
1361 2846 1459 2900 per
1488 2843 1648 2902 capta
1676 2832 1924 2889 videmus

614 2920 873 2992 Corpora,
892 2922 1213 2991 corporibus
1236 2922 1396 2977 vincti
1420 2924 1718 2978 retinentur
1746 2923 1799 2978 in
1832 2924 1982 2995 ipsis,

616 3018 672 3073 ln
694 3032 813 3087 qute
832 3032 891 3072 se
921 3025 1125 3072 trusere
1147 3016 1269 3086 ipsi,
1287 3031 1609 3086 poenamque
1637 3018 1879 3072 volentes

478 3109 574 3164 2ὒο
613 3108 931 3174 llumanam,
969 3109 1222 3162 invenere
1262 3123 1434 3162 suam.
1468 3108 1617 3163 Nunc
1660 3123 1791 3178 ergo
1832 3121 2051 3163 reorum
2077 3112 2123 3174 C

622 3198 874 3254 Persona:
906 3200 970 3267 (Γ)
995 3198 1271 3252 exululant
1296 3199 1492 3267 pomis,
1523 3199 1615 3267 qui
1658 3199 1876 3253 numine
1920 3196 2056 3253 falso

548 3330 627 3401 (a)
664 3328 823 3394 Mum,
885 3329 1075 3382 vincta.
1120 3327 1191 3382 At
1240 3328 1433 3384 melior
1476 3329 1635 3385 lectio
1684 3328 1855 3384 nostri
1907 3330 2058 3387 codi-

483 3415 584 3455 ClS.

549 3467 625 3541 (b)
664 3465 799 3541 Mur.
824 3465 968 3533 cod.,
999 3465 1073 3521 Hi
1093 3467 1244 3522 modo
1266 3475 1372 3521 tam
1392 3467 1518 3523 lato.
1539 3466 1646 3523 Sed
1665 3468 1835 3524 nostri
1859 3468 2060 3527 codicis

482 3536 642 3594 lectio
670 3536 869 3591 verior.

552 3610 624 3681 (ς)
662 3605 862 3681 Noster
883 3605 1056 3681 c_0_dex
1079 3606 1243 3663 habet
1266 3608 1479 3678 inferni.
1513 3607 1582 3660 At
1601 3607 1734 3662 mihi
1756 3609 1925 3679 magis
1946 3609 2059 3681 pla-

482 3674 569 3735 cet
580 3674 736 3731 lectio
766 3676 886 3731 cod.
910 3674 1047 3731 Mur.

555 3748 638 3816 (ά)
678 3745 917 3819 Piissimi
964 3748 1319 3819 imperatores
1368 3746 1785 3814 Constantinus,
1839 3748 2062 3819 ejusque

482 3831 822 3872 successores
866 3816 1126 3887 pl_urimas
1180 3818 1235 3871 in
1277 3831 1513 3887 paganos
1556 3819 1702 3887 leges
1749 3816 2058 3885 emiserant,

484 3902 605 3956 quae
633 3885 1107 3957 codicem’_Theod.
1132 3887 1215 3940 tit.
1245 3885 1313 3941 de
1353 3885 1578 3957 Pagan.,
1602 3885 1727 3953 etc.,
1762 3889 2061 3945 consulenti

484 3955 759 4026 patebunt.
786 3955 845 4010 In
890 3955 973 4026 his
996 3964 1176 4010 autem
1206 3955 1482 4024 gentilium
1513 3973 1662 4012 sacra
1682 3997 1699 4022 ,
1728 3958 2060 4013 daemonum-

483 4025 588 4097 que
615 4027 790 4081 cultus
815 4025 1035 4100 omnino
1081 4025 1490 4100 interdicuntur,
1516 4026 1662 4093 quod
1687 4027 1775 4082 hic
1803 4044 1902 4097 per
1926 4046 2061 4100 poe-

485 4093 595 4149 tam
622 4103 870 4149 nostrum
889 4093 1037 4146 innui
1067 4093 1315 4147 arbitror.
1352 4093 1717 4149 MURATORIUS.

559 4166 630 4287 lle)
668 4162 726 4218 S.
751 4162 944 4243 Felicis
972 4162 1271 4242 mirabilem
1296 4162 1620 4243 iniugandis
1646 4166 2064 4250 immundisspi-

559 4250 568 4286 |
612 4248 674 4287 us
716 4233 841 4286 alibi
878 4238 1045 4287 cauit.
1102 4244 1166 4286 ac
1216 4246 1483 4287 Drmcmue
1529 4232 1702 4287 Natal.
1737 4253 1813 4287 in-
1852 4239 1941 4287 ubi
1982 4255 2061 4287 ιη-

483 4231 674 4305 ritibus
716 4232 841 4286 al'ibi
878 4231 1045 4298 cauit,
1102 4244 1166 4286 ac
1216 4231 1483 4302 prtecipue
1529 4232 1702 4289 Natal.
1737 4253 1814 4305 Ill,
1852 4239 1943 4294 ubi
1981 4231 2061 4295 in-

485 4303 599 4371 quit
630 4319 644 4354 :

614 4390 840 4457 blartyris
860 4390 1074 4440 ostendit
1092 4391 1343 4457 meritum,
1369 4406 1475 4441 cum
1497 4395 1607 4455 jure
1632 4401 1814 4457 potenti

606 4453 1112 4521 Daeutonasgxercet,
1136 4452 1461 4521 devinctaque
1484 4452 1680 4518 corpora
1704 4460 1873 4521 solm;

604 4513 725 4577 Nam
751 4515 844 4577 sibi
871 4511 1085 4563 Felicem
1100 4511 1250 4563 'caacis
1273 4511 1739 4577 inru'uubere'tuenis

612 4574 838 4639 t’estiferi
862 4588 1096 4638 proceres
1119 4578 1242 4627 tristi
1268 4577 1477 4627 clamore
1505 4574 1737 4639 fatentur,

609 4635 933 4699 Occultasq'ue
956 4649 1130 4689 cruces
1153 4639 1339 4701 gemitu
1364 4646 1604 4690 testantur
1627 4635 1812 4703 aperto.

488 4717 852 4774 Munaroaws.

567 4791 633 4859 (Γ)
674 4788 826 4845 Hunc
849 4804 1082 4869 versunm,
1112 4792 1330 4869 et_alios
1370 4803 1628 4863 quatuor,
1671 4797 1763 4867 qui
1815 4800 2063 4869 proxime

485 4869 801 4928 sequuntur,
832 4861 965 4913 citat
992 4860 1283 4928 Dungalus.

551 4930 621 4998 (g)
637 4926 794 5002 Hune
816 4942 1033 4983 versum
1057 4926 1315 5002 mendose
1337 4930 1466 4996 legit
1485 4930 2059 5002 Dungalusmimirum

482 4998 562 5052 sic
597 5016 611 5052 :
673 4998 967 5067 Defuerant
1026 5006 1075 5051 et
1117 4999 1207 5067 qui
1264 5003 1481 5055 mentito
1513 4998 1722 5059 nomine
1758 5006 1919 5063 vivos.
1949 5015 2057 5059 etc.

480 5098 551 5108 -—
581 5067 893 5123 Scriberem
934 5068 1118 5139 potius
1146 5083 1161 5120 :
1196 5072 1417 5126 mentito
1467 5077 1681 5128 numine
1706 5076 1839 5128 vivo.
1873 5069 2061 5130 Muna-

482 5154 699 5195 TOBIUS.

556 5229 631 5302 (l2)
672 5228 812 5283 Mur.
838 5229 987 5296 cod.,
1012 5228 1237 5296 litabat;
1264 5240 1472 5298 noster,
1504 5233 1727 5290 libabat.

486 5392 518 5447 ἀ
557 5320 640 5390 (i)
680 5320 819 5445 blur.
842 5320 987 5388 cod.,
1013 5320 1245 5377 disotuto
1270 5339 1288 5377 :
1312 5340 1433 5394 qua:
1475 5326 1635 5381 lectio
1658 5325 1882 5382 omnino
1908 5342 2063 5384 men-

524 5407 619 5447 osa
646 5406 705 5446 es
736 5428 751 5443 .

524 5407 619 5448 088
646 5406 751 5446 εει.

562 5482 628 5553 (j)
646 5481 715 5565 [in
740 5481 1215 5565 Dionysiggigmos
1239 5492 1357 5565 erat
1383 5486 1580 5565 hedera
1599 5497 1761 5565 caput
1781 5488 2059 5565 redimi_re.

490 5551 627 5627 llinc
646 5554 851 5627 Seneca
877 5551 932 5627 in
953 5551 1151 5627 ()Edip.
1173 5563 1282 5627 act.
1314 5571 1373 5619 ll,
1393 5557 1446 5609 in
1468 5556 1639 5609 choro
1658 5551 1682 5606 ε’
1700 5561 1764 5611 Te
1783 5570 1938 5627 caput
1959 5559 2065 5623 Τιιο

486 5625 566 5676 ria
596 5623 827 5699 cohibere
852 5626 1027 5699 mitra,
1064 5623 1369 5699 {fodereque
1408 5629 1614 5699 mallent
1641 5623 1895 5699 baccifera
1932 5636 2056 5688 reli-

490 5710 612 5759 gare
635 5696 876 5763 frontem.
908 5691 1034 5748 Haec
1061 5693 1149 5748 ille
1174 5695 1241 5752 ad
1267 5691 1552 5753 Bacchum.
1585 5691 1934 5757 Statius'itetn
1962 5704 2053 5761 lib.

2088 4477 2140 4537 D

1425 271 1481 324 S.
1523 268 1790 323 PAULINI
1830 267 2063 323 NOLANl

2172 266 2414 324 PISCOPI
2458 268 2798 325 POEMATA.
3628 272 3718 332 528

2071 384 2123 442 Α

2291 381 2372 436 Dii
2400 382 2630 447 fuerant,
2663 391 2717 437 et
2750 382 2840 451 qui
2869 382 3094 437 mentito
3121 384 3339 440 numine
3366 384 3524 441 vivos
3551 386 3626 459 (9)

2288 474 2427 530 Ante
2456 475 2551 529 Dei
2582 475 2782 530 cultum
2810 475 2909 530 sibi
2940 476 3013 529 nil
3042 476 3253 531 celeste
3277 477 3554 557 videntes.

2290 565 2614 620 Dediderant
2644 564 2908 631 homines,
2933 565 2985 618 bi
3025 581 3167 619 nunc
3199 566 3287 621 ubi
3311 567 3513 623 lumine
3534 566 3719 629 Christi

2146 653 2251 706 265
2293 655 2431 709 Vera
2460 654 2589 710 fides
2611 655 2803 725 patuit,
2848 671 2952 708 non
2981 663 3206 723 possunt
3234 656 3376 711 ferre
3398 658 3656 727 sepultos.

2285 744 2393 798 Sed
2420 745 2587 811 magis
2608 754 2667 799 ut
2689 753 2889 815 pateat,
2913 746 3038 813 quia
3060 761 3202 800 nunc
3230 747 3283 800 hi
3303 747 3395 816 qui
3423 749 3727 807 cruciantur

2290 834 2648 907 αδδ-466
2696 836 2978 891 Dzemones
3026 844 3152 890 ante
3180 836 3343 903 fores,
3372 848 3467 894 aut
3494 851 3620 896 ante
3646 857 3726 897 se-

3189 930 3394 1003 [pulcra
3422 934 3656 1002 piorum,

2290 1016 2457 1071 Iidem
2485 1025 2610 1072 sunt
2638 1017 2733 1083 illi,
2776 1018 2969 1087 quibus
2998 1019 3127 1074 olim
3151 1035 3304 1075 serva
3332 1022 3522 1077 litabat

2290 1108 2434 1164 Gens
2460 1109 2756 1176 hominum,
2784 1118 2838 1167 et
2857 1125 3040 1167 sacros
3065 1110 3284 1169 demens
3305 1113 3507 1169 libabat
3532 1115 3607 1187 (h)
3636 1118 3727 1172 ho-

3456 1224 3661 1278 luores,

2152 1291 2256 1347 270
2296 1292 2413 1361 Ipsa
2444 1292 2604 1350 docet
2625 1309 2817 1348 vocum
2848 1296 3091 1364 species:
3126 1312 3249 1350 nam
3279 1299 3473 1368 smpius
3501 1300 3592 1355 illa

2294 1383 2437 1438 Voce
2457 1392 2691 1450 gemunt,
2709 1385 2924 1439 solitum
2940 1397 2998 1440 ut
3013 1403 3202 1441 noscas
3215 1388 3452 1445 clamore
3472 1391 3729 1447 furorem.

2296 1473 2387 1529 Sic
2415 1475 2732 1544 plerumque
2761 1477 2904 1530 velut
2932 1478 3168 1533 resoluto
3200 1480 3258 1551 (i)
3288 1481 3461 1537 laxius
3499 1499 3627 1549 ore,

2298 1563 2467 1619 Dente
2496 1564 2759 1628 fremunt,
2786 1574 3038 1634 spumant
3064 1568 3249 1636 labris,
3281 1570 3608 1643 borrentque
3636 1590 3731 1631 ca-

3540 1667 3662 1721 illis.

3540 1667 3662 1721 illis.

2300 1743 2473 1813 thue
2517 1760 2678 1800 manu
2727 1754 3013 1816 prensante
3059 1765 3269 1806 comam
3312 1666 3653 1812 excutiItlintur
3683 1760 3736 1815 in

2156 1926 2265 1982 275
2299 1927 2365 1981 Et
2393 1929 2529 2000 pede
2554 1930 2851 2001 pendentes
2895 1942 3041 1988 stant
3079 1936 3317 1991 crinibus
3348 1955 3359 1990 :
3394 1848 3739 1997 inalglnillic

2299 2018 2587 2077 Sacrorum
2616 2037 2882 2078 memores
2928 2032 3164 2079 veterum
3185 2067 3200 2094 ,
3230 2027 3423 2098 quibus
3446 2036 3567 2083 exta
3597 2031 3739 2085 sole-

3541 2122 3671 2176 baut

3541 2122 3671 2176 baut

2303 2201 2565 2258 Lambere
2592 2218 2849 2259 cazsarum
2870 2205 3154 2275 pecudum,
3179 2217 3272 2262 aut
3292 2119 3543 2265 libaminfs
3568 2213 3741 2281 pasci,

2298 2292 2659 2363 Lascivosque
2679 2295 2876 2352 choros
2897 2297 3170 2353 hederatis
3201 2299 3269 2369 (j)
3288 2299 3484 2356 ducere
3506 2303 3742 2372 pompis.

2299 2385 2453 2441 Nunc
2478 2387 2638 2441 etiam
2667 2403 2763 2442 sua
2793 2396 3053 2444 testantes
3079 2405 3229 2445 sacra
3259 2392 3347 2446 illa
3378 2392 3559 2459 fuisse,

2156 2477 2261 2532 280
2298 2478 2356 2533 In
2385 2479 2579 2547 quibus
2601 2480 2815 2535 insanos
2841 2479 3005 2535 dabat
3029 2481 3179 2539 ebria
3206 2484 3358 2538 turba
3389 2487 3667 2549 tumultus,

2298 2569 2485 2624 Euhoe
2507 2569 2715 2625 Bacche
2742 2586 2931 2625 sonum
2955 2571 3027 2642 (Ις)
3060 2571 3241 2628 fractis
3262 2575 3535 2631 imitantur
3562 2578 3745 2635 anheli

2302 2660 2554 2727 Vocibus,
2588 2668 2644 2716 et
2672 2661 2819 2716 lento
2841 2663 3050 2731 jactant
3074 2677 3167 2718 sua
3193 2664 3331 2720 colla
3358 2674 3557 2721 rotatu.

2297 2750 2405 2806 Sed
2425 2752 2550 2820 quia
2575 2766 2679 2806 non
2709 2760 2921 2822 poterat
2946 2753 3191 2808 mortalis
3214 2754 3275 2825 (ι)
3300 2757 3456 2812 unius
3476 2765 3608 2813 mtas

2297 2841 2572 2907 Suﬂicere,
2596 2849 2655 2896 ut
2683 2842 2842 2910 longo
2863 2843 3110 2911 contagia
3133 2852 3380 2914 tempore
3425 2855 3597 2902 tracta

2158 2932 2264 2988 285
2300 2933 2535 2987 Dilueret
2562 2932 2768 3002 paucis,
2798 2949 2935 3003 quos
2962 2948 3189 3004 corpore
3232 2937 3455 3001 viveret,
3480 2939 3635 2995 annis

2308 3022 2598 3080 Confessor
2627 3024 2798 3091 Felix,
2829 3033 2885 3079 et
2911 3025 3207 3096 presbyter,
3239 3042 3334 3083 ore
3360 3030 3633 3097 magister,

2300 3116 2485 3184 Elogio
2503 3122 2705 3186 martyr
2721 3116 2833 3187 (ιη),
2859 3116 3050 3171 merito
3068 3116 3353 3188 olﬁcioque
3372 3120 3622 3177 sacerdos
3638 3121 3743 3192 (u);

2301 3206 2653 3276 Omnipotens
2679 3206 2932 3263 Dominus
2962 3206 3168 3263 finitum
3195 3210 3436 3280 corporis
3460 3226 3635 3267 mvum

2160 3366 2374 3449 1,..S_ylv.
2413 3365 2467 3433 2,
2498 3364 2813 3449 versnﬁl’fd}
2837 3366 3009 3449 .Atq‘ue
3035 3366 3516 3449 hederisredimilo
3538 3368 3742 3424 cohors.

2159 3432 2297 3492 Vide
2320 3441 2609 3492 comment.
2642 3432 2806 3488 Delrii
2836 3434 2888 3488 in
2926 3432 3144 3499 Senec.,
3193 3435 3351 3503 ibid.,
3402 3438 3745 3561 reliquosque

2160 3507 2520 3588 mythologos.
2554 3504 2631 3588 lie
2660 3504 2713 3558 in
2748 3519 2808 3558 re
2833 3504 2962 3559 satis
2992 3512 3120 3559 nota
3148 3506 3364 3576 putidus
3391 3506 3596 3574 videar,
3624 3523 3658 3578 p
3686 3525 3745 3563 u~

2163 3573 2309 3632 ribus
2337 3573 2521 3647 parco.
2554 3573 2921 3630 Muna'ronws.
3148 3573 3165 3576 '
3625 3573 3642 3578 '

2233 3647 2315 3716 (lc)
2355 3646 2491 3700 Mur.
2524 3644 2668 3709 cod.,
2700 3643 2879 3698 Euhoe
2931 3642 3305 3700 Bacchisonum
3336 3663 3355 3701 :
3407 3661 3528 3717 qua:
3578 3646 3745 3704 lectio

2162 3715 2387 3769 fortasse
2413 3714 2611 3769 verior.

2183 3725 2387 3772 0113550.
2413 3725 2611 3770 VCI‘IOI'.

2235 3794 2302 3865 (l)
2340 3791 2534 3865 Noster
2561 3791 2730 3847 codex
2773 3792 2940 3865 habet
2967 3792 3209 3865 Mortalis
3235 3811 3247 3846 :
3280 3809 3399 3863 quze
3428 3794 3589 3849 lectio
3613 3797 3746 3852 mihi

2160 3862 2290 3919 vera
2311 3863 2540 3927 videtur,
2570 3863 2815 3931 quamvis
2844 3863 2895 3916 in
2918 3862 3103 3917 codice
3132 3862 3267 3917 Mur.
3302 3862 3520 3932 legatur
3546 3876 3742 3921 morta-

2162 3932 2311 3998 libus,
2346 3941 2399 3986 et
2420 3932 2606 3987 ultima
2639 3932 2841 4003 syllaba
2866 3933 3015 3987 vocis
3040 3934 3272 3987 mortalis
3293 3934 3362 3987 sit
3390 3935 3587 3989 brevis.

2234 4023 2329 4095 (nt)
2354 4023 2560 4095 Felicis
2573 4022 2763 4077 Nolani
2794 4031 3093 4095 tormenta,
3115 4024 3528 4095 passio_nemque
3556 4026 3747 4093 priori-

2163 4091 2262 4149 bus
2290 4091 2343 4147 in
2372 4092 2939 4163 Natalibusexpressit
2972 4091 3241 4149 Paulinus.
3269 4091 3653 4163 Expriinuntur
3692 4107 3748 4151 et

2168 4165 2257 4218 illa
2281 4163 2333 4217 in
2362 4162 2507 4215 Actis
2540 4162 2723 4233 editis.
2747 4162 2875 4233 Non,
2895 4171 3072 4233 tamen
3097 4164 3151 4218 in
3203 4162 3578 4233 persecutione
3607 4180 3748 4220 mor-

2164 4242 2273 4287 tem
2298 4233 2430 4303 obiit
2448 4240 2664 4303 sanctus
2692 4232 2800 4303 ille.
2836 4231 2970 4286 Hinc
2997 4231 3183 4303 Elogio
3207 4231 3409 4287 tantum
3439 4244 3640 4303 martyr
3659 4235 3745 4290 di-

2164 4253 2273 4287 tem
2298 4253 2430 4287 Ουιιι
2448 4253 2664 4285 sanatus
2693 4253 2800 4285 Ille.
2837 4253 2970 4286 ntnc
2997 4253 3183 4303 blogto
3213 4253 3409 4287 tantum
3439 4253 3575 4287 man
3613 4253 3640 4288 1³
3659 4253 3741 4290 (ll-

2164 4304 2325 4373 citur,
2350 4302 2426 4357 uti
2453 4302 2614 4373 etiam
2640 4302 2767 4373 alibi
2790 4303 2899 4355 sine
2920 4305 3169 4373 sanguine
3196 4313 3395 4373 martyr
3420 4253 3741 4373 appcli'atur.

2164 4372 2423 4443 Primteva
2450 4371 2503 4425 in
2529 4369 2769 4443 Ecclesia
2805 4387 2936 4443 vero
2959 4369 3207 4443 martyris
3246 4369 3468 4427 nomen'
3488 4369 3650 4429 etiam
3680 4376 3746 4430 iis

2167 4441 2503 4496 tribuebatur
2530 4441 2620 4510 qui
2662 4442 2948 4510 tormentis
2990 4441 3305 4510 superstites
3343 4454 3517 4507 erant,
3548 4453 3609 4497 ut
3626 4460 3746 4499 ma-

2167 4510 2357 4585 nifeste
2402 4526 2476 4585 ex_
2510 4509 2601 4565 lib.
2634 4509 2857 4565 Tertull.
2891 4511 2972 4585 ad
3002 4509 3266 4585 martyras
3310 4514 3597 4585 colligitur.
3642 4513 3748 4585 Cy-

2206 4581 2385 4652 rian_us_
2406 4580 2476 4652 ad
2496 4591 2760 4652 martyras
2779 4590 2827 4652 et
2848 4580 3164 4652 confessores
3188 4581 3214 4633 1
3223 4598 3311 4635 esu
3333 4583 3523 4636 Christi
3544 4580 3747 4652 episto-

2187 4665 2274 4703 am
2301 4650 2334 4704 9
2355 4649 2517 4714 dedit,
2543 4657 2599 4704 et
2629 4649 2713 4719 ep.
2741 4649 2809 4701 12
2829 4651 2903 4703 ait
2934 4649 2956 4701 ί
2973 4649 3051 4702 De
3079 4651 3173 4704 hoc
3193 4660 3241 4703 et
3269 4652 3338 4704 ad
3364 4649 3653 4716 clerum—et
3677 4654 3747 4705 ad

2165 4728 2426 4791 martyras
2452 4728 2501 4791 et
2528 4721 2850 4791 confessores
2878 4721 3077 4791 litteras
3107 4722 3225 4791 feci.
3259 4719 3357 4791 Ep.
3410 4738 3623 4791 quoque
3654 4723 3746 4789 l5,

2167 4787 2409 4861 Litteras,
2460 4787 2649 4859 inquit,
2683 4792 2778 4859 feci
2824 4788 3004 4859 quibus
3046 4787 3318 4861 martyres
3341 4801 3389 4844 et
3426 4787 3748 4861 confessores

2167 4858 2381 4911 consilio
2409 4874 2548 4932 meo,
2564 4858 2813 4932 quantum
2838 4858 3071 4932 possem,
3095 4860 3163 4913 ad
3188 4858 3464 4932 Domiuica
3485 4858 3745 4932 pra-cepta

2169 4944 2477 4985 revocarem.
2514 4928 2740 4993 Quidam
2782 4928 2943 4996 igitur
2984 4931 3225 4985 viventes
3270 4931 3443 4985 adhuc
3486 4928 3748 4996 martyris

2169 4996 2526 5117 aBpellatione
2542 4992 3028 5068 distinguebantur,
3045 5000 3166 5068 quia
3190 5000 3256 5054 ad
3277 5001 3547 5067 sanguinis
3576 4992 3748 5069 usque

2169 5081 2199 5117 e
2242 5067 2481 5117 usionem
2503 5066 2769 5117 Christum
2799 5068 3226 5117 constantissime
3256 5070 3463 5117 fuerant
3491 5071 3743 5117 confessi-

2168 5066 2481 5120 ellusionem
2503 5066 2769 5121 Christum
2799 5066 3226 5124 constantissime
3254 5066 3463 5124 fuerant
3491 5066 3744 5126 confessi.

2165 5134 2363 5191 Scribit
2389 5136 2441 5188 in
2462 5136 2602 5210 hanc
2626 5152 2739 5190 rem
2767 5136 3064 5210 Cyprianus
3089 5138 3334 5194 laudatus
3354 5156 3439 5210 ep.
3465 5140 3534 5193 30
3565 5159 3578 5193 :
3606 5139 3748 5193 Illud

2164 5213 2415 5280 pra'terea
2441 5205 2678 5280 vellemus
2709 5205 2993 5280 addiscere,
3032 5211 3077 5261 si
3106 5219 3356 5280 martyres
3386 5205 3506 5263 ἠοη
3536 5220 3749 5280 prapter

2168 5273 2313 5349 aliud
2342 5282 2594 5349 martyres
2622 5276 2773 5349 ﬁunt,
2798 5277 2900 5349 nisi
2927 5286 2983 5328 ut
3014 5293 3116 5330 non
3154 5273 3507 5349 sacriﬁcantes
3536 5273 3746 5332 teneant

2167 5340 2415 5397 Ecclesiae
2432 5340 2591 5414 usque
2604 5340 2674 5397 ad
2693 5345 2994 5414 effusionem
3013 5349 3281 5418 sanguinis
3294 5340 3382 5403 'sui
3407 5365 3607 5420 pacem.
3633 5349 3748 5403 Mu-

2162 5426 2448 5467 RATORIUS.

2237 5502 2313 5578 (ui
2356 5502 2652 5578 Sacerdotis
2680 5520 2785 5558 vox
2829 5521 2925 5578 pro
2950 5508 3183 5578 episcopo
3228 5508 3314 5578 hic
3345 5508 3644 5578 capienda;
3676 5524 3749 5561 sn-

2163 5570 2377 5637 quidem
2427 5574 2671 5640 superius
2700 5570 2987 5645 presbyter
3010 5570 3204 5632 dicitur
3231 5577 3287 5631 S.
3316 5570 3482 5632 Felix.
3536 5570 3743 5632 Revera

2164 5648 2369 5713 tantum
2399 5656 2496 5710 pro
2518 5656 2678 5710 grege
2706 5643 2901 5698 Christi
2926 5657 3109 5713 egerat
3138 5648 3221 5701 hic
3248 5657 3483 5712 sanctus,
3518 5657 3574 5700 ut
3605 5648 3748 5701 anti-

2164 5709 2305 5766 stitis
2330 5709 2532 5767 nomen
2553 5709 2984 5783 promereretur.’
3005 5716 3093 5771 Sic
3123 5717 3293 5772 Natal.
3327 5733 3416 5773 xui
3459 5709 3532 5771 ait
3562 5716 3739 5772 Pauli-
