3988 6176
264 332 383 387 529

422 450 587 507 Felici
617 452 825 522 potiore
853 454 939 506 via
977 451 1263 522 persistere
1292 450 1435 515 feeit,

260 542 379 597 230
420 542 757 599 Continuans
785 544 1022 599 medicos
1052 544 1267 613 operosi
1298 542 1549 612 martyris
1587 549 1758 608 actus,

422 634 661 690 Virtutes
689 644 748 689 ut
780 650 872 689 eas
894 634 1034 689 idem
1063 635 1360 689 celebraret
1388 634 1659 699 humatus,

420 728 567 793 Quas
589 728 642 781 in
673 742 835 781 carne
888 740 1110 780 manens
1146 725 1343 780 Christi
1383 724 1581 778 virtute
1621 725 1861 795 gerebat,

420 819 601 887 Atque
626 818 698 872 ita
728 826 988 887 suscepta:
1017 832 1115 871 nec
1143 824 1387 870 mortuus
1410 814 1617 869 abforet
1643 816 1759 870 urbi

420 911 687 982 Corpore,
711 928 832 968 eum
863 920 1068 967 tantum
1096 912 1259 980 positi
1299 919 1518 966 sanator
1544 910 1757 965 adesset

260 1001 382 1059 295
424 1003 673 1074 Spiritus,
701 1012 758 1059 et
781 1004 1058 1059 desideriis
1082 1003 1315 1058 latitaret
1344 1013 1618 1058 amantum

427 1096 505 1150 Ad
535 1104 751 1164 tempus
770 1095 880 1149 cari
910 1094 1074 1149 facies
1100 1095 1371 1149 subtracta
1399 1096 1611 1165 patroni
1639 1112 1652 1159 ;

426 1184 684 1254 Prompta
714 1184 808 1240 sed
857 1198 1121 1252 :egrorum
1156 1200 1371 1254 semper
1399 1183 1659 1239 medicina
1708 1184 1866 1238 saluti

427 1276 651 1330 Ail'oret.
676 1275 803 1329 Inde
830 1275 1082 1345 perennis
1111 1275 1302 1339 honos,
1343 1283 1397 1329 et
1424 1275 1593 1343 gloria
1622 1284 1865 1330 sanctum

428 1367 660 1422 Felicem
692 1365 896 1420 meritis
935 1365 1050 1419 sine
1080 1365 1185 1419 line
1216 1365 1290 1435 (a)
1318 1366 1613 1421 virentibus
1652 1366 1819 1421 ambit
1850 1386 1862 1421 :

269 1461 386 1517 500
430 1461 497 1516 Et
518 1461 645 1514 licet
673 1474 702 1513 a
725 1458 894 1513 veteri
918 1458 989 1528 (b)
1023 1458 1237 1512 tumulis
1262 1459 1606 1513 absconditus
1633 1475 1771 1525 arvo,

428 1552 543 1618 Qua
574 1548 819 1605 mortalis
847 1556 981 1613 erat,
1032 1549 1197 1603 lateat
1225 1549 1432 1604 telluris
1460 1558 1650 1619 operto
1674 1568 1687 1615 ;

427 1645 558 1700 Viva
588 1653 770 1698 tamen
799 1650 1079 1712 vegetante
1108 1642 1242 1711 Deo,
1288 1644 1649 1715 membrisque
1677 1660 1867 1715 super-

1691 1744 1801 1792 stes

426 1824 609 1878 Gratia
637 1822 876 1877 divinum
906 1823 1165 1893 spirantia
1190 1825 1439 1895 martyris
1468 1842 1587 1882 ossa
1670 1736 1689 1809 [

428 1914 700 1970 Clariﬁcat
727 1915 939 1985 populis
967 1916 1161 1971 merito
1190 1916 1405 1972 vivente
1444 1919 1637 1989 sepulti
1673 1938 1684 1971 :

275 2007 389 2063 505
431 2006 499 2061 Et
542 2006 724 2075 magni
766 2006 959 2060 solium
1005 2005 1073 2077 (τ)
1103 2007 1268 2061 breve
1315 2008 1641 2064 confessoris
1681 2010 1870 2065 adorat

425 2097 633 2167 Jugiter
660 2112 691 2152 e
721 2096 883 2152 variis
910 2104 1165 2165 congesta
1193 2098 1267 2169 (ά)
1291 2096 1588 2169 frequentia
1620 2101 1796 2155 terris.

427 2189 537 2245 Sed
560 2189 699 2245 Deus
720 2197 777 2243 ut
804 2195 1122 2244 cunctorum
1144 2188 1419 2244 hominum
1434 2199 1602 2258 sator,
1623 2192 1871 2247 omnibus

1643 2286 1799 2341 istam

1643 2286 1700 2341 ist

432 2375 508 2431 De
532 2374 730 2429 sanctis
748 2372 967 2428 indulsit
992 2388 1150 2443 opem
1178 2374 1473 2443 procedere
1501 2286 1659 2433 terri[s
1688 2396 1700 2431 :

432 2466 500 2521 Ut
523 2467 635 2536 jam
658 2465 725 2520 de
750 2466 968 2520 tumulis
997 2476 1219 2534 agerent
1241 2469 1324 2537 pia
1347 2468 1487 2523 dona
1517 2470 1661 2525 beati

276 2559 392 2613 3l0
434 2557 714 2627 Martyres,
745 2564 800 2610 et
824 2556 975 2610 vivos
1005 2565 1222 2625 possent
1258 2572 1447 2614 curare
1476 2561 1689 2629 sepulti.

432 2646 788 2719 567—558
810 2644 919 2701 Nec
946 2646 1076 2701 satis
1124 2647 1228 2703 hoc
1267 2647 1464 2702 donum
1496 2648 1726 2706 Domino
1754 2651 1873 2720 fuit,

1367 2737 1448 2810 [ut
1469 2754 1566 2795 sua
1599 2748 1806 2795 tantum

276 2891 385 2931 nus
415 2873 649 2928 additam
675 2869 838 2924 Felici
866 2869 919 2923 in
968 2870 1119 2925 caelis
1144 2884 1401 2924 coronam
1440 2871 1713 2929 antistitis.
1744 2874 1878 2932 Vide

275 2962 405 3016 qua:
436 2942 638 3016 ibidem
651 2940 848 3016 _notavi
870 2955 1027 3016 versu
1044 2938 1188 3016 _568.
1220 2939 1588 3016 Munnontus.

356 3016 441 3085 (a)
497 3013 576 3067 Ita
620 3011 755 3065 Mur.
801 3008 992 3065 codex.
1044 3008 1102 3063 In
1151 3018 1339 3065 nostro
1379 3013 1637 3069 mendose
1684 3014 1876 3083 legitur

273 3103 487 3144 ειηῃρν.

354 3106 703 3227 ξῖῗξθριεῐῐξ
720 3158 1023 3227 sequentes
1044 3165 1231 3227 versus
1258 3151 1704 3227 retitieratetiam
1733 3155 1879 3212 Dun-

273 3220 463 3297 gaius,
492 3220 636 3297 iique
663 3220 946 3297 Rosweido
976 3220 1073 3297 visi
1103 3228 1259 3275 erant
1287 3220 1353 3275 ad
1372 3222 1625 3297 _Natale_m
1652 3242 1706 3279 Ix
1736 3227 1877 3282 refe-

273 3290 483 3358 rendi;
515 3290 608 3349 sed
630 3307 820 3365 verum
863 3290 1087 3365 intueris
1126 3306 1311 3365 eorum
1341 3292 1524 3365 situm.
1562 3294 1619 3349 ln
1650 3297 1874 3365 antiquo

274 3365 519 3434 Dungali
543 3364 747 3425 codice,
776 3376 935 3434 quem
965 3361 1320 3434 Ambrosiam
1346 3362 1670 3420 bibliotheca
1699 3361 1876 3420 asser-

273 3447 397 3501 vat,
414 3430 497 3490 ἐκ
538 3433 713 3488 Natali
741 3448 793 3486 xt
836 3430 1068 3486 dilucide
1108 3432 1258 3486 citati
1300 3434 1659 3501 reperiuntur.
1689 3435 1875 3491 Μωυ-

275 3523 503 3563 τοκιυδ.

350 3578 430 3646 (c)
474 3573 917 3629 Animadvertere
958 3571 1121 3646 juvat
1164 3570 1593 3646 quibusverbis
1636 3573 1873 3646 debitam

274 3641 491 3703 sanctis
520 3646 923 3700 venerationem
958 3641 1214 3698 Paulinus
1240 3643 1524 3711 exprimat.
1555 3644 1716 3701 Certe
1736 3645 1781 3699 is
1799 3646 1876 3699 ait

274 3734 480 3775 eorum
508 3716 751 3785 sepulcra
779 3713 992 3768 adorari
1024 3731 1039 3765 :

411 3807 475 3858 Et
498 3808 659 3867 magni
685 3804 858 3854 solium
882 3804 1035 3852 breve
1058 3801 1351 3851 confessoris
1374 3802 1560 3853 adorat.

275 3892 382 3947 Cui
408 3890 454 3944 si
483 3897 564 3943 tot
608 3888 711 3941 alia
738 3885 946 3940 Paulini
993 3882 1212 3952 adjicias
1238 3884 1341 3939 hac
1369 3884 1437 3939 de
1462 3900 1521 3941 re
1547 3884 1873 3953 testimonia,

277 3959 536 4031 profecto
567 3965 885 4031 novatoruiu
907 3954 1156 4023 querelas
1180 3954 1459 4031 miraberis
1478 3996 1493 4019 ,
1524 3955 1720 4031 quibus
1746 3964 1873 4031 tan-

280 4024 398 4086 tam
431 4030 594 4084 bilem
622 4035 810 4083 movet
828 4026 968 4080 idem
997 4032 1307 4079 sanctorum
1346 4025 1520 4081 cultus
1560 4026 1612 4078 in
1636 4024 1876 4081 Ecclesia

276 4100 558 4157 catholica
606 4099 901 4153 etiamnum
927 4103 1192 4165 servatus.
1222 4093 1503 4165 Paulinum
1551 4096 1751 4165 itaque,
1785 4111 1878 4151 ce-

277 4182 545 4239 terosque
572 4177 809 4230 sanctos,
830 4165 1003 4239 velint
1021 4162 1210 4239 no_lin_t,
1238 4164 1539 4239 idololatris
1561 4162 1881 4239 accenseant

276 4234 529 4311 oportet,
549 4254 723 4311 quum
743 4252 843 4291 nos
865 4235 1061 4311 pa_s_sim
1084 4234 1388 4303 hujusmodi
1416 4234 1663 4292 laborare
1686 4236 1879 4293 morbo

275 4304 422 4382 gens
608 4304 890 4382 exclamet.
917 4304 1288 4382 Memnonios.

358 4382 445 4447 td)
483 4379 620 4436 Mur.
647 4379 793 4442 cod.,
821 4377 1074 4445 confecta.
1103 4374 1293 4431 Melior
1339 4376 1511 4431 nostri
1556 4376 1757 4433 codicis
1797 4378 1877 4433 le-

275 4454 421 4507 ctio.

358 4525 438 4590 (ei
478 4519 556 4573 lta
582 4526 772 4590 noster
793 4518 983 4575 codex.
1016 4517 1188 4590 Μαι-ς,
1218 4518 1555 4590 monimenta.

360 4586 436 4660 (fl
478 4590 555 4644 Ita
587 4588 727 4643 Mur.
756 4589 816 4644 ln
843 4598 1029 4645 nostro
1056 4588 1202 4655 cod.,
1226 4588 1484 4657 affuerant
1510 4603 1526 4639 :
1569 4602 1688 4657 qua:
1716 4586 1879 4645 lectio

277 4662 422 4717 mihi
439 4677 549 4716 non
570 4661 847 4730 probatur.

354 4734 439 4803 (g)
480 4727 617 4855 Mitti.
649 4730 838 4797 codex,
865 4738 985 4784 tunc
1009 4745 1026 4783 :
1048 4743 1167 4798 qua:
1194 4727 1354 4784 lectio
1381 4742 1492 4783 non
1515 4728 1727 4784 videtur
1749 4744 1880 4784 con-

354 4818 508 4855 nnen
549 4817 599 4855 a.

278 4818 398 4863 tem
406 4817 599 4857 nenda.

347 4873 436 4939 th)
476 4872 673 4926 Noster
710 4871 881 4927 codex
910 4869 1075 4924 habet
1101 4870 1373 4939 priorum:
1403 4883 1521 4937 quae
1547 4867 1708 4925 lectio
1747 4869 1878 4926 mihi

279 4944 467 4997 minus
498 4941 717 4996 arridet.

360 5016 428 5076 (i)
469 5012 604 5065 Mur.
631 5011 752 5065 cod.
773 5050 788 5074 ,
814 5008 1096 5080 Martyres.

359 5084 432 5153 (j)
472 5082 766 5153 Celebrem
788 5079 971 5153 refert,
1001 5082 1216 5153 suisque
1245 5087 1517 5153 peractam
1539 5080 1880 5153 temporibus

280 5149 396 5208 SS.
418 5167 709 5222 corporum
736 5149 974 5222 Protasii
1007 5149 1326 5222 et‘Gervasii
1351 5149 1735 5222 inventionem,
1761 5166 1879 5222 qua:

279 5218 769 5278 Mediolanensium
796 5220 1023 5274 antistiti
1053 5218 1339 5275 Ambrosio
1370 5220 1614 5286 contigit.
1662 5220 1738 5274 De
1781 5218 1875 5273 illa

280 5293 344 5346 S.
384 5294 606 5360 August.
652 5292 745 5345 lib.
778 5290 933 5344 Conf.
984 5306 1057 5352 Ix,
1107 5306 1226 5360 cap.
1260 5290 1309 5354 7,
1344 5291 1456 5343 haec
1500 5290 1699 5343 habet:
1734 5290 1877 5343 Tum:

279 5359 572 5417 inmorata
597 5362 815 5415 antistiti
840 5371 923 5415 tuo
952 5359 1279 5429 (Ambrosiol
1303 5378 1393 5430 per
1424 5361 1582 5413 visum
1605 5360 1873 5430 aperuisti,

280 5451 389 5503 quo
409 5434 521 5489 loco
535 5434 753 5486 laterent
774 5440 1058 5501 martyrum
1069 5448 1287 5503 corpora
1312 5430 1541 5503 Protasit'
1562 5440 1611 5482 et
1624 5430 1879 5503 Gervasii,

280 5500 404 5574 qua?
431 5521 521 5573 per
551 5512 626 5556 tot
672 5518 838 5574 annos
866 5500 1166 5574 inrorijupta
1208 5502 1261 5574 in
1297 5502 1547 5574 thesauro
1575 5500 1788 5574 secreti"
1805 5500 1878 5551 tui

282 5566 674 5627 recondideras.
702 5572 887 5626 Sidon.
909 5566 1087 5640 Apo'll.
1110 5587 1197 5640 ep.
1226 5571 1274 5635 -Ι,
1296 5572 1384 5623 lih.
1410 5586 1483 5623 vn
1513 5569 1877 5640 :7Ambrosium

283 5644 509 5723 quorum
526 5652 813 5723 martyrum
837 5638 1428 5723 repertorem;appellat.
1449 5638 1684 5694 V'idenda
1712 5638 1873 5691 etiam

291 5713 558 5767 Ambrosii
589 5710 752 5781 ipsius
800 5710 979 5780 ep.”
1009 5713 1075 5765 ad
1120 5711 1482 5781 Mareellinam
1525 5723 1793 5772 sororem,
1820 5717 1875 5761 et

288 5781 547 5840 Paulinus
596 5780 733 5837 alter
774 5782 822 5835 in
854 5782 1117 5835 Ambrosii
1172 5781 1311 5835 Vita.
1365 5780 1649 5834 Fusissime
1696 5786 1879 5832 autem

1714 336 1946 392 POEMA
1987 338 2098 393 XIX
2110 382 2121 395 .

1893 458 1943 514 A

1901 1824 1948 1884 Β

3446 348 3554 401 530

2112 456 2357 524 Nomine,
2384 440 2496 515 sive
2525 460 2715 529 opibus
2743 461 2858 516 loca
2888 470 3150 535 martyres
3178 464 3503 523 illustrarent
3531 485 3546 521 :

2116 549 2194 605 Ex
2220 552 2408 607 iisdem
2437 554 2655 609 tumulis
2682 554 2845 609 etiam
2876 567 3219 611 monumenta
3250 558 3317 628 (ε)
3339 560 3549 628 piorum

2112 641 2470 712 Multiplieans
2498 645 2679 700 multis
2701 645 2886 700 tribuit
2906 647 3191 717 miserator
3209 648 3425 703 eosdem

1971 730 2075 783 3L5
2114 730 2395 788 Gentibus.
2428 732 2492 788 Et
2524 734 2753 790 referam
2779 737 2957 791 varias
2978 737 3046 792 ab
3075 738 3281 807 origine
3308 754 3520 807 causas,

2124 820 2202 874 Ex
2227 822 2422 890 quibus
2445 824 2558 879 hmc
2588 834 2707 879 orta
2731 834 2815 880 est
2859 827 3026 883 variis
3062 826 3370 884 benedictio
3398 831 3557 884 terris

2116 912 2248 966 Nam
2280 914 2405 983 quia
2436 930 2543 969 non
2574 924 2745 971 totum
2794 919 2999 987 pariter
3025 918 3217 975 diffusa
3244 935 3343 991 per
3370 922 3556 976 orbem

2116 1000 2293 1058 Prima
2325 1004 2456 1060 lides
2477 1006 2631 1103 ierat,
2656 1007 2836 1062 multis
2862 1008 3169 1077 regionibus
3197 1009 3345 1064 orbis
3390 1035 3450 1103 ε

2115 1098 2377 1169 Martyres
2400 1094 2685 1152 abfuerant
2706 1096 2799 1169 (ί),
2827 1106 2885 1153 et
2911 1098 2981 1154 ob
3001 1098 3126 1166 hoc,
3150 1108 3306 1171 puto,
3335 1094 3558 1153 mu‘nere

3269 1190 3487 1261 [magno

1972 1279 2076 1334 320
2113 1279 2169 1335 ld
2197 1281 2451 1351 placitum
2479 1280 2695 1335 Christo
2717 1297 2859 1338 nunc
2882 1283 3178 1352 inspirante
3197 1289 3469 1352 potentes,

2116 1371 2185 1426 Ut
2213 1372 2567 1427 Constantino
2608 1373 2836 1442 primum
2868 1374 2967 1428 sub
2994 1372 3204 1427 Caesare
3235 1372 3431 1426 factum
3453 1377 3555 1433 est,

2115 1462 2267 1517 Nunc
2293 1463 2366 1533 (g)
2388 1461 2599 1517 famulis
2621 1470 2897 1531 retegente
2916 1464 3044 1528 suis,
3070 1472 3129 1516 ut
3143 1461 3269 1517 sede
3296 1462 3464 1532 priori
3480 1460 3556 1530 (Ii)

2115 1552 2376 1625 Martyras
2409 1554 2468 1625 (ί)
2500 1554 2699 1608 accitos
2731 1553 3080 1609 transferrent
3109 1555 3161 1607 in
3194 1568 3333 1608 nova
3363 1561 3520 1607 terra:

2116 1643 2357 1713 Hospitia
2391 1662 2403 1696 :
2435 1651 2494 1697 ut
2521 1652 2707 1699 sancto
2737 1658 2844 1699 non
2870 1644 2997 1699 olim
3027 1644 3267 1698 antistite
3290 1642 3487 1698 factum

1975 1741 2081 1796 325
2116 1741 2372 1797 Novimus
2396 1742 2679 1798 Ambrosio
2711 1744 2800 1814 (j),
2825 1745 2915 1814 qui
2930 1743 3093 1801 fultus
3120 1760 3343 1800 munere
3370 1744 3483 1808 tali,

2119 1842 2409 1913 Postquam
2449 1844 2724 1912 ignoratos
2766 1846 2912 1915 prius
2930 1885 2945 1909 ,
2969 1853 3025 1900 et
3054 1854 3180 1900 tune
3200 1844 3371 1900 indice
3398 1843 3555 1899 Chri-

3278 1937 3385 2009 [ειο
3413 1937 3485 2008 (τε)

2116 2035 2368 2089 Detectos
2389 2035 2604 2089 sibimet
2633 2042 2835 2089 mutata
2863 2036 3132 2090 transtulit
3160 2035 3302 2101 aula,

2112 2135 2370 2204 Reginam
2394 2134 2453 2207 (ι)
2478 2144 2719 2205 prompta
2736 2135 3124 2191 confuditvoee
3146 2135 3238 2207 (ιη)
3269 2134 3554 2191 furentem.

2117 2236 2249 2290 Nam
2280 2238 2356 2308 (η)
2386 2234 2773 2292 Constantinus
2810 2236 3013 2305 proprii
3041 2250 3163 2290 cum
3194 2234 3268 2306 (ο)
3298 2235 3556 2292 conderet

3283 2337 3489 2407 [urbem

1974 2436 2079 2490 550
2118 2436 2384 2502 Nominis,
2415 2444 2471 2491 et
2500 2437 2703 2505 primus
2736 2436 2981 2493 Romano
3029 2440 3083 2493 in
3132 2441 3351 2495 nomine
3377 2452 3559 2508 regum

2118 2537 2500 2593 Christicolam
2540 2546 2775 2606 gereret,
2806 2537 3047 2593 divinum
3074 2548 3259 2595 mente
3286 2540 3492 2609 recepit

2118 2637 2433 2703 Consilium,
2465 2646 2525 2692 ut
2551 2637 2807 2707 quoniam
2831 2637 3089 2695 Romanae
3118 2642 3384 2697 moenibus
3414 2640 3560 2695 urbis

2123 2738 2341 2794 IEmula
2368 2739 2667 2808 magniﬁcis
2694 2747 2931 2797 strueret
2970 2750 3099 2799 tunc
3123 2744 3321 2800 mamia
3349 2744 3561 2814 emptis,

1978 2884 2217 2953 omnium
2241 2881 2329 2953 .lo.
2348 2880 2541 2937 Petrus
2564 2881 2895 2945 Puricellius,
2923 2900 3031 2953 quo
3056 2887 3359 2940 accuratius
3404 2902 3562 2943 nemo

1978 2968 2066 3008 res
2094 2952 2572 3007 Mediolanensium
2603 2961 2920 3021 prosecutus
2967 2962 3079 3018 est,
3115 2955 3254 3009 hanc
3308 2971 3422 3009 rem
3451 2965 3561 3010 tra-

1977 3030 2090 3078 ctat
2118 3022 2173 3077 in
2221 3022 2349 3077 diss.
2399 3021 2592 3075 Nazar.
2637 3028 2691 3073 et
2744 3022 2795 3074 in
2849 3022 3087 3077 Monum.
3120 3022 3280 3078 Basil.
3312 3023 3560 3080 Ambros.

1981 3092 2181 3147 Horum
2206 3099 2514 3147 sanctorum
2545 3090 2797 3162 reliquias
2824 3091 2890 3146 ad
2911 3108 2969 3147 se
2991 3093 3162 3162 ipsum
3194 3094 3260 3147 ab
3280 3093 3563 3149 Ambrosio

1982 3163 2319 3233 transmissas
2341 3160 2587 3233 meminit
2602 3169 2761 3229 poeta
2778 3170 2976 3233 noster;
2986 3160 3036 3217 in
3065 3179 3153 3233 ep.
3174 3162 3241 3216 12
3263 3164 3330 3217 ad
3352 3162 3562 3229 Seven;

1978 3232 2104 3286 dum
2134 3233 2278 3307 enim
2308 3231 2562 3307 reliquias
2584 3242 2831 3288 recenset
2857 3232 2909 3287 in
2939 3231 3198 3289 Fundana
3224 3234 3444 3289 basilica
3469 3250 3564 3307 per

1975 3317 2035 3357 se
2062 3302 2306 3357 conditas
2331 3301 2407 3356 ait
2440 3319 2453 3354 :

2102 3393 2334 3455 Quosque
2358 3404 2447 3455 suo
2476 3389 2615 3441 Deus
2637 3391 2892 3442 Ambrosio
2917 3400 3025 3455 post
3046 3389 3187 3454 longa
3215 3396 3408 3445 revelat

2163 3453 2339 3504 Seeula
2364 3453 2636 3504 Protasium
2659 3465 2767 3502 eum
2795 3453 3191 3517 pare‘Gervasio.

1974 3536 2342 3593 Munuomus.

2051 3608 2124 3678 (Is)
2148 3606 2270 3678 APer
2296 3606 2560 3678 visionem
2591 3606 2649 3659 S.
2674 3606 2958 3662 Ambrosio
2981 3608 3218 3678 revelata
3250 3609 3345 3665 SS.
3379 3610 3567 3666 Prota-

1976 3677 2040 3731 sii
2061 3675 2117 3732 et
2135 3675 2376 3748 Gervasii
2403 3691 2632 3748 corpora
2663 3683 2897 3748 testatur
2918 3677 3105 3744 etiam,
3124 3747 3129 3748 γ
3149 3686 3216 3748 ut,
3233 3694 3406 3748 nuper
3431 3680 3567 3735 vidi-

1978 3762 2119 3813 mus,
2170 3746 2227 3800 S.
2269 3746 2835 3814 Augustinusiprteter
2885 3746 3058 3814 ipsum
3105 3746 3443 3803 Ambrosium
3499 3751 3565 3805 ad

1977 3815 2336 3871 Mareellinam
2366 3828 2453 3882 ep.
2486 3814 2573 3867 14.
2607 3814 2885 3868 Molinaeus
2914 3823 3093 3868 tamen
3136 3816 3374 3874 lamosus
3426 3820 3567 3875 inter

1978 3884 2299 3958 Calvinistas
2326 3884 2589 3958 minister,
2623 3883 2715 3958 lib:
2740 3899 2817 3958 _vn
2839 3893 3018 3958 contr.
3047 3884 3291 3952 Perron.,
3318 3903 3439 3958 cap.
3474 3889 3563 3955 ll,

1978 3962 2145 4009 totam
2171 3955 2330 4023 hujus
2353 3952 2677 4008 inventionis
2699 3953 2977 4023 historiam
3006 3955 3145 4010 inter
3171 3952 3566 4015 commentitias

1979 4025 2186 4081 fabulas
2213 4022 2407 4094 rejicit.
2438 4023 2533 4078 Vir
2581 4038 2714 4077 sane
2767 4031 2822 4077 et
2856 4022 3069 4094 fronte,
3099 4035 3155 4080 et
3194 4037 3376 4083 mente
3399 4028 3565 4085 desti-

1982 4102 2149 4159 tutus,
2181 4093 2284 4165 qui
2318 4103 2495 4149 tantos
2521 4101 2770 4165 auctores
2791 4093 3014 4163 piissimi
3045 4096 3201 4164 hujus
3226 4109 3453 4154 eventus
3480 4108 3563 4155 te-

1979 4173 2091 4220 stes
2115 4166 2269 4290 guasi
2298 4165 2642 4248 impiissimos
2684 4164 3007 4233 impostores
3048 4166 3328 4223 traducere
3356 4177 3439 4224 est
3466 4185 3565 4225 au-

1981 4251 2091 4290 sus.
2167 4276 2181 4290 .
2206 4237 2339 4290 Ana.
2372 4245 2565 4290 iterum
2594 4234 2732 4287 hanc
2760 4248 2872 4289 rem
2913 4235 3167 4290 divinitus
3196 4234 3387 4290 factam
3418 4254 3565 4290 asse-

1981 4251 2091 4290 sus.
2122 4234 2181 4290 S.
2206 4237 2339 4304 Aug.
2372 4234 2565 4290 iterum
2594 4234 2732 4287 hanc
2760 4248 2872 4289 rem
2892 4235 3167 4304 gdivinitus
3196 4234 3387 4293 factam
3418 4254 3565 4295 asse-

1980 4305 2089 4359 ruit
2116 4305 2208 4360 lib.
2240 4303 2347 4360 xxn
2368 4306 2435 4361 de
2464 4304 2579 4359 Civ.
2606 4304 2723 4370 Dei,
2744 4319 2863 4374 cap.
2881 4303 2913 4357 8
2937 4305 3027 4359 ubi
3050 4319 3215 4374 agens
3234 4307 3302 4363 de
3324 4308 3420 4364 SS.
3442 4308 3569 4365 Pro-

1981 4376 2101 4430 tasii
2131 4384 2186 4429 et
2211 4374 2453 4431 Gervasii
2481 4374 2796 4443 corporibus
2824 4375 2899 4428 ait
2927 4392 2939 4427 :
2992 4374 3119 4439 Qua:
3165 4394 3280 4432 cum
3326 4379 3566 4443 laterent,

1980 4454 2031 4499 et
2058 4448 2259 4518 penitus
2286 4445 2883 4518 nescirentnr,_episcopo
2897 4445 3166 4501 Ambrosio
3194 4464 3286 4518 per
3312 4452 3580 4504 somnium.

1907 4522 1957 4583 ι)
1982 4512 2207 4570 νεύειαια
2237 4526 2449 4587 reperta
2461 4512 2993 4587 sunt._Muni_\'romus.

2056 4586 2121 4657 (ι)
2164 4582 2361 4640 Ariana
2386 4585 2504 4657 labe
2536 4582 2729 4657 infecta
2754 4584 3062 4657 imperati-ix
3086 4584 3318 4657 Iustina,
3343 4596 3403 4641 ut
3429 4586 3570 4643 Pau-

1982 4653 2142 4721 linus,
2195 4658 2285 4727 qui
2327 4655 2592 4727 Ambrosii
2614 4653 3045 4727 vitam-scriptis
3072 4656 3435 4727 consignavit,
3466 4674 3571 4714 ex-

1981 4722 2229 4798 pressum
2254 4728 2410 4782 nobis
2436 4724 2671 4798 reliquit,
2704 4722 3289 4798 Ambrosiumiodera't,
3321 4722 3571 4798 viresque

1981 4794 2271 4865 plurimum
2300 4799 2417 4864 ejus
2447 4794 2677 4849 inimicis
2726 4795 2977 4862 augebat.
3024 4794 3152 4850 Viso
3181 4804 3361 4851 autem
3412 4794 3567 4854 tanto

1981 4866 2240 4921 miraculo
2264 4883 2360 4937 per
2386 4866 2777 4921 sanctissimum
2824 4866 3118 4937 antistitem
3146 4875 3379 4936 patrato,
3410 4884 3568 4923 coer-

1980 4937 2091 4991 cuit
2109 4935 2302 4992 exinde
2325 4936 2581 4999 furorem,
2626 4943 2681 4988 et
2701 4949 2740 5006 _a
2760 4935 3156 4991 catholicorum
3193 4941 3571 5006 persecutione

1986 5006 2263 5077 abstinuit.
2292 5006 2416 5062 lltec
2438 5020 2655 5074 quoque
2684 5004 3009 5071 Augustinus
3037 5004 3209 5061 habet
3226 5023 3345 5077 cap.
3376 5008 3428 5073 7,
3453 5008 3489 5062 l.
3515 5024 3566 5063 lx

1986 5075 2224 5133 Confess.
2263 5096 2275 5131 :
2314 5077 2461 5132 Unde
2507 5083 2790 5145 opportune
2836 5093 3096 5144 promeres
3145 5077 3214 5129 ad
3234 5075 3566 5132 coercendam

1982 5147 2180 5218 rabiem
2209 5150 2500 5218 femineam,
2526 5145 2616 5218 sed
2644 5145 2866 5218 regiam,
2885 5156 2989 5218 etc.
3017 5147 3151 5218 Inde
3177 5148 3317 5201 illius
3346 5150 3568 5201 inimica:

1985 5214 2229 5284 (Justinae
2253 5216 2481 5284 scilicet)
2512 5214 2742 5278 animus,
2775 5217 2869 5269 etsi
2910 5217 2978 5269 ad
3023 5216 3262 5270 credendi
3291 5219 3567 5271 sanitatem

1982 5283 2405 5359 nonapplicitus,
2434 5283 2470 5339 a'
2488 5283 2822 5355 persequendi
2849 5294 3016 5340 tamen
3047 5288 3220 5357 furore
3248 5301 3567 5356 compressus

1980 5365 2072 5409 est.
2098 5365 2467 5413 MURATORIUS.

2039 5428 2151 5507 .(m)
2188 5428 2322 5483 Mur.
2355 5428 2499 5495 cod.,
2534 5429 2663 5482 luce.
2711 5428 2779 5481 At
2800 5427 2978 5482 verior
3024 5424 3193 5479 nostri
3240 5425 3443 5482 codicis
3485 5424 3561 5479 le-

1981 5504 2111 5551 ctio.

2053 5568 2136 5688 an)
2176 5566 2329 5622 llunc
2351 5584 2563 5622 versum
2591 5577 2644 5623 et
2672 5568 2808 5623 alios
2833 5566 2922 5636 qui
2960 5574 3259 5634 sequuntur
3289 5574 3462 5628 usque
3501 5565 3567 5617 ad

2110 5639 2240 5688 citat
2264 5638 2550 5688 Dunaalns.

1983 5636 2087 5689 569
2110 5639 2240 5707 citat
2264 5638 2550 5707 Dungalus.

1981 5776 1997 5829 ι
2054 5706 2241 5829 (φάει
2264 5699 2409 5764 Mur:
2431 5710 2601 5764 codex
2644 5718 2698 5763 et
2726 5715 2918 5762 noster.
2937 5706 3094 5760 habet
3115 5715 3250 5752 tum.
3286 5699 3558 5772 Dunsalttt

2001 5790 2081 5829 (⁵21
2169 5794 2279 5829 um.

2001 5778 2107 5839 egit
2134 5778 2279 5830 dum.
