3988 6176
297 346 399 402 555

1601 542 1765 613 [bilis,

438 637 504 690 Et
525 630 709 690 Custos
737 636 926 689 anima:
953 644 1171 702 nostrae,
1203 644 1257 689 et
1286 635 1447 689 tutela
1476 634 1660 689 salutis

435 728 583 781 Felix
611 726 784 780 vicina
807 726 906 779 sibi
931 725 1173 780 cominus
1197 724 1310 779 inde
1328 725 1549 793 recepit,

436 820 564 884 Qum
583 816 801 886 reliquis
826 814 942 883 ejus
969 814 1045 887 (a)
1064 823 1221 870 astate
1241 816 1507 870 recentior
1528 814 1666 868 aulis

298 910 398 965 570
436 908 672 976 Exiguos
700 907 926 971 cineres,
955 915 1010 960 et
1043 920 1265 974 magnos
1296 914 1477 960 servat
1498 905 1751 967 honores,

435 998 798 1065 Servaturque
818 997 987 1063 magis
1006 996 1319 1051 custodibus
1345 996 1458 1065 ipsa
1476 996 1717 1066 patronis
1747 1015 1759 1047 :

436 1087 587 1141 Absit
606 1086 772 1153 enim,
795 1094 853 1139 ut
878 1086 1085 1139 servari
1108 1101 1339 1153 unquam
1365 1087 1643 1141 videantur
1667 1100 1844 1155 egere:

438 1177 539 1244 Qui
564 1190 781 1231 servare
800 1176 978 1230 solent
1009 1184 1189 1230 tamen
1205 1214 1219 1239 ,
1248 1185 1304 1230 et
1329 1192 1519 1231 curare
1544 1193 1761 1232 suorum

431 1265 732 1321 Commoda
761 1266 1096 1319 alumnorum
1137 1266 1311 1334 patrio
1349 1266 1633 1334 dignantur
1666 1282 1869 1331 amore,

296 1358 402 1413 375
437 1358 613 1426 Atque
638 1357 942 1411 dicatorum
973 1356 1047 1425 (b)
1077 1357 1175 1411 sibi
1204 1364 1499 1411 tutamenta
1525 1358 1764 1412 locorum

436 1448 676 1515 Dirigere
707 1446 810 1516 (c):
842 1446 945 1501 hoc
973 1446 1171 1501 sanctis
1198 1447 1431 1501 studium
1458 1448 1671 1517 pietatis
1699 1449 1872 1504 inesse

433 1538 722 1608 Spiritibus
746 1537 990 1590 miranda
1017 1536 1124 1591 lide
1143 1537 1465 1592 documenta
1484 1538 1763 1592 dederunt.

435 1629 584 1685 Unde
607 1630 683 1701 (ά)
706 1643 893 1684 recens
919 1628 1084 1683 etiam
1110 1629 1290 1697 paucis
1312 1644 1443 1699 opus
1462 1630 1688 1699 eloquar
1702 1631 1837 1686 orsis
1859 1650 1870 1683 :

437 1722 664 1790 Dignum
692 1720 893 1774 etenim
912 1719 1085 1774 sancti
1110 1717 1303 1775 Felicis
1328 1735 1551 1776 munera
1578 1722 1630 1775 in
1648 1723 1766 1791 ipso

296 1815 399 1869 580
434 1810 607 1865 Natali
631 1808 870 1877 ejusdem
897 1808 1233 1877 gratantibus
1260 1809 1423 1865 edere
1444 1812 1640 1867 verbis.

436 1902 553 1957 Non
587 1900 872 1971 peregrina
898 1899 1032 1955 locis
1065 1900 1156 1971 (ε),
1204 1915 1380 1969 neque
1417 1910 1658 1972 tempore
1696 1905 1870 1975 prisca

414 1986 421 1989 ’
1465 1988 1756 2062 [profabor
1786 2013 1798 2048 :

433 2081 789 2155 471-572
826 2080 1047 2138 Finibus
1083 2083 1136 2138 in
1164 2084 1396 2147 nostris,
1429 2095 1484 2138 et
1532 2086 1584 2139 in
1614 2087 1718 2140 ista
1744 2086 1874 2142 sede

1508 2176 1803 2247 [patratum

434 2268 617 2338 Nuper
645 2283 783 2338 opus
826 2265 1079 2331 referam,
1110 2267 1254 2336 quod
1290 2267 1431 2324 forte
1478 2285 1766 2326 renoscere
1804 2273 1872 2342 (f)

1630 2360 1805 2443 [vobis

363 2505 453 2575 (η)
484 2501 606 2575 llaec
632 2502 822 2557 eadem
848 2512 929 2575 est
947 2503 1184 2568 basilica,
1215 2518 1373 2571 quam
1400 2505 1679 2575 descripsit
1700 2507 1874 2563 Natali

294 2592 344 2628 is
375 2572 461 2626 'ad
489 2572 730 2627 Nicetam
779 2574 1111 2644 episcopum,
1148 2588 1394 2644 eamque
1448 2577 1532 2628 vix
1578 2572 1874 2644 perfectam

294 2645 457 2697 fuisse
485 2650 599 2713 tum
624 2643 880 2711 temporis
909 2643 1081 2713 innuit
1106 2643 1255 2697 hisce
1281 2644 1537 2706 versibus,
1565 2643 1757 2713 quibus
1784 2647 1877 2702 Ni-

294 2726 431 2769 eeta:
458 2712 527 2767 ad
553 2727 613 2767 se
634 2719 939 2782 opportune
965 2712 1146 2767 delato
1176 2713 1495 2781 gratulatur,
1528 2724 1584 2769 ut

417 2801 708 2913 ﬂiiﬂert‘ecta
726 2802 867 2863 juvet
888 2804 1133 2864 precibus,
1160 2802 1377 2863 perfecta
1401 2806 1629 2854 sacerdos

464 2879 492 2913 e
530 2877 603 2913 tce
628 2900 641 2911 .

464 2877 641 2913 edicel.

295 2948 431 3002 Tum
462 2948 606 3001 illam
634 2944 1044 3015 elegantissimis
1072 2947 1395 3001 carminibus
1410 2946 1683 3015 describit,
1716 2959 1770 3005 et
1792 2968 1877 3007 re-

296 3020 488 3088 liquias
517 3017 588 3072 ibi
618 3016 907 3071 collocatas
926 3031 1213 3071 recensens
1241 3018 1388 3071 addit
1418 3035 1429 3069 :

422 3115 638 3172 Namque
664 3119 717 3162 et
735 3111 979 3173 apostolici
1005 3113 1200 3161 cineres
1222 3113 1312 3159 sub
1334 3112 1498 3161 coelue
1523 3126 1687 3163 mensa

418 3177 639 3247 erositi
667 3176 903 3247 placidum
930 3174 1124 3247 Qbristo
1140 3178 1366 3247 spirantis
1387 3175 1587 3247 odarem

420 3237 646 3287 Pulveris
669 3237 797 3284 inter
820 3243 981 3284 sancta
1005 3238 1126 3283 sacri
1151 3237 1379 3283 libamina
1407 3239 1635 3285 reddunt.

298 3321 448 3375 llanc
474 3319 721 3390 eamdem
750 3317 1173 3390 basilicamNat.
1208 3335 1239 3371 x
1264 3318 1352 3390 bis
1381 3320 1554 3373 verbis
1592 3319 1833 3389 designat
1859 3365 1873 3390 ,

297 3392 561 3461 simulque
597 3388 816 3445 eosdem
844 3389 1207 3459 apostolorum
1227 3389 1435 3443 cineres
1462 3388 1727 3444 memorat
1752 3409 1765 3443 :

420 3480 671 3531 Currimus
694 3477 934 3540 ergolidre
961 3484 1159 3540 tantum,
1187 3486 1238 3526 et
1262 3492 1411 3539 prece
1436 3479 1649 3540 supplice
1676 3482 1815 3529 mixti

418 3543 494 3591 Ad
517 3542 674 3590 vicina
702 3542 799 3588 mei
828 3539 1003 3588 Felicis
1026 3539 1208 3598 limina,
1237 3550 1287 3588 et
1314 3540 1427 3588 inde

419 3604 710 3665 Contiguam
736 3602 942 3665 paribus
957 3601 1077 3665 votis
1100 3602 1399 3650 adrui-rimus
1421 3600 1596 3665 aulam,

420 3663 587 3726 Atque
612 3665 671 3711 ab
696 3664 947 3725 apostolici
969 3664 1146 3711 cineris
1170 3665 1352 3712 virtute
1375 3663 1617 3713 medelam

423 3726 695 3775 Poscimus.

299 3788 665 3843 Menuontus.

368 3883 447 3951 (b)
476 3881 671 3938 Nescio
708 3880 837 3950 quid
878 3880 1135 3936 adversus
1180 3882 1528 3939 ecclesiarum
1573 3894 1876 3942 nostrarum

301 3950 665 4026 dedicationes
712 3953 1119 4006 obmurmurent
1160 3950 1501 4026 heterodoxi,
1550 3973 1714 4026 quum
1760 3958 1878 4013 illas

300 4022 407 4075 Deo
440 4023 492 4075 in
519 4021 779 4075 honorem
802 4030 1109 4075 sanctorum
1142 4021 1466 4077 dedicelnus.
1496 4021 1600 4080 Sed
1631 4028 1875 4082 animad-

302 4099 509 4163 vertant
522 4106 744 4159 ,quzeso,
757 4106 915 4161 quam
930 4101 1115 4146 nostro
1125 4093 1261 4146 mori
1273 4090 1591 4163 Sullragetur
1604 4092 1873 4153 Paulinus.

300 4160 672 4215 Mrnsronws.

373 4234 445 4299 (ε)
469 4231 604 4302 Mur.
628 4230 774 4302 eo_d.,
805 4228 1054 4302 Diligerc.

370 4302 450 4370 (ά)
473 4299 641 4370 blun,
673 4299 825 4370 Inde.

371 4372 444 4446 (_c)
465 4369 605 4446 Mur.
637 4369 780 4433 cod.,
810 4370 933 4446 on
962 4376 1236 4445 peregrina
1264 4376 1463 4446 loquar.
1496 4382 1563 4428 At
1592 4380 1757 4432 nostri
1788 4394 1881 4434 co-

300 4438 436 4494 dieis
464 4438 627 4493 lectio
651 4444 945 4497 venustior.

371 4510 442 4583 (ll
476 4508 612 4583 Mm“
645 4510 765 4583 φάο
784 4552 797 4576 ι
827 4529 1125 4583 agnoscere.

397 4577 450 4649 ῃ)
478 4577 756 4650 Mur.,_ivit
777 4598 795 4634 :
826 4577 944 4650 qua:
976 4584 1132 4638 lectio
1154 4583 1281 4637 mihi
1305 4582 1521 4637 arridet.

397 4648 451 4718 Ιι)
482 4648 689 4719 Incod.
738 4648 874 4705 Mur.
918 4652 1190 4719 legebatur
1239 4670 1401 4707 cruce.
1437 4656 1505 4705 At
1560 4651 1883 4715 llluratorius

304 4727 451 4774 recte
473 4718 782 4787 subrogavit
804 4718 988 4786 crucis,
1023 4730 1080 4774 ut
1109 4731 1190 4776 est
1210 4723 1261 4777 in
1291 4730 1474 4777 nostro
1504 4724 1710 4780 codice.

255 4840 263 4861 η
306 4858 316 4861 _
376 4788 440 4861 (i)
481 4788 615 4861 Mur.
676 4791 828 4854 cod.,
864 4801 967 4845 tam
1006 4793 1240 4861 grandis.
1274 4793 1453 4847 Nostri
1500 4809 1630 4849 vero
1685 4796 1883 4853 codicis

304 4858 468 4914 lectio
485 4859 694 4911 videtur
713 4858 1059 4928 pneferemla.

377 4930 445 5016 ρ)
483 4928 751 5016 Altaribus
764 4930 1061 5016 quibusque
1081 4931 1300 5016 subesse
1322 4943 1612 5016 martyrum
1634 4952 1883 5016 corpora2

305 5009 401 5053 aut
428 5015 549 5073 ossa
598 5000 863 5073 solebant.
886 5000 1022 5065 Quin
1072 5011 1128 5055 ct
1178 5004 1377 5073 absque
1408 5000 1508 5060 illis
1537 5022 1643 5060 anc
1686 5000 1886 5061 sacrari

312 5070 620 5144 nequibant.
662 5068 960 5144 [inpressius
984 5081 1066 5125 est
1087 5087 1207 5126 can.
1244 5068 1308 5125 li
1337 5077 1545 5129 concilii
1574 5077 1826 5144 Carthag.
1857 5092 1887 5129 v

315 5141 363 5212 id
395 5137 784 5212 interdicentis.
816 5138 872 5192 S.
900 5140 1118 5195 Hieron.
1151 5152 1339 5197 contra
1370 5144 1621 5212 Vigilant.
1655 5137 1886 5201 luceba-

314 5211 403 5264 bet
449 5208 652 5261 ironice
677 5225 689 5260 :
725 5207 1020 5286 Malefacit
1048 5207 1464 5286 ergokliomanus
1492 5219 1775 5285 episcopus,
1804 5218 1889 5286 qui

314 5296 461 5348 super
507 5286 823 5331 mortuorum
862 5280 1122 5333 [taurinum
1160 5282 1303 5337 Petri
1337 5294 1384 5336 et
1434 5280 1586 5339 Pauli
1612 5280 1889 5339 secundum

310 5366 403 5422 nos
426 5363 545 5422 ossa
576 5348 887 5422 veneranda,
922 5352 1198 5404 secundum
1254 5362 1300 5405 te
1342 5354 1485 5406 vilem
1532 5357 1887 5422 puluisculum,

314 5419 460 5486 o/fert
490 5415 713 5488 Domino
744 5421 1027 5488 sacriﬁcia,
1068 5431 1115 5473 et
1138 5429 1356 5476 tumulos
1385 5415 1557 5477 eorum
1584 5425 1771 5478 Christi
1801 5415 1889 5477 ar4

315 5490 536 5541 bitraiur
563 5487 775 5559 altaria.
805 5487 1053 5559 Synodus
1080 5507 1151 5545 vn
1179 5508 1401 5559 (ecum,
1424 5509 1542 5548 can.
1562 5496 1591 5546 7
1621 5514 1633 5546 :
1662 5500 1892 5549 Ἐπίσκο-

316 5581 407 5618 πος
440 5558 791 5637 χωρξςλᾶγίῳν
826 5558 1066 5637 levitarum
1107 5565 1346 5637 καθιερών
1385 5568 1500 5617 ναὸν
1539 5566 1889 5637 καθαιρείσθω,

317 5586 407 5618 πος
440 5586 603 5629 χωρις
638 5586 791 5629 sqth
827 5586 1066 5629 ηιψανων
1107 5586 1346 5637 καυιερων
1385 5587 1500 5617 ναον
1539 5586 1675 5619 manu
1716 5586 1889 5631 εισσω,

317 5634 380 5688 ὡς·
396 5628 772 5707 παραϐεϐηκὼς
787 5632 877 5707 τὰς
900 5632 1311 5707 ἐξκὶηᾳιαστικάς
1333 5634 1658 5707 παραδόσεις.
1677 5586 1892 5702 Episco-

319 5716 411 5766 pus
447 5698 833 5773 absquesacris
863 5701 1087 5773 reliquiis
1114 5698 1423 5756 consecratis
1462 5708 1701 5773 templum
1723 5698 1897 5772 ’ὀρρο-

320 5781 492 5836 uatur,
515 5777 568 5820 ut
598 5767 707 5836 ille,
733 5770 816 5838 qui
848 5767 1221 5830 ecclesiasticas
1252 5775 1547 5826 traditiones
1566 5767 1864 5836 'tranaqreili

1700 338 1928 393 POEMA
1966 337 2098 392 XIX.

437 455 565 523 Qua:
594 454 821 510 Sanctus
851 454 1017 509 nostri
1069 452 1450 521 Dominusque,
1486 461 1747 522 paterque
1772 468 1865 506 cu-
1896 467 1947 525 Α

1901 3166 1948 3233 C

3445 333 3549 389 554

2116 446 2429 517 Promptum
2458 446 2595 514 erit;
2626 447 2680 502 in
2708 446 2886 503 medio
2925 447 3177 516 quoniam
3216 462 3305 504 res
3351 448 3551 504 lumine

3180 539 3355 612 [gesta
3374 549 3476 595 est.

1971 628 2077 682 585
2112 628 2287 685 Credo
2312 644 2380 685 ex
2406 629 2512 685 hoc
2541 642 2766 685 numero
2809 636 3050 685 vestrum
3093 643 3265 700 prope
3290 630 3468 686 nullus
3495 630 3549 685 in

3375 724 3480 778 isto

2110 809 2191 863 Sit
2220 824 2391 864 novus
2410 808 2616 876 auditu,
2640 810 2764 878 quia
2792 825 2889 879 per
2908 809 3199 880 longinqua
3226 723 3448 867 remtEtis

2112 900 2275 954 Fama
2302 901 2489 955 volans
2510 901 2633 955 ierit
2653 900 2751 971 (g).
2774 898 2936 956 Certe
2963 901 3240 957 atl‘ueratis
3258 901 3314 957 in
3338 901 3444 957 ista

2114 990 2253 1046 Urbe
2281 991 2445 1061 aliqui
2472 1005 2571 1060 per
2596 990 2736 1047 idem
2784 999 3014 1062 tempus,
3042 1006 3152 1061 quo
3195 989 3453 1059 contigit.
3492 998 3551 1046 ut

3397 1080 3485 1138 fur

2116 1176 2316 1231 lllieitis
2340 1176 2521 1230 animo
2549 1175 2776 1232 stimulis
2796 1176 3024 1245 agitatus
3051 1190 3241 1232 avaras
3372 1083 3395 1157 ι

1969 1266 2078 1320 590
2115 1267 2352 1323 Mitteret
2393 1268 2447 1323 in
2489 1281 2643 1322 sacra
2681 1266 2823 1321 dona
2871 1281 3083 1332 manus,
3122 1265 3276 1322 etab
3303 1265 3550 1322 omnibus

3317 1373 3480 1412 unam

3317 1373 3480 1412 unam

2114 1450 2416 1519 Improbus,
2446 1459 2501 1505 et
2526 1449 2749 1505 demens
2768 1452 3088 1505 veneranda:
3119 1358 3553 1519 insignibusaulai

2113 1538 2349 1607 Eligeret
2379 1538 2574 1608 praeda:
2604 1539 2840 1608 speciem
2869 1540 3046 1595 crucis
3064 1539 3162 1610 (li),
3187 1540 3385 1596 inscius
3411 1539 3553 1594 illam

2117 1630 2320 1685 Indicio
2341 1631 2463 1691 sibi,
2496 1646 2601 1684 non
2626 1631 2799 1699 spolio
2821 1629 2956 1694 fore,
2983 1646 3144 1699 quam
3172 1631 3319 1686 velut
3338 1631 3554 1686 hamum

2118 1717 2285 1775 Piscis
2313 1720 2449 1774 edax
2479 1720 2656 1775 hausit
2684 1727 2842 1789 capta
2864 1720 3155 1789 capiendus
3182 1721 3249 1776 ab
3276 1735 3419 1776 esca.

1909 1810 2085 1877 3.395
2121 1809 2269 1875 Quis,
2302 1825 2467 1877 rogo,
2525 1810 2789 1863 latronem
2843 1818 2951 1864 tam
3008 1811 3193 1880 grandi
3231 1813 3293 1883 (i)
3338 1811 3554 1880 spiritus

3332 1902 3486 1973 [auso

2118 1993 2351 2062 lnipulit,
2383 1992 2629 2057 armavit,
2657 1992 2894 2057 caecavit,
2927 1993 3307 2064 prmcipitavit,

2122 2084 2189 2139 Ut
2218 2100 2318 2142 nec
2366 2084 2435 2139 ad
2465 2083 2719 2139 excubias
2748 2084 2985 2153 vigilum,
3014 2099 3113 2141 nec
3154 2084 3223 2140 ad
3250 2084 3365 2155 ipsa
3386 2085 3553 2157 (quod

3215 2175 3320 2249 [est
3343 2177 3486 2247 plus)

2117 2267 2247 2333 Quae
2272 2268 2481 2322 cineres
2506 2266 2573 2337 (j)
2602 2265 2899 2322 reverenda
2923 2274 3110 2335 tegunt
3138 2266 3327 2322 altaria
3357 2266 3434 2338 (It)
3466 2282 3554 2321 sa-

3338 2372 3484 2423 eros,

1979 2501 2078 2544 tur.
2112 2488 2227 2543 Hoc
2256 2487 2376 2541 alia:
2400 2485 2592 2558 synodi
2617 2494 2888 2558 statuere.
2919 2487 3201 2545 Praeterire
3241 2489 3403 2545 etiam
3432 2488 3555 2545 nolo

1976 2560 2255 2629 egregium
2270 2558 2329 2612 S.
2359 2557 2627 2629 Ambrosii
2664 2557 2853 2629 locum
2875 2558 2928 2612 in
2955 2573 3043 2629 ep.
3075 2558 3145 2613 ad
3172 2558 3556 2625 Mareellinam,

1978 2625 2067 2684 ubi
2096 2625 2191 2683 SS.
2222 2625 2806 2699 Protasii_etGervasii
2828 2625 3153 2699 inventione
3198 2629 3442 2699 exposita
3480 2629 3555 2683 ita

1978 2699 2045 2752 ad
2069 2698 2324 2768 populum
2352 2712 2411 2752 se
2441 2696 2643 2768 dixisse
2665 2698 2741 2751 ait
2767 2716 2780 2750 :
2814 2697 3106 2753 Succedunt
3128 2696 3344 2768 triclinia?
3373 2700 3556 2752 trium-

1977 2765 2157 2838 phales
2196 2769 2250 2820 in
2278 2768 2446 2821 locum
2473 2769 2558 2821 ubi
2587 2765 2820 2821 Christus
2849 2768 3017 2821 hostia
3038 2776 3135 2838 est.
3160 2766 3266 2822 Sed
3291 2768 3379 2823 ille
3405 2784 3557 2837 super

1979 2837 2166 2902 altare,
2198 2839 2283 2909 qui
2311 2838 2545 2909 omnibus
2570 2852 2754 2909 passus
2778 2846 2887 2900 est;
2916 2838 3004 2909 isti
3031 2837 3121 2889 sub
3144 2838 3336 2904 altari,
3382 2839 3468 2902 qui
3494 2837 3556 2892 il-

1977 2909 2077 2962 lius
2106 2904 2357 2977 redempti
2379 2915 2498 2977 sunt
2526 2904 2781 2977 passione,
2806 2904 3324 2977 ete._MunA'rouu_Js.

2053 2978 2128 3048 (It)
2170 2973 2485 3048 Rosvveidus
2530 2975 2585 3028 in
2612 2973 2843 3048 addend.
2874 2974 2944 3048 ad
2969 2983 3128 3029 notas
3155 2975 3213 3048 in
3243 2973 3450 3029 Paulini
3476 2975 3555 3032 lo-

1979 3043 2218 3116 cum'ep.
2251 3045 2322 3099 12
2338 3044 2406 3098 ad
2419 3044 2607 3116 Sever.
2633 3062 2648 3098 :
2681 3043 2929 3116 Reliquiis
2962 3044 3312 3116 apostolorum
3332 3056 3383 3099 et
3409 3061 3555 3099 mar-

1980 3113 2334 3189 tyrum—intra
2373 3113 2604 3189 absidem
2657 3113 2885 3189 triclmra
2932 3113 3025 3189 sub
3078 3114 3269 3189 altaria
3316 3116 3554 3189 sacratis,

1979 3184 2249 3257 prioribus
2274 3184 2525 3240 Ecclesia:
2547 3184 2876 3257 temporibus
2904 3184 3318 3257 unicum_altare
3345 3186 3400 3239 in
3428 3192 3558 3240 tear

2016 3258 2081 3312 lis
2110 3256 2272 3311 luisse
2300 3262 2503 3325 censet.
2555 3253 2783 3309 Salinas.
2830 3254 2885 3309 in
2923 3253 3099 3310 Solin.
3126 3253 3385 3325 Polyhist.
3430 3268 3554 3324 pag.

2016 3275 2081 3312 IIS
2110 3275 2272 3311 IUISSC
2300 3275 2503 3309 CCHSCI.
2555 3275 2783 3309 Daunus.
2830 3275 2885 3309 ιη
2923 3275 3099 3310 οοιιιι.
3127 3275 3385 3325 τοιγωδι.
3431 3275 3554 3324 pag.

1980 3275 2119 3381 ᾗιὸ
2146 3328 2261 3381 hmo
2285 3326 2362 3379 ait
2390 3343 2402 3378 :
2435 3324 2514 3378 De
2543 3326 2784 3396 trichoris
2827 3325 3077 3380 altaribus
3115 3342 3295 3396 nugis,
3340 3325 3559 3380 Unicum

1980 3408 2179 3451 tantum
2207 3397 2375 3450 altare
2408 3397 2464 3449 in
2503 3397 2703 3465 templis
2748 3394 2963 3466 Paulini
2992 3394 3216 3466 tempore
3257 3397 3558 3450 habebatur.

1979 3466 2115 3521 Tum
2137 3466 2347 3521 laudata
2379 3466 2538 3520 verba
2561 3466 2634 3519 ita
2655 3465 2875 3533 corrigit
2901 3484 2913 3519 :
2940 3465 3336 3520 intra'absidem
3368 3466 3560 3519 tricho-

1978 3554 2093 3589 ram
2138 3537 2230 3591 sub
2277 3536 2436 3589 altari
2487 3537 2725 3589 sacratis.
2761 3535 2957 3590 Verum
2986 3551 3095 3589 non
3124 3536 3198 3590 ita
3226 3544 3432 3590 certum
3478 3544 3560 3589 est

1980 3623 2142 3660 unum
2170 3607 2338 3659 altare
2366 3606 2661 3672 antiquitus
2680 3605 2847 3657 sacris
2876 3606 2927 3657 in
2948 3604 3154 3659 aedibus
3183 3606 3557 3660 constitutum.

1980 3675 2059 3729 En
2081 3677 2196 3746 ipse
2223 3674 2476 3730 Paulinus
2502 3674 2555 3726 in
2582 3688 2685 3726 una
2712 3672 2934 3727 basilica
2965 3682 3229 3727 memorat
3259 3692 3272 3726 :

2103 3768 2221 3823 Quae
2245 3768 2440 3813 cineres
2461 3761 2739 3811 reverenda
2762 3766 2937 3822 tegunt
2957 3762 3125 3811 altaria
3148 3776 3327 3811 saccos.

1979 3848 2098 3919 lpse
2119 3849 2171 3902 in
2194 3861 2278 3916 ep.
2313 3844 2382 3897 l2
2400 3844 2466 3898 ad
2494 3842 2707 3898 Seven:

2101 3940 2327 3991 Diiinum
2352 3938 2630 3988 veneranda
2655 3942 2833 4000 tegunt
2856 3936 3019 3987 altaria
3047 3935 3201 4000 italus

2164 4001 2450 4063 Compositis
2470 4009 2608 4048 sacra
2630 3997 2740 4048 cum
2763 4011 2911 4049 cruce
2933 3997 3246 4061 martyribus.

1978 4085 2283 4215 llemb'litlniua
2308 4164 2419 4214 Deo
2440 4162 2690 4224 geminum
2716 4161 2882 4211 velant
2906 4160 3078 4210 altaria
3101 4160 3359 4222 honorem,

2168 4226 2285 4277 Cum
2310 4238 2456 4274 cruce
2479 4224 2774 4286 apostolicos
2795 4236 2907 4285 qua:
2931 4224 3120 4273 sociant
3144 4224 3355 4272 cineres.

1983 4311 2182 4366 Verum
2204 4308 2424 4379 quidem
2453 4316 2565 4379 est,
2585 4305 2812 4379 Paulino
2835 4307 3103 4362 rationem
3149 4305 3401 4379 carminis
3443 4321 3565 4361 sua-

1981 4382 2110 4437 dere
2136 4376 2397 4450 potuisse,
2430 4386 2488 4432 ut
2518 4377 2709 4450 plurali
2739 4391 2964 4450 numero
2994 4391 3091 4446 pro
3119 4376 3566 4450 singulari_utere-

1982 4460 2090 4505 tur.
2116 4446 2223 4505 Sed
2268 4451 2336 4504 ab
2365 4450 2481 4518 ipso
2510 4446 2674 4502 etiam
2702 4446 2974 4518 pluralem
2992 4461 3270 4518 numerum
3298 4447 3567 4518 solutain

1904 4533 1957 4595 ι)
1984 4522 2230 4577 oratione
2261 4515 2575 4595 usurpatum
2605 4515 2913 4595 ostendam.
2947 4515 3070 4595 Agit
3119 4515 3173 4569 in
3212 4516 3331 4571 ead.
3362 4532 3449 4586 ep.
3499 4515 3570 4571 do

1983 4590 2345 4649 consecranda
2392 4586 2497 4641 una
2534 4586 2775 4656 basilica,
2806 4586 2872 4640 ad
2902 4586 3044 4654 quod
3095 4600 3231 4656 opus
3278 4595 3581 4656 martyrum.

1984 4660 2222 4729 reliquiae
2243 4658 2551 4729 satiserant
2566 4674 2581 4729 ς
2600 4652 2829 4729 Quorum
2857 4652 3164 4729 martyrum,
3194 4652 3565 4729 inquitl‘auli-

1986 4723 2118 4794 nus;
2129 4728 2444 4782 venerandus
2473 4728 2602 4779 cinis
2619 4726 2661 4779 si
2678 4726 2788 4778 sine
2801 4726 2965 4778 crucis
2986 4723 3242 4779 consortio
3270 4723 3569 4793 subjiciatur

1988 4799 2260 4861 altaribus,
2282 4798 2363 4850 hic
2382 4806 2588 4867 apertus
2612 4796 2789 4867 titulus
2805 4794 3073 4867 indicabit.
3103 4794 3210 4851 Sed
3237 4802 3294 4849 et
3318 4794 3572 4867 iuep.”

1990 4869 2056 4922 ad
2076 4868 2262 4923 Sever.
2288 4868 2353 4922 de
2370 4863 2587 4922 basilica
2606 4881 2703 4935 per
2725 4863 2981 4919 Helenam
3004 4866 3296 4935 Augustam
3319 4863 3569 4918 Hieroso-

1992 4938 2148 5006 lymze
2160 4937 2374 4992 condita
2391 4937 2482 4990 ait:
2500 4934 2768 5006 Dignoque
2782 4951 2901 4989 mox
2911 4934 3102 4989 ambitu
3114 4943 3441 4990 consecratur
3450 4949 3571 5006 can-

1993 4955 2011 4993 Ι
2049 4955 2148 4992 Πιἷὲ
2160 4955 2374 4992 comula
2391 4955 2482 4990 att:
2500 4955 2768 5006 utgnoque
2782 4955 2901 4989 ηιοπ
2911 4955 3102 4989 armum
3114 4955 3568 4990 couucramrcau—

1990 4955 2099 5061 (lita
2125 5010 2187 5086 in.
2210 5008 2464 5086 passionis
2490 5006 2602 5086 loco
2617 5004 2851 5086 basilica,
2880 5021 2993 5086 qua:
3021 5006 3219 5059 auratis
3248 5021 3459 5086 corusca
3488 5002 3568 5056 la-

1990 5074 2279 5147 quearibus,
2324 5084 2373 5129 et
2399 5077 2570 5128 aureis
2592 5076 2729 5147 divgs
2749 5074 3215 5147 altaribusarcano
3240 5076 3459 5143 positam
3480 5090 3569 5125 sa-

1992 5142 2162 5201 crario
2202 5162 2405 5199 crucem
2449 5153 2636 5199 servat.
2680 5142 2878 5198 Verum
2908 5144 3187 5198 audiamus
3237 5142 3293 5199 et
3320 5155 3569 5209 magnum

1993 5216 2336 5271 Ambrosium
2365 5216 2419 5269 in
2448 5213 2621 5283 epuli,
2666 5214 2759 5267 lib.
2783 5230 2840 5277 ιι,
2872 5213 2939 5267 ad
2968 5212 3348 5269 Mareellinam.
3389 5210 3571 5283 Refert

1994 5288 2084 5341 ille
2112 5286 2378 5341 celebrem
2428 5282 2497 5338 de
2543 5282 2795 5337 Portiana
2823 5283 3041 5337 basilica
3066 5283 3319 5339 adversus
3346 5282 3571 5337 Arianos

1993 5356 2212 5411 defensa
2241 5355 2538 5408 historiam.
2564 5353 2803 5423 Inclusus
2833 5354 2946 5423 ipse
2973 5369 3094 5407 cum
3123 5353 3277 5423 plebe
3304 5351 3571 5407 immissos

1994 5442 2091 5495 per
2120 5427 2225 5479 vim
2254 5432 2489 5495 armatos
2517 5422 2811 5495 intrepidus
2831 5422 3145 5495 sustinebat,
3168 5438 3329 5495 quum
3351 5429 3574 5495 repente

1982 5491 2284 5549 ‘nunciatur
2312 5509 2419 5562 pax
2447 5494 2513 5546 ab
2544 5491 2864 5561 imperatore
2890 5492 3094 5546 reddita
3125 5509 3138 5545 :
3171 5491 3429 5554 Certatim,
3483 5491 3569 5544 in-

2000 5566 2135 5633 quit,
2168 5565 2260 5618 Iioc
2290 5565 2534 5616 nunciure
2563 5564 2773 5633 milites_,
2799 5564 3049 5615 irruentes
3069 5563 3124 5615 in
3166 5562 3355 5633 altaria
3382 5562 3572 5614 osculis

2002 5629 2299 5719 signiﬁcare
2318 5635 2462 5719 Pacis
2485 5634 2705 5719 insigne.
2738 5630 2873 5697 Ergo
2900 5648 3004 5719 non
3242 5629 3443 5719 φεμ-εκ
3477 5633 3572 5711 sed

2004 5697 2175 5773 plura.
2211 5704 2267 5757 S.
2300 5697 2459 5769 Greg.
2505 5702 2571 5773 Μ.
2591 5697 2738 5773 'lrv,
2772 5718 2865 5773 cp.
2993 5700 3059 5753 ad
3090 5698 3290 5773 Pallad.
3321 5697 3577 5755 Ecclesia:

2008 5767 2265 5830 inmuiuit.
2302 5776 2350 5827 in
2383 5767 2482 5838 qua
2530 5772 2596 5823 15
2625 5767 2824 5822 altaria
2842 5770 3121 5824 collocata.
3154 5767 3211 5822 In
3252 5774 3565 5825 cwmcleriit
