3994 6180
461 314 562 368 555
1381 313 1438 369 S.
1481 309 1747 369 PAULINI
1789 312 2035 368 NOLANI
2075 312 2374 369 EPISCOPI
2411 313 2750 372 ΡΟΕΜΑΤΑ.

2049 437 2098 491 A

457 335 562 368 υθέ)

572 434 814 492 Pulveris
837 442 894 490 et
921 431 1092 488 sancti
1116 430 1366 486 virtutem
1392 431 1630 486 halantia
1658 431 1917 500 fragrant,

433 529 538 585 400
573 527 1078 596 Corderepercusso
1100 521 1330 591 fugeret,
1345 536 1522 590 neque
1545 522 1763 576 numine
1791 530 2014 584 tantum,

574 616 684 676 Sed
707 617 885 689 specie
913 616 1091 678 simul,
1123 625 1178 668 et
1201 614 1377 683 pretio
1408 613 1481 684 (a)
1500 613 1805 682 praestantia
1834 614 2022 668 ferret?

577 711 742 766 Multa
763 709 960 764 etenim
1012 706 1269 761 suberant
1316 702 1388 776 (b)
1420 705 1544 772 alia,
1595 712 1654 758 ut
1691 705 1935 772 novistis,
1968 704 2020 758 in

1810 795 1950 868 [ipso

574 893 901 947 Ornamenta
927 889 1070 952 loco,
1094 903 1213 958 qua:
1235 896 1491 949 sumeret,
1523 896 1582 940 ut
1608 887 1784 942 crucis
1819 902 1950 941 auro

582 982 835 1038 Parceret
864 997 879 1038 :
922 981 1063 1035 intus
1092 979 1233 1032 enim
1266 977 1550 1031 latitabant
1571 978 1794 1048 mystica
1820 994 1948 1032 vasa

433 1076 539 1130 405
574 1074 858 1131 Sumendis
883 1070 1136 1126 mandata
1161 1068 1348 1122 sacris.
1382 1066 1486 1120 Sed
1516 1077 1711 1135 przeter
1734 1073 1791 1121 et
1817 1066 1951 1120 aulie

574 1168 744 1238 Ipsius
766 1167 816 1220 in
847 1163 1022 1232 spatio
1042 1161 1204 1215 variis
1227 1160 1452 1222 insignia
1482 1158 1664 1213 formis

577 1265 797 1319 Munera
830 1269 984 1316 erant
1027 1259 1096 1314 de
1125 1273 1277 1313 more
1305 1259 1408 1313 sita
1454 1259 1583 1321 hinc,
1637 1271 1760 1326 qum.
1803 1255 2021 1310 cernitis

1818 1347 1949 1419 [illic

576 1443 732 1497 Omni
761 1450 1012 1511 prmnpta
1041 1440 1148 1503 die,
1175 1439 1260 1494 vel
1294 1438 1602 1493 circumlixa
1641 1453 1738 1507 per
1762 1454 1950 1493 omnes

572 1533 771 1590 Ordine
817 1535 1031 1588 diverso
1065 1534 1137 1602 (ε)
1171 1533 1324 1602 quasi
1361 1533 1683 1593 candelabra
1720 1532 2017 1595 columnas,

431 1630 532 1682 illi
562 1627 812 1697 Depictas
833 1635 1078 1680 exstante
1101 1626 1180 1694 (Δ)
1205 1634 1398 1694 gerunt
1416 1640 1533 1692 quae
1562 1624 1780 1692 cuspide
1801 1640 1970 1688 ceras,

576 1719 937 1791 473-474
990 1719 1214 1772 Lumina
1257 1726 1315 1771 ut
1354 1718 1574 1772 inclusis
1616 1718 1686 1784 (ε)
1719 1717 2016 1771 reddantur

1013 1824 1023 1831 ‘
1512 1808 1678 1862 odora
1708 1808 1944 1878 papyris.

573 1902 642 1956 At
679 1901 858 1957 medio
887 1902 938 1955 in
969 1900 1144 1970 spatio
1172 1899 1262 1954 fixi
1291 1899 1632 1969 laquearibus
1659 1899 1782 1952 altis
1806 1900 1872 1969 (Γ)

571 1993 881 2048 Pendebant
910 2008 1008 2062 per
1028 1992 1200 2045 ahena
1223 1991 1339 2044 cavi
1363 1990 1658 2044 retinacula
1688 1988 1890 2060 lychni,

568 2085 672 2152 Qui
699 2085 880 2155 specie
906 2085 1133 2138 arborea
1159 2083 1233 2153 (g)
1254 2082 1411 2135 lentis
1433 2081 1584 2150 quasi
1617 2082 1756 2134 vitea
1786 2081 1946 2148 virgis

430 2179 530 2231 H5
569 2177 788 2231 Brachia
817 2175 1101 2243 jactantes,
1135 2187 1454 2240 summoque
1473 2173 1754 2228 cacumine
1774 2173 1909 2225 rami

570 2267 836 2321 Vitreolos
862 2271 1072 2332 gestant
1093 2272 1364 2330 tamquam
1378 2279 1473 2316 sua
1489 2278 1646 2332 poma
1669 2262 1890 2316 caliclos
1912 2261 2010 2332 (Ii),

569 2356 635 2410 Et
661 2356 816 2423 quasi
837 2363 1126 2408 vernantes
1156 2367 1384 2406 accenso
1425 2353 1624 2406 lumine
1651 2351 1863 2415 florent,

567 2447 848 2512 Densaque
876 2444 1200 2498 multicomis
1242 2444 1518 2498 imitantur
1545 2443 1721 2498 sidera
1765 2443 2013 2514 llanunis,
2110 2459 2123 2468 '

566 2537 1012 2603 Distinguuntque
1037 2548 1230 2602 graves
1273 2549 1558 2589 numerosa
1589 2535 1708 2589 luce
1739 2535 2012 2601 tenebras,

430 2631 534 2684 420
557 2629 624 2682 Et
644 2637 886 2682 tenerum
917 2627 1159 2694 igniculis
1187 2625 1504 2681 ﬂorentibus
1531 2628 1732 2681 (ethera
1757 2628 2008 2697 pingunt:

564 2721 811 2789 Dumque
840 2726 1099 2783 tremunt,
1132 2718 1364 2788 liquidos
1393 2719 1572 2774 crines
1591 2759 1606 2784 ,
1653 2719 2013 2790 crebrumque

1611 2810 1939 2882 [coruscant,

427 2973 572 3036 item,
604 2986 722 3040 qua:
752 2972 851 3026 sub
897 2971 1234 3042 ethnicorum
1285 2971 1510 3042 imperio
1556 2971 1798 3027 ecclesiae
1837 2983 2010 3040 erant,

427 3042 561 3098 idem
592 3051 676 3096 e~t
704 3043 1011 3096 observare.
1053 3041 1226 3112 Unum
1257 3058 1325 3095 ex
1357 3041 1421 3096 iis
1449 3042 1706 3096 describit
1747 3043 2012 3112 Aringhus

425 3111 580 3166 Rom.
613 3112 853 3166 Subterr.
882 3112 917 3165 Ι.
952 3129 1026 3174 Ill,
1052 3130 1100 3166 c.
1133 3110 1222 3177 Ἡ,
1253 3120 1308 3165 et
1339 3129 1445 3166 non
1467 3127 1634 3180 pauca
1665 3113 1852 3167 altaria
1877 3110 2014 3168 uiar-

423 3189 596 3251 tyrum
630 3183 845 3234 tumulis
867 3183 1203 3250 superposita
1226 3191 1429 3236 monet.
1455 3181 1666 3246 Quanto
1690 3182 1741 3234 id
1764 3185 2010 3238 usitatius

423 3251 656 3304 futurum
689 3252 802 3314 luit,
831 3266 996 3318 quum
1028 3252 1273 3321 religioni
1305 3252 1530 3321 libertas
1553 3251 1757 3305 reddita
1781 3293 1796 3314 ,
1829 3253 2009 3321 plura-

423 3335 526 3387 que
565 3329 872 3376 sanctorum
917 3335 1146 3388 corpora
1185 3319 1238 3372 in
1287 3335 1388 3373 una
1433 3319 1726 3388 eademque
1779 3319 2007 3378 ecclesia

423 3388 738 3456 plerumque
779 3389 1168 3443 conderentur!
1215 3388 1295 3442 Ad
1318 3390 1422 3443 alia
1457 3404 1713 3458 propero.
1749 3391 2010 3448 Manno-

422 3473 561 3512 BIUS.

495 3529 575 3602 (a)
605 3527 759 3598 Apud
788 3527 1139 3602 Muratorinm
1178 3528 1328 3584 deest
1361 3545 1464 3585 vox
1494 3531 1679 3602 pretio,
1711 3545 1874 3601 quam
1906 3549 2006 3602 po-

421 3599 500 3652 sui
533 3615 598 3653 ex
623 3597 808 3653 nostro
834 3597 1040 3654 codice.

494 3669 567 3739 (b)
598 3667 832 3739 Consule
856 3669 984 3723 diss.
1025 3685 1115 3724 xvi
1145 3669 1212 3724 de
1242 3669 1589 3726 ecclesiarum
1645 3672 2009 3739 Ornamentis,

421 3753 582 3810 quam
628 3738 698 3793 ad
729 3740 843 3795 lucc
871 3739 1210 3808 explicanda,
1253 3755 1319 3795 ne
1349 3741 1399 3794 in
1449 3743 1590 3798 notis
1620 3743 1843 3797 nimium
1885 3738 2009 3810 pro?

421 3809 561 3863 lixus
589 3824 785 3877 essem,
817 3810 884 3865 ad
931 3810 1051 3865 libri
1083 3811 1286 3865 calcem
1334 3821 1664 3867 reservatam
1693 3814 1856 3869 volui.
1888 3809 2006 3868 Μυ-

419 3894 697 3934 ιιλτοῆιυε.

495 3948 568 4020 (c)
599 3949 674 4004 lta
696 3958 881 4020 noster
907 3950 1099 4006 codex.
1133 3950 1202 4004 At
1221 3951 1499 4009 Muratorii
1525 3953 1696 4008 codex
1736 3952 1900 4008 habet
1927 3954 2009 4007 di-

419 4019 614 4073 menso.
643 4049 714 4058 —
760 4019 1091 4074 Candelabra
1147 4022 1442 4088 antiquitus
1483 4023 1536 4075 in
1582 4022 2006 4077 Christianorum

420 4090 588 4144 sacris
609 4089 865 4143 adhibita.
898 4089 952 4160 ld
982 4091 1110 4160 satis
1135 4091 1186 4142 in
1228 4091 1375 4160 prmf.
1411 4090 1540 4145 diss.
1575 4092 1817 4160 probavi.
1849 4091 2007 4147 Juvat

421 4175 563 4244 nunc
591 4158 950 4244 apponeres.
977 4158 1674 4244 Clementis‘auctoritatem
1725 4161 1778 4214 in
1817 4178 1904 4244 ep.
1938 4163 2006 4217 ad

421 4227 771 4294 Jacob.,’licet
799 4229 942 4299 enim
974 4228 1102 4299 tanti
1121 4228 1387 4299 pontiﬁcis
1412 4229 1554 4283 illam
1578 4245 1696 4285 esse
1718 4227 2004 4299 genuinum

420 4301 672 4370 fetumct
703 4311 816 4370 ego
845 4298 933 4370 vix
964 4297 1230 4370 arbitrer,
1263 4298 1438 4353 adhuc
1461 4301 1600 4369 apud
1629 4297 1880 4370 antiquos
1909 4318 2002 4356 ve-
2027 4358 2035 4364 _

420 4368 676 4442 iterabilis
695 4367 792 4419 fuit
815 4382 830 4432 ;
858 4368 933 4442 ait
962 4367 1128 4442 igitur
1154 4386 1166 4420 :
1201 4368 1280 4422 De
1304 4372 1440 4442 vasis
1469 4367 1597 4424 sane
1615 4367 1778 4442 sacris
1817 4375 1892 4425 ita
1917 4390 2009 4442 ge—

421 4437 636 4490 rendum
663 4445 740 4490 est
770 4453 787 4489 :
817 4437 999 4491 altaris
1019 4439 1179 4508 palla,
1225 4441 1499 4503 cantharo,
1544 4437 1936 4502 candelabrum,
1954 4451 2004 4495 et

421 4508 603 4575 velum,
633 4510 677 4562 si
708 4509 897 4579 fuerint
934 4519 1180 4579 vetustate
1217 4523 1500 4570 consumto,
1538 4511 1774 4564 incendio
1798 4512 2000 4565 dentur.

420 4579 590 4642 Quam
619 4577 750 4634 vero
795 4577 1076 4645 magniﬁca
1097 4579 1272 4635 forent
1311 4581 1655 4646 candelabra,
1687 4580 1811 4636 hinc
1838 4582 2002 4647 disce,

421 4650 508 4702 ubi
537 4648 787 4704 dicuntur
807 4650 1175 4704 columnarum
1201 4651 1267 4706 ad
1296 4652 1464 4706 instar
1492 4658 1785 4706 exstructa.
1820 4650 2006 4706 Μωυ-

419 4735 624 4773 TORIUS.

489 4790 569 4860 (ά)
595 4789 670 4843 Ita
694 4798 878 4844 noster
897 4789 1087 4845 codex.
1119 4790 1187 4843 At
1209 4790 1368 4853 Μαι-η
1398 4790 1814 4845 exstare—Non
1835 4791 2004 4845 ausim

418 4869 621 4914 exstare
651 4860 776 4914 illud
800 4862 1202 4929 autcorrigere,
1232 4872 1323 4914 aut
1351 4861 1652 4916 immutare.
1681 4863 1919 4916 Aliorum
1951 4861 2005 4915 id

418 4932 537 5002 erit.
578 4930 714 4984 Olim
735 4945 952 5002 quoque
971 4931 1326 5002 pingebantur
1345 4932 1510 5002 cerei,
1534 4933 1779 5002 idemque
1807 4948 1924 4988 mos
1946 4933 2000 4988 in

419 5000 651 5056 Ecclesia
681 5000 956 5071 perdurat.
989 4999 1195 5054 Paulin.
1234 5000 1406 5054 Nata].
1437 5018 1488 5055 Vl
1522 5019 1535 5053 :

540 5103 627 5152 Ast
651 5101 730 5150 alii
757 5103 896 5164 pictis
919 5101 1186 5151 accendant
1209 5099 1395 5150 lumina
1417 5081 1568 5151 ceris.

417 5196 782 5251 Muauomus.

487 5277 559 5347 (ε)
599 5275 747 5332 Idem
776 5274 986 5328 Paulin.
1019 5274 1195 5328 Natal.
1224 5290 1279 5328 Ill
1305 5274 1506 5329 cecinit
1533 5290 1546 5325 :

538 5377 739 5425 Lumina
761 5377 940 5423 ceratis
964 5373 1218 5424 adolentur
1242 5375 1388 5422 odora
1416 5375 1624 5436 papyris.

415 5468 529 5524 Mos
547 5469 645 5524 fuit
662 5477 772 5523 tum
797 5467 1048 5531 ethnicis,
1067 5475 1180 5520 tum
1200 5466 1514 5519 Christianis
1538 5479 1788 5535 scyrpum
1809 5464 1994 5585 papyri

416 5543 644 5585 maciem
671 5555 792 5585 cura
817 5539 1170 5585 circumdare-
1188 5545 1348 5585 nume
1363 5552 1428 5585 ex
1454 5535 1542 5585 illo
1563 5535 1816 5585 candelas
1845 5549 1874 5585 e
1893 5534 1994 5585 lor-

416 5543 644 5609 speciem
671 5555 793 5594 cera
817 5539 1170 5609 circuiridare,
1188 5545 1348 5604 atque
1363 5552 1430 5609 ex
1453 5535 1542 5589 illo
1563 5534 1816 5609 candelas
1845 5534 2000 5588 cll'or-

416 5605 580 5662 mare.
616 5610 819 5663 Plinius
843 5623 962 5678 cap.
993 5607 1081 5668 27,
1116 5607 1207 5660 lib.
1242 5623 1355 5678 xvi,
1388 5606 1458 5678 de
1495 5607 1702 5678 scyrpis
1730 5605 1989 5678 loquens:

417 5680 456 5730 Ε
482 5679 661 5749 quibus
690 5676 922 5732 detracto
949 5679 1138 5731 cortice
1166 5676 1396 5749 candela:
1441 5677 1737 5749 luminibus,
1767 5685 1815 5725 et
1844 5677 1995 5749 fune:

417 5745 551 5817 ribus
579 5752 820 5801 serviunt.
862 5750 1000 5803 Sunt
1045 5749 1208 5817 etiam
1253 5746 1520 5816 Antipatri
1571 5746 1811 5802 carmina
1856 5745 1996 5814 apud

417 5815 631 5871 Suidam
659 5819 710 5868 in
742 5819 877 5872 hanc
899 5834 1036 5872 rem:

3593 320 3688 377 536

2267 430 2508 488 Assiduis
2537 433 2738 488 facibus
2765 445 2949 502 sparsa
2973 429 3201 499 caligine
3218 431 3386 487 noctis

2239 524 2583 594 .Ambiguam
2610 526 2800 580 faciem
2832 525 3060 580 miscent
3099 523 3272 578 lucem
3302 523 3461 591 inter,
3487 529 3546 577 et
3579 537 3696 576 nm-

3483 613 3606 667 bras

3483 613 3606 667 bras

2268 707 2336 762 Et
2352 708 2570 764 dubium
2601 707 2821 778 trepidis
2849 705 3224 776 conspectibus
3252 719 3374 760 aera
3393 613 3630 759 tubbant:

2125 801 2230 856 425
2269 801 2412 872 Ergo
2433 802 2620 858 isthmc
2648 803 2708 872 (ί)
2744 801 2872 856 licet
2910 801 2961 854 in
2991 799 3180 870 patulo
3208 798 3310 853 sibi
3347 805 3597 869 prompta
3621 798 3695 851 vi-

3463 886 3635 950 deret,

3463 887 3610 940 deret

2266 981 2456 1037 Tutius
2484 990 2541 1036 et
2566 979 2790 1036 furanda
2832 979 2954 1044 sibi,
2986 978 3239 1050 quoniam
3267 887 3451 1032 minus[
3462 956 3610 1031 esset

2268 1075 2540 1139 Criminis,
2566 1083 2622 1129 et
2648 1074 2806 1143 pretii
2829 1087 3143 1142 suspensam
3169 1069 3352 1124 altaris
3381 1070 3450 1122 ab
3477 1083 3573 1122 ora
3597 1066 3658 1136 (j)

2267 1168 2518 1237 Longius,
2569 1175 2904 1236 argentoque
2954 1165 3127 1219 levem
3173 1161 3468 1217 emandare
3510 1161 3584 1230 (k)
3623 1159 3702 1212 lu-

3355 1253 3596 1326 [cernam
3622 1270 3635 1304 ε

2265 1349 2371 1405 Sed
2402 1349 2586 1415 miser,
2614 1348 2949 1411 ambitiosus,
2978 1355 3035 1401 ct
3062 1347 3174 1417 ipsa
3211 1346 3266 1400 in
3305 1344 3492 1399 fraude
3521 1358 3703 1412 supcr-

3518 1434 3639 1506 [bus

2123 1529 2228 1584 450
2267 1529 2561 1599 Tamquam
2590 1527 2696 1583 vile
2720 1525 2874 1582 nefas
2902 1534 3154 1596 argentea
3183 1539 3396 1580 sumere
3425 1524 3571 1578 furto

2189 1647 2202 1658 -
2265 1621 2501 1690 Sprevit,
2528 1627 2584 1673 et
2621 1619 2880 1673 audacem
2903 1617 3144 1686 porrexit
3171 1617 3226 1670 in
3246 1630 3409 1670 aurea
3441 1615 3704 1683 dextram,

2269 1713 2401 1779 Qua:
2430 1711 2589 1768 simul
2611 1726 2642 1766 e
2670 1711 2832 1765 variis
2850 1709 2910 1780 (l)
2935 1710 3068 1765 scite
3093 1709 3342 1764 distincta
3367 1709 3565 1777 lapillis

2267 1803 2503 1868 Viderat,
2533 1811 2586 1857 et
2607 1803 2814 1871 magnis
2840 1800 3052 1855 inﬂarat
3079 1808 3301 1870 pectora
3326 1801 3492 1864 votis,

2267 1893 2332 1947 Ut
2353 1893 2557 1963 pariter
2576 1893 2802 1961 gemmis
2820 1891 3077 1959 gauderet
3105 1891 3275 1959 dives,
3304 1901 3359 1946 et
3388 1907 3550 1948 auro.

2117 1985 2222 2040 455
2260 1985 2367 2040 Sed
2396 1992 2602 2039 tantum
2629 1983 2847 2038 sceleris
2868 1984 3045 2052 magni
3067 1984 3372 2038 cumulatur
3403 1984 3502 2054 (m)
3533 1984 3704 2052 iniquo

2262 2074 2507 2131 Pondere
2531 2093 2543 2126 :
2581 2081 2803 2143 peccato
2831 2074 3028 2128 mansit
3055 2074 3259 2142 gravis,
3295 2082 3351 2128 et
3394 2074 3534 2129 levis
3557 2089 3660 2128 aere
3689 2089 3703 2126 :

2263 2167 2600 2235 Sacrilegum
2627 2181 2722 2221 sua
2753 2180 2913 2237 poma
2959 2163 3161 2230 m'anet,
3209 2179 3305 2219 sua
3333 2164 3516 2234 praeda
3548 2165 3702 2218 latro-

3496 2256 3637 2328 [nem

2253 2349 2523 2404 Deseruit.
2553 2346 2741 2415 Spolio
2757 2347 2906 2411 furti,
2932 2362 3036 2399 non
3060 2345 3285 2400 crimine
3315 2345 3496 2400 nudus

2260 2443 2397 2496 Vivit
2428 2441 2582 2510 inops
2603 2439 2794 2504 fructu,
2813 2437 2910 2492 sed
2939 2439 3160 2492 vulnere
3183 2435 3382 2492 fraudis
3403 2437 3701 2492 abundans.

2115 2532 2220 2587 440
2258 2531 2593 2600 Quamquam
2625 2529 2771 2582 illum
2802 2544 2909 2582 non
2939 2529 3045 2583 hoc
3091 2541 3286 2597 magno
3329 2529 3448 2582 sine
3492 2527 3702 2580 numine

3394 2615 3639 2688 [Christi,

2256 2709 2604 2778 Consilioque
2632 2717 2813 2779 putem
2838 2708 3156 2777 permissum
3179 2707 3382 2762 crimen
3405 2707 3588 2760 adisse
3607 2705 3699 2774 (ηε

2259 2803 2332 2859 Ut
2355 2804 2480 2874 quia
2501 2803 2583 2858 vel
2606 2803 2893 2872 quicquam
2921 2801 2989 2855 de
3017 2801 3187 2856 sacris
3217 2799 3407 2854 tollere
3436 2801 3603 2854 rebus

2262 2963 2518 3037 Λαμπάδα
2546 2965 2874 3037 κηροχίτωνα
2900 2961 3080 3034 κρόνου
3106 2966 3337 3037 ςτυφὴρεα
3362 2962 3561 3037 λύχνον

2403 3032 2618 3105 Σχοίνῳξ
2648 3037 2730 3087 καὶ
2753 3034 2908 3107 λεπτῇ
2937 3032 3262 3104 ἁφιγγόμεὺού
3291 3033 3546 3102 παπύρῳ.

2038 3159 2082 3218 C
2118 3124 2247 3218 Quae
2273 3125 2533 3218 gic‘verto
2625 3123 2964 3218 Lampadem,
3015 3141 3214 3205 cereum
3256 3124 3484 3218 tunicam
3513 3123 3697 3218 haben.

2116 3205 2238 3261 tein,
2266 3195 2483 3249 Saturni
2507 3195 2772 3248 ardentem
2795 3194 3076 3259 lucemant,
3109 3195 3268 3264 junco
3289 3202 3338 3247 et
3359 3194 3451 3247 levi
3483 3195 3699 3248 constri-

2113 3275 2250 3318 ctam
2279 3281 2495 3334 papyro.
2527 3264 2892 3334 MlFRA'l‘ORIllS.

2186 3337 2257 3406 (fl
2293 3333 2474 3404 Virgil.
2509 3334 2600 3388 lib.
2628 3333 2882 3388 i/Eueid.
2908 3333 3018 3387 ita:

2238 3489 2257 3538 1
2389 3491 2427 3537 8,
2609 3425 2903 3488 Dependent
2927 3425 3082 3486 lychni
3107 3426 3421 3488 laquearibus
3444 3425 3574 3476 altis

2262 3502 2384 3538 ncen
2417 3503 2448 3538 μ

2341 3503 2448 3538 πίει.

2111 3571 2232 3642 Ipse
2256 3571 2514 3626 Paulinus
2541 3569 2663 3624 Nat.
2687 3586 2738 3623 vr
2764 3585 2777 3622 :

2237 3663 2609 3727 Multiroresque
2635 3664 2764 3712 cavis
2790 3661 2987 3726 lychnos
3011 3664 3324 3726 laquearibus
3344 3671 3535 3727 aptent.

2112 3722 2177 3777 Et
2200 3723 2376 3779 Nata].
2401 3743 2455 3780 ix
2480 3743 2492 3778 :

3008 3794 3267 3858 Tectoque
3289 3808 3502 3857 superne

2237 3856 2522 3906 Pendenles
2547 3855 2703 3918 lychni
2728 3857 2873 3916 Spiris
2894 3855 3387 3916 retini-ntur’ahenis,

2236 3919 2296 3967 Et
2317 3918 2480 3966 medio
2505 3917 2730 3965 in’vacno
2756 3920 2876 3967 laxis
2900 3931 3018 3979 vaga
3044 3917 3224 3967 lumina
3251 3925 3419 3967 nutant

2236 3979 2471 4038 Funtbus,
2499 3980 2738 4028 undantes
2763 3982 2978 4030 [laminas
3000 3979 3124 4029 levis
3143 3992 3259 4028 aura
3283 3980 3465 4043 fatigat.

2109 4053 2476 4107 Munuonws.

2182 4122 2258 4193 (g)
2289 4120 2560 4176 Lucernas
2579 4121 2839 4193 graphice
2851 4120 3124 4186 describit,
3145 4136 3263 4191 qua:
3286 4120 3498 4193 lumiere
3519 4119 3698 4193 italico

2112 4191 2511 4262 nuncupantur,
2541 4207 2766 4260 quinque
2792 4191 3075 4246 Mediolani
3118 4201 3234 4247 arte
3260 4191 3394 4262 mira
3431 4191 3696 4262 elaborari

2110 4259 2308 4318 solent.
2337 4259 2430 4315 liae
2457 4259 2697 4330 pluribus
2741 4269 2999 4330 constant
3028 4263 3208 4324 ramis,
3259 4270 3350 4314 aut
3378 4261 3612 4330 brachiis
3633 4261 3697 4314 ab

2110 4349 2217 4388 uno
2237 4333 2438 4401 stipite,
2460 4329 2557 4386 aut
2579 4347 2609 4384 a
2632 4329 2808 4385 medio
2831 4331 2964 4386 orbe
2980 4332 3031 4386 in
3061 4332 3316 4386 circulum
3333 4329 3692 4384 tendentibus.

2110 4401 2314 4472 Singuli
2344 4401 2480 4456 rami
2511 4401 2684 4456 cereis
2713 4401 2823 4472 suis
2849 4402 2901 4455 in
2949 4403 3227 4456 cacumine
3272 4409 3598 4468 gravantur,
3645 4405 3695 4453 et

2110 4471 2404 4542 pendentes
2427 4471 2890 4542 circumundique
2911 4472 3147 4542 crystalli
3177 4473 3368 4542 baccas
3388 4472 3460 4542 ita
3485 4477 3692 4539 gerunt,

2036 4534 2085 4594 ι)
2111 4534 2171 4597 iit
2195 4543 2372 4596 lumen
2404 4543 2458 4595 in
2485 4542 2603 4596 illas
2631 4534 2930 4611 impingens
2957 4534 3120 4596 nobili
3149 4541 3409 4596 varietate
3449 4534 3689 4594 itcretur.

2111 4612 2483 4667 Munnoams.

2187 4684 2267 4752 (Ii)
2308 4684 2501 4737 Noster
2527 4681 2672 4745 cod.,
2704 4681 2926 4736 calillos.
2964 4679 3398 4752 Mur.,caliclos:
3428 4693 3589 4752 quam
3620 4679 3694 4734 lc-

2107 4751 2340 4808 ctiOnem
2370 4752 2567 4823 probo,
2601 4759 2671 4823 ut.
2687 4753 2755 4806 sit
2785 4753 3014 4823 positum
3043 4751 3250 4823 caliclos
3278 4751 3668 4823 pro__caliculos_.

2181 4823 2245 4906 (ᾗ)
2285 4819 2421 4878 Mur.
2454 4821 2608 4887 cod.,
2642 4819 2751 4875 Iste
2786 4819 2932 4892 ergo.
2966 4822 3034 4874 At
3085 4821 3254 4877 nostri
3292 4820 3494 4875 codicis
3537 4819 3692 4875 lectio

2107 4908 2455 5034 vegcrtmm
2486 4976 2602 5034 {go
2624 4958 2830 5034 panum
2852 4960 3313 5034 suspendebantur
3334 4959 3607 5030 lampades
3624 4958 3689 5014 ad

2104 5031 2291 5088 altaris
2315 5034 2474 5087 latus.
2506 5031 2640 5086 Hinc
2662 5031 2750 5086 ille
2780 5031 2951 5085 Natal.
2985 5047 3040 5086 in
3075 5048 3088 5083 :

2227 5113 2362 5163 Clara
2386 5119 2675 5161 coronantur
2697 5111 2864 5161 densis
2886 5111 3056 5160 altaria
3081 5109 3281 5172 lychnis.

2103 5183 2470 5238 Munnonws.

2177 5254 2251 5321 (Ις)
2290 5253 2449 5315 Mum,
2482 5252 2774 5306 emendare.
2818 5250 3010 5321 Noster
3039 5250 3183 5321 cod.,
3213 5249 3496 5304 emundare
3525 5263 3687 5321 aqua:

2103 5320 2263 5378 lectio
2302 5323 2511 5377 videtur
2537 5321 2836 5376 retinenda.
2890 5320 3000 5374 Nisi
3030 5320 3168 5374 forte
3216 5321 3396 5389 legere
3443 5320 3684 5374 malimus

2106 5393 2392 5446 amandare
2419 5409 2436 5445 :
2466 5401 2526 5446 ut
2548 5391 2700 5456 infra,
2732 5407 2871 5446 vers.
2902 5390 3026 5443 658.

2175 5463 2238 5530 (l)
2279 5462 2446 5525 Mur.,
2471 5472 2519 5515 et
2541 5463 2732 5527 variis;
2765 5468 2949 5516 noster
2977 5459 3121 5522 cod.,
3170 5476 3200 5514 e
3232 5459 3388 5513 variis
3411 5476 3429 5513 :
3461 5467 3683 5527 utraque

2102 5531 2263 5587 lectio
2292 5531 2603 5602 probabilis.

2170 5604 2264 5671 (in)
2291 5594 2448 5663 Μαι,
2473 5599 2794 5671 cumulatus;
2827 5607 3011 5653 noster
3030 5597 3175 5664 cod.,
3197 5598 3526 5652 cumulatur:
3558 5594 3681 5652 mihi

2097 5669 2253 5742 prior
2276 5672 2434 5742 lectio
2473 5671 2640 5742 magis
2662 5669 2860 5742 placet.

2171 5744 2251 5810 (η)
2292 5741 2426 5800 Mur.
2452 5735 2598 5805 codf,
2629 5735 2806 5794 adesse
2837 5757 2853 5792 :
2897 5748 2953 5794 at
2980 5737 3266 5810 legendum
3305 5745 3388 5793 est
3412 5735 3603 5803 adisse,
3622 5741 3675 5789 ul

2100 5823 2183 5868 est
2209 5814 2262 5868 in
2292 5819 2476 5868 nostro
2501 5810 2710 5867 codice.
