3988 6176
285 331 383 385 537

423 440 601 521 Mente
620 442 929 512 recepisset,
962 443 1228 499 sineretur
1256 445 1323 500 ad
1345 445 1435 500 illa
1458 446 1643 501 venire
1666 486 1682 513 ,

421 531 482 586 In
502 532 698 601 quibus
717 533 933 589 admissi
957 535 1202 604 impietas
1231 536 1487 603 insignior
1517 545 1677 591 esset.

285 623 386 677 445
424 624 561 696 Ante
588 623 704 679 dies
729 640 926 694 paucos
956 626 1099 681 idem
1125 627 1439 696 confugerat
1466 628 1590 683 illuc
1609 626 1683 699 (a)

424 713 668 771 Militiam
697 715 952 769 simulans
970 714 1172 784 lugere,
1205 725 1261 771 et
1287 725 1566 787 susceptus
1586 717 1755 772 amice

426 804 635 873 Hospes
659 806 726 861 ab
744 806 954 862 mdituis
986 808 1057 878 (b)
1084 824 1290 864 sacram
1318 811 1631 866 curantibus
1662 811 1858 865 aulam.

424 895 565 951 Toto
590 910 729 965 pene
759 897 931 951 latens
956 897 1028 951 ibi
1061 897 1130 969 (c)
1153 914 1337 955 mense
1365 901 1590 965 cubilia,
1620 916 1860 963 somnos,

422 985 786 1059 575-476
813 987 1078 1058 Tempora
1116 990 1394 1047 custodum
1434 994 1593 1048 simul
1615 993 1862 1063 explora-

1359 1086 1549 1159 [verat.
1581 1084 1648 1139 Et
1672 1102 1791 1141 cum

288 1167 391 1223 450
428 1167 670 1237 Cepisset
691 1169 767 1240 (ά)
799 1170 1034 1240 placidas
1064 1172 1134 1242 (e)
1158 1174 1393 1229 meditati
1420 1175 1658 1231 criminis
1682 1176 1864 1243 horas,

427 1259 597 1314 Nocte
623 1260 773 1315 nefas
805 1262 963 1316 tacita
1001 1263 1248 1332 arripuit,
1271 1265 1522 1334 nulloque
1550 1266 1756 1331 labore,

428 1350 538 1405 Nec
559 1352 785 1419 strepitu
804 1352 1006 1408 foribus
1030 1354 1225 1408 clausis
1251 1355 1503 1421 inclusus,
1536 1365 1594 1410 ut
1623 1372 1757 1410 unus

429 1438 769 1506 Servantum,
792 1441 984 1511 quibus
1008 1442 1207 1515 hospes
1227 1446 1578 1515 crat,primos
1606 1446 1696 1499 ubi
1716 1461 1864 1502 som-

1565 1539 1685 1611 [nos
1725 1538 1793 1609 (t)

428 1625 547 1681 Non
573 1624 764 1695 vigiles
788 1624 987 1694 Vigiles
1013 1641 1226 1697 ccipere
1251 1626 1530 1684 silentibus
1559 1629 1761 1683 umbris

1723 336 1949 393 POEMA
1988 336 2120 392 xxx.

1886 458 1933 510 Α
1963 442 2067 497 455
2105 442 2362 512 Carpere,
2394 449 2451 495 et
2478 439 2751 511 oppressis
2777 438 2976 493 oblivia
3000 438 3198 496 ducere
3218 440 3398 496 curis:

3439 332 3541 388 538

2102 532 2196 587 ille
2244 532 2422 587 locum
2468 546 2688 587 sumens
2730 529 2924 585 sceleri
2956 530 3053 601 (g),
3080 546 3183 600 qua
3212 532 3288 600 (h)
3318 539 3542 586 noverat

3374 636 3471 674 11811

3374 636 3471 674 usu

2105 714 2415 785 Expositam
2447 713 2510 785 (i)
2559 712 2765 783 lychnis
2787 726 2885 782 per
2909 719 3126 767 noctem
3153 726 3222 767 ex
3259 622 3410 766 moE'e
3448 727 3543 780 pa-

3294 800 3473 855 randis

2105 891 2457 946 Machinulam
2482 890 2735 960 gradibus
2758 890 2929 945 scalas
2961 889 3199 958 praebere
3225 800 3541 959 ρὲἒῗέιῗβ).

2107 983 2173 1036 Ει
2216 984 2355 1038 male
2400 998 2592 1037 securo
2618 982 2719 1036 sibi
2748 989 2877 1035 tunc
2906 980 2980 1051 (It)
3007 979 3229 1036 custode
3255 980 3496 1034 relictam
3528 995 3540 1030 :

1966 1075 2069 1130 460
2106 1074 2234 1141 Qua:
2256 1075 2319 1146 (ι)
2349 1075 2523 1129 crucis
2560 1074 2730 1128 instar
2778 1080 2923 1138 erat,
2972 1071 3115 1140 quod
3151 1080 3206 1125 et
3258 1078 3343 1126 est
3382 1069 3544 1125 modo

2036 1162 2039 1165 ’
3064 1161 3306 1233 [perpete
3326 1162 3474 1230 virga

2110 1253 2398 1315 Dircctum,
2416 1252 2658 1319 geminos
2676 1260 2983 1306 transverso
3010 1251 3179 1304 limite
3205 1251 3297 1321 (ιη)
3327 1260 3543 1320 gestans

2104 1342 2463 1398 Cantharulos
2504 1344 2580 1413 (η)
2612 1359 2625 1396 :
2660 1358 2823 1396 unqu
2858 1341 2927 1395 de
2957 1342 3103 1396 calce
3131 1342 3375 1395 catenula
3412 1356 3544 1411 pen-

3343 1431 3478 1487 dens

3343 1432 3478 1487 dens

2106 1524 2348 1581 Sustinet
2377 1542 2390 1577 :
2422 1524 2476 1579 in
2505 1523 2673 1579 tribus
2702 1523 2785 1579 his
2812 1523 3082 1595 scyphulis
3108 1522 3181 1594 (0)
3222 1432 3420 1577 instErta
3467 1523 3543 1594 (ρ)

3210 1614 3478 1687 [relucent

355 1782 435 1849 (a)
477 1780 832 1862 Eccl-esiarum
861 1782 1274 1848 immunitatem,
1321 1797 1419 1837 seu
1453 1782 1657 1905 as¥lum
1688 1783 1866 1838 multis
1900 1806 1941 1865 Β
1968 1792 2082 1847 Hoc
2110 1792 2402 1859 θςιίηιαςο,
2426 1788 2548 1842 Fuit
2572 1789 2675 1843 hoc
2694 1788 2855 1843 etiam
2885 1785 3038 1840 Latio
3069 1787 3278 1842 meliori
3301 1786 3540 1843 vocab“-

356 1852 548 1905 emnhs
596 1851 824 1904 illustrat
851 1851 912 1904 V.
944 1850 1003 1905 C.
1037 1850 1285 1905 Gothofr.
1312 1860 1444 1905 tom.
1477 1853 1518 1905 ll
1549 1893 1562 1905 .
1606 1852 1728 1905 cod.
1761 1852 1859 1905 Th.
1971 1864 2095 1905 Inm-
2128 1862 2273 1905 Vim-
2304 1861 2336 1905 I-
2365 1877 2412 1905 νι
2439 1858 2648 1905 Ᾱζηίεὶιι.
2685 1876 2696 1905 :

286 1852 548 1935 esen'ipli‘s
596 1851 824 1935 illustrat
851 1851 912 1904 V.
936 1850 1003 1933 Ὀ.
1031 1850 1285 1935 _G_othpfr.
1312 1860 1444 1935 tem.
1477 1850 1562 1935 ll},
1606 1852 1728 1935 cod.
1755 1852 1859 1935 _Th.

290 1922 371 1974 tit.
402 1919 491 1984 45,
523 1921 558 1974 Ι.
591 1937 607 1975 ι
634 1922 701 1975 de
741 1922 822 1975 his
860 1922 950 1989 qui
980 1923 1044 1975 ad
1075 1921 1214 1977 Eccl.
1248 1921 1460 1990 confug.
1493 1922 1641 1976 lianc
1665 1931 1867 1976 statue-

287 2001 410 2045 runt
434 2000 619 2059 postea
652 1993 813 2060 impp.
848 1991 1179 2045 Theodosius
1207 2009 1269 2046 ac
1319 1994 1723 2047 Valentinianus
1752 1993 1787 2045 l.
1816 2009 1868 2045 tv

285 2062 407 2133 eod.
437 2063 540 2133 tit__:
566 2061 813 2133 Pateant,
849 2062 1111 2129 inquiunt,
1142 2064 1328 2115 summi
1354 2064 1445 2116 Dei
1476 2066 1660 2133 templa
1686 2064 1869 2115 timen-

286 2132 442 2184 tibus.
477 2128 589 2184 Nec
613 2132 725 2185 sola
754 2128 967 2201 altaria,
997 2142 1046 2201 et
1084 2134 1366 2185 oratorium
1397 2128 1867 2201 templi'circumje—

286 2211 419 2281 ctum
442 2201 513 2252 ad
539 2204 801 2283 tuitionem
820 2197 1227 2283 confugientium
1241 2197 1508 2283 sancinuu'
1527 2218 1638 2283 esse
1669 2197 1867 2283 prepo-

286 2272 407 2337 sita,
437 2280 544 2325 etc.
574 2271 716 2325 ldem
746 2273 1062 2339 exprimitur
1104 2274 1157 2325 in
1206 2272 1373 2327 altera
1416 2271 1702 2327 Theodosii
1741 2271 1863 2324 Jun.

285 2340 424 2463 fige,
454 2356 618 2410 super
641 2342 834 2411 quibus
854 2342 1212 2397 consulendus
1228 2342 1474 2397 laudatus
1484 2340 1863 2397 Gothofredus.

340 2427 655 2463 URATOBIUS.

340 2427 655 2466 UMTOBIUS.

358 2490 437 2560 (ὁ)
463 2489 715 2546 ίΕόὶιιιιιε
737 2492 875 2560 apud
891 2498 1101 2545 veteres
1115 2491 1371 2546 wditimus
1391 2491 1551 2545 etiam
1570 2492 1864 2558 dicebatur,

284 2566 340 2613 et
391 2576 561 2614 sacra:
587 2562 717 2615 cedis
768 2569 951 2615 custos
977 2562 1079 2615 hoc
1109 2564 1324 2615 nomine
1354 2562 1753 2617 insigniebatur.
1787 2563 1867 2615 Ah

284 2630 516 2685 ethnicis
538 2631 601 2683 ad
622 2629 955 2685 Christianos
972 2630 1286 2685 vocabulum
1309 2629 1643 2685 translatum.
1660 2631 1867 2687 Aiditui

285 2707 465 2771 autem
489 2702 728 2771 nilialiud
776 2710 902 2755 sunt
938 2716 1100 2771 quam
1130 2701 1355 2768 ostiarii,
1384 2716 1612 2771 quorum
1641 2703 1775 2757 ordo
1815 2704 1867 2756 in

287 2768 529 2825 Ecclesia
556 2770 651 2824 Dei
699 2773 766 2825 ab
794 2771 923 2839 ipsis
956 2768 1087 2840 ejus
1137 2768 1472 2825 incunabulis
1499 2771 1685 2839 viguit.
1732 2772 1868 2827 Hinc

285 2841 425 2913 apud
455 2840 673 2913 Graecos
702 2841 1042 2895 ostiariorum
1075 2840 1207 2913 ordo
1234 2842 1480 2913 neexépaw
1506 2844 1646 2905 τάξις
1662 2843 1869 2913 _appel-

285 2909 447 2973 latur,
475 2910 618 2979 quod
661 2927 855 2965 nomen
908 2910 1124 2981 proprie
1164 2909 1407 2981 tedituum
1444 2920 1618 2981 sonat.
1661 2909 1869 2966 Paulini

288 2994 419 3033 vero
448 2982 617 3033 nostri
648 2981 797 3035 locus
827 2981 877 3033 in
908 2980 1044 3048 ep.6
1072 2981 1139 3034 ad
1168 2980 1436 3044 Sever.ab
1464 2980 1545 3034 his
1572 2980 1744 3035 lucem
1774 2997 1867 3036 ac-

285 3049 469 3117 cipiet.
503 3049 676 3116 lnquit
709 3052 753 3104 is
785 3070 796 3103 :
834 3050 1121 3119 Repentina
1142 3053 1187 3105 vi
1209 3051 1576 3116 multitudinis,
1606 3051 1694 3103 sed
1715 3052 1867 3105 credo

285 3120 448 3186 ipsius
474 3121 801 3174 ordinatione
845 3130 1126 3189 correptus,
1168 3130 1218 3173 et
1251 3122 1601 3191 presbyterum
1637 3122 1868 3176 initiatus

285 3205 420 3253 sum,
458 3192 642 3262 fateor,
668 3191 874 3262 invitus,
904 3207 1007 3243 non
1037 3192 1248 3259 fastidio
1287 3190 1383 3244 loci
1408 3190 1432 3261 ί(
1450 3208 1570 3244 nam
1599 3200 1758 3262 testor
1785 3193 1867 3262 ip-

287 3275 421 3331 sum,
452 3259 573 3329 quia
592 3270 641 3313 et
661 3259 724 3312 ab
754 3261 929 3314 (τάὶιηὶ
951 3263 1175 3324 nomine,
1200 3270 1247 3313 et
1277 3259 1438 3331 ofﬁcio
1474 3261 1643 3331 optari
1667 3259 1870 3331 sacram

286 3328 514 3400 incipere
531 3332 843 3400 servitutem)
872 3331 983 3393 sed,
1015 3341 1119 3387 etc.
1150 3328 1515 3399 Vides—itaque
1530 3332 1691 3386 etiam
1733 3330 1861 3384 Pau-

289 3398 380 3451 lini
404 3407 651 3472 t_e_mpor_e_
666 3398 870 3455 ostiarii
891 3416 1083 3456 munus
1097 3402 1326 3472 primum
1346 3398 1629 3456 clericatus
1648 3401 1869 3470 gradum

288 3468 581 3523 exstitisse.
604 3469 971 3525 Memnonios.
1098 3468 1114 3472 ’
1662 3468 1691 3477 ἡ·

360 3547 433 3617 (c)
472 3547 608 3601 Mur.
633 3550 776 3614 cod.,
804 3551 888 3603 ubi
921 3566 938 3603 :
966 3558 1193 3618 utraque
1215 3549 1376 3604 lectio
1405 3548 1790 3618 probabilis.—
1812 3549 1869 3604 In

288 3616 405 3683 lege
434 3618 681 3687 superius
726 3628 1023 3673 memorata
1077 3616 1429 3687 imperatores
1482 3619 1871 3673 immunitatem

290 3687 470 3742 multis
491 3689 652 3742 etiam
678 3690 918 3745 ecclesia:
940 3690 1304 3758 adjacentibns
1323 3689 1456 3744 locis
1473 3698 1868 3753 concesserant,

289 3758 662 3828 rationemque
708 3760 924 3828 pietatis
971 3761 1110 3813 hanc
1162 3759 1451 3813 adferunt:
1494 3758 1662 3828 lianc,
1701 3768 1873 3811 autem

288 3828 447 3892 spatii
475 3827 796 3882 latitudinem
818 3830 934 3883 ideo
952 3829 1298 3899 indulgemus,
1330 3845 1397 3881 ne
1421 3830 1472 3882 in
1493 3831 1605 3893 ipso
1635 3827 1731 3882 Dei
1755 3838 1874 3881 tem-

289 3899 394 3964 pto.
427 3906 478 3950 et
505 3902 850 3969 sacrosanctis
879 3898 1130 3954 altaribus
1153 3900 1556 3969 confugiendum
1571 3914 1872 3969 quemquam

291 3983 462 4039 mane,
484 3968 582 4039 evel
620 3986 851 4039 vespere,
875 3970 1075 4033 cubare,
1123 3969 1199 4022 vel
1226 3967 1528 4038 pernoctare
1566 3967 1741 4022 liceat;
1767 3967 1874 4039 Fur

290 4036 580 4108 igiturjste
609 4039 661 4092 in
693 4036 806 4108 ipsa
840 4038 1058 4095 basilica
1093 4036 1312 4094 somnos
1337 4053 1559 4107 carpere
1596 4054 1705 4093 non
1733 4038 1875 4093 sole-

290 4107 403 4161 bat.
435 4105 801 4165 Munnonfus.

364 4185 445 4255 (ά)
486 4184 645 4252 Mur.,
692 4188 957 4258 coepisset:
988 4202 1105 4257 qum
1148 4185 1306 4242 lectio
1333 4201 1460 4242 sane
1485 4193 1565 4241 est
1593 4184 1871 4240 mendosa.

371 4266 444 4387 (le)
485 4264 621 4320 Mur.
663 4268 809 4332 cod.,
840 4268 1063 4338 placitas
1102 4282 1120 4319 :
1151 4274 1208 4320 at
1243 4266 1414 4322 nostri
1460 4265 1661 4322 codicis
1714 4265 1875 4321 lectio

371 4350 383 4387 ξ
408 4352 508 4387 101³.

293 4349 508 4389 melior.

364 4415 433 4535 (ς’)
477 4413 609 4469 llinc
645 4414 793 4471 disce
819 4414 1050 4470 ostiariis
1085 4415 1459 4469 necessitatem
1490 4413 1790 4484 impositam
1824 4415 1875 4467 in

364 4499 389 4535 c
413 4484 541 4535 esiis
571 4493 732 4535 noctu
754 4484 1003 4535 cubandi.
1029 4485 1207 4535 ibiaue
1225 4485 1433 4535 vigilias
1462 4485 1707 4535 ducendi.
1739 4484 1875 4535 Con-

293 4484 541 4553 ccclesiis
571 4493 732 4539 noctu
754 4484 1003 4550 cubandi,
1029 4485 1207 4553 ibique
1225 4485 1433 4553 vigilias
1462 4485 1707 4539 ducendi.
1739 4484 1877 4539 Con-

294 4532 1205 4624 ᾇᾴῐέῖίἔιιίἒτῗᾗῖἐζῖιὲἷξίῗὲέιῇἶ
1238 4532 1878 4617 ιὀιὶὲ“⁷εεῖ‹ἷιῖῖἑῖὲὲιῖξὲι
1910 4532 1956 4592 ι)

295 4622 493 4693 Morini.
518 4624 583 4677 de
625 4622 766 4679 sacr.
797 4624 981 4678 Ordin.
1022 4622 1322 4678 Etiamnum
1370 4625 1422 4678 in
1465 4624 1877 4693 metropolitana

294 4691 582 4747 Mediolani
612 4694 835 4749 ecclesia
859 4695 909 4747 id
933 4695 1099 4749 moris
1126 4698 1405 4749 retinetur.
1428 4691 1792 4749 Munuomus.

370 4772 447 4840 (g)
466 4771 600 4825 Mur.
626 4773 746 4827 cod.
774 4773 934 4841 paulo
960 4773 1134 4837 aliter,
1155 4774 1243 4827 ille
1262 4774 1429 4827 locum
1448 4774 1624 4827 sceleri
1652 4788 1876 4827 sumens.

298 4839 513 4895 Mallem
544 4843 723 4911 legere
750 4839 968 4911 sumpsit
990 4858 1149 4911 quam
1171 4860 1397 4897 sumens.

371 4912 450 5048 Y1)
491 4911 627 4965 Mur.
658 4912 801 4977 cod.,
833 4929 1015 4981 quam;
1046 4922 1229 4968 noster
1256 4913 1445 4978 codex,
1476 4929 1598 4983 qua.

396 4983 434 5045 i)
473 4980 603 5035 Mur.
638 4983 783 5045 cod.,
810 4982 1123 5048 adpositam.

396 4983 434 5045 i)
473 4980 603 5035 Mur.
638 4983 783 5045 cod.,
810 4980 1123 5050 adpositam.

374 5052 439 5120 (j)
479 5050 612 5121 Mur.
643 5052 765 5121 cod.
785 5092 800 5117 ,
831 5061 1093 5121 paratam.

375 5119 446 5189 (is)
472 5119 621 5191 Mur.
648 5120 771 5176 cod.
802 5119 899 5191 pro
922 5130 1040 5174 tunc
1068 5122 1229 5176 habet
1248 5122 1380 5191 jam.

374 5191 434 5258 (ι)
464 5190 594 5245 Mur.
620 5191 770 5255 cod.,
796 5190 927 5259 qua:
954 5200 1009 5246 et
1038 5192 1110 5245 ita
1138 5190 1325 5247 revera
1346 5191 1878 5259 videturlegendum.

302 5298 373 5308 —
398 5268 568 5338 lnstar
595 5270 684 5323 hic
711 5269 1025 5323 sumendum
1054 5286 1153 5338 pro
1200 5271 1449 5337 imagine,
1493 5269 1684 5336 forma,
1706 5278 1800 5324 aut
1822 5270 1881 5321 ii-

302 5349 450 5405 gura.
473 5337 529 5392 id
548 5340 674 5393 alibi
701 5340 754 5393 in
780 5340 885 5394 hoc
912 5337 1086 5394 Natali
1107 5341 1343 5395 occurrit
1372 5359 1384 5393 :

423 5437 549 5502 Ante
573 5448 755 5497 tamen,
779 5439 895 5502 quia
922 5451 1004 5489 res
1026 5441 1116 5489 hoc
1141 5439 1368 5502 postulat,
1399 5440 1551 5502 ipsius
1574 5440 1728 5489 instar

427 5497 671 5548 Enarrsbo
691 5497 865 5549 crucis.

301 5580 423 5637 Nat.
452 5596 541 5635 xm
567 5598 579 5632 :

426 5694 751 5806 ipski’gsinslar
775 5699 873 5747 erit
898 5696 1102 5747 Domino
1127 5709 1249 5759 puer
1274 5698 1370 5745 iste
1395 5695 1570 5745 beatus

472 5770 492 5803 l’
562 5772 639 5805 HS.

472 5770 639 5805 I’DUHS.

1968 1864 2096 1917 lum.
2128 1862 2274 1929 Virg.
2302 1858 2336 1913 l.
2365 1877 2413 1915 γι
2436 1858 2648 1913 ίΕηεὶιΙ.
2685 1876 2696 1910 :

2636 1956 2875 2014 Quantum
2900 1956 3052 2003 instar
3078 1957 3124 2003 in
3150 1956 3257 2017 ipso
3281 1955 3391 2003 est!

1967 2050 2229 2106 Videlicet
2256 2048 2537 2116 exemplar.
2584 2044 2795 2116 Ulpian.
2827 2046 2879 2100 in
2910 2046 2944 2099 l.
2982 2046 3044 2100 Si
3075 2047 3360 2115 stipulatio,
3390 2046 3449 2115 ff.
3483 2049 3544 2101 de

1967 2123 2085 2175 novi
2107 2137 2195 2190 ορ,
2227 2118 2469 2171 Nuntiat.
2500 2117 2611 2190 ait:
2645 2118 2705 2171 Si
2738 2118 3239 2190 proponatur-instar
3266 2118 3545 2185 quoddam,

1966 2199 2016 2244 et
2043 2185 2191 2270 quasi
2214 2190 2372 2270 [acies
2393 2187 2629 2256 qua’dam
2658 2185 2841 2270 operis;
2858 2189 3017 2256 facta.
3051 2185 3415 2270 Munuonws.

2040 2255 2139 2330 (in)
2168 2255 2344 2312 Limes
2391 2255 2728 2330 transversus
2775 2255 3061 2330 aliusnon
3097 2264 3178 2330 est
3219 2270 3378 2323 quam
3402 2257 3547 2330 trabs

1968 2325 2291 2389 transversa,
2322 2342 2440 2394 qua:
2496 2325 2737 2380 lateralia
2788 2326 2961 2381 crucis
2989 2325 3205 2380 brachia
3243 2326 3541 2381 constituit.

1968 2398 2121 2453 lianc
2148 2400 2283 2452 intra
2310 2396 2382 2449 ita
2412 2395 2659 2464 designat
2686 2412 2698 2449 :

2092 2500 2295 2563 Quaque
2318 2510 2551 2545 cacumen
2576 2497 2741 2555 habet,
2769 2502 3047 2544 transverso
3071 2504 3211 2544 recte
3228 2496 3449 2557 jugatur.

1968 2587 2026 2644 S.
2050 2587 2183 2655 Aug.
2216 2594 2372 2642 tract.
2401 2584 2503 2638 “8
2525 2585 2579 2639 in
2609 2584 2862 2639 Johann.:
2895 2583 3035 2639 Crux
3057 2586 3163 2638 lata
3190 2597 3266 2639 est
3293 2589 3347 2640 in
3378 2598 3548 2643 trans-

1967 2675 2111 2712 verso
2155 2658 2315 2727 ligno,
2366 2673 2463 2726 quo
2500 2655 2847 2727 extenduntur
2878 2656 3145 2727 pendentis
3198 2672 3399 2727 ntanus.
3434 2658 3549 2712 Duo

1968 2729 2148 2797 itaque
2175 2725 2243 2780 ex
2296 2725 2384 2780 his
2417 2726 2741 2797 cantharulis
2782 2725 2962 2797 crucis
3006 2734 3205 2797 sancta:
3244 2726 3549 2783 lateralibus

1969 2794 2203 2852 brachiis
2228 2795 2744 2866 superponebantur.
2769 2794 2992 2866 Crucem
3022 2796 3415 2866 elegantissime
3440 2798 3550 2851 ela-

1969 2867 2211 2921 boratam
2236 2864 2503 2933 Aringhus
2548 2864 2754 2933 profert
2783 2864 2873 2934 lib.
2897 2879 2963 2934 ιι,
2995 2878 3114 2934 cap.
3158 2864 3259 2934 22,
3290 2880 3410 2934 pag.
3444 2868 3542 2920 38f

1970 2936 2127 2991 Rom.
2158 2932 2425 2999 Snbterr.,
2452 2935 2503 2986 in
2531 2934 2687 2999 cujus
2724 2933 2957 2986 brachiis
2983 2932 3307 2987 candelabra
3330 2932 3437 2989 duo
3461 2936 3544 2990 iti-

1969 3007 2091 3085 dem
2147 3006 2483 3085 superposita
2530 3010 2842 3085 cernuntur.
2896 3001 3077 3085 llujus_
3105 3003 3169 3054 ad
3220 3004 3387 3085 instar
3416 3005 3551 3085 sitos

1970 3077 2134 3130 fuisse
2190 3071 2362 3130 crucis
2418 3071 2740 3125 l’auliniana:
2798 3071 3144 3126 cantharulos
3193 3072 3544 3137 crediderim,

1897 3172 1941 3234 C
1970 3146 2298 3234 illlF"P.','"‘.."3
2328 3152 2540 3234 c.3139"?
2552 3142 3447 3234 918993.393?!“‘:.lll'3-l1i_f?g?,'
3447 3160 3550 3234 9'3"

1974 3210 2077 3280 t'ur,
2108 3216 2183 3268 uti
2231 3214 2298 3268 de
2345 3214 2449 3266 alio
2492 3226 2618 3265 mox
2662 3210 2974 3264 videbimus.
3032 3210 3546 3268 Hincmarus’Rcm.

1972 3288 2138 3355 episc.
2160 3286 2210 3338 in
2240 3284 2297 3338 S.
2333 3282 2558 3355 Remigii
2587 3282 2705 3355 Vita
2734 3282 2871 3355 apud
2902 3280 3113 3355 sarium
3140 3281 3213 3336 id.
3246 3281 3399 3337 Janu.
3432 3285 3508 3337 ait
3536 3304 3549 3337 :

1969 3351 2212 3409 A'ssumta
2242 3355 2400 3423 igitur
2423 3353 2565 3422 palla
2588 3354 2650 3405 de
2679 3351 2810 3404 beati
2832 3352 3086 3421 sepulcro,
3108 3364 3418 3423 componunt
3438 3370 3551 3408 eam

1969 3428 2023 3479 in
2045 3425 2251 3478 modum
2280 3426 2473 3494 μηθενὶ,
2498 3423 2822 3492 accensisque
2841 3438 2991 3490 super
3011 3440 3183 3477 cruces
3206 3426 3384 3494 cereis,
3408 3435 3553 3491 atque

1970 3512 2123 3565 super
2178 3493 2507 3563 cerot'orariis
2558 3494 2685 3546 dant
2736 3508 2881 3546 voces
2926 3494 2979 3545 in
3027 3495 3261 3547 canticis.
3294 3493 3553 3549 Manno-

1971 3582 2108 3619 RIUS.

2042 3641 2123 3713 (η)
2161 3640 2218 3695 1η
2247 3639 2382 3713 Mur.
2415 3639 2601 3713 codice
2628 3639 2906 3713 legebatur
2928 3642 3250 3713 cartarulos.
3277 3640 3344 3694 At
3367 3642 3551 3710 legen-

1970 3709 2208 3767 duin'est
2236 3710 2588 3779 cantharidas,
2623 3718 2680 3761 ut
2707 3718 2800 3779 est
2834 3709 2887 3761 in
2919 3717 3102 3779 nostro
3131 3709 3318 3764 codice
3348 3728 3363 3765 :
3412 3709 3554 3779 quod

1971 3782 2296 3837 Muratorius
2317 3778 2642 3848 conjccerat.
2666 3810 2737 3848 -έ
2758 3776 3069 3848 Necessario
3099 3794 3202 3832 vox
3220 3776 3553 3848 corrigenda,

1972 3868 2036 3907 ac
2063 3847 2430 3920 reponendum
2459 3847 2808 3920 cantharulos.
2838 3846 3093 3920 Canthari
3142 3859 3319 3920 autem
3349 3846 3556 3918 species

1973 3916 2204 3976 lnceriue
2233 3916 2402 3982 fuere,
2430 3931 2550 3986 qum
2581 3917 2634 3971 in
2663 3917 2905 3971 ecclesiis
2934 3916 3399 3985 suspendebantur
3420 3921 3554 3972 alia-

1974 4008 2090 4045 rum
2121 3989 2426 4058 lampadum
2456 4002 2626 4041 more.
2680 3988 2928 4043 Anastas.
2979 3986 3115 4058 Bibl.
3158 4004 3299 4057 smpe
3344 3990 3555 4043 illorum

1974 4057 2244 4123 meminit,
2267 4067 2323 4113 et
2364 4072 2617 4126 expresse
2647 4058 2699 4110 in
2728 4058 2988 4111 Silvestro
3022 4075 3034 4109 :
3072 4057 3299 4110 Pharum
3337 4059 3555 4111 canthu-

1974 4147 2109 4194 rnm,
2144 4131 2240 4195 ait,
2270 4146 2335 4183 ea:
2364 4145 2490 4180 auro
2521 4128 2795 4195 purissimo
2823 4138 2943 4197 ante
2975 4128 3159 4184 altare.
3202 4128 3255 4179 in
3283 4144 3383 4197 quo
3410 4130 3557 4181 ardet

1976 4202 2141 4254 oleum
2188 4200 2467 4252 nardinum
2522 4198 2781 4266 pisticum,
2831 4196 2914 4249 ubi
2967 4197 3199 4250 candela:
3246 4196 3449 4250 ardent.
3502 4198 3556 4251 In

1976 4270 2155 4326 Leone
2176 4268 2210 4321 ’5
2238 4286 2249 4320 :
2277 4268 2539 4322 Canthara
2562 4267 2803 4320 habentia
2825 4266 3059 4337 inmedio
3084 4282 3224 4319 ceres
3254 4283 3317 4319 ex
3343 4278 3557 4337 argento

1974 4342 2272 4394 deauratos.
2326 4337 2753 4389 Pharocanthara
2795 4335 2918 4388 alibi
2949 4336 3111 4389 etiam
3159 4335 3465 4399 occurrunt,
3507 4347 3558 4390 et

1976 4410 2227 4463 canthara
2272 4414 2576 4459 cerostrata.
2619 4406 2699 4458 Cl.
2732 4405 2793 4457 V.
2843 4404 2926 4459 lo.
2972 4404 3279 4474 Ciampinus
3319 4403 3476 4460 Urbis
3499 4424 3559 4461 ac

1978 4481 2275 4533 litterarum
2297 4477 2481 4541 decus,
2501 4476 2550 4527 in
2578 4475 2774 4528 eximio
2796 4489 2960 4542 opere
2986 4476 3053 4528 de
3080 4475 3295 4528 Musivis
3320 4476 3561 4529 canthari

1983 4550 2202 4617 ﬁguram
2231 4547 2468 4617 exhibet.
2500 4544 2852 4617 Frequentius
2897 4552 3073 4617 tamen
3104 4544 3560 4617 cainlclabrapcr

1981 4613 2119 4673 hanc
2169 4633 2352 4670 vocem
2399 4615 2674 4681 designata
2713 4613 2962 4667 arbitror.
3015 4613 3125 4667 Hac
3174 4614 3561 4679 significatione

1980 4688 2221 4744 canthari
2254 4700 2449 4740 nomen
2492 4687 2542 4737 in
2574 4684 2940 4738 Ambrosiam:
2983 4681 3229 4737 Eeclcsim
3261 4683 3561 4738 ltitualibus

1979 4755 2521 4828 perdurat.Berold_us
2533 4754 2922 4828 vetustissimus
2934 4754 3297 4828 hujusceritus
3309 4755 3561 4828 scriptor,

1981 4824 2071 4898 qui
2104 4828 2155 4879 in
2186 4826 2611 4898 metropolitanum;
2655 4824 2896 4898 archivo,
2946 4832 3000 4877 et
3048 4824 3099 4876 in
3146 4824 3274 4876 bibl.
3310 4824 3557 4878 Ambros.

1981 4893 2081 4950 nis.
2115 4904 2438 4960 asscrvatur,
2462 4893 2774 4946 vocabulum
2799 4908 2904 4946 non
2936 4909 3055 4946 raro
3081 4903 3319 4962 usurpat,
3348 4904 3403 4946 ut
3432 4911 3561 4947 can-

1982 4966 2200 5021 delabra
2230 4965 2487 5031 designet.
2514 4962 2824 5032 Exscribaln
2870 4964 3112 5032 quaedam
3159 4964 3272 5016 loca
3309 4982 3320 5014 :
3353 4962 3408 5016 In
3439 4966 3561 5018 sab-

1982 5036 2091 5089 bati
2120 5034 2177 5089 S.
2211 5034 2398 5088 ritibus
2426 5034 2539 5087 haec
2577 5034 2653 5086 ait
2678 5050 2689 5085 :
2738 5031 2802 5085 Et
2837 5031 2954 5085 tunc
2984 5032 3083 5086 duo
3110 5034 3317 5086 diaconi
3346 5034 3410 5086 de
3454 5035 3562 5087 cir-

1981 5104 2350 5159 cumstantibus
2378 5103 2662 5155 accendunt
2689 5119 2880 5164 cereos,
2909 5119 3032 5172 quos
3078 5112 3248 5156 tenent
3291 5119 3403 5155 cum
3435 5119 3560 5172 can-

1982 5176 2143 5228 tharis
2155 5174 2218 5227 de
2238 5175 2373 5242 igne,
2392 5174 2475 5240 qui
2497 5181 2572 5224 est
2599 5188 2751 5243 super
2770 5171 3133 5243 candelabrum
3152 5176 3341 5243 majus.
3369 5171 3508 5226 Infra
3535 5188 3547 5223 :

1982 5245 2100 5297 Duo
2130 5244 2337 5296 diaconi
2365 5249 2575 5311 portant
2627 5242 2727 5294 duo
2773 5241 3104 5305 candelabra,
3163 5241 3276 5311 quia
3317 5251 3561 5297 vocantur

1982 5314 2233 5366 cant/mra
2258 5310 2371 5364 cum
2412 5311 2571 5364 cereis
2600 5312 2816 5379 desuper
2846 5314 3093 5365 accensis.
3124 5310 3250 5365 Item
3288 5310 3561 5364 Paschatis

1984 5384 2071 5437 die
2104 5400 2116 5434 :
2154 5382 2373 5439 Diaconi
2404 5389 2613 5451 portant
2658 5380 2989 5451 candelabra,
3020 5397 3133 5451 qua:
3170 5392 3413 5436 vocantur
3436 5396 3560 5432 can-

1982 5453 2151 5505 thara.
2180 5451 2243 5504 Et
2272 5448 2471 5519 pluri'es
2494 5451 2639 5504 alibi.
2670 5448 3038 5504 Mannomus.

2050 5531 2127 5598 (a)
2168 5529 2328 5593 Mum,
2361 5530 2591 5582 Sustinet
2619 5530 2671 5581 in
2713 5528 2891 5581 tribus.
2921 5528 3018 5581 llis
3047 5528 3324 5598 scyphulis,
3355 5534 3457 5581 etc.
3491 5526 3557 5580 Λι

1981 5602 2180 5654 rectius
2210 5609 2394 5653 "(hle
2423 5599 2611 5657 codex.
2642 5609 2697 5651 ut
2725 5600 2849 5651 mihi
2877 5600 3090 5667 quidem
3122 5598 3345 5650 videtur.

1994 5679 2131 5802 1'(p)
2172 5677 2304 5732 Mur.
2331 5679 2452 5733 eod.
2482 5718 2495 5743 ,
2524 5680 2737 5731 incerta.
2770 5679 2839 5732 At
2867 5678 3055 5731 melior
3079 5676 3235 5729 lectio
3264 5676 3433 5731 nostri
3462 5692 3558 5732 c0-

1994 5770 1996 5789 r
2021 5765 2135 5802 lClS.

1982 5765 2135 5803 dlClS.
