3994 6180
484 296 588 350 55⁷)

1455 296 1510 352 S.
1554 296 1826 354 PAULINI
1866 297 2113 354 NOLANI
2152 298 2452 356 EPISCOPI
2494 301 2832 357 POEMATA.
3635 300 3727 355 540

622 413 1005 478 Lumina,cum
1026 412 1127 467 fert
1141 412 1274 467 festa
1292 412 1495 479 dics(a)
1518 432 1526 465 :
1553 423 1817 469 tuncvcro
1832 416 1949 469 sine
1962 430 2060 469 usu
2089 420 2139 473 A
2166 415 2271 471 490
2309 418 2606 476 Pavescunt
2635 421 2709 491 (k)
2739 420 2956 487 miseri,
2998 432 3174 489 neque
3203 417 3456 473 damnum
3502 418 3726 473 criminis

477 504 582 557 465
620 505 858 561 Luminis
907 506 975 560 ad
1019 506 1255 576 speciem
1320 514 1522 560 tantum
1571 523 1828 577 suspensa
1877 522 2061 563 mane-

1711 599 1861 671 [bant
1892 600 1985 667 (b).

615 689 721 744 Sed
744 692 907 760 paulo
928 690 1104 745 crucis
1119 700 1244 744 ante
1262 690 1430 745 decus
1450 691 1517 744 de
1538 691 1741 745 lumine
1762 691 1834 762 (c)
1864 692 2055 745 eodem

614 778 940 834 Continuum
969 780 1199 850 scyphus
1240 780 1315 849 (d)
1364 788 1447 833 est
1472 790 1757 847 argenteus
1786 790 1943 850 aptus
1990 782 2057 836 ad

1781 874 1979 944 [usum.

611 962 765 1018 llunc
805 964 1113 1033 importuno
1150 963 1251 1016 sibi
1299 962 1501 1017 lumine
1546 964 1726 1033 prmdo
1766 966 2053 1020 micantem

3448 512 3663 584 [audent

2306 597 2561 667 Prodere,
2586 610 2875 657 noscentes
2905 603 3066 657 etiam
3095 601 3193 656 sibi
3212 601 3329 670 jure
3354 601 3415 671 (ι)
3455 608 3662 655 reatum

2302 690 2623 763 Competere
2654 710 2667 746 :
2700 692 2995 751 abscedunt
3035 692 3249 763 trepidi,
3296 690 3630 761 fugiuntque,
3656 690 3726 744 la-

3434 782 3447 853 [
3458 790 3663 835 tronem

2296 870 2579 927 Sectantes
2598 872 2879 942 profugum
2912 889 2925 924 :
2958 886 3220 941 nusquam
3244 870 3471 939 vestigia
3499 868 3631 939 lapsi

2300 960 2416 1016 Ulla
2442 963 2625 1033 legunt
2649 982 2661 1016 :
2694 980 2881 1019 omnes
2906 963 3104 1019 adeunt
3123 963 3336 1019 diversa
3363 964 3595 1029 viarum,

611 1055 862 1111 Protinus
888 1056 1179 1124 exsu'nguit
1205 1072 1217 1107 :
1252 1070 1482 1125 namque
1504 1056 1553 1111 id
1582 1072 1797 1126 quoque
1829 1066 2054 1111 noverat
2153 1053 2259 1108 495
2295 1054 2721 1128 Scrutanturque
2742 1061 2874 1115 sitos
2894 1061 3106 1114 diverso
3133 1059 3314 1114 littore
3343 1068 3551 1129 portus.
3586 1076 3589 1077 '

1819 1151 1979 1222 [idem

469 1239 573 1293 470
610 1239 763 1309 Saepe
790 1240 966 1294 solere
992 1240 1150 1304 mori,
1195 1256 1315 1295 cum
1345 1250 1537 1311 stuppa
1566 1243 1811 1312 perarida
1836 1244 2050 1313 longam

613 1330 883 1386 Conderet
912 1332 983 1402 (ε)
1011 1333 1065 1386 in
1096 1341 1310 1387 noctem
1332 1342 1652 1403 consumpto
1681 1336 1860 1389 lumen
1880 1338 2047 1406 olivo,

605 1421 717 1476 Nec
748 1424 1060 1478 miraturum
1083 1425 1319 1493 vigilem,
1352 1426 1395 1481 si
1426 1426 1561 1481 forte
1590 1429 1837 1482 tenebras

596 1510 862 1568 Cerneret
881 1514 1114 1569 obducto
1143 1516 1441 1571 subducere
1469 1518 1699 1573 culmina
1732 1521 1798 1591 (Π
1832 1522 2045 1591 lychno,

602 1603 751 1659 More
779 1614 1061 1674 potaturus
1089 1618 1323 1675 noctem,
1352 1626 1456 1663 non
1479 1612 1702 1666 crimine
1723 1612 1935 1667 factam.

466 1694 563 1750 675
601 1696 717 1752 Νοη
747 1699 909 1767 igitur
938 1701 1090 1770 quasi
1116 1700 1215 1765 fur,
1248 1703 1392 1770 quod
1422 1711 1537 1757 erat
1568 1704 1726 1771 latro,
1768 1706 1862 1760 sed
1893 1710 2042 1775 quasi

1770 1796 1973 1868 [custos
2076 1782 2121 1840 Β

600 1880 787 1937 Aufert
814 1883 1050 1939 illicitum
1078 1900 1300 1941 securus
1320 1888 1501 1956 praedo
1530 1888 1793 1957 rapinam,

592 1972 707 2029 Nec
730 1973 863 2043 fugit
893 1976 1294 2046 impavidusquc
1325 1986 1525 2032 manet.
1560 1978 1713 2049 Tegit
1737 1982 2043 2125 unaflaten-

1863 2061 1970 2106 tem

1863 2061 1970 2106 tem

597 2131 800 2189 Cellula
848 2133 923 2206 (g)
951 2133 1020 2191 de
1048 2137 1250 2203 multis,
1302 2153 1420 2208 qua:
1449 2154 1548 2209 per
1585 2139 1754 2195 latera
1808 2142 2044 2210 undique

1743 2232 1971 2303 [magnis

598 2313 869 2383 Appositaz
897 2315 1057 2371 tectis
1077 2316 1320 2386 praebent
1345 2327 1552 2374 secreta
1585 2319 1666 2390 (ἡ)
1695 2320 1919 2389 sepultis

460 2403 558 2456 t80
596 2403 859 2474 llospitia.
892 2402 1094 2459 Harum
1118 2422 1223 2461 una
1254 2406 1337 2461 fur
1364 2408 1575 2463 abditus
1599 2410 1705 2476 (i);
1749 2417 1912 2478 atque
1950 2410 2040 2465 ubi

1788 2500 1969 2572 [mane

589 2584 833 2639 Claustra
861 2594 1051 2655 patere
1077 2588 1243 2655 videt,
1272 2598 1511 2646 reserata
1542 2590 1752 2661 prosilit
1778 2592 1923 2660 aula,

585 2677 940 2750 477-578
962 2677 1030 2733 Et
1055 2679 1314 2736 latebram
1344 2682 1591 2751 linquens
1616 2691 1799 2751 portat
1818 2682 1993 2738 scelus
2020 2701 2035 2738 :

1616 2772 1717 2844 [ire
1740 2773 1966 2842 parabat

588 2862 925 2930 Romuleam,
957 2871 1018 2920 ut
1044 2873 1169 2933 post
1201 2863 1315 2935 jam
1337 2873 1524 2935 captus
1550 2866 1823 2931 narrabat,
1848 2866 1915 2920 ad
1941 2882 2035 2922 ur-

1794 2958 1962 3031 [bem.

582 3047 697 3103 lilic
719 3047 947 3103 infandae
974 3058 1197 3105 acturus
1226 3053 1547 3107 commercia
1572 3052 1790 3108 fraudis.

452 3137 549 3193 185
583 3139 792 3195 Interea
816 3141 1015 3209 ignaris
1045 3143 1243 3197 nostris
1272 3160 1381 3197 nox
1411 3145 1520 3209 illa,
1553 3146 1777 3215 diesque

589 3230 759 3284 Totus
784 3230 896 3283 abit
921 3230 989 3299 (j)
1023 3248 1035 3282 :
1067 3246 1189 3285 sero
1211 3232 1425 3285 solitum
1449 3235 1561 3301 jam
1592 3251 1816 3303 vespere
1842 3251 2036 3291 munus

586 3318 852 3374 Curantes
880 3335 1109 3388 posuere
1131 3322 1326 3389 gradus
1350 3342 1361 3376 :
1388 3334 1449 3377 ut
1476 3326 1735 3380 scandere
1766 3330 1931 3396 coepit

583 3407 847 3463 Facturus
868 3408 1143 3479 lychnum,
1178 3412 1307 3464 nihil
1339 3412 1583 3467 invenit:
1628 3416 1757 3469 orba
1786 3419 2037 3474 manebat

590 3501 751 3571 Virga
769 3502 943 3557 crucis
971 3501 1143 3557 solita:
1172 3503 1358 3573 pulcro
1387 3506 1615 3575 spoliata
1646 3508 1851 3562 monili.

515 3697 592 3768 (α)
631 3695 802 3752 Etiam
846 3699 897 3753 in
919 3698 1124 3754 diurnis
1152 3700 1318 3756 sacris
1337 3716 1525 3755 cereos
1555 3701 1772 3755 accendi
1802 3718 2034 3759 consue-

446 3768 583 3822 visse
605 3768 737 3840 hinc
757 3769 901 3840 disce
930 3788 943 3832 ;
976 3770 1044 3824 de
1076 3786 1181 3840 qua
1212 3786 1270 3825 re
1291 3772 1510 3827 consule
1532 3771 1662 3827 diss.
1693 3790 1796 3828 xvi.
1826 3772 2037 3828 Incerta

445 3852 573 3911 vero
592 3838 803 3911 lumina
823 3839 1065 3911 relucere
1093 3838 1362 3909 dicuntur,
1393 3844 1515 3911 quia
1549 3844 1780 3898 interdiu
1809 3859 2034 3899 accensa

444 3908 644 3981 solaris
660 3910 876 3964 luminis
892 3913 1089 3981 [vigore
1136 3912 1207 3965 ita
1239 3908 1587 3981 premuntur,
1619 3922 1676 3967 ut
1703 3914 1794 3968 vix
1843 3915 2036 3970 ardere

444 3993 567 4033 cera
596 3979 861 4035 videatur.
891 3979 1259 4036 Montronlus.

513 4048 589 4119 (ὁ)
629 4048 824 4119 Noster
845 4051 1037 4113 codex,
1060 4050 1318 4105 manebat.
1341 4051 1503 4117 Mur.,
1526 4054 1822 4107 manebant.

516 4118 594 4188 (c)
632 4118 793 4183 Mur.,
827 4119 889 4173 de
917 4120 1115 4174 limine.

512 4199 590 4267 (ά)
632 4198 871 4271 δσῃριῃιξ
919 4208 1029 4271 tum
1076 4215 1289 4271 sacrum
1344 4215 1460 4268 vas,
1511 4201 1564 4255 in
1604 4217 1711 4271 quo
1751 4203 1932 4257 vinum
1964 4204 2035 4259 ad

443 4269 618 4342 missa:
640 4267 970 4342 sacrificium
994 4269 1350 4342 detinebatur,
1378 4279 1489 4323 tum
1520 4267 1679 4326 etiam
1704 4274 2032 4342 candelabri,

444 4337 771 4414 lampadisve
798 4340 1005 4407 species
1034 4338 1149 4403 fuit,
1186 4340 1256 4393 ita
1286 4355 1336 4414 a_
1357 4342 1537 4414 calicis
1567 4343 1912 4414 similitudine
1940 4337 2035 4414 api-

442 4408 687 4476 pellatus.
718 4406 850 4478 Capi.
878 4426 981 4463 xxv
1002 4423 1057 4464 et
1086 4427 1267 4464 xxxvii
1299 4410 1489 4474 Exodi,
1513 4420 1566 4465 et
1588 4412 1712 4467 alibi
1742 4414 1846 4468 hoc
1872 4406 2033 4469 sensu

2295 1149 2565 1205 Eﬂluxere
2595 1152 2711 1208 dies
2737 1152 2932 1207 frustra
2954 1153 3319 1221 quaerentibus
3340 1160 3488 1214 octo,

2292 1238 2417 1294 Sive
2440 1240 2649 1307 decem,
2681 1252 2737 1297 et
2758 1244 2968 1299 cunctis
2994 1258 3163 1298 vacua
3188 1242 3299 1312 jam
3323 1242 3519 1309 indage
3553 1255 3727 1295 rever-

3405 1331 3506 1401 Ιείει
3533 1330 3627 1401 (ιη)
3648 1349 3661 1394 ;

2296 1420 2441 1475 Unus
2461 1434 2795 1491 qumrentum
2822 1437 2960 1492 puer
2986 1423 3169 1478 irritus
3192 1423 3311 1493 ipse
3330 1423 3536 1481 laboris

2293 1514 2350 1569 ln
2378 1530 2591 1571 cassum
2621 1514 2723 1570 fusi
2750 1518 2828 1586 (η)
2860 1517 3017 1586 longa
3047 1518 3267 1585 regione
3290 1517 3525 1582 redibat,

2149 1603 2253 1658 500
2292 1604 2359 1660 Et
2385 1604 2676 1676 propejam
2707 1607 2894 1663 Nolam
2916 1609 3139 1665 veniens
3163 1610 3405 1665 subsistit
3435 1611 3492 1665 in
3520 1610 3635 1680 ipso

2294 1700 2522 1767 Aggere,
2550 1706 2603 1752 et
2633 1699 2834 1768 ingenti
2861 1703 3081 1772 gemitu,
3112 1701 3349 1771 fletuque
3374 1703 3602 1772 profuso

2293 1788 2522 1843 Felicem
2554 1788 2792 1846 clamans
2828 1792 3107 1861 praesumit
3134 1791 3299 1847 corde
3328 1791 3479 1846 fideli

2290 1877 2411 1935 Non
2442 1893 2689 1934 remeare
2717 1878 2957 1946 domum,
2988 1880 3091 1935 nisi
3113 1896 3233 1936 cum
3274 1894 3437 1936 cruce
3471 1898 3484 1933 :
3510 1895 3727 1949 moxque

3362 1970 3665 2042 [peractum

2288 2058 2575 2131 Promptus
2596 2060 2700 2115 iter
2720 2060 2940 2129 relegit:
2966 2060 3031 2114 lit
3051 2069 3107 2115 et
3135 2059 3214 2129 (ο)
3238 2059 3400 2115 illicet
3429 2060 3623 2115 obvius
3659 2060 3726 2114 illi

2146 2150 2249 2206 505
2286 2150 2514 2220 Quidam
2538 2152 2727 2221 homo,
2757 2152 2849 2221 qui
2878 2150 3068 2218 furem,
3104 2167 3212 2207 non
3230 2149 3425 2214 furem,
3466 2151 3562 2205 sed
3584 2151 3725 2221 quasi

3473 2240 3663 2313 [civem

2286 2336 2485 2391 Norat':
2506 2351 2632 2391 eum
2650 2335 2733 2408 (p)
2765 2344 2950 2391 noster
2970 2334 3174 2405 primus
3196 2340 3371 2402 rogat,
3394 2332 3545 2387 unde
3565 2332 3725 2386 viator

2290 2427 2493 2482 Aﬂ‘oret
2524 2445 2538 2493 ;
2572 2427 2662 2483 ille
2691 2427 2859 2481 refert
2884 2443 2897 2479 :
2921 2440 3106 2479 rursus
3133 2422 3203 2478 de
3228 2422 3343 2477 fure
3369 2417 3599 2491 rogatiir
3636 2419 3723 2491 (ιι),

2285 2517 2341 2571 Si
2366 2517 2587 2572 vidisset
2608 2531 2731 2571 eum
2766 2533 2778 2567 :
2812 2512 3092 2585 respondit
3124 2521 3180 2566 at
3208 2511 3318 2578 ille,
3348 2510 3666 2580 propinquis

2283 2609 2416 2665 inde
2443 2609 2583 2664 locis
2624 2622 2807 2677 agere,
2838 2615 2895 2663 et
2919 2606 3069 2675 regio
3094 2613 3223 2659 tunc
3246 2604 3335 2659 illa
3360 2602 3436 2674 (r)
3471 2616 3639 2672 prope
3665 2601 3723 2655 il-

3434 2695 3546 2767 nos
3572 2694 3661 2765 (ε),

2141 2788 2243 2843 510
2280 2790 2414 2844 Dum
2427 2790 2794 2859 loquerentur,
2813 2787 3110 2843 eratmonti
3129 2786 3413 2856 conjuncta
3428 2784 3723 2855 Vesevo(t),

2278 2878 2508 2946 Quintus
2535 2878 2604 2934 ab
2634 2878 2765 2933 urbe
2810 2877 2946 2946 lapis
2972 2876 3129 2931 Nola.
3155 2874 3264 2931 Sed
3307 2875 3558 2944 vesperis
3585 2883 3722 2929 ortus

2284 2973 2583 3029 Consilium
2623 2970 2820 3027 differt.
2850 2969 3033 3025 Placet
3059 2978 3116 3023 ut
3152 2969 3241 3023 lux
3270 2968 3515 3023 crastina
3544 2978 3721 3021 rursus

2276 3062 2472 3134 Jungat
2499 3070 2787 3132 utrumque
2826 3061 2926 3117 sibi
2957 3076 2971 3128 ;
3004 3062 3062 3115 iit
3090 3076 3248 3116 mane
3279 3101 3296 3126 ,
3326 3060 3622 3115 revertitur
3641 3057 3716 3111 in-

3513 3148 3649 3209 dex;

3513 3150 3545 3200 ὁ
3583 3163 3649 3209 x;

2282 3222 2530 3277 Pcrducit
2560 3230 2771 3278 nostros
2792 3262 2808 3288 ,
2839 3222 3050 3292 capitur
3098 3221 3181 3275 fur
3210 3261 3229 3285 ,
3260 3219 3439 3290 pneda
3474 3150 3715 3276 lefbrtur.

2140 3315 2243 3369 515
2282 3315 2442 3369 Forte
2470 3322 2680 3370 sacrata
2708 3314 2823 3369 dies
2844 3314 3094 3369 illuxerat
3120 3313 3209 3367 illa
3239 3312 3383 3367 beati

2279 3406 2520 3461 Natalem
2551 3404 2719 3462 Prisci
2748 3405 2989 3461 referens
3013 3448 3029 3474 ,
3078 3420 3235 3476 quem
3271 3412 3328 3459 et
3369 3402 3452 3474 (ιι)
3490 3402 3620 3458 Nola
3643 3415 3716 3457 cc-

3428 3492 3653 3565 [lebrat.

2137 3694 2271 3749 dicis
2293 3694 2473 3749 lectio.

2212 3768 2305 3836 ut),
2324 3764 2524 3836 Noster
2550 3762 2722 3836 codex
2748 3762 2918 3836 habet
2940 3765 3103 3836 (usus.
3135 3764 3206 3818 At
3231 3762 3403 3817 multo
3422 3765 3622 3819 melior
3646 3765 3717 3817 le-

2140 3836 2248 3890 ctio
2293 3834 2637 3889 Muratoriani
2668 3833 2891 3889 codicis.

2214 3913 2288 3965 (o)
2327 3904 2492 3975 illum,
2512 3906 2669 3975 ﬁtque
2689 3920 2786 3975 pro
2809 3905 2869 3973 ﬁt
2889 3913 2957 3957 et.

2210 3975 2287 4045 (p)
2330 3973 2464 4027 Mur.
2513 3971 2647 4041 legit
2675 3971 2705 4026 ί
2725 3971 2895 4027 Norat
2920 3990 3055 4027 eum.
3091 3971 3287 4029 Noster
3311 3974 3512 4045 primus
3545 3985 3707 4047 rogat,

2137 4062 2242 4108 etc.
2265 4052 2390 4106 Mihi
2416 4054 2584 4120 magis
2608 4053 2808 4108 arridet
2837 4053 3004 4106 nostri
3034 4052 3236 4109 codicis
3256 4054 3436 4109 lectio.

2210 4139 2287 4213 (gi
2328 4131 2487 4198 Mur.,
2538 4142 2767 4203 rogatus.
2815 4131 2884 4185 At
2936 4131 3219 4201 legendum
3247 4142 3306 4188 ut
3332 4135 3494 4188 estin
3539 4144 3721 4190 nostro

2138 4205 2343 4259 codice.

2142 4350 2145 4351 ν
2210 4282 2281 4351 (r)
2322 4281 2378 4335 lu
2426 4280 2564 4334 Mur.
2590 4280 2775 4335 codice
2821 4295 3012 4336 versus
3049 4279 3352 4336 claudicat:
3386 4283 3462 4337 sic
3496 4283 3639 4338 enim
3668 4298 3719 4337 su

2137 4350 2315 4417 habet,
2355 4350 2487 4423 Inde
2531 4352 2656 4423 locis
2687 4368 2859 4423 agere,
2900 4359 2948 4404 et
2988 4352 3129 4420 regio
3154 4368 3329 4423 prope
3352 4354 3515 4422 ipsos.
3542 4354 3723 4423 Itaque

2137 4422 2500 4477 emendandus
2528 4430 2611 4474 est
2640 4422 2737 4475 istc
2760 4421 2909 4476 locus
2929 4436 2995 4475 ex
3024 4421 3210 4475 nostro
3231 4421 3438 4477 codice.

443 4486 731 4583 usurpa‘tur
781 4481 1088 4583 scypit'orum
1112 4498 1237 4543 vox,
1267 4490 1319 4535 et
1350 4482 1401 4535 in
1434 4480 1617 4537 Graeca
1645 4483 1881 4539 editione
1909 4507 2033 4560 κρα-

443 4556 588 4583 νᾷλρρ
658 4559 868 4583 ιοηηιιηο
963 4567 1251 4583 νηιυι-ηηηιρ

2148 4572 2157 4583 .
2209 4502 2281 4563 (si
2320 4500 2456 4555 Mur.
2482 4543 2496 4569 ,
2517 4502 2697 4569 ipsos;
2727 4508 2911 4555 noster
2938 4498 3142 4565 codex,
3166 4502 3304 4555 illos.
3339 4500 3519 4556 Malim
3544 4504 3719 4573 legero

441 4556 588 4621 τῆρες
617 4547 886 4621 dicuntur.
906 4550 1274 4606 Munnomus.

510 4617 582 4685 (e)
624 4615 817 4675 Noster
837 4621 1006 4675 codex
1030 4622 1284 4676 mendose
1312 4621 1475 4675 habet
1495 4620 1774 4675 Conderal.

510 4697 582 4820 (1;)i
617 4697 777 4765 Mum,
832 4700 1074 4755 culmine.
1126 4701 1194 4753 At
1222 4701 1389 4754 nostri
1432 4700 1630 4755 codicis
1683 4701 1842 4755 lectio
1895 4702 2019 4757 reti-

512 4782 545 4820 n
585 4782 636 4820 a.

441 4781 636 4821 nenda.

510 4848 588 4912 (ς)
633 4844 870 4901 Recurre
898 4848 964 4901 ad
1006 4848 1141 4902 Diss.
1171 4863 1298 4910 xvn,
1333 4847 1423 4900 ubi
1472 4848 1633 4902 etiam
1684 4848 1735 4902 in
1784 4848 2027 4905 ecclesiis

439 4915 677 4984 privatos
700 4915 945 4971 homines
994 4917 1224 4986 sepulcri
1274 4917 1446 4970 locum
1498 4919 1763 4973 invenisse
1792 4921 2023 4985 ostendi,

439 4986 704 5054 simulque
751 4987 891 5041 hanc
918 5004 1106 5042 vocem
1153 5002 1251 5055 pro
1283 4988 1483 5042 viribus
1527 4990 1808 5044 illustri-avi.
1840 4990 2027 5045 Muna-

439 5071 540 5206 1'0?
537 5070 762 5195 Iligbblur.
784 5166 800 5191 ,
826 5143 1029 5181 secura.
1064 5127 1131 5181 At
1161 5127 1328 5182 nostri
1378 5127 1578 5183 codicis
1620 5128 1777 5183 lectio
1805 5129 2024 5197 elegan-

438 5203 573 5389 ιιοῷ
612 5265 748 5321 Mur.
782 5266 942 5331 cod.,
988 5267 1233 5334 abditur;
1299 5282 1420 5337 quac
1458 5268 1617 5323 lectio
1668 5268 1899 5324 fortasse
1942 5279 2027 5325 est

438 5351 525 5389 me
550 5352 649 5389 ior.

438 5351 755 5488 ηἶῗῗῗῖίιιν.
784 5407 932 5475 cod.,
983 5411 1111 5464 obit.
1144 5408 1322 5464 Nostri
1352 5408 1552 5464 codicis
1600 5408 1758 5465 lectio
1796 5408 2024 5463 concin-

438 5491 583 5615 ωἳΙῗδ
615 5547 775 5615 Mur.,
806 5550 1093 5620 pallescunt
1127 5566 1142 5602 :
1174 5548 1314 5617 quod
1345 5550 1511 5615 magis
1541 5549 1734 5618 placet.

510 5627 572 5694 (ι)
611 5627 779 5696 Mum,
808 5647 991 5699 posse;
1025 5638 1206 5683 noster
1234 5628 1375 5690 cod.,
1399 5630 1535 5697 jure.

510 5706 606 5775 (ιιι)
646 5706 804 5776 Mum,
838 5712 1074 5764 recursis.
1105 5710 1169 5762 At
1200 5710 1365 5763 mullo
1396 5710 1691 5775 elegantior
1739 5710 1907 5765 nostri
1934 5725 2027 5765 co-

2138 4588 2299 4641 ipsos.

2210 4655 2273 4719 (ι)
2314 4650 2369 4704 lu
2397 4650 2533 4703 Mur.
2557 4649 2744 4705 codice
2774 4648 2969 4716 legitur
2998 4646 3225 4704 Beswvo.
3252 4648 3324 4703 At
3352 4660 3539 4707 noster
3560 4652 3718 4706 habet

2144 4718 2353 4790 [ρδθυο.
2390 4720 2592 4775 Norunt
2614 4734 2801 4790 omnes
2826 4718 3165 4790 sequioribus
3191 4720 3385 4790 seculis
3414 4738 3511 4790 pro
3543 4722 3721 4775 littera

2144 4787 2188 4841 V
2220 4791 2510 4844 adhibitam
2538 4790 2698 4845 fuisse
2736 4789 2969 4842 litteram
3012 4788 3073 4842 B.
3105 4790 3196 4843 Sic
3241 4789 3374 4843 infra
3414 4787 3595 4846 'carm.
3634 4791 3718 4849 1‘2.

2134 4875 2272 4931 vers.
2299 4860 2420 4921 515,
2455 4859 2729 4931 Muratorii
2756 4859 2927 4913 codex
2957 4858 3189 4931 habebat
3243 4859 3585 4915 Venerentum
3624 4878 3719 4931 pro

2134 4928 2492 4983 Beneventum.
2542 4959 2615 4967 —-
2652 4929 2959 4983 Graecorum
2999 4928 3300 4997 aliquorum
3341 4948 3491 4985 more
3530 4932 3567 4985 V
3591 4928 3717 4986 con-

2129 5014 2328 5054 sonans
2356 5015 2454 5069 per
2484 5000 2527 5053 Β
2554 4999 2728 5053 effert.
2756 4998 2917 5069 [Apud
2943 4999 3171 5069 hostica
3193 5016 3315 5054 raro
3342 5007 3637 5065 Βεσούϐιος.
3666 5009 3717 5055 ct

2131 5072 2335 5139 niuem;
2359 5065 2701 5136 nuncupatur
2726 5065 3006 5139 Vesuvius.
3040 5065 3266 5139 Celebre
3314 5080 3399 5124 est
3429 5071 3617 5139 Agellii
3644 5070 3719 5124 ef-

2128 5138 2294 5193 fatum
2324 5139 2389 5194 de
2419 5140 2482 5193 iis
2531 5139 2740 5206 Virgilii
2786 5138 3029 5193 versibus
3066 5155 3079 5189 :
3142 5138 3322 5193 Vicina
3374 5140 3578 5194 Vesch
3623 5157 3721 5193 ora

2121 5210 2251 5292 jugo
2274 5227 2291 5275 ;
2317 5210 2391 5262 ait
2415 5210 2556 5264 enim
2586 5218 2802 5292 poetam
2831 5208 3111 5277 scripsisse
3131 5211 3299 5292 prius
3327 5209 3469 5292 Νοζςι
3484 5212 3636 5292 jugo,
3665 5220 3718 5261 at

2128 5278 2200 5349 ob
2242 5288 2494 5346 negatum
2540 5296 2569 5333 a
2618 5278 3031 5349 Nolanisaqua:
3058 5278 3238 5346 petita:
3275 5278 3590 5349 beneﬁcium
3622 5295 3717 5349 pm

2130 5347 2274 5402 Nola
2302 5350 2603 5417 reposuisse
2629 5367 2741 5403 ora.
2774 5348 2957 5401 Fidem
2986 5362 3263 5404 servamus
3284 5351 3507 5405 auctori.
3543 5347 3715 5403 Vesu-

2129 5419 2273 5472 vium
2306 5429 2540 5474 montem
2567 5420 2634 5473 ab
2659 5419 2788 5473 urbe
2828 5418 2959 5471 Nola
2989 5418 3227 5542 quinque
3257 5435 3505 5489 passuum
3546 5419 3715 5473 millia

2129 5487 2329 5542 distare
2358 5489 2519 5542 docet
2539 5504 2751 5542 nuouue
2779 5487 2963 5542 Anthr.
3035 5502 3099 5542 eo
3130 5488 3222 5542 lib.
3247 5505 3284 5542 ιι
3311 5490 3379 5542 de
3408 5490 3558 5542 Nola.
3586 5504 3713 5542 can.

2128 5487 2329 5559 distare
2358 5489 2519 5542 docet
2539 5504 2751 5559 quoque
2779 5487 2963 5542 Anthr.
2989 5487 3099 5543 Leo
3130 5488 3222 5543 lib.
3247 5487 3284 5543 ιί
3311 5490 3379 5545 de
3408 5490 3558 5557 Nola,
3586 5504 3713 5557 cap.

2131 5559 2181 5611 5.
2217 5557 2581 5612 Muunouws.

2205 5638 2280 5701 (τι)
2322 5636 2377 5690 1η
2400 5637 2673 5692 Muratorii
2703 5636 2886 5694 codice
2911 5635 3061 5694 deest
3081 5646 3151 5703 et,
3176 5638 3268 5693 sed
3302 5638 3595 5693 addendum
3622 5645 3705 5691 est

2130 5723 2196 5761 ex
2227 5716 2409 5763 nostro
2440 5708 2643 5763 codice.
