  <div class='ocr_page' id='page_1' title='image "/cluster/home/n/w/nwhite01/storage/ocr_20150623/61/hvd.32044054758685/276.png"; bbox 0 0 3988 6176; ppageno 0'>
   <div class='ocr_carea' id='block_1_1' title="bbox 259 332 357 388">
    <p class='ocr_par' dir='ltr' id='par_1_1' title="bbox 259 332 357 388">
     <span class='ocr_line' id='line_1_1' title="bbox 259 332 357 388; baseline -0.082 0"><span class='ocrx_word' id='word_1_1' title='bbox 259 332 357 388; x_wconf 70' lang='grc'><strong>541</strong></span> 
     </span>
    </p>
   </div>
   <div class='ocr_carea' id='block_1_2' title="bbox 403 529 1771 603">
    <p class='ocr_par' dir='ltr' id='par_1_2' title="bbox 403 529 1771 603">
     <span class='ocr_line' id='line_1_2' title="bbox 403 529 1771 603; baseline -0.008 -13"><span class='ocrx_word' id='word_1_2' title='bbox 403 535 615 590; x_wconf 86' lang='lat' dir='ltr'><strong>Sederit</strong></span> <span class='ocrx_word' id='word_1_3' title='bbox 645 552 657 587; x_wconf 91' lang='lat'><strong>:</strong></span> <span class='ocrx_word' id='word_1_4' title='bbox 684 550 815 588; x_wconf 85' lang='lat' dir='ltr'><strong>ecce</strong></span> <span class='ocrx_word' id='word_1_5' title='bbox 844 534 1010 603; x_wconf 84' lang='lat' dir='ltr'><strong>ipsam</strong></span> <span class='ocrx_word' id='word_1_6' title='bbox 1038 533 1213 587; x_wconf 88' lang='lat' dir='ltr'><strong>sancti</strong></span> <span class='ocrx_word' id='word_1_7' title='bbox 1242 532 1435 585; x_wconf 74' lang='lat' dir='ltr'><strong>Felicis</strong></span> <span class='ocrx_word' id='word_1_8' title='bbox 1474 530 1525 583; x_wconf 90' lang='lat' dir='ltr'><strong>in</strong></span> <span class='ocrx_word' id='word_1_9' title='bbox 1572 529 1771 594; x_wconf 93' lang='lat' dir='ltr'><strong>aulam,</strong></span> 
     </span>
    </p>
   </div>
   <div class='ocr_carea' id='block_1_3' title="bbox 396 617 1839 692">
    <p class='ocr_par' dir='ltr' id='par_1_3' title="bbox 396 617 1839 692">
     <span class='ocr_line' id='line_1_3' title="bbox 396 617 1839 692; baseline -0.006 -13"><span class='ocrx_word' id='word_1_10' title='bbox 396 626 564 692; x_wconf 89' lang='lat' dir='ltr'><strong>Quam</strong></span> <span class='ocrx_word' id='word_1_11' title='bbox 594 634 723 678; x_wconf 89' lang='lat' dir='ltr'><strong>tunc</strong></span> <span class='ocrx_word' id='word_1_12' title='bbox 742 622 974 677; x_wconf 84' lang='lat' dir='ltr'><strong>solemni</strong></span> <span class='ocrx_word' id='word_1_13' title='bbox 999 622 1232 691; x_wconf 85' lang='lat' dir='ltr'><strong>populus</strong></span> <span class='ocrx_word' id='word_1_14' title='bbox 1254 620 1489 689; x_wconf 86' lang='lat' dir='ltr'><strong>stipabat</strong></span> <span class='ocrx_word' id='word_1_15' title='bbox 1514 617 1587 689; x_wconf 76' lang='grc' dir='ltr'><strong>(ὁ)</strong></span> <span class='ocrx_word' id='word_1_16' title='bbox 1614 619 1839 682; x_wconf 85' lang='lat' dir='ltr'><strong>honore,</strong></span> 
     </span>
    </p>
   </div>
   <div class='ocr_carea' id='block_1_4' title="bbox 253 714 1767 785">
    <p class='ocr_par' dir='ltr' id='par_1_4' title="bbox 253 714 1767 785">
     <span class='ocr_line' id='line_1_4' title="bbox 253 714 1767 785; baseline -0.007 -10"><span class='ocrx_word' id='word_1_17' title='bbox 253 720 361 775; x_wconf 60' lang='grc' dir='ltr'><strong>ΞΗ)</strong></span> <span class='ocrx_word' id='word_1_18' title='bbox 401 718 527 773; x_wconf 89' lang='lat' dir='ltr'><strong>Post</strong></span> <span class='ocrx_word' id='word_1_19' title='bbox 550 733 703 772; x_wconf 87' lang='lat' dir='ltr'><strong>sacra</strong></span> <span class='ocrx_word' id='word_1_20' title='bbox 729 716 840 785; x_wconf 84' lang='lat' dir='ltr'><strong>jam</strong></span> <span class='ocrx_word' id='word_1_21' title='bbox 870 716 1117 771; x_wconf 88' lang='lat' dir='ltr'><strong>solvente</strong></span> <span class='ocrx_word' id='word_1_22' title='bbox 1147 716 1264 784; x_wconf 87' lang='lat' dir='ltr'><strong>pios</strong></span> <span class='ocrx_word' id='word_1_23' title='bbox 1310 714 1549 767; x_wconf 86' lang='lat' dir='ltr'><strong>antistite</strong></span> <span class='ocrx_word' id='word_1_24' title='bbox 1578 720 1767 775; x_wconf 54' lang='lat' dir='ltr'><strong>castus,</strong></span> 
     </span>
    </p>
   </div>
   <div class='ocr_carea' id='block_1_5' title="bbox 399 804 1539 877">
    <p class='ocr_par' dir='ltr' id='par_1_5' title="bbox 399 804 1539 877">
     <span class='ocr_line' id='line_1_5' title="bbox 399 804 1539 877; baseline -0.004 -15"><span class='ocrx_word' id='word_1_25' title='bbox 399 807 665 877; x_wconf 83' lang='lat' dir='ltr'><strong>Tempore</strong></span> <span class='ocrx_word' id='word_1_26' title='bbox 692 806 907 875; x_wconf 87' lang='lat' dir='ltr'><strong>proviso</strong></span> <span class='ocrx_word' id='word_1_27' title='bbox 934 806 1188 860; x_wconf 89' lang='lat' dir='ltr'><strong>divinitus</strong></span> <span class='ocrx_word' id='word_1_28' title='bbox 1216 804 1539 874; x_wconf 79' lang='lat' dir='ltr'><strong>egredientis</strong></span> 
     </span>
    </p>
   </div>
   <div class='ocr_carea' id='block_1_6' title="bbox 389 894 1665 955">
    <p class='ocr_par' dir='ltr' id='par_1_6' title="bbox 389 894 1665 955">
     <span class='ocr_line' id='line_1_6' title="bbox 389 894 1665 955; baseline -0.005 -1"><span class='ocrx_word' id='word_1_29' title='bbox 389 900 571 955; x_wconf 85' lang='lat' dir='ltr'><strong>Plebis</strong></span> <span class='ocrx_word' id='word_1_30' title='bbox 603 900 656 953; x_wconf 93' lang='lat' dir='ltr'><strong>in</strong></span> <span class='ocrx_word' id='word_1_31' title='bbox 680 913 966 954; x_wconf 87' lang='lat' dir='ltr'><strong>occursum</strong></span> <span class='ocrx_word' id='word_1_32' title='bbox 990 897 1167 953; x_wconf 81' lang='lat' dir='ltr'><strong>subito</strong></span> <span class='ocrx_word' id='word_1_33' title='bbox 1196 896 1547 951; x_wconf 85' lang='lat' dir='ltr'><strong>introducitur</strong></span> <span class='ocrx_word' id='word_1_34' title='bbox 1577 894 1665 948; x_wconf 89' lang='lat' dir='ltr'><strong>ille</strong></span> 
     </span>
    </p>
   </div>
   <div class='ocr_carea' id='block_1_7' title="bbox 393 988 1695 1059">
    <p class='ocr_par' dir='ltr' id='par_1_7' title="bbox 393 988 1695 1059">
     <span class='ocr_line' id='line_1_7' title="bbox 393 988 1695 1059; baseline -0.006 -14"><span class='ocrx_word' id='word_1_35' title='bbox 393 992 627 1046; x_wconf 81' lang='lat' dir='ltr'><strong>Furaces</strong></span> <span class='ocrx_word' id='word_1_36' title='bbox 653 998 776 1059; x_wconf 92' lang='lat' dir='ltr'><strong>post</strong></span> <span class='ocrx_word' id='word_1_37' title='bbox 798 1000 944 1057; x_wconf 89' lang='lat' dir='ltr'><strong>terga</strong></span> <span class='ocrx_word' id='word_1_38' title='bbox 970 1004 1159 1042; x_wconf 91' lang='lat' dir='ltr'><strong>manus</strong></span> <span class='ocrx_word' id='word_1_39' title='bbox 1187 988 1383 1042; x_wconf 83' lang='lat' dir='ltr'><strong>nodata</strong></span> <span class='ocrx_word' id='word_1_40' title='bbox 1408 988 1695 1041; x_wconf 83' lang='lat' dir='ltr'><strong>revinctus.</strong></span> 
     </span>
    </p>
   </div>
   <div class='ocr_carea' id='block_1_8' title="bbox 399 1078 1694 1150">
    <p class='ocr_par' dir='ltr' id='par_1_8' title="bbox 399 1078 1694 1150">
     <span class='ocr_line' id='line_1_8' title="bbox 399 1078 1694 1150; baseline -0.005 -15"><span class='ocrx_word' id='word_1_41' title='bbox 399 1081 613 1135; x_wconf 75' lang='lat' dir='ltr'><strong>Lzetitia</strong></span> <span class='ocrx_word' id='word_1_42' title='bbox 646 1080 894 1150; x_wconf 80' lang='lat' dir='ltr'><strong>populus,</strong></span> <span class='ocrx_word' id='word_1_43' title='bbox 928 1079 1210 1132; x_wconf 78' lang='lat' dir='ltr'><strong>formidine</strong></span> <span class='ocrx_word' id='word_1_44' title='bbox 1238 1079 1417 1147; x_wconf 73' lang='lat' dir='ltr'><strong>przedo</strong></span> <span class='ocrx_word' id='word_1_45' title='bbox 1436 1078 1694 1146; x_wconf 85' lang='lat' dir='ltr'><strong>repletur,</strong></span> 
     </span>
    </p>
   </div>
   <div class='ocr_carea' id='block_1_9' title="bbox 252 1167 1841 1243">
    <p class='ocr_par' dir='ltr' id='par_1_9' title="bbox 252 1167 1841 1243">
     <span class='ocr_line' id='line_1_9' title="bbox 252 1167 1841 1243; baseline -0.006 -13"><span class='ocrx_word' id='word_1_46' title='bbox 252 1175 357 1230; x_wconf 71' lang='lat'><strong>5&#39;25</strong></span> <span class='ocrx_word' id='word_1_47' title='bbox 396 1174 577 1243; x_wconf 85' lang='lat' dir='ltr'><strong>thue</strong></span> <span class='ocrx_word' id='word_1_48' title='bbox 633 1188 835 1227; x_wconf 89' lang='lat' dir='ltr'><strong>novum</strong></span> <span class='ocrx_word' id='word_1_49' title='bbox 885 1170 953 1225; x_wconf 89' lang='lat' dir='ltr'><strong>ad</strong></span> <span class='ocrx_word' id='word_1_50' title='bbox 1001 1178 1302 1225; x_wconf 75' lang='lat' dir='ltr'><strong>monstrum</strong></span> <span class='ocrx_word' id='word_1_51' title='bbox 1352 1179 1461 1224; x_wconf 87' lang='lat' dir='ltr'><strong>tota</strong></span> <span class='ocrx_word' id='word_1_52' title='bbox 1498 1167 1841 1223; x_wconf 82' lang='lat' dir='ltr'><strong>concurritur</strong></span> 
     </span>
    </p>
   </div>
   <div class='ocr_carea' id='block_1_10' title="bbox 1588 1259 1763 1331">
    <p class='ocr_par' dir='ltr' id='par_1_10' title="bbox 1588 1259 1763 1331">
     <span class='ocr_line' id='line_1_10' title="bbox 1588 1259 1763 1331; baseline 0 -20"><span class='ocrx_word' id='word_1_53' title='bbox 1588 1259 1763 1331; x_wconf 89' lang='lat' dir='ltr'><strong>[urbe.</strong></span> 
     </span>
    </p>
   </div>
   <div class='ocr_carea' id='block_1_11' title="bbox 392 1349 1739 1420">
    <p class='ocr_par' dir='ltr' id='par_1_11' title="bbox 392 1349 1739 1420">
     <span class='ocr_line' id='line_1_11' title="bbox 392 1349 1739 1420; baseline -0.004 -13"><span class='ocrx_word' id='word_1_54' title='bbox 392 1354 572 1407; x_wconf 79' lang='lat' dir='ltr'><strong>Turba</strong></span> <span class='ocrx_word' id='word_1_55' title='bbox 592 1352 778 1407; x_wconf 85' lang='lat' dir='ltr'><strong>furens</strong></span> <span class='ocrx_word' id='word_1_56' title='bbox 806 1351 945 1406; x_wconf 87' lang='lat' dir='ltr'><strong>odiis</strong></span> <span class='ocrx_word' id='word_1_57' title='bbox 971 1350 1319 1420; x_wconf 82' lang='lat' dir='ltr'><strong>popularibus</strong></span> <span class='ocrx_word' id='word_1_58' title='bbox 1348 1350 1457 1403; x_wconf 84' lang='lat' dir='ltr'><strong>ibat</strong></span> <span class='ocrx_word' id='word_1_59' title='bbox 1486 1349 1538 1403; x_wconf 93' lang='lat' dir='ltr'><strong>in</strong></span> <span class='ocrx_word' id='word_1_60' title='bbox 1568 1349 1739 1410; x_wconf 89' lang='lat' dir='ltr'><strong>illum,</strong></span> 
     </span>
    </p>
   </div>
   <div class='ocr_carea' id='block_1_12' title="bbox 391 1440 1738 1513">
    <p class='ocr_par' dir='ltr' id='par_1_12' title="bbox 391 1440 1738 1513">
     <span class='ocr_line' id='line_1_12' title="bbox 391 1440 1738 1513; baseline -0.004 -15"><span class='ocrx_word' id='word_1_61' title='bbox 391 1446 603 1499; x_wconf 62' lang='lat' dir='ltr'><strong>Laetitia</strong></span> <span class='ocrx_word' id='word_1_62' title='bbox 634 1452 859 1499; x_wconf 70' lang='lat' dir='ltr'><strong>incestos</strong></span> <span class='ocrx_word' id='word_1_63' title='bbox 891 1444 963 1513; x_wconf 87' lang='lat' dir='ltr'><strong>(c)</strong></span> <span class='ocrx_word' id='word_1_64' title='bbox 991 1442 1251 1497; x_wconf 85' lang='lat' dir='ltr'><strong>miscebat</strong></span> <span class='ocrx_word' id='word_1_65' title='bbox 1272 1450 1325 1494; x_wconf 89' lang='lat' dir='ltr'><strong>et</strong></span> <span class='ocrx_word' id='word_1_66' title='bbox 1344 1441 1423 1494; x_wconf 86' lang='lat' dir='ltr'><strong>ira</strong></span> <span class='ocrx_word' id='word_1_67' title='bbox 1457 1440 1738 1494; x_wconf 90' lang='lat' dir='ltr'><strong>tumultus.</strong></span> 
     </span>
    </p>
   </div>
   <div class='ocr_carea' id='block_1_13' title="bbox 392 1530 1557 1599">
    <p class='ocr_par' dir='ltr' id='par_1_13' title="bbox 392 1530 1557 1599">
     <span class='ocr_line' id='line_1_13' title="bbox 392 1530 1557 1599; baseline -0.006 -10"><span class='ocrx_word' id='word_1_68' title='bbox 392 1535 680 1599; x_wconf 84' lang='lat' dir='ltr'><strong>Pertimui,</strong></span> <span class='ocrx_word' id='word_1_69' title='bbox 716 1533 906 1599; x_wconf 87' lang='lat' dir='ltr'><strong>fateor,</strong></span> <span class='ocrx_word' id='word_1_70' title='bbox 939 1547 1005 1586; x_wconf 88' lang='lat' dir='ltr'><strong>ne</strong></span> <span class='ocrx_word' id='word_1_71' title='bbox 1034 1534 1173 1585; x_wconf 90' lang='lat' dir='ltr'><strong>forte</strong></span> <span class='ocrx_word' id='word_1_72' title='bbox 1198 1531 1440 1585; x_wconf 88' lang='lat' dir='ltr'><strong>diabolus</strong></span> <span class='ocrx_word' id='word_1_73' title='bbox 1470 1530 1557 1583; x_wconf 92' lang='lat' dir='ltr'><strong>illa</strong></span> 
     </span>
    </p>
   </div>
   <div class='ocr_carea' id='block_1_14' title="bbox 395 1623 1739 1693">
    <p class='ocr_par' dir='ltr' id='par_1_14' title="bbox 395 1623 1739 1693">
     <span class='ocr_line' id='line_1_14' title="bbox 395 1623 1739 1693; baseline -0.004 -12"><span class='ocrx_word' id='word_1_74' title='bbox 395 1626 512 1693; x_wconf 86' lang='lat' dir='ltr'><strong>Qua</strong></span> <span class='ocrx_word' id='word_1_75' title='bbox 542 1626 683 1680; x_wconf 83' lang='lat' dir='ltr'><strong>solet</strong></span> <span class='ocrx_word' id='word_1_76' title='bbox 708 1623 907 1678; x_wconf 83' lang='lat' dir='ltr'><strong>invidia</strong></span> <span class='ocrx_word' id='word_1_77' title='bbox 936 1624 1165 1678; x_wconf 83' lang='lat' dir='ltr'><strong>violaret</strong></span> <span class='ocrx_word' id='word_1_78' title='bbox 1184 1623 1442 1689; x_wconf 81' lang='lat' dir='ltr'><strong>sanguine</strong></span> <span class='ocrx_word' id='word_1_79' title='bbox 1463 1637 1739 1692; x_wconf 87' lang='lat' dir='ltr'><strong>pompam,</strong></span> 
     </span>
    </p>
   </div>
   <div class='ocr_carea' id='block_1_15' title="bbox 250 1714 1580 1786">
    <p class='ocr_par' dir='ltr' id='par_1_15' title="bbox 250 1714 1580 1786">
     <span class='ocr_line' id='line_1_15' title="bbox 250 1714 1580 1786; baseline -0.006 -11"><span class='ocrx_word' id='word_1_80' title='bbox 250 1719 349 1775; x_wconf 52' lang='grc' dir='ltr'><strong>ἂι)</strong></span> <span class='ocrx_word' id='word_1_81' title='bbox 393 1718 457 1771; x_wconf 78' lang='lat' dir='ltr'><strong>Et</strong></span> <span class='ocrx_word' id='word_1_82' title='bbox 483 1717 667 1786; x_wconf 89' lang='lat' dir='ltr'><strong>pejore</strong></span> <span class='ocrx_word' id='word_1_83' title='bbox 701 1716 849 1785; x_wconf 92' lang='lat' dir='ltr'><strong>prius</strong></span> <span class='ocrx_word' id='word_1_84' title='bbox 878 1722 1092 1769; x_wconf 86' lang='lat' dir='ltr'><strong>curaret</strong></span> <span class='ocrx_word' id='word_1_85' title='bbox 1116 1715 1338 1768; x_wconf 81' lang='lat' dir='ltr'><strong>vulnere</strong></span> <span class='ocrx_word' id='word_1_86' title='bbox 1370 1714 1580 1767; x_wconf 87' lang='lat' dir='ltr'><strong>vulnus.</strong></span> 
     </span>
    </p>
   </div>
   <div class='ocr_carea' id='block_1_16' title="bbox 396 1803 1592 1876">
    <p class='ocr_par' dir='ltr' id='par_1_16' title="bbox 396 1803 1592 1876">
     <span class='ocr_line' id='line_1_16' title="bbox 396 1803 1592 1876; baseline -0.003 -15"><span class='ocrx_word' id='word_1_87' title='bbox 396 1808 633 1876; x_wconf 74' lang='lat' dir='ltr'><strong>Eripitur</strong></span> <span class='ocrx_word' id='word_1_88' title='bbox 655 1806 874 1875; x_wconf 89' lang='lat' dir='ltr'><strong>populo,</strong></span> <span class='ocrx_word' id='word_1_89' title='bbox 902 1804 1144 1872; x_wconf 79' lang='lat' dir='ltr'><strong>cellaque</strong></span> <span class='ocrx_word' id='word_1_90' title='bbox 1166 1803 1452 1858; x_wconf 87' lang='lat' dir='ltr'><strong>includitur</strong></span> <span class='ocrx_word' id='word_1_91' title='bbox 1478 1805 1592 1871; x_wconf 88' lang='lat' dir='ltr'><strong>ipsa</strong></span> 
     </span>
    </p>
   </div>
   <div class='ocr_carea' id='block_1_17' title="bbox 388 1894 1837 1971">
    <p class='ocr_par' dir='ltr' id='par_1_17' title="bbox 388 1894 1837 1971">
     <span class='ocr_line' id='line_1_17' title="bbox 388 1894 1837 1971; baseline -0.02 -7"><span class='ocrx_word' id='word_1_92' title='bbox 388 1898 763 1971; x_wconf 59' lang='lat'><strong>479-580</strong></span> <span class='ocrx_word' id='word_1_93' title='bbox 793 1895 967 1969; x_wconf 83' lang='lat' dir='ltr'><strong>(Quod</strong></span> <span class='ocrx_word' id='word_1_94' title='bbox 997 1896 1075 1951; x_wconf 92' lang='lat' dir='ltr'><strong>sic</strong></span> <span class='ocrx_word' id='word_1_95' title='bbox 1098 1894 1239 1951; x_wconf 86' lang='lat' dir='ltr'><strong>forte</strong></span> <span class='ocrx_word' id='word_1_96' title='bbox 1266 1910 1363 1950; x_wconf 88' lang='lat' dir='ltr'><strong>reo</strong></span> <span class='ocrx_word' id='word_1_97' title='bbox 1400 1904 1559 1964; x_wconf 84' lang='lat' dir='ltr'><strong>capto</strong></span> <span class='ocrx_word' id='word_1_98' title='bbox 1591 1904 1716 1951; x_wconf 89' lang='lat' dir='ltr'><strong>tunc</strong></span> <span class='ocrx_word' id='word_1_99' title='bbox 1744 1910 1837 1951; x_wconf 86' lang='lat' dir='ltr'><strong>ac-</strong></span> 
     </span>
    </p>
   </div>
   <div class='ocr_carea' id='block_1_18' title="bbox 1353 1981 1767 2055">
    <p class='ocr_par' dir='ltr' id='par_1_18' title="bbox 1353 1981 1767 2055">
     <span class='ocr_line' id='line_1_18' title="bbox 1353 1981 1767 2055; baseline 0.005 -18"><span class='ocrx_word' id='word_1_100' title='bbox 1353 1981 1551 2055; x_wconf 89' lang='lat' dir='ltr'><strong>[cidit),</strong></span> <span class='ocrx_word' id='word_1_101' title='bbox 1584 1984 1636 2037; x_wconf 90' lang='lat' dir='ltr'><strong>in</strong></span> <span class='ocrx_word' id='word_1_102' title='bbox 1664 2002 1767 2054; x_wconf 86' lang='lat' dir='ltr'><strong>qua</strong></span> 
     </span>
    </p>
   </div>
   <div class='ocr_carea' id='block_1_19' title="bbox 388 2075 1658 2149">
    <p class='ocr_par' dir='ltr' id='par_1_19' title="bbox 388 2075 1658 2149">
     <span class='ocr_line' id='line_1_19' title="bbox 388 2075 1658 2149; baseline -0.001 -17"><span class='ocrx_word' id='word_1_103' title='bbox 388 2079 613 2134; x_wconf 76' lang='lat' dir='ltr'><strong>Delituit</strong></span> <span class='ocrx_word' id='word_1_104' title='bbox 635 2086 785 2149; x_wconf 82' lang='lat' dir='ltr'><strong>rapta</strong></span> <span class='ocrx_word' id='word_1_105' title='bbox 814 2092 976 2133; x_wconf 86' lang='lat' dir='ltr'><strong>cruce</strong></span> <span class='ocrx_word' id='word_1_106' title='bbox 994 2094 1007 2138; x_wconf 87' lang='lat'><strong>;</strong></span> <span class='ocrx_word' id='word_1_107' title='bbox 1026 2090 1133 2145; x_wconf 85' lang='lat' dir='ltr'><strong>qua</strong></span> <span class='ocrx_word' id='word_1_108' title='bbox 1165 2084 1288 2145; x_wconf 88' lang='lat' dir='ltr'><strong>post</strong></span> <span class='ocrx_word' id='word_1_109' title='bbox 1309 2075 1421 2144; x_wconf 89' lang='lat' dir='ltr'><strong>ipse</strong></span> <span class='ocrx_word' id='word_1_110' title='bbox 1447 2084 1658 2145; x_wconf 83' lang='lat' dir='ltr'><strong>reperta</strong></span> 
     </span>
    </p>
   </div>
   <div class='ocr_carea' id='block_1_20' title="bbox 385 2164 1837 2238">
    <p class='ocr_par' dir='ltr' id='par_1_20' title="bbox 385 2164 1837 2238">
     <span class='ocr_line' id='line_1_20' title="bbox 385 2164 1837 2238; baseline -0.001 -14"><span class='ocrx_word' id='word_1_111' title='bbox 385 2170 684 2234; x_wconf 81' lang='lat' dir='ltr'><strong>Clauditur,</strong></span> <span class='ocrx_word' id='word_1_112' title='bbox 708 2178 765 2224; x_wconf 90' lang='lat' dir='ltr'><strong>ut</strong></span> <span class='ocrx_word' id='word_1_113' title='bbox 795 2170 957 2223; x_wconf 84' lang='lat' dir='ltr'><strong>vivat.</strong></span> <span class='ocrx_word' id='word_1_114' title='bbox 978 2168 1129 2221; x_wconf 84' lang='lat' dir='ltr'><strong>Tunc</strong></span> <span class='ocrx_word' id='word_1_115' title='bbox 1150 2181 1278 2236; x_wconf 91' lang='lat' dir='ltr'><strong>ergo</strong></span> <span class='ocrx_word' id='word_1_116' title='bbox 1308 2164 1487 2221; x_wconf 82' lang='lat' dir='ltr'><strong>mente</strong></span> <span class='ocrx_word' id='word_1_117' title='bbox 1512 2167 1589 2236; x_wconf 80' lang='grc' dir='ltr'><strong>(ά)</strong></span> <span class='ocrx_word' id='word_1_118' title='bbox 1622 2177 1837 2238; x_wconf 87' lang='lat' dir='ltr'><strong>recepta</strong></span> 
     </span>
    </p>
   </div>
   <div class='ocr_carea' id='block_1_21' title="bbox 251 2261 1779 2332">
    <p class='ocr_par' dir='ltr' id='par_1_21' title="bbox 251 2261 1779 2332">
     <span class='ocr_line' id='line_1_21' title="bbox 251 2261 1779 2332; baseline -0.001 -14"><span class='ocrx_word' id='word_1_119' title='bbox 251 2264 356 2319; x_wconf 78' lang='grc'><strong>555</strong></span> <span class='ocrx_word' id='word_1_120' title='bbox 394 2264 513 2332; x_wconf 88' lang='lat' dir='ltr'><strong>Ipse</strong></span> <span class='ocrx_word' id='word_1_121' title='bbox 533 2279 691 2318; x_wconf 89' lang='lat' dir='ltr'><strong>suum</strong></span> <span class='ocrx_word' id='word_1_122' title='bbox 715 2264 919 2317; x_wconf 77' lang='lat' dir='ltr'><strong>facinus</strong></span> <span class='ocrx_word' id='word_1_123' title='bbox 946 2277 1090 2327; x_wconf 88' lang='lat' dir='ltr'><strong>reus,</strong></span> <span class='ocrx_word' id='word_1_124' title='bbox 1121 2270 1283 2329; x_wconf 89' lang='lat' dir='ltr'><strong>atque</strong></span> <span class='ocrx_word' id='word_1_125' title='bbox 1312 2261 1588 2315; x_wconf 88' lang='lat' dir='ltr'><strong>obstacula</strong></span> <span class='ocrx_word' id='word_1_126' title='bbox 1616 2262 1779 2331; x_wconf 68' lang='lat' dir='ltr'><strong>carpit</strong></span> 
     </span>
    </p>
   </div>
   <div class='ocr_carea' id='block_1_22' title="bbox 397 2355 1708 2423">
    <p class='ocr_par' dir='ltr' id='par_1_22' title="bbox 397 2355 1708 2423">
     <span class='ocr_line' id='line_1_22' title="bbox 397 2355 1708 2423; baseline 0 -14"><span class='ocrx_word' id='word_1_127' title='bbox 397 2356 655 2410; x_wconf 76' lang='lat' dir='ltr'><strong>Mirandis</strong></span> <span class='ocrx_word' id='word_1_128' title='bbox 675 2371 897 2410; x_wconf 87' lang='lat' dir='ltr'><strong>narrare</strong></span> <span class='ocrx_word' id='word_1_129' title='bbox 928 2355 1123 2421; x_wconf 89' lang='lat' dir='ltr'><strong>modis,</strong></span> <span class='ocrx_word' id='word_1_130' title='bbox 1160 2360 1433 2423; x_wconf 84' lang='lat' dir='ltr'><strong>lassusque</strong></span> <span class='ocrx_word' id='word_1_131' title='bbox 1463 2370 1559 2423; x_wconf 89' lang='lat' dir='ltr'><strong>per</strong></span> <span class='ocrx_word' id='word_1_132' title='bbox 1589 2355 1708 2409; x_wconf 88' lang='lat' dir='ltr'><strong>illos</strong></span> 
     </span>
    </p>
   </div>
   <div class='ocr_carea' id='block_1_23' title="bbox 389 2446 1835 2515">
    <p class='ocr_par' dir='ltr' id='par_1_23' title="bbox 389 2446 1835 2515">
     <span class='ocr_line' id='line_1_23' title="bbox 389 2446 1835 2515; baseline -0.001 -14"><span class='ocrx_word' id='word_1_133' title='bbox 389 2446 524 2501; x_wconf 85' lang='lat' dir='ltr'><strong>Octo</strong></span> <span class='ocrx_word' id='word_1_134' title='bbox 554 2447 809 2501; x_wconf 87' lang='lat' dir='ltr'><strong>dccemve</strong></span> <span class='ocrx_word' id='word_1_135' title='bbox 832 2446 965 2510; x_wconf 90' lang='lat' dir='ltr'><strong>dies,</strong></span> <span class='ocrx_word' id='word_1_136' title='bbox 998 2446 1190 2515; x_wconf 84' lang='lat' dir='ltr'><strong>quibus</strong></span> <span class='ocrx_word' id='word_1_137' title='bbox 1213 2446 1291 2500; x_wconf 90' lang='lat' dir='ltr'><strong>ire</strong></span> <span class='ocrx_word' id='word_1_138' title='bbox 1337 2455 1619 2514; x_wconf 83' lang='lat' dir='ltr'><strong>paraverat</strong></span> <span class='ocrx_word' id='word_1_139' title='bbox 1650 2446 1835 2500; x_wconf 87' lang='lat' dir='ltr'><strong>urbem</strong></span> 
     </span>
    </p>
   </div>
   <div class='ocr_carea' id='block_1_24' title="bbox 399 2536 1833 2607">
    <p class='ocr_par' dir='ltr' id='par_1_24' title="bbox 399 2536 1833 2607">
     <span class='ocr_line' id='line_1_24' title="bbox 399 2536 1833 2607; baseline -0.003 -14"><span class='ocrx_word' id='word_1_140' title='bbox 399 2540 732 2603; x_wconf 69' lang='lat' dir='ltr'><strong>Bt‘illuIt’all,</strong></span> <span class='ocrx_word' id='word_1_141' title='bbox 757 2538 1029 2607; x_wconf 69' lang='lat' dir='ltr'><strong>implicitis</strong></span> <span class='ocrx_word' id='word_1_142' title='bbox 1058 2545 1132 2591; x_wconf 83' lang='lat' dir='ltr'><strong>ita</strong></span> <span class='ocrx_word' id='word_1_143' title='bbox 1156 2552 1215 2591; x_wconf 88' lang='lat' dir='ltr'><strong>se</strong></span> <span class='ocrx_word' id='word_1_144' title='bbox 1234 2536 1459 2605; x_wconf 87' lang='lat' dir='ltr'><strong>pedibus</strong></span> <span class='ocrx_word' id='word_1_145' title='bbox 1484 2544 1833 2600; x_wconf 80' lang='lat' dir='ltr'><strong>retroactum,</strong></span> 
     </span>
    </p>
   </div>
   <div class='ocr_carea' id='block_1_25' title="bbox 386 2628 1839 2699">
    <p class='ocr_par' dir='ltr' id='par_1_25' title="bbox 386 2628 1839 2699">
     <span class='ocr_line' id='line_1_25' title="bbox 386 2628 1839 2699; baseline -0.001 -15"><span class='ocrx_word' id='word_1_146' title='bbox 386 2632 616 2699; x_wconf 83' lang='lat' dir='ltr'><strong>Semper</strong></span> <span class='ocrx_word' id='word_1_147' title='bbox 645 2639 702 2683; x_wconf 92' lang='lat' dir='ltr'><strong>ut</strong></span> <span class='ocrx_word' id='word_1_148' title='bbox 733 2630 809 2683; x_wconf 90' lang='lat' dir='ltr'><strong>ire</strong></span> <span class='ocrx_word' id='word_1_149' title='bbox 834 2644 1046 2699; x_wconf 89' lang='lat' dir='ltr'><strong>parans,</strong></span> <span class='ocrx_word' id='word_1_150' title='bbox 1076 2643 1290 2696; x_wconf 86' lang='lat' dir='ltr'><strong>semper</strong></span> <span class='ocrx_word' id='word_1_151' title='bbox 1314 2629 1622 2681; x_wconf 88' lang='lat' dir='ltr'><strong>retrahente</strong></span> <span class='ocrx_word' id='word_1_152' title='bbox 1640 2628 1839 2683; x_wconf 89' lang='lat' dir='ltr'><strong>rediret</strong></span> 
     </span>
    </p>
   </div>
   <div class='ocr_carea' id='block_1_26' title="bbox 249 2718 1834 2791">
    <p class='ocr_par' dir='ltr' id='par_1_26' title="bbox 249 2718 1834 2791">
     <span class='ocr_line' id='line_1_26' title="bbox 249 2718 1834 2791; baseline -0.008 -9"><span class='ocrx_word' id='word_1_153' title='bbox 249 2728 358 2783; x_wconf 73' lang='lat' dir='ltr'><strong>5w</strong></span> <span class='ocrx_word' id='word_1_154' title='bbox 396 2725 589 2779; x_wconf 85' lang='lat' dir='ltr'><strong>Nescio</strong></span> <span class='ocrx_word' id='word_1_155' title='bbox 616 2738 742 2791; x_wconf 88' lang='lat' dir='ltr'><strong>quo,</strong></span> <span class='ocrx_word' id='word_1_156' title='bbox 785 2736 1081 2789; x_wconf 88' lang='lat' dir='ltr'><strong>rursusque</strong></span> <span class='ocrx_word' id='word_1_157' title='bbox 1129 2719 1271 2773; x_wconf 87' lang='lat' dir='ltr'><strong>illam</strong></span> <span class='ocrx_word' id='word_1_158' title='bbox 1302 2726 1567 2773; x_wconf 85' lang='lat' dir='ltr'><strong>remearet</strong></span> <span class='ocrx_word' id='word_1_159' title='bbox 1597 2718 1663 2771; x_wconf 89' lang='lat' dir='ltr'><strong>ad</strong></span> <span class='ocrx_word' id='word_1_160' title='bbox 1686 2733 1834 2771; x_wconf 89' lang='lat' dir='ltr'><strong>oram</strong></span> 
     </span>
    </p>
   </div>
   <div class='ocr_carea' id='block_1_27' title="bbox 396 2814 1836 2883">
    <p class='ocr_par' dir='ltr' id='par_1_27' title="bbox 396 2814 1836 2883">
     <span class='ocr_line' id='line_1_27' title="bbox 396 2814 1836 2883; baseline -0.002 -12"><span class='ocrx_word' id='word_1_161' title='bbox 396 2818 586 2871; x_wconf 72' lang='lat' dir='ltr'><strong>Vesevi</strong></span> <span class='ocrx_word' id='word_1_162' title='bbox 610 2816 711 2883; x_wconf 66' lang='grc' dir='ltr'><strong>(τε),</strong></span> <span class='ocrx_word' id='word_1_163' title='bbox 738 2829 847 2882; x_wconf 83' lang='lat' dir='ltr'><strong>qua</strong></span> <span class='ocrx_word' id='word_1_164' title='bbox 866 2814 1049 2882; x_wconf 84' lang='lat' dir='ltr'><strong>jussus</strong></span> <span class='ocrx_word' id='word_1_165' title='bbox 1074 2822 1197 2869; x_wconf 76' lang='lat' dir='ltr'><strong>erat</strong></span> <span class='ocrx_word' id='word_1_166' title='bbox 1220 2814 1373 2881; x_wconf 90' lang='lat' dir='ltr'><strong>quasi</strong></span> <span class='ocrx_word' id='word_1_167' title='bbox 1412 2828 1636 2867; x_wconf 85' lang='lat' dir='ltr'><strong>carcere</strong></span> <span class='ocrx_word' id='word_1_168' title='bbox 1662 2814 1836 2868; x_wconf 86' lang='lat' dir='ltr'><strong>claudi</strong></span> 
     </span>
    </p>
   </div>
   <div class='ocr_carea' id='block_1_28' title="bbox 391 2903 1733 2973">
    <p class='ocr_par' dir='ltr' id='par_1_28' title="bbox 391 2903 1733 2973">
     <span class='ocr_line' id='line_1_28' title="bbox 391 2903 1733 2973; baseline -0.002 -13"><span class='ocrx_word' id='word_1_169' title='bbox 391 2906 642 2973; x_wconf 72' lang='lat' dir='ltr'><strong>Angelica</strong></span> <span class='ocrx_word' id='word_1_170' title='bbox 662 2912 909 2958; x_wconf 86' lang='lat' dir='ltr'><strong>nectente</strong></span> <span class='ocrx_word' id='word_1_171' title='bbox 939 2920 1100 2957; x_wconf 85' lang='lat' dir='ltr'><strong>manu</strong></span> <span class='ocrx_word' id='word_1_172' title='bbox 1135 2922 1147 2952; x_wconf 87' lang='lat'><strong>:</strong></span> <span class='ocrx_word' id='word_1_173' title='bbox 1182 2914 1363 2957; x_wconf 89' lang='lat' dir='ltr'><strong>tamen</strong></span> <span class='ocrx_word' id='word_1_174' title='bbox 1392 2903 1480 2956; x_wconf 90' lang='lat' dir='ltr'><strong>ille</strong></span> <span class='ocrx_word' id='word_1_175' title='bbox 1509 2904 1733 2971; x_wconf 81' lang='lat' dir='ltr'><strong>putabat</strong></span> 
     </span>
    </p>
   </div>
   <div class='ocr_carea' id='block_1_29' title="bbox 393 2993 1731 3065">
    <p class='ocr_par' dir='ltr' id='par_1_29' title="bbox 393 2993 1731 3065">
     <span class='ocr_line' id='line_1_29' title="bbox 393 2993 1731 3065; baseline -0.001 -16"><span class='ocrx_word' id='word_1_176' title='bbox 393 2996 789 3051; x_wconf 86' lang='lat' dir='ltr'><strong>Arbitriimiser</strong></span> <span class='ocrx_word' id='word_1_177' title='bbox 809 3009 926 3049; x_wconf 88' lang='lat' dir='ltr'><strong>esse</strong></span> <span class='ocrx_word' id='word_1_178' title='bbox 955 2994 1036 3049; x_wconf 90' lang='lat' dir='ltr'><strong>sui</strong></span> <span class='ocrx_word' id='word_1_179' title='bbox 1062 3000 1077 3055; x_wconf 84' lang='lat'><strong><em>(</em></strong></span> <span class='ocrx_word' id='word_1_180' title='bbox 1090 2996 1153 3065; x_wconf 72' lang='grc' dir='ltr'><strong>ι’),</strong></span> <span class='ocrx_word' id='word_1_181' title='bbox 1180 2993 1321 3063; x_wconf 87' lang='lat' dir='ltr'><strong>quod</strong></span> <span class='ocrx_word' id='word_1_182' title='bbox 1348 3009 1576 3063; x_wconf 84' lang='lat' dir='ltr'><strong>corpore</strong></span> <span class='ocrx_word' id='word_1_183' title='bbox 1598 2994 1731 3048; x_wconf 81' lang='lat' dir='ltr'><strong>liber</strong></span> 
     </span>
    </p>
   </div>
   <div class='ocr_carea' id='block_1_30' title="bbox 390 3090 1649 3157">
    <p class='ocr_par' dir='ltr' id='par_1_30' title="bbox 390 3090 1649 3157">
     <span class='ocr_line' id='line_1_30' title="bbox 390 3090 1649 3157; baseline -0.003 -14"><span class='ocrx_word' id='word_1_184' title='bbox 390 3090 520 3145; x_wconf 84' lang='lat' dir='ltr'><strong>Esse</strong></span> <span class='ocrx_word' id='word_1_185' title='bbox 549 3090 845 3151; x_wconf 88' lang='lat' dir='ltr'><strong>videbatur,</strong></span> <span class='ocrx_word' id='word_1_186' title='bbox 869 3102 1027 3157; x_wconf 89' lang='lat' dir='ltr'><strong>quem</strong></span> <span class='ocrx_word' id='word_1_187' title='bbox 1055 3103 1162 3141; x_wconf 89' lang='lat' dir='ltr'><strong>non</strong></span> <span class='ocrx_word' id='word_1_188' title='bbox 1191 3094 1433 3140; x_wconf 79' lang='lat' dir='ltr'><strong>exstante</strong></span> <span class='ocrx_word' id='word_1_189' title='bbox 1462 3093 1649 3140; x_wconf 87' lang='lat' dir='ltr'><strong>catena</strong></span> 
     </span>
    </p>
   </div>
   <div class='ocr_carea' id='block_1_31' title="bbox 248 3177 1631 3238">
    <p class='ocr_par' dir='ltr' id='par_1_31' title="bbox 248 3177 1631 3238">
     <span class='ocr_line' id='line_1_31' title="bbox 248 3177 1631 3238; baseline -0.006 0"><span class='ocrx_word' id='word_1_190' title='bbox 248 3183 355 3238; x_wconf 71' lang='grc'><strong>545</strong></span> <span class='ocrx_word' id='word_1_191' title='bbox 391 3182 605 3235; x_wconf 80' lang='lat' dir='ltr'><strong>Fortior</strong></span> <span class='ocrx_word' id='word_1_192' title='bbox 628 3178 845 3233; x_wconf 86' lang='lat' dir='ltr'><strong>arcanis</strong></span> <span class='ocrx_word' id='word_1_193' title='bbox 872 3178 1138 3231; x_wconf 83' lang='lat' dir='ltr'><strong>retinebat</strong></span> <span class='ocrx_word' id='word_1_194' title='bbox 1169 3178 1390 3230; x_wconf 78' lang='lat' dir='ltr'><strong>dextera</strong></span> <span class='ocrx_word' id='word_1_195' title='bbox 1421 3177 1631 3232; x_wconf 86' lang='lat' dir='ltr'><strong>vinclis.</strong></span> 
     </span>
    </p>
   </div>
   <div class='ocr_carea' id='block_1_32' title="bbox 397 3267 1515 3336">
    <p class='ocr_par' dir='ltr' id='par_1_32' title="bbox 397 3267 1515 3336">
     <span class='ocr_line' id='line_1_32' title="bbox 397 3267 1515 3336; baseline -0.005 -12"><span class='ocrx_word' id='word_1_196' title='bbox 397 3270 550 3325; x_wconf 88' lang='lat' dir='ltr'><strong>Ultor</strong></span> <span class='ocrx_word' id='word_1_197' title='bbox 577 3284 700 3324; x_wconf 91' lang='lat' dir='ltr'><strong>eum</strong></span> <span class='ocrx_word' id='word_1_198' title='bbox 724 3269 884 3336; x_wconf 84' lang='lat' dir='ltr'><strong>digno</strong></span> <span class='ocrx_word' id='word_1_199' title='bbox 915 3267 1063 3322; x_wconf 82' lang='lat' dir='ltr'><strong>Felix</strong></span> <span class='ocrx_word' id='word_1_200' title='bbox 1090 3282 1274 3321; x_wconf 88' lang='lat' dir='ltr'><strong>errore</strong></span> <span class='ocrx_word' id='word_1_201' title='bbox 1296 3268 1515 3334; x_wconf 81' lang='lat' dir='ltr'><strong>ligabat,</strong></span> 
     </span>
    </p>
   </div>
   <div class='ocr_carea' id='block_1_33' title="bbox 391 3359 1725 3429">
    <p class='ocr_par' dir='ltr' id='par_1_33' title="bbox 391 3359 1725 3429">
     <span class='ocr_line' id='line_1_33' title="bbox 391 3359 1725 3429; baseline -0.002 -13"><span class='ocrx_word' id='word_1_202' title='bbox 391 3363 458 3416; x_wconf 84' lang='lat' dir='ltr'><strong>Et</strong></span> <span class='ocrx_word' id='word_1_203' title='bbox 486 3362 577 3415; x_wconf 91' lang='lat' dir='ltr'><strong>tali</strong></span> <span class='ocrx_word' id='word_1_204' title='bbox 608 3367 876 3413; x_wconf 88' lang='lat' dir='ltr'><strong>amentem</strong></span> <span class='ocrx_word' id='word_1_205' title='bbox 910 3360 989 3429; x_wconf 84' lang='lat' dir='ltr'><strong>(g)</strong></span> <span class='ocrx_word' id='word_1_206' title='bbox 1020 3359 1279 3427; x_wconf 83' lang='lat' dir='ltr'><strong>vertigine</strong></span> <span class='ocrx_word' id='word_1_207' title='bbox 1307 3359 1725 3427; x_wconf 83' lang='lat' dir='ltr'><strong>circumagebat,</strong></span> 
     </span>
    </p>
   </div>
   <div class='ocr_carea' id='block_1_34' title="bbox 390 3450 1835 3523">
    <p class='ocr_par' dir='ltr' id='par_1_34' title="bbox 390 3450 1835 3523">
     <span class='ocr_line' id='line_1_34' title="bbox 390 3450 1835 3523; baseline -0.001 -15"><span class='ocrx_word' id='word_1_208' title='bbox 390 3454 615 3523; x_wconf 82' lang='lat' dir='ltr'><strong>Semper</strong></span> <span class='ocrx_word' id='word_1_209' title='bbox 649 3461 709 3507; x_wconf 94' lang='lat' dir='ltr'><strong>ut</strong></span> <span class='ocrx_word' id='word_1_210' title='bbox 753 3452 1049 3506; x_wconf 86' lang='lat' dir='ltr'><strong>abscedens</strong></span> <span class='ocrx_word' id='word_1_211' title='bbox 1097 3466 1357 3519; x_wconf 87' lang='lat' dir='ltr'><strong>nusquam</strong></span> <span class='ocrx_word' id='word_1_212' title='bbox 1394 3450 1719 3513; x_wconf 88' lang='lat' dir='ltr'><strong>discederet,</strong></span> <span class='ocrx_word' id='word_1_213' title='bbox 1780 3462 1835 3507; x_wconf 91' lang='lat' dir='ltr'><strong>et</strong></span> 
     </span>
    </p>
   </div>
   <div class='ocr_carea' id='block_1_35' title="bbox 1508 3542 1763 3614">
    <p class='ocr_par' dir='ltr' id='par_1_35' title="bbox 1508 3542 1763 3614">
     <span class='ocr_line' id='line_1_35' title="bbox 1508 3542 1763 3614; baseline -0.016 0"><span class='ocrx_word' id='word_1_214' title='bbox 1508 3542 1650 3614; x_wconf 72' lang='grc' dir='ltr'><strong>[ωσι</strong></span> <span class='ocrx_word' id='word_1_215' title='bbox 1682 3544 1763 3613; x_wconf 58' lang='grc' dir='ltr'><strong>(Α)</strong></span> 
     </span>
    </p>
   </div>
   <div class='ocr_carea' id='block_1_36' title="bbox 391 3626 1653 3701">
    <p class='ocr_par' dir='ltr' id='par_1_36' title="bbox 391 3626 1653 3701">
     <span class='ocr_line' id='line_1_36' title="bbox 391 3626 1653 3701; baseline -0.002 -13"><span class='ocrx_word' id='word_1_216' title='bbox 391 3634 715 3689; x_wconf 85' lang='lat' dir='ltr'><strong>Prosiliente</strong></span> <span class='ocrx_word' id='word_1_217' title='bbox 742 3632 911 3701; x_wconf 86' lang='lat' dir='ltr'><strong>gradu</strong></span> <span class='ocrx_word' id='word_1_218' title='bbox 936 3633 1187 3701; x_wconf 75' lang='lat' dir='ltr'><strong>cmpisset</strong></span> <span class='ocrx_word' id='word_1_219' title='bbox 1226 3632 1396 3699; x_wconf 88' lang='lat' dir='ltr'><strong>abire,</strong></span> <span class='ocrx_word' id='word_1_220' title='bbox 1429 3626 1653 3686; x_wconf 82' lang='lat' dir='ltr'><strong>rediret.</strong></span> 
     </span>
    </p>
   </div>
   <div class='ocr_carea' id='block_1_37' title="bbox 247 3722 1667 3789">
    <p class='ocr_par' dir='ltr' id='par_1_37' title="bbox 247 3722 1667 3789">
     <span class='ocr_line' id='line_1_37' title="bbox 247 3722 1667 3789; baseline -0.001 -8"><span class='ocrx_word' id='word_1_221' title='bbox 247 3726 352 3781; x_wconf 80' lang='lat'><strong>550</strong></span> <span class='ocrx_word' id='word_1_222' title='bbox 388 3724 527 3778; x_wconf 76' lang='lat' dir='ltr'><strong>Mira</strong></span> <span class='ocrx_word' id='word_1_223' title='bbox 557 3722 717 3779; x_wconf 84' lang='lat' dir='ltr'><strong>ﬁdes!</strong></span> <span class='ocrx_word' id='word_1_224' title='bbox 745 3722 862 3777; x_wconf 87' lang='lat' dir='ltr'><strong>Ibat</strong></span> <span class='ocrx_word' id='word_1_225' title='bbox 888 3722 1105 3788; x_wconf 89' lang='lat' dir='ltr'><strong>stando,</strong></span> <span class='ocrx_word' id='word_1_226' title='bbox 1132 3723 1445 3777; x_wconf 89' lang='lat' dir='ltr'><strong>remanebat</strong></span> <span class='ocrx_word' id='word_1_227' title='bbox 1468 3723 1667 3789; x_wconf 90' lang='lat' dir='ltr'><strong>eundo,</strong></span> 
     </span>
    </p>
   </div>
   <div class='ocr_carea' id='block_1_38' title="bbox 318 3856 1834 3931">
    <p class='ocr_par' dir='ltr' id='par_1_38' title="bbox 318 3856 1834 3931">
     <span class='ocr_line' id='line_1_38' title="bbox 318 3856 1834 3931; baseline 0.001 -17"><span class='ocrx_word' id='word_1_228' title='bbox 318 3862 398 3931; x_wconf 83' lang='grc' dir='ltr'><strong>(α)</strong></span> <span class='ocrx_word' id='word_1_229' title='bbox 439 3859 679 3914; x_wconf 72' lang='lat' dir='ltr'><strong>Nuceria:</strong></span> <span class='ocrx_word' id='word_1_230' title='bbox 719 3858 855 3913; x_wconf 60' lang='lat' dir='ltr'><strong>duae.</strong></span> <span class='ocrx_word' id='word_1_231' title='bbox 901 3858 976 3931; x_wconf 75' lang='lat' dir='ltr'><strong>Ii_i_</strong></span> <span class='ocrx_word' id='word_1_232' title='bbox 1004 3856 1217 3931; x_wconf 86' lang='lat' dir='ltr'><strong>Umbria</strong></span> <span class='ocrx_word' id='word_1_233' title='bbox 1265 3872 1396 3923; x_wconf 90' lang='lat' dir='ltr'><strong>una,</strong></span> <span class='ocrx_word' id='word_1_234' title='bbox 1427 3858 1480 3911; x_wconf 89' lang='lat' dir='ltr'><strong>in</strong></span> <span class='ocrx_word' id='word_1_235' title='bbox 1528 3857 1834 3915; x_wconf 86' lang='lat' dir='ltr'><strong>Picentibus</strong></span> 
     </span>
    </p>
   </div>
   <div class='ocr_carea' id='block_1_39' title="bbox 247 3926 1831 3998">
    <p class='ocr_par' dir='ltr' id='par_1_39' title="bbox 247 3926 1831 3998">
     <span class='ocr_line' id='line_1_39' title="bbox 247 3926 1831 3998; baseline -0.001 -13"><span class='ocrx_word' id='word_1_236' title='bbox 247 3926 437 3985; x_wconf 77' lang='lat' dir='ltr'><strong>altera.</strong></span> <span class='ocrx_word' id='word_1_237' title='bbox 473 3931 750 3984; x_wconf 80' lang='lat' dir='ltr'><strong>Postrema</strong></span> <span class='ocrx_word' id='word_1_238' title='bbox 781 3931 893 3983; x_wconf 66' lang='lat' dir='ltr'><strong>haec</strong></span> <span class='ocrx_word' id='word_1_239' title='bbox 923 3926 1152 3982; x_wconf 80' lang='lat' dir='ltr'><strong>Nuceria</strong></span> <span class='ocrx_word' id='word_1_240' title='bbox 1175 3944 1495 3998; x_wconf 58' lang='lat' dir='ltr'><strong>paganorum</strong></span> <span class='ocrx_word' id='word_1_241' title='bbox 1516 3930 1831 3984; x_wconf 88' lang='lat' dir='ltr'><strong>nominatim</strong></span> 
     </span>
    </p>
   </div>
   <div class='ocr_carea' id='block_1_40' title="bbox 247 3996 1832 4068">
    <p class='ocr_par' dir='ltr' id='par_1_40' title="bbox 247 3996 1832 4068">
     <span class='ocr_line' id='line_1_40' title="bbox 247 3996 1832 4068; baseline -0.001 -13"><span class='ocrx_word' id='word_1_242' title='bbox 247 4003 413 4066; x_wconf 83' lang='lat' dir='ltr'><strong>dicta,</strong></span> <span class='ocrx_word' id='word_1_243' title='bbox 447 4001 670 4067; x_wconf 81' lang='lat' dir='ltr'><strong>ejusque</strong></span> <span class='ocrx_word' id='word_1_244' title='bbox 726 4000 1009 4068; x_wconf 89' lang='lat' dir='ltr'><strong>episcopus</strong></span> <span class='ocrx_word' id='word_1_245' title='bbox 1056 3996 1257 4051; x_wconf 74' lang='lat' dir='ltr'><strong>fuitS.</strong></span> <span class='ocrx_word' id='word_1_246' title='bbox 1300 3996 1529 4068; x_wconf 86' lang='lat' dir='ltr'><strong>Priscus.</strong></span> <span class='ocrx_word' id='word_1_247' title='bbox 1583 3999 1832 4068; x_wconf 84' lang='lat' dir='ltr'><strong>Ughellus</strong></span> 
     </span>
    </p>
   </div>
   <div class='ocr_carea' id='block_1_41' title="bbox 248 4067 1833 4135">
    <p class='ocr_par' dir='ltr' id='par_1_41' title="bbox 248 4067 1833 4135">
     <span class='ocr_line' id='line_1_41' title="bbox 248 4067 1833 4135; baseline -0.001 -11"><span class='ocrx_word' id='word_1_248' title='bbox 248 4080 377 4125; x_wconf 90' lang='lat' dir='ltr'><strong>tom.</strong></span> <span class='ocrx_word' id='word_1_249' title='bbox 420 4071 503 4123; x_wconf 84' lang='lat' dir='ltr'><strong>VII</strong></span> <span class='ocrx_word' id='word_1_250' title='bbox 541 4069 657 4122; x_wconf 87' lang='lat' dir='ltr'><strong>Ital.</strong></span> <span class='ocrx_word' id='word_1_251' title='bbox 688 4083 853 4122; x_wconf 75' lang='lat' dir='ltr'><strong>sacra:</strong></span> <span class='ocrx_word' id='word_1_252' title='bbox 883 4067 996 4122; x_wconf 65' lang='lat' dir='ltr'><strong>haec</strong></span> <span class='ocrx_word' id='word_1_253' title='bbox 1030 4069 1097 4122; x_wconf 89' lang='lat' dir='ltr'><strong>de</strong></span> <span class='ocrx_word' id='word_1_254' title='bbox 1122 4067 1216 4121; x_wconf 89' lang='lat' dir='ltr'><strong>illo</strong></span> <span class='ocrx_word' id='word_1_255' title='bbox 1243 4067 1447 4135; x_wconf 79' lang='lat' dir='ltr'><strong>profert</strong></span> <span class='ocrx_word' id='word_1_256' title='bbox 1480 4085 1492 4121; x_wconf 90' lang='lat'><strong>:</strong></span> <span class='ocrx_word' id='word_1_257' title='bbox 1528 4069 1587 4122; x_wconf 92' lang='lat' dir='ltr'><strong>S.</strong></span> <span class='ocrx_word' id='word_1_258' title='bbox 1621 4067 1833 4123; x_wconf 75' lang='lat' dir='ltr'><strong>Priscus</strong></span> 
     </span>
    </p>
   </div>
   <div class='ocr_carea' id='block_1_42' title="bbox 246 4137 1833 4210">
    <p class='ocr_par' dir='ltr' id='par_1_42' title="bbox 246 4137 1833 4210">
     <span class='ocr_line' id='line_1_42' title="bbox 246 4137 1833 4210; baseline 0 -17"><span class='ocrx_word' id='word_1_259' title='bbox 246 4144 440 4210; x_wconf 73' lang='lat' dir='ltr'><strong>primus</strong></span> <span class='ocrx_word' id='word_1_260' title='bbox 472 4141 623 4209; x_wconf 81' lang='lat' dir='ltr'><strong>hujus</strong></span> <span class='ocrx_word' id='word_1_261' title='bbox 664 4137 913 4192; x_wconf 70' lang='lat' dir='ltr'><strong>Ecclesia:</strong></span> <span class='ocrx_word' id='word_1_262' title='bbox 941 4139 1207 4207; x_wconf 83' lang='lat' dir='ltr'><strong>episcopus</strong></span> <span class='ocrx_word' id='word_1_263' title='bbox 1237 4147 1468 4210; x_wconf 58' lang='lat' dir='ltr'><strong>censetur</strong></span> <span class='ocrx_word' id='word_1_264' title='bbox 1497 4138 1605 4210; x_wconf 48' lang='lat' dir='ltr'><strong>sua</strong></span> <span class='ocrx_word' id='word_1_265' title='bbox 1625 4138 1833 4193; x_wconf 79' lang='lat' dir='ltr'><strong>Nerone</strong></span> 
     </span>
    </p>
   </div>
   <div class='ocr_carea' id='block_1_43' title="bbox 246 4206 1828 4279">
    <p class='ocr_par' dir='ltr' id='par_1_43' title="bbox 246 4206 1828 4279">
     <span class='ocr_line' id='line_1_43' title="bbox 246 4206 1828 4279; baseline -0.001 -16"><span class='ocrx_word' id='word_1_266' title='bbox 246 4206 549 4275; x_wconf 66' lang='lat' dir='ltr'><strong>coronatus,</strong></span> <span class='ocrx_word' id='word_1_267' title='bbox 575 4210 717 4279; x_wconf 70' lang='lat' dir='ltr'><strong>cujus</strong></span> <span class='ocrx_word' id='word_1_268' title='bbox 743 4209 849 4261; x_wconf 78' lang='lat' dir='ltr'><strong>dies</strong></span> <span class='ocrx_word' id='word_1_269' title='bbox 882 4210 1038 4277; x_wconf 76' lang='lat' dir='ltr'><strong>festus</strong></span> <span class='ocrx_word' id='word_1_270' title='bbox 1062 4210 1235 4276; x_wconf 80' lang='lat' dir='ltr'><strong>agitur</strong></span> <span class='ocrx_word' id='word_1_271' title='bbox 1254 4207 1287 4259; x_wconf 88' lang='lat'><strong>9</strong></span> <span class='ocrx_word' id='word_1_272' title='bbox 1308 4206 1439 4279; x_wconf 50' lang='lat' dir='ltr'><strong>glaii</strong></span> <span class='ocrx_word' id='word_1_273' title='bbox 1469 4210 1521 4261; x_wconf 89' lang='lat' dir='ltr'><strong>in</strong></span> <span class='ocrx_word' id='word_1_274' title='bbox 1551 4208 1828 4279; x_wconf 79' lang='lat' dir='ltr'><strong>Martyrol.</strong></span> 
     </span>
    </p>
   </div>
   <div class='ocr_carea' id='block_1_44' title="bbox 249 4276 1831 4347">
    <p class='ocr_par' dir='ltr' id='par_1_44' title="bbox 249 4276 1831 4347">
     <span class='ocr_line' id='line_1_44' title="bbox 249 4276 1831 4347; baseline -0.001 -15"><span class='ocrx_word' id='word_1_275' title='bbox 249 4279 425 4339; x_wconf 80' lang='lat' dir='ltr'><strong>Ilom.,</strong></span> <span class='ocrx_word' id='word_1_276' title='bbox 459 4281 523 4331; x_wconf 80' lang='lat' dir='ltr'><strong>de</strong></span> <span class='ocrx_word' id='word_1_277' title='bbox 552 4276 648 4347; x_wconf 85' lang='lat' dir='ltr'><strong>quo</strong></span> <span class='ocrx_word' id='word_1_278' title='bbox 678 4277 801 4330; x_wconf 87' lang='lat' dir='ltr'><strong>Bar.</strong></span> <span class='ocrx_word' id='word_1_279' title='bbox 830 4276 1059 4337; x_wconf 82' lang='lat' dir='ltr'><strong>innatis,</strong></span> <span class='ocrx_word' id='word_1_280' title='bbox 1097 4288 1271 4345; x_wconf 80' lang='lat' dir='ltr'><strong>estque</strong></span> <span class='ocrx_word' id='word_1_281' title='bbox 1301 4276 1459 4330; x_wconf 83' lang='lat' dir='ltr'><strong>Divus</strong></span> <span class='ocrx_word' id='word_1_282' title='bbox 1488 4276 1740 4331; x_wconf 59' lang='lat' dir='ltr'><strong>tutelam}.</strong></span> <span class='ocrx_word' id='word_1_283' title='bbox 1772 4278 1831 4331; x_wconf 84' lang='lat' dir='ltr'><strong>lu</strong></span> 
     </span>
    </p>
   </div>
   <div class='ocr_carea' id='block_1_45' title="bbox 247 4347 1830 4419">
    <p class='ocr_par' dir='ltr' id='par_1_45' title="bbox 247 4347 1830 4419">
     <span class='ocr_line' id='line_1_45' title="bbox 247 4347 1830 4419; baseline -0.001 -16"><span class='ocrx_word' id='word_1_284' title='bbox 247 4348 524 4419; x_wconf 73' lang='lat' dir='ltr'><strong>Martyrol.</strong></span> <span class='ocrx_word' id='word_1_285' title='bbox 560 4349 822 4419; x_wconf 74' lang='lat' dir='ltr'><strong>hodierno</strong></span> <span class='ocrx_word' id='word_1_286' title='bbox 848 4348 918 4419; x_wconf 90' lang='lat' dir='ltr'><strong>nil</strong></span> <span class='ocrx_word' id='word_1_287' title='bbox 944 4357 1119 4419; x_wconf 83' lang='lat' dir='ltr'><strong>tamen</strong></span> <span class='ocrx_word' id='word_1_288' title='bbox 1150 4348 1215 4419; x_wconf 72' lang='lat' dir='ltr'><strong>dc</strong></span> <span class='ocrx_word' id='word_1_289' title='bbox 1248 4347 1349 4419; x_wconf 76' lang='lat' dir='ltr'><strong>hoc</strong></span> <span class='ocrx_word' id='word_1_290' title='bbox 1364 4357 1553 4419; x_wconf 83' lang='lat' dir='ltr'><strong>sancto</strong></span> <span class='ocrx_word' id='word_1_291' title='bbox 1576 4350 1830 4415; x_wconf 86' lang='lat' dir='ltr'><strong>occurrit,</strong></span> 
     </span>
    </p>
   </div>
   <div class='ocr_carea' id='block_1_46' title="bbox 253 4417 1831 4487">
    <p class='ocr_par' dir='ltr' id='par_1_46' title="bbox 253 4417 1831 4487">
     <span class='ocr_line' id='line_1_46' title="bbox 253 4417 1831 4487; baseline 0.001 -16"><span class='ocrx_word' id='word_1_292' title='bbox 253 4417 399 4473; x_wconf 77' lang='lat' dir='ltr'><strong>unde</strong></span> <span class='ocrx_word' id='word_1_293' title='bbox 428 4417 707 4486; x_wconf 87' lang='lat' dir='ltr'><strong>Ughcllum</strong></span> <span class='ocrx_word' id='word_1_294' title='bbox 737 4418 996 4485; x_wconf 86' lang='lat' dir='ltr'><strong>suspicari</strong></span> <span class='ocrx_word' id='word_1_295' title='bbox 1037 4419 1160 4472; x_wconf 89' lang='lat' dir='ltr'><strong>licet</strong></span> <span class='ocrx_word' id='word_1_296' title='bbox 1205 4418 1608 4475; x_wconf 81' lang='lat' dir='ltr'><strong>liallucinatum.</strong></span> <span class='ocrx_word' id='word_1_297' title='bbox 1641 4434 1705 4471; x_wconf 90' lang='lat' dir='ltr'><strong>ac</strong></span> <span class='ocrx_word' id='word_1_298' title='bbox 1730 4434 1831 4487; x_wconf 82' lang='lat' dir='ltr'><strong>pro</strong></span> 
     </span>
    </p>
   </div>
   <div class='ocr_carea' id='block_1_47' title="bbox 246 4487 1829 4554">
    <p class='ocr_par' dir='ltr' id='par_1_47' title="bbox 246 4487 1829 4554">
     <span class='ocr_line' id='line_1_47' title="bbox 246 4487 1829 4554; baseline -0.001 -12"><span class='ocrx_word' id='word_1_299' title='bbox 246 4487 495 4542; x_wconf 82' lang='lat' dir='ltr'><strong>Ferrario</strong></span> <span class='ocrx_word' id='word_1_300' title='bbox 546 4487 855 4550; x_wconf 85' lang='lat' dir='ltr'><strong>Baronium,</strong></span> <span class='ocrx_word' id='word_1_301' title='bbox 904 4488 1124 4554; x_wconf 87' lang='lat' dir='ltr'><strong>ejusque</strong></span> <span class='ocrx_word' id='word_1_302' title='bbox 1164 4495 1322 4540; x_wconf 89' lang='lat' dir='ltr'><strong>notas</strong></span> <span class='ocrx_word' id='word_1_303' title='bbox 1372 4502 1717 4541; x_wconf 87' lang='lat' dir='ltr'><strong>memorasse.</strong></span> <span class='ocrx_word' id='word_1_304' title='bbox 1752 4487 1829 4541; x_wconf 91' lang='lat' dir='ltr'><strong>Illi</strong></span> 
     </span>
    </p>
   </div>
   <div class='ocr_carea' id='block_1_48' title="bbox 1693 325 1830 384">
    <p class='ocr_par' dir='ltr' id='par_1_48' title="bbox 1693 325 1830 381">
     <span class='ocr_line' id='line_1_48' title="bbox 1693 325 1830 381; baseline -0.015 -2"><span class='ocrx_word' id='word_1_305' title='bbox 1693 325 1830 381; x_wconf 81' lang='lat' dir='ltr'><strong>POE</strong></span> 
     </span>
    </p>
   </div>
   <div class='ocr_carea' id='block_1_49' title="bbox 1963 325 3533 384">
    <p class='ocr_par' dir='ltr' id='par_1_49' title="bbox 1963 325 3533 384">
     <span class='ocr_line' id='line_1_49' title="bbox 1963 325 3533 384; baseline 0.003 -4"><span class='ocrx_word' id='word_1_306' title='bbox 1963 325 2099 382; x_wconf 65' lang='lat' dir='ltr'><strong>XIX.</strong></span> <span class='ocrx_word' id='word_1_307' title='bbox 3425 330 3458 384; x_wconf 79' lang='lat'><strong>5</strong></span> <span class='ocrx_word' id='word_1_308' title='bbox 3472 328 3533 384; x_wconf 62' lang='grc' dir='ltr'>Β</span> 
     </span>
    </p>
   </div>
   <div class='ocr_carea' id='block_1_50' title="bbox 398 441 1916 515">
    <p class='ocr_par' dir='ltr' id='par_1_50' title="bbox 398 441 1916 515">
     <span class='ocr_line' id='line_1_50' title="bbox 398 441 1916 515; baseline -0.003 -16"><span class='ocrx_word' id='word_1_309' title='bbox 398 446 650 514; x_wconf 82' lang='lat' dir='ltr'><strong>Quamvis</strong></span> <span class='ocrx_word' id='word_1_310' title='bbox 679 445 769 499; x_wconf 85' lang='lat' dir='ltr'><strong>ille</strong></span> <span class='ocrx_word' id='word_1_311' title='bbox 797 444 901 499; x_wconf 74' lang='lat' dir='ltr'><strong>alia</strong></span> <span class='ocrx_word' id='word_1_312' title='bbox 931 444 1227 499; x_wconf 83' lang='lat' dir='ltr'><strong>Nucerinus</strong></span> <span class='ocrx_word' id='word_1_313' title='bbox 1250 444 1325 515; x_wconf 74' lang='grc' dir='ltr'><strong>(ιι)</strong></span> <span class='ocrx_word' id='word_1_314' title='bbox 1360 442 1643 512; x_wconf 85' lang='lat' dir='ltr'><strong>cpiscopus</strong></span> <span class='ocrx_word' id='word_1_315' title='bbox 1670 441 1801 494; x_wconf 88' lang='lat' dir='ltr'><strong>urbe</strong></span> <span class='ocrx_word' id='word_1_316' title='bbox 1868 447 1916 500; x_wconf 79' lang='grc' dir='ltr'><strong>Α</strong></span> 
     </span>
    </p>
   </div>
   <div class='ocr_carea' id='block_1_51' title="bbox 2092 439 3422 513">
    <p class='ocr_par' dir='ltr' id='par_1_51' title="bbox 2092 439 3422 513">
     <span class='ocr_line' id='line_1_51' title="bbox 2092 439 3422 513; baseline 0.005 -20"><span class='ocrx_word' id='word_1_317' title='bbox 2092 439 2330 501; x_wconf 86' lang='lat' dir='ltr'><strong>Nescius,</strong></span> <span class='ocrx_word' id='word_1_318' title='bbox 2361 442 2468 495; x_wconf 84' lang='lat' dir='ltr'><strong>hoc</strong></span> <span class='ocrx_word' id='word_1_319' title='bbox 2496 442 2634 511; x_wconf 85' lang='lat' dir='ltr'><strong>ipso,</strong></span> <span class='ocrx_word' id='word_1_320' title='bbox 2658 458 2757 512; x_wconf 87' lang='lat' dir='ltr'><strong>pro</strong></span> <span class='ocrx_word' id='word_1_321' title='bbox 2785 458 2893 512; x_wconf 85' lang='lat' dir='ltr'><strong>quo</strong></span> <span class='ocrx_word' id='word_1_322' title='bbox 2925 443 3152 509; x_wconf 81' lang='lat' dir='ltr'><strong>fugitare</strong></span> <span class='ocrx_word' id='word_1_323' title='bbox 3178 446 3422 513; x_wconf 80' lang='lat' dir='ltr'><strong>parabat,</strong></span> 
     </span>
    </p>
   </div>
   <div class='ocr_carea' id='block_1_52' title="bbox 2088 531 3468 601">
    <p class='ocr_par' dir='ltr' id='par_1_52' title="bbox 2088 531 3468 601">
     <span class='ocr_line' id='line_1_52' title="bbox 2088 531 3468 601; baseline 0.004 -16"><span class='ocrx_word' id='word_1_324' title='bbox 2088 531 2164 585; x_wconf 86' lang='lat' dir='ltr'><strong>Ne</strong></span> <span class='ocrx_word' id='word_1_325' title='bbox 2191 531 2421 599; x_wconf 75' lang='lat' dir='ltr'><strong>fugeret,</strong></span> <span class='ocrx_word' id='word_1_326' title='bbox 2445 534 2582 596; x_wconf 79' lang='lat' dir='ltr'><strong>fieri,</strong></span> <span class='ocrx_word' id='word_1_327' title='bbox 2613 542 2671 587; x_wconf 85' lang='lat' dir='ltr'><strong>ct</strong></span> <span class='ocrx_word' id='word_1_328' title='bbox 2692 549 2873 586; x_wconf 83' lang='lat' dir='ltr'><strong>secum</strong></span> <span class='ocrx_word' id='word_1_329' title='bbox 2904 548 2997 586; x_wconf 86' lang='lat' dir='ltr'><strong>sua</strong></span> <span class='ocrx_word' id='word_1_330' title='bbox 3028 535 3201 589; x_wconf 88' lang='lat' dir='ltr'><strong>vincla</strong></span> <span class='ocrx_word' id='word_1_331' title='bbox 3227 552 3468 601; x_wconf 88' lang='lat' dir='ltr'><strong>manere,</strong></span> 
     </span>
    </p>
   </div>
   <div class='ocr_carea' id='block_1_53' title="bbox 2082 622 3525 695">
    <p class='ocr_par' dir='ltr' id='par_1_53' title="bbox 2082 622 3525 695">
     <span class='ocr_line' id='line_1_53' title="bbox 2082 622 3525 695; baseline 0.003 -19"><span class='ocrx_word' id='word_1_332' title='bbox 2082 622 2467 693; x_wconf 84' lang='lat' dir='ltr'><strong>Inruptamque</strong></span> <span class='ocrx_word' id='word_1_333' title='bbox 2498 626 2561 695; x_wconf 71' lang='grc' dir='ltr'><strong>(ἱ)</strong></span> <span class='ocrx_word' id='word_1_334' title='bbox 2593 624 2693 679; x_wconf 88' lang='lat' dir='ltr'><strong>sibi</strong></span> <span class='ocrx_word' id='word_1_335' title='bbox 2733 624 3005 693; x_wconf 89' lang='lat' dir='ltr'><strong>proprium</strong></span> <span class='ocrx_word' id='word_1_336' title='bbox 3045 625 3220 679; x_wconf 89' lang='lat' dir='ltr'><strong>scelus</strong></span> <span class='ocrx_word' id='word_1_337' title='bbox 3241 641 3358 679; x_wconf 88' lang='lat' dir='ltr'><strong>esse</strong></span> <span class='ocrx_word' id='word_1_338' title='bbox 3380 634 3525 681; x_wconf 83' lang='lat' dir='ltr'><strong>cate-</strong></span> 
     </span>
    </p>
   </div>
   <div class='ocr_carea' id='block_1_54' title="bbox 3290 720 3457 790">
    <p class='ocr_par' dir='ltr' id='par_1_54' title="bbox 3290 720 3457 790">
     <span class='ocr_line' id='line_1_54' title="bbox 3290 720 3457 790; baseline 0 -19"><span class='ocrx_word' id='word_1_339' title='bbox 3290 720 3457 790; x_wconf 73' lang='grc' dir='ltr'><strong>[ηεηη.</strong></span> 
     </span>
    </p>
   </div>
   <div class='ocr_carea' id='block_1_55' title="bbox 2088 807 3459 881">
    <p class='ocr_par' dir='ltr' id='par_1_55' title="bbox 2088 807 3459 881">
     <span class='ocr_line' id='line_1_55' title="bbox 2088 807 3459 881; baseline 0.003 -22"><span class='ocrx_word' id='word_1_340' title='bbox 2088 807 2325 875; x_wconf 83' lang='lat' dir='ltr'><strong>Namque</strong></span> <span class='ocrx_word' id='word_1_341' title='bbox 2354 808 2473 862; x_wconf 88' lang='lat' dir='ltr'><strong>sinu</strong></span> <span class='ocrx_word' id='word_1_342' title='bbox 2501 810 2694 864; x_wconf 78' lang='lat' dir='ltr'><strong>clausa:</strong></span> <span class='ocrx_word' id='word_1_343' title='bbox 2716 812 3064 865; x_wconf 81' lang='lat' dir='ltr'><strong>mandaverat</strong></span> <span class='ocrx_word' id='word_1_344' title='bbox 3090 812 3244 868; x_wconf 85' lang='lat' dir='ltr'><strong>insita</strong></span> <span class='ocrx_word' id='word_1_345' title='bbox 3265 810 3459 881; x_wconf 58' lang='lat' dir='ltr'><strong>paeda:</strong></span> 
     </span>
    </p>
   </div>
   <div class='ocr_carea' id='block_1_56' title="bbox 1947 896 3533 973">
    <p class='ocr_par' dir='ltr' id='par_1_56' title="bbox 1947 896 3533 973">
     <span class='ocr_line' id='line_1_56' title="bbox 1947 896 3533 973; baseline 0.003 -23"><span class='ocrx_word' id='word_1_346' title='bbox 1947 896 2050 953; x_wconf 77' lang='grc'><strong>555</strong></span> <span class='ocrx_word' id='word_1_347' title='bbox 2090 897 2332 954; x_wconf 87' lang='lat' dir='ltr'><strong>Pondera</strong></span> <span class='ocrx_word' id='word_1_348' title='bbox 2350 940 2365 965; x_wconf 94' lang='lat'><strong>,</strong></span> <span class='ocrx_word' id='word_1_349' title='bbox 2397 913 2451 955; x_wconf 85' lang='lat' dir='ltr'><strong>et</strong></span> <span class='ocrx_word' id='word_1_350' title='bbox 2479 902 2603 957; x_wconf 86' lang='lat' dir='ltr'><strong>hinc</strong></span> <span class='ocrx_word' id='word_1_351' title='bbox 2632 904 2819 958; x_wconf 88' lang='lat' dir='ltr'><strong>avidus</strong></span> <span class='ocrx_word' id='word_1_352' title='bbox 2848 904 2915 973; x_wconf 85' lang='lat' dir='ltr'><strong>(j)</strong></span> <span class='ocrx_word' id='word_1_353' title='bbox 2944 904 3095 972; x_wconf 82' lang='lat' dir='ltr'><strong>quasi</strong></span> <span class='ocrx_word' id='word_1_354' title='bbox 3139 911 3329 971; x_wconf 88' lang='lat' dir='ltr'><strong>captus</strong></span> <span class='ocrx_word' id='word_1_355' title='bbox 3352 909 3533 955; x_wconf 77' lang='lat' dir='ltr'><strong>inelite</strong></span> 
     </span>
    </p>
   </div>
   <div class='ocr_carea' id='block_1_57' title="bbox 3174 992 3458 1065">
    <p class='ocr_par' dir='ltr' id='par_1_57' title="bbox 3174 992 3458 1065">
     <span class='ocr_line' id='line_1_57' title="bbox 3174 992 3458 1065; baseline -0.004 -19"><span class='ocrx_word' id='word_1_356' title='bbox 3174 992 3458 1065; x_wconf 68' lang='lat' dir='ltr'><strong>{latebram</strong></span> 
     </span>
    </p>
   </div>
   <div class='ocr_carea' id='block_1_58' title="bbox 2085 1080 3423 1154">
    <p class='ocr_par' dir='ltr' id='par_1_58' title="bbox 2085 1080 3423 1154">
     <span class='ocr_line' id='line_1_58' title="bbox 2085 1080 3423 1154; baseline 0.001 -19"><span class='ocrx_word' id='word_1_357' title='bbox 2085 1080 2359 1147; x_wconf 78' lang='lat' dir='ltr'><strong>Quzcrens,</strong></span> <span class='ocrx_word' id='word_1_358' title='bbox 2386 1082 2501 1135; x_wconf 86' lang='lat' dir='ltr'><strong>luce</strong></span> <span class='ocrx_word' id='word_1_359' title='bbox 2527 1091 2704 1137; x_wconf 87' lang='lat' dir='ltr'><strong>tamen</strong></span> <span class='ocrx_word' id='word_1_360' title='bbox 2732 1087 2935 1154; x_wconf 82' lang='lat' dir='ltr'><strong>campis</strong></span> <span class='ocrx_word' id='word_1_361' title='bbox 2962 1086 3174 1139; x_wconf 86' lang='lat' dir='ltr'><strong>errabat</strong></span> <span class='ocrx_word' id='word_1_362' title='bbox 3203 1084 3423 1153; x_wconf 85' lang='lat' dir='ltr'><strong>apertis,</strong></span> 
     </span>
    </p>
   </div>
   <div class='ocr_carea' id='block_1_59' title="bbox 2082 1170 3551 1245">
    <p class='ocr_par' dir='ltr' id='par_1_59' title="bbox 2082 1170 3551 1245">
     <span class='ocr_line' id='line_1_59' title="bbox 2082 1170 3551 1245; baseline 0.002 -20"><span class='ocrx_word' id='word_1_363' title='bbox 2082 1170 2257 1240; x_wconf 82' lang='lat' dir='ltr'><strong>Seque</strong></span> <span class='ocrx_word' id='word_1_364' title='bbox 2276 1173 2442 1226; x_wconf 82' lang='lat' dir='ltr'><strong>latere</strong></span> <span class='ocrx_word' id='word_1_365' title='bbox 2466 1183 2656 1241; x_wconf 85' lang='lat' dir='ltr'><strong>putans</strong></span> <span class='ocrx_word' id='word_1_366' title='bbox 2679 1177 2924 1228; x_wconf 74' lang='lat' dir='ltr'><strong>exstabat</strong></span> <span class='ocrx_word' id='word_1_367' title='bbox 2947 1177 2997 1229; x_wconf 90' lang='lat' dir='ltr'><strong>in</strong></span> <span class='ocrx_word' id='word_1_368' title='bbox 3019 1192 3234 1244; x_wconf 70' lang='lat' dir='ltr'><strong>a&#39;quore</strong></span> <span class='ocrx_word' id='word_1_369' title='bbox 3261 1174 3335 1245; x_wconf 72' lang='grc' dir='ltr'><strong>(Ιί)</strong></span> <span class='ocrx_word' id='word_1_370' title='bbox 3358 1174 3551 1242; x_wconf 49' lang='lat' dir='ltr'><strong>claro.,</strong></span> 
     </span>
    </p>
   </div>
   <div class='ocr_carea' id='block_1_60' title="bbox 2078 1260 3529 1333">
    <p class='ocr_par' dir='ltr' id='par_1_60' title="bbox 2078 1260 3529 1333">
     <span class='ocr_line' id='line_1_60' title="bbox 2078 1260 3529 1333; baseline 0.002 -19"><span class='ocrx_word' id='word_1_371' title='bbox 2078 1260 2312 1315; x_wconf 86' lang='lat' dir='ltr'><strong>Conscia</strong></span> <span class='ocrx_word' id='word_1_372' title='bbox 2341 1263 2420 1317; x_wconf 89' lang='lat' dir='ltr'><strong>sic</strong></span> <span class='ocrx_word' id='word_1_373' title='bbox 2449 1272 2681 1317; x_wconf 74' lang='lat' dir='ltr'><strong>utentem</strong></span> <span class='ocrx_word' id='word_1_374' title='bbox 2716 1264 2960 1333; x_wconf 81' lang='lat' dir='ltr'><strong>impietas</strong></span> <span class='ocrx_word' id='word_1_375' title='bbox 2989 1273 3306 1325; x_wconf 65' lang='lat' dir='ltr'><strong>emcaVerat,</strong></span> <span class='ocrx_word' id='word_1_376' title='bbox 3341 1272 3394 1317; x_wconf 89' lang='lat' dir='ltr'><strong>ut</strong></span> <span class='ocrx_word' id='word_1_377' title='bbox 3428 1278 3529 1317; x_wconf 84' lang='lat' dir='ltr'><strong>nec</strong></span> 
     </span>
    </p>
   </div>
   <div class='ocr_carea' id='block_1_61' title="bbox 2085 1351 3331 1422">
    <p class='ocr_par' dir='ltr' id='par_1_61' title="bbox 2085 1351 3331 1422">
     <span class='ocr_line' id='line_1_61' title="bbox 2085 1351 3331 1422; baseline 0.002 -17"><span class='ocrx_word' id='word_1_378' title='bbox 2085 1351 2355 1421; x_wconf 78' lang='lat' dir='ltr'><strong>Effugeret</strong></span> <span class='ocrx_word' id='word_1_379' title='bbox 2375 1355 2600 1422; x_wconf 87' lang='lat' dir='ltr'><strong>fugiens,</strong></span> <span class='ocrx_word' id='word_1_380' title='bbox 2631 1372 2733 1411; x_wconf 89' lang='lat' dir='ltr'><strong>nec</strong></span> <span class='ocrx_word' id='word_1_381' title='bbox 2760 1358 3028 1411; x_wconf 85' lang='lat' dir='ltr'><strong>celaretur</strong></span> <span class='ocrx_word' id='word_1_382' title='bbox 3056 1357 3331 1409; x_wconf 83' lang='lat' dir='ltr'><strong>abcrrans.</strong></span> 
     </span>
    </p>
   </div>
   <div class='ocr_carea' id='block_1_62' title="bbox 1942 1443 3525 1518">
    <p class='ocr_par' dir='ltr' id='par_1_62' title="bbox 1942 1443 3525 1518">
     <span class='ocr_line' id='line_1_62' title="bbox 1942 1443 3525 1518; baseline 0.003 -21"><span class='ocrx_word' id='word_1_383' title='bbox 1942 1443 2047 1497; x_wconf 81' lang='lat'><strong>560</strong></span> <span class='ocrx_word' id='word_1_384' title='bbox 2085 1443 2342 1500; x_wconf 87' lang='lat' dir='ltr'><strong>Sensibus</strong></span> <span class='ocrx_word' id='word_1_385' title='bbox 2372 1446 2436 1518; x_wconf 86' lang='grc' dir='ltr'><strong>(ι)</strong></span> <span class='ocrx_word' id='word_1_386' title='bbox 2474 1447 2712 1503; x_wconf 82' lang='lat' dir='ltr'><strong>adversis</strong></span> <span class='ocrx_word' id='word_1_387' title='bbox 2756 1457 2934 1502; x_wconf 88' lang='lat' dir='ltr'><strong>metus</strong></span> <span class='ocrx_word' id='word_1_388' title='bbox 2962 1448 3122 1513; x_wconf 85' lang='lat' dir='ltr'><strong>hinc,</strong></span> <span class='ocrx_word' id='word_1_389' title='bbox 3170 1455 3359 1516; x_wconf 90' lang='lat' dir='ltr'><strong>stupor</strong></span> <span class='ocrx_word' id='word_1_390' title='bbox 3400 1446 3525 1501; x_wconf 85' lang='lat' dir='ltr'><strong>inde</strong></span> 
     </span>
    </p>
   </div>
   <div class='ocr_carea' id='block_1_63' title="bbox 3149 1537 3455 1607">
    <p class='ocr_par' dir='ltr' id='par_1_63' title="bbox 3149 1537 3455 1607">
     <span class='ocr_line' id='line_1_63' title="bbox 3149 1537 3455 1607; baseline -0.003 -18"><span class='ocrx_word' id='word_1_391' title='bbox 3149 1537 3455 1607; x_wconf 79' lang='lat' dir='ltr'><strong>[nocentem</strong></span> 
     </span>
    </p>
   </div>
   <div class='ocr_carea' id='block_1_64' title="bbox 2085 1624 3383 1693">
    <p class='ocr_par' dir='ltr' id='par_1_64' title="bbox 2085 1624 3383 1693">
     <span class='ocr_line' id='line_1_64' title="bbox 2085 1624 3383 1693; baseline 0.001 -15"><span class='ocrx_word' id='word_1_392' title='bbox 2085 1624 2407 1681; x_wconf 76' lang='lat' dir='ltr'><strong>Miscuerant</strong></span> <span class='ocrx_word' id='word_1_393' title='bbox 2432 1626 2664 1680; x_wconf 88' lang='lat' dir='ltr'><strong>animam</strong></span> <span class='ocrx_word' id='word_1_394' title='bbox 2685 1669 2699 1693; x_wconf 89' lang='lat'><strong>,</strong></span> <span class='ocrx_word' id='word_1_395' title='bbox 2728 1627 2931 1681; x_wconf 81' lang='lat' dir='ltr'><strong>vitabat</strong></span> <span class='ocrx_word' id='word_1_396' title='bbox 2949 1637 3113 1683; x_wconf 89' lang='lat' dir='ltr'><strong>strata</strong></span> <span class='ocrx_word' id='word_1_397' title='bbox 3142 1629 3383 1693; x_wconf 86' lang='lat' dir='ltr'><strong>viarum;</strong></span> 
     </span>
    </p>
   </div>
   <div class='ocr_carea' id='block_1_65' title="bbox 2081 1714 3321 1773">
    <p class='ocr_par' dir='ltr' id='par_1_65' title="bbox 2081 1714 3321 1773">
     <span class='ocr_line' id='line_1_65' title="bbox 2081 1714 3321 1773; baseline 0.001 -3"><span class='ocrx_word' id='word_1_398' title='bbox 2081 1714 2334 1771; x_wconf 87' lang='lat' dir='ltr'><strong>Secretos</strong></span> <span class='ocrx_word' id='word_1_399' title='bbox 2356 1717 2630 1771; x_wconf 87' lang='lat' dir='ltr'><strong>metuebat</strong></span> <span class='ocrx_word' id='word_1_400' title='bbox 2660 1717 2802 1771; x_wconf 89' lang='lat' dir='ltr'><strong>iners</strong></span> <span class='ocrx_word' id='word_1_401' title='bbox 2828 1718 3090 1772; x_wconf 87' lang='lat' dir='ltr'><strong>accedere</strong></span> <span class='ocrx_word' id='word_1_402' title='bbox 3117 1719 3321 1773; x_wconf 89' lang='lat' dir='ltr'><strong>saltus:</strong></span> 
     </span>
    </p>
   </div>
   <div class='ocr_carea' id='block_1_66' title="bbox 2086 1804 3410 1873">
    <p class='ocr_par' dir='ltr' id='par_1_66' title="bbox 2086 1804 3410 1873">
     <span class='ocr_line' id='line_1_66' title="bbox 2086 1804 3410 1873; baseline 0.002 -15"><span class='ocrx_word' id='word_1_403' title='bbox 2086 1804 2200 1873; x_wconf 88' lang='lat' dir='ltr'><strong>Ipsa</strong></span> <span class='ocrx_word' id='word_1_404' title='bbox 2224 1807 2387 1859; x_wconf 89' lang='lat' dir='ltr'><strong>etiam</strong></span> <span class='ocrx_word' id='word_1_405' title='bbox 2418 1806 2470 1859; x_wconf 93' lang='lat' dir='ltr'><strong>in</strong></span> <span class='ocrx_word' id='word_1_406' title='bbox 2501 1806 2648 1861; x_wconf 87' lang='lat' dir='ltr'><strong>silvis</strong></span> <span class='ocrx_word' id='word_1_407' title='bbox 2671 1807 2770 1861; x_wconf 90' lang='lat' dir='ltr'><strong>sibi</strong></span> <span class='ocrx_word' id='word_1_408' title='bbox 2800 1805 2936 1861; x_wconf 86' lang='lat' dir='ltr'><strong>forte</strong></span> <span class='ocrx_word' id='word_1_409' title='bbox 2965 1808 3176 1861; x_wconf 86' lang='lat' dir='ltr'><strong>silentia</strong></span> <span class='ocrx_word' id='word_1_410' title='bbox 3204 1817 3410 1862; x_wconf 88' lang='lat' dir='ltr'><strong>tantum</strong></span> 
     </span>
    </p>
   </div>
   <div class='ocr_carea' id='block_1_67' title="bbox 2083 1895 3392 1964">
    <p class='ocr_par' dir='ltr' id='par_1_67' title="bbox 2083 1895 3392 1964">
     <span class='ocr_line' id='line_1_67' title="bbox 2083 1895 3392 1964; baseline 0.003 -16"><span class='ocrx_word' id='word_1_411' title='bbox 2083 1895 2390 1949; x_wconf 82' lang='lat' dir='ltr'><strong>Clamatura</strong></span> <span class='ocrx_word' id='word_1_412' title='bbox 2414 1897 2564 1950; x_wconf 84' lang='lat' dir='ltr'><strong>nefas</strong></span> <span class='ocrx_word' id='word_1_413' title='bbox 2594 1906 2857 1964; x_wconf 90' lang='lat' dir='ltr'><strong>metuens,</strong></span> <span class='ocrx_word' id='word_1_414' title='bbox 2892 1906 2985 1951; x_wconf 88' lang='lat' dir='ltr'><strong>aut</strong></span> <span class='ocrx_word' id='word_1_415' title='bbox 3014 1898 3183 1951; x_wconf 78' lang='lat' dir='ltr'><strong>tristia</strong></span> <span class='ocrx_word' id='word_1_416' title='bbox 3208 1898 3392 1952; x_wconf 90' lang='lat' dir='ltr'><strong>formis</strong></span> 
     </span>
    </p>
   </div>
   <div class='ocr_carea' id='block_1_68' title="bbox 1940 1980 3431 2053">
    <p class='ocr_par' dir='ltr' id='par_1_68' title="bbox 1940 1980 3431 2053">
     <span class='ocr_line' id='line_1_68' title="bbox 1940 1980 3431 2053; baseline 0.002 -17"><span class='ocrx_word' id='word_1_417' title='bbox 1940 1980 2047 2036; x_wconf 80' lang='lat'><strong>565</strong></span> <span class='ocrx_word' id='word_1_418' title='bbox 2081 1983 2377 2038; x_wconf 89' lang='lat' dir='ltr'><strong>Occursura</strong></span> <span class='ocrx_word' id='word_1_419' title='bbox 2406 1994 2598 2053; x_wconf 87' lang='lat' dir='ltr'><strong>putans</strong></span> <span class='ocrx_word' id='word_1_420' title='bbox 2628 1986 2874 2040; x_wconf 88' lang='lat' dir='ltr'><strong>uitricum</strong></span> <span class='ocrx_word' id='word_1_421' title='bbox 2907 1995 3145 2039; x_wconf 73' lang='lat' dir='ltr'><strong>monstra</strong></span> <span class='ocrx_word' id='word_1_422' title='bbox 3178 1985 3431 2041; x_wconf 83' lang='lat' dir='ltr'><strong>ferarum.</strong></span> 
     </span>
    </p>
   </div>
   <div class='ocr_carea' id='block_1_69' title="bbox 2081 2075 3524 2147">
    <p class='ocr_par' dir='ltr' id='par_1_69' title="bbox 2081 2075 3524 2147">
     <span class='ocr_line' id='line_1_69' title="bbox 2081 2075 3524 2147; baseline 0.003 -20"><span class='ocrx_word' id='word_1_423' title='bbox 2081 2075 2209 2130; x_wconf 88' lang='lat' dir='ltr'><strong>Inde</strong></span> <span class='ocrx_word' id='word_1_424' title='bbox 2232 2077 2396 2130; x_wconf 87' lang='lat' dir='ltr'><strong>miser</strong></span> <span class='ocrx_word' id='word_1_425' title='bbox 2416 2076 2613 2131; x_wconf 80' lang='lat' dir='ltr'><strong>celebri</strong></span> <span class='ocrx_word' id='word_1_426' title='bbox 2646 2078 2919 2146; x_wconf 91' lang='lat' dir='ltr'><strong>sejunctus</strong></span> <span class='ocrx_word' id='word_1_427' title='bbox 2944 2077 3038 2147; x_wconf 74' lang='grc' dir='ltr'><strong>(ιη)</strong></span> <span class='ocrx_word' id='word_1_428' title='bbox 3069 2079 3135 2131; x_wconf 88' lang='lat' dir='ltr'><strong>ab</strong></span> <span class='ocrx_word' id='word_1_429' title='bbox 3163 2093 3355 2145; x_wconf 84' lang='lat' dir='ltr'><strong>aggere</strong></span> <span class='ocrx_word' id='word_1_430' title='bbox 3375 2077 3524 2146; x_wconf 78' lang='lat' dir='ltr'><strong>juxta</strong></span> 
     </span>
    </p>
   </div>
   <div class='ocr_carea' id='block_1_70' title="bbox 2080 2166 3348 2237">
    <p class='ocr_par' dir='ltr' id='par_1_70' title="bbox 2080 2166 3348 2237">
     <span class='ocr_line' id='line_1_70' title="bbox 2080 2166 3348 2237; baseline 0.002 -18"><span class='ocrx_word' id='word_1_431' title='bbox 2080 2166 2274 2221; x_wconf 86' lang='lat' dir='ltr'><strong>Devius</strong></span> <span class='ocrx_word' id='word_1_432' title='bbox 2303 2168 2355 2221; x_wconf 92' lang='lat' dir='ltr'><strong>in</strong></span> <span class='ocrx_word' id='word_1_433' title='bbox 2378 2168 2610 2236; x_wconf 89' lang='lat' dir='ltr'><strong>quodam</strong></span> <span class='ocrx_word' id='word_1_434' title='bbox 2643 2170 2724 2236; x_wconf 81' lang='grc' dir='ltr'><strong>(η)</strong></span> <span class='ocrx_word' id='word_1_435' title='bbox 2749 2169 3078 2237; x_wconf 85' lang='lat' dir='ltr'><strong>spatiabatur</strong></span> <span class='ocrx_word' id='word_1_436' title='bbox 3098 2168 3199 2222; x_wconf 90' lang='lat' dir='ltr'><strong>sibi</strong></span> <span class='ocrx_word' id='word_1_437' title='bbox 3224 2184 3348 2223; x_wconf 90' lang='lat' dir='ltr'><strong>rure</strong></span> 
     </span>
    </p>
   </div>
   <div class='ocr_carea' id='block_1_71' title="bbox 2081 2257 3523 2329">
    <p class='ocr_par' dir='ltr' id='par_1_71' title="bbox 2081 2257 3523 2329">
     <span class='ocr_line' id='line_1_71' title="bbox 2081 2257 3523 2329; baseline 0 -16"><span class='ocrx_word' id='word_1_438' title='bbox 2081 2257 2340 2313; x_wconf 84' lang='lat' dir='ltr'><strong>Securum</strong></span> <span class='ocrx_word' id='word_1_439' title='bbox 2381 2260 2580 2327; x_wconf 85' lang='lat' dir='ltr'><strong>ignaris</strong></span> <span class='ocrx_word' id='word_1_440' title='bbox 2627 2260 2888 2313; x_wconf 84' lang='lat' dir='ltr'><strong>simulans</strong></span> <span class='ocrx_word' id='word_1_441' title='bbox 2927 2259 3027 2313; x_wconf 87' lang='lat' dir='ltr'><strong>sub</strong></span> <span class='ocrx_word' id='word_1_442' title='bbox 3077 2259 3239 2314; x_wconf 88' lang='lat' dir='ltr'><strong>corde</strong></span> <span class='ocrx_word' id='word_1_443' title='bbox 3258 2260 3338 2329; x_wconf 85' lang='grc' dir='ltr'><strong>(ο)</strong></span> <span class='ocrx_word' id='word_1_444' title='bbox 3369 2260 3523 2313; x_wconf 83' lang='grc' dir='ltr'><strong>ιίιιιο-</strong></span> 
     </span>
    </p>
   </div>
   <div class='ocr_carea' id='block_1_72' title="bbox 3280 2349 3438 2419">
    <p class='ocr_par' dir='ltr' id='par_1_72' title="bbox 3280 2349 3438 2419">
     <span class='ocr_line' id='line_1_72' title="bbox 3280 2349 3438 2419; baseline -0.032 0"><span class='ocrx_word' id='word_1_445' title='bbox 3280 2349 3438 2419; x_wconf 65' lang='lat' dir='ltr'><strong>im&quot;.</strong></span> 
     </span>
    </p>
   </div>
   <div class='ocr_carea' id='block_1_73' title="bbox 2084 2439 3523 2511">
    <p class='ocr_par' dir='ltr' id='par_1_73' title="bbox 2084 2439 3523 2511">
     <span class='ocr_line' id='line_1_73' title="bbox 2084 2439 3523 2511; baseline 0 -16"><span class='ocrx_word' id='word_1_446' title='bbox 2084 2439 2153 2495; x_wconf 90' lang='lat' dir='ltr'><strong>Ut</strong></span> <span class='ocrx_word' id='word_1_447' title='bbox 2178 2440 2384 2496; x_wconf 87' lang='lat' dir='ltr'><strong>facinus</strong></span> <span class='ocrx_word' id='word_1_448' title='bbox 2403 2440 2503 2495; x_wconf 90' lang='lat' dir='ltr'><strong>sub</strong></span> <span class='ocrx_word' id='word_1_449' title='bbox 2528 2449 2676 2495; x_wconf 85' lang='lat' dir='ltr'><strong>veste</strong></span> <span class='ocrx_word' id='word_1_450' title='bbox 2696 2442 2773 2510; x_wconf 88' lang='lat' dir='ltr'><strong>(p)</strong></span> <span class='ocrx_word' id='word_1_451' title='bbox 2804 2456 3053 2511; x_wconf 80' lang='lat' dir='ltr'><strong>premens</strong></span> <span class='ocrx_word' id='word_1_452' title='bbox 3083 2458 3096 2494; x_wconf 92' lang='lat'><strong>:</strong></span> <span class='ocrx_word' id='word_1_453' title='bbox 3121 2454 3243 2494; x_wconf 87' lang='lat' dir='ltr'><strong>nam</strong></span> <span class='ocrx_word' id='word_1_454' title='bbox 3284 2442 3450 2494; x_wconf 85' lang='lat' dir='ltr'><strong>vestis</strong></span> <span class='ocrx_word' id='word_1_455' title='bbox 3474 2440 3523 2495; x_wconf 90' lang='lat' dir='ltr'><strong>in</strong></span> 
     </span>
    </p>
   </div>
   <div class='ocr_carea' id='block_1_74' title="bbox 3264 2531 3453 2604">
    <p class='ocr_par' dir='ltr' id='par_1_74' title="bbox 3264 2531 3453 2604">
     <span class='ocr_line' id='line_1_74' title="bbox 3264 2531 3453 2604; baseline 0 -19"><span class='ocrx_word' id='word_1_456' title='bbox 3264 2531 3453 2604; x_wconf 88' lang='lat' dir='ltr'><strong>[altum</strong></span> 
     </span>
    </p>
   </div>
   <div class='ocr_carea' id='block_1_75' title="bbox 1938 2622 3486 2678">
    <p class='ocr_par' dir='ltr' id='par_1_75' title="bbox 1938 2622 3486 2678">
     <span class='ocr_line' id='line_1_75' title="bbox 1938 2622 3486 2678; baseline -0.001 -1"><span class='ocrx_word' id='word_1_457' title='bbox 1938 2622 2042 2678; x_wconf 83' lang='lat'><strong>570</strong></span> <span class='ocrx_word' id='word_1_458' title='bbox 2079 2622 2377 2677; x_wconf 64' lang='lat' dir='ltr'><strong>Succincta‘.</strong></span> <span class='ocrx_word' id='word_1_459' title='bbox 2406 2624 2609 2677; x_wconf 87' lang='lat' dir='ltr'><strong>sinibus</strong></span> <span class='ocrx_word' id='word_1_460' title='bbox 2636 2624 2873 2677; x_wconf 86' lang='lat' dir='ltr'><strong>clausum</strong></span> <span class='ocrx_word' id='word_1_461' title='bbox 2904 2622 3254 2676; x_wconf 78' lang='lat' dir='ltr'><strong>mandaverat</strong></span> <span class='ocrx_word' id='word_1_462' title='bbox 3276 2638 3486 2676; x_wconf 88' lang='lat' dir='ltr'><strong>aurum.</strong></span> 
     </span>
    </p>
   </div>
   <div class='ocr_carea' id='block_1_76' title="bbox 2081 2713 3520 2781">
    <p class='ocr_par' dir='ltr' id='par_1_76' title="bbox 2081 2713 3520 2781">
     <span class='ocr_line' id='line_1_76' title="bbox 2081 2713 3520 2781; baseline -0.001 -14"><span class='ocrx_word' id='word_1_463' title='bbox 2081 2713 2211 2767; x_wconf 86' lang='lat' dir='ltr'><strong>Nam</strong></span> <span class='ocrx_word' id='word_1_464' title='bbox 2243 2729 2415 2781; x_wconf 87' lang='lat' dir='ltr'><strong>neque</strong></span> <span class='ocrx_word' id='word_1_465' title='bbox 2441 2714 2521 2766; x_wconf 91' lang='lat' dir='ltr'><strong>vel</strong></span> <span class='ocrx_word' id='word_1_466' title='bbox 2566 2714 2739 2767; x_wconf 72' lang='lat' dir='ltr'><strong>tacitze</strong></span> <span class='ocrx_word' id='word_1_467' title='bbox 2768 2714 2963 2766; x_wconf 85' lang='lat' dir='ltr'><strong>furtum</strong></span> <span class='ocrx_word' id='word_1_468' title='bbox 2994 2713 3332 2766; x_wconf 88' lang='lat' dir='ltr'><strong>committere</strong></span> <span class='ocrx_word' id='word_1_469' title='bbox 3364 2724 3520 2766; x_wconf 67' lang='lat' dir='ltr'><strong>terra:</strong></span> 
     </span>
    </p>
   </div>
   <div class='ocr_carea' id='block_1_77' title="bbox 2081 2802 3522 2873">
    <p class='ocr_par' dir='ltr' id='par_1_77' title="bbox 2081 2802 3522 2873">
     <span class='ocr_line' id='line_1_77' title="bbox 2081 2802 3522 2873; baseline 0 -17"><span class='ocrx_word' id='word_1_470' title='bbox 2081 2803 2254 2857; x_wconf 82' lang='lat' dir='ltr'><strong>Ausus</strong></span> <span class='ocrx_word' id='word_1_471' title='bbox 2292 2812 2410 2858; x_wconf 89' lang='lat' dir='ltr'><strong>erat</strong></span> <span class='ocrx_word' id='word_1_472' title='bbox 2434 2845 2448 2869; x_wconf 91' lang='lat'><strong>,</strong></span> <span class='ocrx_word' id='word_1_473' title='bbox 2497 2803 2832 2873; x_wconf 77' lang='lat' dir='ltr'><strong>Specubusve</strong></span> <span class='ocrx_word' id='word_1_474' title='bbox 2874 2803 3024 2856; x_wconf 88' lang='lat' dir='ltr'><strong>cavis</strong></span> <span class='ocrx_word' id='word_1_475' title='bbox 3064 2802 3131 2856; x_wconf 86' lang='lat' dir='ltr'><strong>de</strong></span> <span class='ocrx_word' id='word_1_476' title='bbox 3159 2818 3311 2856; x_wconf 85' lang='lat' dir='ltr'><strong>more</strong></span> <span class='ocrx_word' id='word_1_477' title='bbox 3357 2802 3522 2856; x_wconf 83' lang='lat' dir='ltr'><strong>latro-</strong></span> 
     </span>
    </p>
   </div>
   <div class='ocr_carea' id='block_1_78' title="bbox 2528 2894 3452 2964">
    <p class='ocr_par' dir='ltr' id='par_1_78' title="bbox 2528 2894 3452 2964">
     <span class='ocr_line' id='line_1_78' title="bbox 2528 2894 3452 2964; baseline -0.002 -17"><span class='ocrx_word' id='word_1_478' title='bbox 2528 2952 2539 2963; x_wconf 59' lang='grc'><em>,</em></span> <span class='ocrx_word' id='word_1_479' title='bbox 3280 2894 3452 2964; x_wconf 64' lang='lat' dir='ltr'><strong>[nun],</strong></span> 
     </span>
    </p>
   </div>
   <div class='ocr_carea' id='block_1_79' title="bbox 2078 2982 3479 3039">
    <p class='ocr_par' dir='ltr' id='par_1_79' title="bbox 2078 2982 3479 3039">
     <span class='ocr_line' id='line_1_79' title="bbox 2078 2982 3479 3039; baseline -0.002 -1"><span class='ocrx_word' id='word_1_480' title='bbox 2078 2983 2338 3039; x_wconf 86' lang='lat' dir='ltr'><strong>Indicium</strong></span> <span class='ocrx_word' id='word_1_481' title='bbox 2368 2992 2614 3039; x_wconf 86' lang='lat' dir='ltr'><strong>metuens</strong></span> <span class='ocrx_word' id='word_1_482' title='bbox 2638 2983 2919 3039; x_wconf 66' lang='lat' dir='ltr'><strong>credenda:</strong></span> <span class='ocrx_word' id='word_1_483' title='bbox 2948 2982 3147 3037; x_wconf 86' lang='lat' dir='ltr'><strong>fraudis</strong></span> <span class='ocrx_word' id='word_1_484' title='bbox 3168 2998 3379 3036; x_wconf 88' lang='lat' dir='ltr'><strong>avarus.</strong></span> <span class='ocrx_word' id='word_1_485' title='bbox 3462 3004 3479 3021; x_wconf 71' lang='grc' dir='ltr'><em>ι</em></span> 
     </span>
    </p>
   </div>
   <div class='ocr_carea' id='block_1_80' title="bbox 2077 3072 3370 3130">
    <p class='ocr_par' dir='ltr' id='par_1_80' title="bbox 2077 3072 3370 3130">
     <span class='ocr_line' id='line_1_80' title="bbox 2077 3072 3370 3130; baseline -0.002 -1"><span class='ocrx_word' id='word_1_486' title='bbox 2077 3075 2203 3130; x_wconf 88' lang='lat' dir='ltr'><strong>Inde</strong></span> <span class='ocrx_word' id='word_1_487' title='bbox 2228 3090 2338 3128; x_wconf 63' lang='lat' dir='ltr'><strong>sua:</strong></span> <span class='ocrx_word' id='word_1_488' title='bbox 2360 3082 2568 3128; x_wconf 88' lang='lat' dir='ltr'><strong>tantum</strong></span> <span class='ocrx_word' id='word_1_489' title='bbox 2597 3074 2787 3127; x_wconf 65' lang='lat' dir='ltr'><strong>tunica:</strong></span> <span class='ocrx_word' id='word_1_490' title='bbox 2814 3088 2909 3127; x_wconf 85' lang='lat' dir='ltr'><strong>sua</strong></span> <span class='ocrx_word' id='word_1_491' title='bbox 2940 3074 3080 3126; x_wconf 88' lang='lat' dir='ltr'><strong>furta</strong></span> <span class='ocrx_word' id='word_1_492' title='bbox 3110 3072 3370 3126; x_wconf 88' lang='lat' dir='ltr'><strong>nefandus</strong></span> 
     </span>
    </p>
   </div>
   <div class='ocr_carea' id='block_1_81' title="bbox 1861 3154 3522 3235">
    <p class='ocr_par' dir='ltr' id='par_1_81' title="bbox 1861 3154 3522 3235">
     <span class='ocr_line' id='line_1_81' title="bbox 1861 3154 3522 3235; baseline -0.001 -16"><span class='ocrx_word' id='word_1_493' title='bbox 1861 3174 1907 3235; x_wconf 71' lang='grc' dir='ltr'>ρ</span> <span class='ocrx_word' id='word_1_494' title='bbox 1938 3164 2044 3219; x_wconf 80' lang='lat'><strong>575</strong></span> <span class='ocrx_word' id='word_1_495' title='bbox 2078 3164 2412 3232; x_wconf 87' lang='lat' dir='ltr'><strong>Crediderat,</strong></span> <span class='ocrx_word' id='word_1_496' title='bbox 2441 3181 2545 3233; x_wconf 90' lang='lat' dir='ltr'><strong>qua</strong></span> <span class='ocrx_word' id='word_1_497' title='bbox 2578 3165 2879 3220; x_wconf 90' lang='lat' dir='ltr'><strong>restrictum</strong></span> <span class='ocrx_word' id='word_1_498' title='bbox 2902 3162 3135 3217; x_wconf 81' lang='lat' dir='ltr'><strong>nodarat</strong></span> <span class='ocrx_word' id='word_1_499' title='bbox 3163 3165 3239 3235; x_wconf 86' lang='lat' dir='ltr'><strong>(q)</strong></span> <span class='ocrx_word' id='word_1_500' title='bbox 3271 3154 3522 3218; x_wconf 82' lang='lat' dir='ltr'><strong>amictum</strong></span> 
     </span>
    </p>
   </div>
   <div class='ocr_carea' id='block_1_82' title="bbox 2077 3255 3380 3326">
    <p class='ocr_par' dir='ltr' id='par_1_82' title="bbox 2077 3255 3380 3326">
     <span class='ocr_line' id='line_1_82' title="bbox 2077 3255 3380 3326; baseline -0.002 -15"><span class='ocrx_word' id='word_1_501' title='bbox 2077 3256 2424 3326; x_wconf 84' lang='lat' dir='ltr'><strong>Suspendens</strong></span> <span class='ocrx_word' id='word_1_502' title='bbox 2451 3256 2665 3311; x_wconf 83' lang='lat' dir='ltr'><strong>fluidam</strong></span> <span class='ocrx_word' id='word_1_503' title='bbox 2698 3256 2897 3310; x_wconf 89' lang='lat' dir='ltr'><strong>nudato</strong></span> <span class='ocrx_word' id='word_1_504' title='bbox 2928 3255 3129 3326; x_wconf 89' lang='lat' dir='ltr'><strong>poplite</strong></span> <span class='ocrx_word' id='word_1_505' title='bbox 3158 3265 3380 3311; x_wconf 88' lang='lat' dir='ltr'><strong>vestem.</strong></span> 
     </span>
    </p>
   </div>
   <div class='ocr_carea' id='block_1_83' title="bbox 2078 3347 3522 3420">
    <p class='ocr_par' dir='ltr' id='par_1_83' title="bbox 2078 3347 3522 3420">
     <span class='ocr_line' id='line_1_83' title="bbox 2078 3347 3522 3420; baseline -0.001 -17"><span class='ocrx_word' id='word_1_506' title='bbox 2078 3348 2228 3404; x_wconf 84' lang='lat' dir='ltr'><strong>Hanc</strong></span> <span class='ocrx_word' id='word_1_507' title='bbox 2248 3350 2347 3404; x_wconf 89' lang='lat' dir='ltr'><strong>sibi</strong></span> <span class='ocrx_word' id='word_1_508' title='bbox 2376 3350 2556 3420; x_wconf 74' lang='lat' dir='ltr'><strong>[)me</strong></span> <span class='ocrx_word' id='word_1_509' title='bbox 2578 3364 2774 3420; x_wconf 88' lang='lat' dir='ltr'><strong>penum</strong></span> <span class='ocrx_word' id='word_1_510' title='bbox 2798 3348 2869 3419; x_wconf 89' lang='lat' dir='ltr'><strong>(r)</strong></span> <span class='ocrx_word' id='word_1_511' title='bbox 2891 3348 3111 3405; x_wconf 88' lang='lat' dir='ltr'><strong>sceleris</strong></span> <span class='ocrx_word' id='word_1_512' title='bbox 3134 3358 3258 3404; x_wconf 90' lang='lat' dir='ltr'><strong>tunc</strong></span> <span class='ocrx_word' id='word_1_513' title='bbox 3278 3357 3449 3403; x_wconf 84' lang='lat' dir='ltr'><strong>semet</strong></span> <span class='ocrx_word' id='word_1_514' title='bbox 3470 3347 3522 3402; x_wconf 90' lang='lat' dir='ltr'><strong>in</strong></span> 
     </span>
    </p>
   </div>
   <div class='ocr_carea' id='block_1_84' title="bbox 3314 3440 3454 3512">
    <p class='ocr_par' dir='ltr' id='par_1_84' title="bbox 3314 3440 3454 3512">
     <span class='ocr_line' id='line_1_84' title="bbox 3314 3440 3454 3512; baseline 0.014 -19"><span class='ocrx_word' id='word_1_515' title='bbox 3314 3440 3454 3512; x_wconf 89' lang='lat' dir='ltr'><strong>[ipso</strong></span> 
     </span>
    </p>
   </div>
   <div class='ocr_carea' id='block_1_85' title="bbox 2078 3530 3450 3599">
    <p class='ocr_par' dir='ltr' id='par_1_85' title="bbox 2078 3530 3450 3599">
     <span class='ocr_line' id='line_1_85' title="bbox 2078 3530 3450 3599; baseline -0.003 -12"><span class='ocrx_word' id='word_1_516' title='bbox 2078 3531 2380 3597; x_wconf 79' lang='lat' dir='ltr'><strong>Struxerat,</strong></span> <span class='ocrx_word' id='word_1_517' title='bbox 2410 3540 2466 3586; x_wconf 91' lang='lat' dir='ltr'><strong>et</strong></span> <span class='ocrx_word' id='word_1_518' title='bbox 2486 3530 2645 3599; x_wconf 83' lang='lat' dir='ltr'><strong>digne</strong></span> <span class='ocrx_word' id='word_1_519' title='bbox 2680 3531 2770 3584; x_wconf 82' lang='lat' dir='ltr'><strong>tali</strong></span> <span class='ocrx_word' id='word_1_520' title='bbox 2801 3539 2885 3585; x_wconf 90' lang='lat' dir='ltr'><strong>cst</strong></span> <span class='ocrx_word' id='word_1_521' title='bbox 2912 3530 3195 3585; x_wconf 85' lang='lat' dir='ltr'><strong>formidine</strong></span> <span class='ocrx_word' id='word_1_522' title='bbox 3222 3531 3450 3595; x_wconf 90' lang='lat' dir='ltr'><strong>vinctus,</strong></span> 
     </span>
    </p>
   </div>
   <div class='ocr_carea' id='block_1_86' title="bbox 2081 3620 3284 3688">
    <p class='ocr_par' dir='ltr' id='par_1_86' title="bbox 2081 3620 3284 3688">
     <span class='ocr_line' id='line_1_86' title="bbox 2081 3620 3284 3688; baseline -0.003 -10"><span class='ocrx_word' id='word_1_523' title='bbox 2081 3623 2340 3678; x_wconf 87' lang='lat' dir='ltr'><strong>Crederet</strong></span> <span class='ocrx_word' id='word_1_524' title='bbox 2367 3631 2425 3677; x_wconf 87' lang='lat' dir='ltr'><strong>ut</strong></span> <span class='ocrx_word' id='word_1_525' title='bbox 2455 3623 2612 3676; x_wconf 90' lang='lat' dir='ltr'><strong>nullis</strong></span> <span class='ocrx_word' id='word_1_526' title='bbox 2641 3623 2820 3675; x_wconf 86' lang='lat' dir='ltr'><strong>miseri</strong></span> <span class='ocrx_word' id='word_1_527' title='bbox 2843 3622 3113 3676; x_wconf 88' lang='lat' dir='ltr'><strong>consortia</strong></span> <span class='ocrx_word' id='word_1_528' title='bbox 3137 3620 3284 3688; x_wconf 91' lang='lat' dir='ltr'><strong>furti,</strong></span> 
     </span>
    </p>
   </div>
   <div class='ocr_carea' id='block_1_87' title="bbox 1936 3709 3273 3779">
    <p class='ocr_par' dir='ltr' id='par_1_87' title="bbox 1936 3709 3273 3779">
     <span class='ocr_line' id='line_1_87' title="bbox 1936 3709 3273 3779; baseline -0.003 -12"><span class='ocrx_word' id='word_1_529' title='bbox 1936 3712 2040 3767; x_wconf 82' lang='lat'><strong>580</strong></span> <span class='ocrx_word' id='word_1_530' title='bbox 2079 3710 2148 3767; x_wconf 92' lang='lat' dir='ltr'><strong>Ut</strong></span> <span class='ocrx_word' id='word_1_531' title='bbox 2169 3712 2387 3767; x_wconf 84' lang='lat' dir='ltr'><strong>sceleris</strong></span> <span class='ocrx_word' id='word_1_532' title='bbox 2419 3712 2547 3763; x_wconf 89' lang='lat' dir='ltr'><strong>tanti</strong></span> <span class='ocrx_word' id='word_1_533' title='bbox 2576 3710 2825 3779; x_wconf 83' lang='lat' dir='ltr'><strong>contagia</strong></span> <span class='ocrx_word' id='word_1_534' title='bbox 2855 3710 3002 3765; x_wconf 88' lang='lat' dir='ltr'><strong>solus</strong></span> <span class='ocrx_word' id='word_1_535' title='bbox 3030 3709 3273 3771; x_wconf 78' lang='lat' dir='ltr'><strong>haberet,</strong></span> 
     </span>
    </p>
   </div>
   <div class='ocr_carea' id='block_1_88' title="bbox 2011 3842 2551 3910">
    <p class='ocr_par' dir='ltr' id='par_1_88' title="bbox 2011 3842 2551 3910">
     <span class='ocr_line' id='line_1_88' title="bbox 2011 3842 2551 3910; baseline -0.017 -8"><span class='ocrx_word' id='word_1_536' title='bbox 2011 3842 2089 3910; x_wconf 73' lang='lat' dir='ltr'><strong>(gi</strong></span> <span class='ocrx_word' id='word_1_537' title='bbox 2123 3842 2285 3907; x_wconf 61' lang='lat' dir='ltr'><strong>Mum,</strong></span> <span class='ocrx_word' id='word_1_538' title='bbox 2312 3848 2551 3910; x_wconf 78' lang='lat' dir='ltr'><strong>mentem.</strong></span> 
     </span>
    </p>
   </div>
   <div class='ocr_carea' id='block_1_89' title="bbox 2009 3862 3519 3982">
    <p class='ocr_par' dir='ltr' id='par_1_89' title="bbox 2009 3862 3519 3982">
     <span class='ocr_line' id='line_1_89' title="bbox 2011 3862 2551 3910; baseline -0.006 -14"><span class='ocrx_word' id='word_1_539' title='bbox 2011 3862 2025 3910; x_wconf 69' lang='lat' dir='ltr'><strong>t</strong></span> <span class='ocrx_word' id='word_1_540' title='bbox 2078 3862 2089 3900; x_wconf 89' lang='lat'><strong>)</strong></span> <span class='ocrx_word' id='word_1_541' title='bbox 2123 3862 2285 3907; x_wconf 60' lang='lat' dir='ltr'><strong>mum,</strong></span> <span class='ocrx_word' id='word_1_542' title='bbox 2312 3862 2551 3893; x_wconf 82' lang='lat' dir='ltr'><strong>mentem.</strong></span> 
     </span>
     <span class='ocr_line' id='line_1_90' title="bbox 2009 3862 3519 3982; baseline -0.003 -15"><span class='ocrx_word' id='word_1_543' title='bbox 2009 3862 2086 3982; x_wconf 49' lang='lat' dir='ltr'><strong>(ﬂ)</strong></span> <span class='ocrx_word' id='word_1_544' title='bbox 2115 3912 2190 3966; x_wconf 89' lang='lat' dir='ltr'><strong>Ita</strong></span> <span class='ocrx_word' id='word_1_545' title='bbox 2219 3917 2404 3982; x_wconf 83' lang='lat' dir='ltr'><strong>noster</strong></span> <span class='ocrx_word' id='word_1_546' title='bbox 2432 3909 2622 3982; x_wconf 83' lang='lat' dir='ltr'><strong>codcx_.</strong></span> <span class='ocrx_word' id='word_1_547' title='bbox 2656 3907 2725 3961; x_wconf 82' lang='lat' dir='ltr'><strong>At</strong></span> <span class='ocrx_word' id='word_1_548' title='bbox 2771 3905 3363 3982; x_wconf 43' lang='lat' dir='ltr'><strong>Muratoriicodeghic</strong></span> <span class='ocrx_word' id='word_1_549' title='bbox 3402 3923 3519 3963; x_wconf 92' lang='lat' dir='ltr'><strong>om-</strong></span> 
     </span>
    </p>
   </div>
   <div class='ocr_carea' id='block_1_90' title="bbox 1936 3977 3519 4049">
    <p class='ocr_par' dir='ltr' id='par_1_90' title="bbox 1936 3977 3519 4049">
     <span class='ocr_line' id='line_1_91' title="bbox 1936 3977 3519 4049; baseline -0.004 -12"><span class='ocrx_word' id='word_1_550' title='bbox 1936 3977 2077 4038; x_wconf 81' lang='lat' dir='ltr'><strong>nino</strong></span> <span class='ocrx_word' id='word_1_551' title='bbox 2114 3980 2402 4035; x_wconf 88' lang='lat' dir='ltr'><strong>mendosus</strong></span> <span class='ocrx_word' id='word_1_552' title='bbox 2452 3986 2566 4042; x_wconf 86' lang='lat' dir='ltr'><strong>est;</strong></span> <span class='ocrx_word' id='word_1_553' title='bbox 2598 3979 2651 4031; x_wconf 93' lang='lat' dir='ltr'><strong>in</strong></span> <span class='ocrx_word' id='word_1_554' title='bbox 2694 3993 2761 4049; x_wconf 88' lang='lat' dir='ltr'><strong>eo</strong></span> <span class='ocrx_word' id='word_1_555' title='bbox 2790 3978 2931 4031; x_wconf 87' lang='lat' dir='ltr'><strong>enim</strong></span> <span class='ocrx_word' id='word_1_556' title='bbox 2958 3977 3155 4049; x_wconf 76' lang='lat' dir='ltr'><strong>legitur</strong></span> <span class='ocrx_word' id='word_1_557' title='bbox 3186 3995 3199 4029; x_wconf 88' lang='lat'><strong>:</strong></span> <span class='ocrx_word' id='word_1_558' title='bbox 3229 3977 3443 4049; x_wconf 78' lang='lat' dir='ltr'><strong>Semper</strong></span> <span class='ocrx_word' id='word_1_559' title='bbox 3464 3989 3519 4032; x_wconf 83' lang='lat' dir='ltr'><strong>ut</strong></span> 
     </span>
    </p>
   </div>
   <div class='ocr_carea' id='block_1_91' title="bbox 1936 4046 3519 4121">
    <p class='ocr_par' dir='ltr' id='par_1_91' title="bbox 1936 4046 3519 4121">
     <span class='ocr_line' id='line_1_92' title="bbox 1936 4046 3519 4121; baseline -0.002 -15"><span class='ocrx_word' id='word_1_560' title='bbox 1936 4052 2210 4106; x_wconf 82' lang='lat' dir='ltr'><strong>abscedens</strong></span> <span class='ocrx_word' id='word_1_561' title='bbox 2227 4065 2477 4121; x_wconf 75' lang='lat' dir='ltr'><strong>nusquam</strong></span> <span class='ocrx_word' id='word_1_562' title='bbox 2499 4048 2803 4102; x_wconf 72' lang='lat' dir='ltr'><strong>descendere</strong></span> <span class='ocrx_word' id='word_1_563' title='bbox 2831 4056 3017 4101; x_wconf 86' lang='lat' dir='ltr'><strong>tectum</strong></span> <span class='ocrx_word' id='word_1_564' title='bbox 3032 4046 3340 4102; x_wconf 85' lang='lat' dir='ltr'><strong>Prosiliente</strong></span> <span class='ocrx_word' id='word_1_565' title='bbox 3353 4046 3519 4121; x_wconf 70' lang='lat' dir='ltr'><strong>gradu</strong></span> 
     </span>
    </p>
   </div>
   <div class='ocr_carea' id='block_1_92' title="bbox 1935 4118 2565 4192">
    <p class='ocr_par' dir='ltr' id='par_1_92' title="bbox 1935 4118 2565 4192">
     <span class='ocr_line' id='line_1_93' title="bbox 1935 4118 2565 4192; baseline -0.013 -15"><span class='ocrx_word' id='word_1_566' title='bbox 1935 4124 2166 4192; x_wconf 65' lang='lat' dir='ltr'><strong>coepisset</strong></span> <span class='ocrx_word' id='word_1_567' title='bbox 2194 4118 2347 4173; x_wconf 83' lang='lat' dir='ltr'><strong>abire</strong></span> <span class='ocrx_word' id='word_1_568' title='bbox 2359 4118 2565 4192; x_wconf 63' lang='lat' dir='ltr'><strong>rediret.</strong></span> 
     </span>
    </p>
   </div>
   <div class='ocr_carea' id='block_1_93' title="bbox 2034 4186 2955 4259">
    <p class='ocr_par' dir='ltr' id='par_1_93' title="bbox 2034 4186 2955 4259">
     <span class='ocr_line' id='line_1_94' title="bbox 2034 4186 2955 4259; baseline -0.001 -17"><span class='ocrx_word' id='word_1_569' title='bbox 2034 4196 2070 4259; x_wconf 73' lang='grc' dir='ltr'><strong>ὁ)</strong></span> <span class='ocrx_word' id='word_1_570' title='bbox 2103 4192 2294 4245; x_wconf 88' lang='lat' dir='ltr'><strong>Noster</strong></span> <span class='ocrx_word' id='word_1_571' title='bbox 2321 4187 2441 4259; x_wconf 90' lang='lat' dir='ltr'><strong>cod.</strong></span> <span class='ocrx_word' id='word_1_572' title='bbox 2466 4229 2480 4251; x_wconf 91' lang='lat'><strong>,</strong></span> <span class='ocrx_word' id='word_1_573' title='bbox 2512 4186 2955 4259; x_wconf 81' lang='lat' dir='ltr'><strong>Iusumptamque.</strong></span> 
     </span>
    </p>
   </div>
   <div class='ocr_carea' id='block_1_94' title="bbox 2007 4195 3520 4333">
    <p class='ocr_par' dir='ltr' id='par_1_94' title="bbox 2007 4195 3520 4333">
     <span class='ocr_line' id='line_1_95' title="bbox 2034 4195 2955 4259; baseline -0.002 -17"><span class='ocrx_word' id='word_1_574' title='bbox 2034 4196 2070 4259; x_wconf 73' lang='grc' dir='ltr'><strong>ὁ)</strong></span> <span class='ocrx_word' id='word_1_575' title='bbox 2103 4195 2294 4245; x_wconf 89' lang='lat' dir='ltr'><strong>Noster</strong></span> <span class='ocrx_word' id='word_1_576' title='bbox 2321 4195 2441 4243; x_wconf 88' lang='lat' dir='ltr'><strong>cod.</strong></span> <span class='ocrx_word' id='word_1_577' title='bbox 2466 4229 2480 4251; x_wconf 91' lang='lat'><strong>,</strong></span> <span class='ocrx_word' id='word_1_578' title='bbox 2512 4195 2955 4259; x_wconf 84' lang='lat' dir='ltr'><strong>lusumptamque.</strong></span> 
     </span>
     <span class='ocr_line' id='line_1_96' title="bbox 2007 4195 3520 4333; baseline -0.001 -19"><span class='ocrx_word' id='word_1_579' title='bbox 2007 4195 2072 4333; x_wconf 47' lang='grc' dir='ltr'><strong>ὃ)</strong></span> <span class='ocrx_word' id='word_1_580' title='bbox 2104 4260 2239 4333; x_wconf 85' lang='lat' dir='ltr'><strong>Mur.</strong></span> <span class='ocrx_word' id='word_1_581' title='bbox 2274 4258 2428 4325; x_wconf 89' lang='lat' dir='ltr'><strong>cod.,</strong></span> <span class='ocrx_word' id='word_1_582' title='bbox 2456 4259 2681 4312; x_wconf 81' lang='lat' dir='ltr'><strong>aridam.</strong></span> <span class='ocrx_word' id='word_1_583' title='bbox 2725 4259 2793 4311; x_wconf 79' lang='lat' dir='ltr'><strong>At</strong></span> <span class='ocrx_word' id='word_1_584' title='bbox 2821 4257 3101 4326; x_wconf 82' lang='lat' dir='ltr'><strong>legendum</strong></span> <span class='ocrx_word' id='word_1_585' title='bbox 3133 4265 3190 4311; x_wconf 91' lang='lat' dir='ltr'><strong>ut</strong></span> <span class='ocrx_word' id='word_1_586' title='bbox 3230 4264 3313 4311; x_wconf 90' lang='lat' dir='ltr'><strong>est</strong></span> <span class='ocrx_word' id='word_1_587' title='bbox 3342 4256 3394 4310; x_wconf 91' lang='lat' dir='ltr'><strong>in</strong></span> <span class='ocrx_word' id='word_1_588' title='bbox 3421 4274 3520 4312; x_wconf 90' lang='lat' dir='ltr'><strong>no-</strong></span> 
     </span>
    </p>
   </div>
   <div class='ocr_carea' id='block_1_95' title="bbox 1934 4332 2279 4387">
    <p class='ocr_par' dir='ltr' id='par_1_95' title="bbox 1934 4332 2279 4387">
     <span class='ocr_line' id='line_1_97' title="bbox 1934 4332 2279 4387; baseline -0.017 0"><span class='ocrx_word' id='word_1_589' title='bbox 1934 4341 2048 4387; x_wconf 90' lang='lat' dir='ltr'><strong>stro</strong></span> <span class='ocrx_word' id='word_1_590' title='bbox 2075 4332 2279 4386; x_wconf 85' lang='lat' dir='ltr'><strong>codice.</strong></span> 
     </span>
    </p>
   </div>
   <div class='ocr_carea' id='block_1_96' title="bbox 2007 4397 3521 4470">
    <p class='ocr_par' dir='ltr' id='par_1_96' title="bbox 2007 4397 3521 4470">
     <span class='ocr_line' id='line_1_98' title="bbox 2007 4397 3521 4470; baseline -0.002 -16"><span class='ocrx_word' id='word_1_591' title='bbox 2007 4402 2082 4470; x_wconf 74' lang='lat' dir='ltr'><strong>(Ii)</strong></span> <span class='ocrx_word' id='word_1_592' title='bbox 2114 4400 2180 4453; x_wconf 81' lang='lat' dir='ltr'><strong>Et</strong></span> <span class='ocrx_word' id='word_1_593' title='bbox 2208 4398 2484 4470; x_wconf 76' lang='lat' dir='ltr'><strong>Muratorii</strong></span> <span class='ocrx_word' id='word_1_594' title='bbox 2514 4397 2710 4470; x_wconf 77' lang='lat' dir='ltr'><strong>codex,</strong></span> <span class='ocrx_word' id='word_1_595' title='bbox 2748 4405 2803 4450; x_wconf 90' lang='lat' dir='ltr'><strong>et</strong></span> <span class='ocrx_word' id='word_1_596' title='bbox 2840 4406 3023 4470; x_wconf 78' lang='lat' dir='ltr'><strong>noster</strong></span> <span class='ocrx_word' id='word_1_597' title='bbox 3049 4397 3212 4470; x_wconf 80' lang='lat' dir='ltr'><strong>habet</strong></span> <span class='ocrx_word' id='word_1_598' title='bbox 3237 4398 3291 4450; x_wconf 86' lang='lat' dir='ltr'><strong>in</strong></span> <span class='ocrx_word' id='word_1_599' title='bbox 3309 4412 3521 4470; x_wconf 49' lang='lat' dir='ltr'><strong>equore</strong></span> 
     </span>
    </p>
   </div>
   <div class='ocr_carea' id='block_1_97' title="bbox 1936 4466 3518 4525">
    <p class='ocr_par' dir='ltr' id='par_1_97' title="bbox 1936 4466 3518 4525">
     <span class='ocr_line' id='line_1_99' title="bbox 1936 4466 3518 4525; baseline -0.003 -1"><span class='ocrx_word' id='word_1_600' title='bbox 1936 4466 2103 4525; x_wconf 81' lang='lat' dir='ltr'><strong>claro.</strong></span> <span class='ocrx_word' id='word_1_601' title='bbox 2136 4469 2203 4523; x_wconf 84' lang='lat' dir='ltr'><strong>At</strong></span> <span class='ocrx_word' id='word_1_602' title='bbox 2232 4468 2556 4522; x_wconf 86' lang='lat' dir='ltr'><strong>Muratorius</strong></span> <span class='ocrx_word' id='word_1_603' title='bbox 2596 4467 2660 4520; x_wconf 91' lang='lat' dir='ltr'><strong>ad</strong></span> <span class='ocrx_word' id='word_1_604' title='bbox 2700 4469 2841 4520; x_wconf 83' lang='lat' dir='ltr'><strong>hunc</strong></span> <span class='ocrx_word' id='word_1_605' title='bbox 2884 4466 3059 4520; x_wconf 90' lang='lat' dir='ltr'><strong>locum</strong></span> <span class='ocrx_word' id='word_1_606' title='bbox 3101 4467 3213 4520; x_wconf 64' lang='lat' dir='ltr'><strong>haec</strong></span> <span class='ocrx_word' id='word_1_607' title='bbox 3259 4466 3518 4520; x_wconf 87' lang='lat' dir='ltr'><strong>adnotat:</strong></span> 
     </span>
    </p>
   </div>
   <div class='ocr_carea' id='block_1_98' title="bbox 245 4536 3522 4623">
    <p class='ocr_par' dir='ltr' id='par_1_98' title="bbox 245 4536 3522 4623">
     <span class='ocr_line' id='line_1_100' title="bbox 245 4536 3522 4623; baseline 0.004 -12"><span class='ocrx_word' id='word_1_608' title='bbox 245 4536 639 4611; x_wconf 51' lang='lat' dir='ltr'><strong>satanas;</strong></span> <span class='ocrx_word' id='word_1_609' title='bbox 658 4536 1833 4623; x_wconf 49' lang='lat' dir='ltr'><strong>meum;sua,‘i&#39;aiaagsssaiiait;</strong></span> <span class='ocrx_word' id='word_1_610' title='bbox 1861 4544 1909 4602; x_wconf 79' lang='grc' dir='ltr'><strong>ι)</strong></span> <span class='ocrx_word' id='word_1_611' title='bbox 1938 4541 2184 4623; x_wconf 61' lang='lat' dir='ltr'><strong>Meum</strong></span> <span class='ocrx_word' id='word_1_612' title='bbox 2203 4549 2338 4623; x_wconf 67' lang='lat' dir='ltr'><strong>cere</strong></span> <span class='ocrx_word' id='word_1_613' title='bbox 2366 4536 3411 4623; x_wconf 48' lang='lat' dir='ltr'><strong>ementem:rectumrectum</strong></span> <span class='ocrx_word' id='word_1_614' title='bbox 3429 4546 3522 4623; x_wconf 53' lang='lat' dir='ltr'><strong>et“</strong></span> 
     </span>
    </p>
   </div>
   <div class='ocr_carea' id='block_1_99' title="bbox 244 4626 1829 4696">
    <p class='ocr_par' dir='ltr' id='par_1_99' title="bbox 244 4626 1829 4696">
     <span class='ocr_line' id='line_1_101' title="bbox 244 4626 1829 4696; baseline 0.001 -17"><span class='ocrx_word' id='word_1_615' title='bbox 244 4638 320 4680; x_wconf 84' lang='lat' dir='ltr'><strong>est</strong></span> <span class='ocrx_word' id='word_1_616' title='bbox 341 4643 563 4696; x_wconf 83' lang='lat' dir='ltr'><strong>semper</strong></span> <span class='ocrx_word' id='word_1_617' title='bbox 592 4626 826 4681; x_wconf 88' lang='lat' dir='ltr'><strong>habitus.</strong></span> <span class='ocrx_word' id='word_1_618' title='bbox 861 4628 1035 4693; x_wconf 83' lang='lat' dir='ltr'><strong>Agunt</strong></span> <span class='ocrx_word' id='word_1_619' title='bbox 1073 4627 1138 4679; x_wconf 89' lang='lat' dir='ltr'><strong>de</strong></span> <span class='ocrx_word' id='word_1_620' title='bbox 1182 4628 1284 4680; x_wconf 91' lang='lat' dir='ltr'><strong>hoc</strong></span> <span class='ocrx_word' id='word_1_621' title='bbox 1314 4637 1500 4696; x_wconf 81' lang='lat' dir='ltr'><strong>saneto</strong></span> <span class='ocrx_word' id='word_1_622' title='bbox 1532 4626 1597 4679; x_wconf 94' lang='lat' dir='ltr'><strong>ad</strong></span> <span class='ocrx_word' id='word_1_623' title='bbox 1630 4628 1771 4681; x_wconf 90' lang='lat' dir='ltr'><strong>diem</strong></span> <span class='ocrx_word' id='word_1_624' title='bbox 1796 4628 1829 4681; x_wconf 86' lang='lat'><strong>9</strong></span> 
     </span>
    </p>
   </div>
   <div class='ocr_carea' id='block_1_100' title="bbox 246 4694 1828 4764">
    <p class='ocr_par' dir='ltr' id='par_1_100' title="bbox 246 4694 1828 4764">
     <span class='ocr_line' id='line_1_102' title="bbox 246 4694 1828 4764; baseline 0 -13"><span class='ocrx_word' id='word_1_625' title='bbox 246 4696 363 4751; x_wconf 77' lang='lat' dir='ltr'><strong>Maii</strong></span> <span class='ocrx_word' id='word_1_626' title='bbox 400 4699 450 4751; x_wconf 90' lang='lat' dir='ltr'><strong>in</strong></span> <span class='ocrx_word' id='word_1_627' title='bbox 466 4694 588 4751; x_wconf 61' lang='lat' dir='ltr'><strong>Act.</strong></span> <span class='ocrx_word' id='word_1_628' title='bbox 606 4696 701 4750; x_wconf 89' lang='lat' dir='ltr'><strong>SS.</strong></span> <span class='ocrx_word' id='word_1_629' title='bbox 726 4699 795 4751; x_wconf 92' lang='lat' dir='ltr'><strong>cl.</strong></span> <span class='ocrx_word' id='word_1_630' title='bbox 825 4699 921 4750; x_wconf 88' lang='lat' dir='ltr'><strong>viri</strong></span> <span class='ocrx_word' id='word_1_631' title='bbox 952 4696 1413 4761; x_wconf 85' lang='lat' dir='ltr'><strong>Ilenschenius,et</strong></span> <span class='ocrx_word' id='word_1_632' title='bbox 1444 4694 1828 4764; x_wconf 87' lang='lat' dir='ltr'><strong>Papebrocius,</strong></span> 
     </span>
    </p>
   </div>
   <div class='ocr_carea' id='block_1_101' title="bbox 247 4766 1830 4834">
    <p class='ocr_par' dir='ltr' id='par_1_101' title="bbox 247 4766 1830 4834">
     <span class='ocr_line' id='line_1_103' title="bbox 247 4766 1830 4834; baseline -0.001 -14"><span class='ocrx_word' id='word_1_633' title='bbox 247 4770 330 4834; x_wconf 90' lang='lat' dir='ltr'><strong>qui</strong></span> <span class='ocrx_word' id='word_1_634' title='bbox 364 4778 548 4820; x_wconf 89' lang='lat' dir='ltr'><strong>tamen</strong></span> <span class='ocrx_word' id='word_1_635' title='bbox 582 4767 839 4820; x_wconf 86' lang='lat' dir='ltr'><strong>incertam</strong></span> <span class='ocrx_word' id='word_1_636' title='bbox 890 4768 1123 4819; x_wconf 85' lang='lat' dir='ltr'><strong>fatentur</strong></span> <span class='ocrx_word' id='word_1_637' title='bbox 1151 4767 1306 4831; x_wconf 82' lang='lat' dir='ltr'><strong>hujus</strong></span> <span class='ocrx_word' id='word_1_638' title='bbox 1337 4766 1638 4827; x_wconf 86' lang='lat' dir='ltr'><strong>historiam,</strong></span> <span class='ocrx_word' id='word_1_639' title='bbox 1671 4768 1830 4821; x_wconf 89' lang='lat' dir='ltr'><strong>sicuti</strong></span> 
     </span>
    </p>
   </div>
   <div class='ocr_carea' id='block_1_102' title="bbox 246 4834 1835 4905">
    <p class='ocr_par' dir='ltr' id='par_1_102' title="bbox 246 4834 1835 4905">
     <span class='ocr_line' id='line_1_104' title="bbox 246 4834 1835 4905; baseline 0 -15"><span class='ocrx_word' id='word_1_640' title='bbox 246 4837 659 4892; x_wconf 79' lang='lat' dir='ltr'><strong>incertissimum</strong></span> <span class='ocrx_word' id='word_1_641' title='bbox 681 4838 840 4890; x_wconf 88' lang='lat' dir='ltr'><strong>etiam</strong></span> <span class='ocrx_word' id='word_1_642' title='bbox 859 4847 940 4890; x_wconf 87' lang='lat' dir='ltr'><strong>cst</strong></span> <span class='ocrx_word' id='word_1_643' title='bbox 969 4836 1205 4905; x_wconf 86' lang='lat' dir='ltr'><strong>martyrii</strong></span> <span class='ocrx_word' id='word_1_644' title='bbox 1231 4845 1457 4904; x_wconf 85' lang='lat' dir='ltr'><strong>tempus.</strong></span> <span class='ocrx_word' id='word_1_645' title='bbox 1478 4834 1591 4900; x_wconf 76' lang='lat' dir='ltr'><strong>Ego</strong></span> <span class='ocrx_word' id='word_1_646' title='bbox 1620 4837 1835 4891; x_wconf 87' lang='lat' dir='ltr'><strong>Nuceri-</strong></span> 
     </span>
    </p>
   </div>
   <div class='ocr_carea' id='block_1_103' title="bbox 246 4907 1831 4975">
    <p class='ocr_par' dir='ltr' id='par_1_103' title="bbox 246 4907 1831 4975">
     <span class='ocr_line' id='line_1_105' title="bbox 246 4907 1831 4975; baseline 0.001 -16"><span class='ocrx_word' id='word_1_647' title='bbox 246 4908 323 4964; x_wconf 87' lang='lat' dir='ltr'><strong>nis</strong></span> <span class='ocrx_word' id='word_1_648' title='bbox 348 4907 627 4974; x_wconf 85' lang='lat' dir='ltr'><strong>gratulor,</strong></span> <span class='ocrx_word' id='word_1_649' title='bbox 665 4909 807 4975; x_wconf 82' lang='lat' dir='ltr'><strong>quod</strong></span> <span class='ocrx_word' id='word_1_650' title='bbox 837 4909 1095 4961; x_wconf 76' lang='lat' dir='ltr'><strong>illustrem</strong></span> <span class='ocrx_word' id='word_1_651' title='bbox 1134 4915 1256 4958; x_wconf 89' lang='lat' dir='ltr'><strong>autc</strong></span> <span class='ocrx_word' id='word_1_652' title='bbox 1285 4914 1364 4958; x_wconf 91' lang='lat' dir='ltr'><strong>tot</strong></span> <span class='ocrx_word' id='word_1_653' title='bbox 1400 4907 1579 4960; x_wconf 90' lang='lat' dir='ltr'><strong>secula</strong></span> <span class='ocrx_word' id='word_1_654' title='bbox 1610 4908 1665 4960; x_wconf 92' lang='lat' dir='ltr'><strong>S.</strong></span> <span class='ocrx_word' id='word_1_655' title='bbox 1712 4907 1831 4975; x_wconf 84' lang='lat' dir='ltr'><strong>epi-</strong></span> 
     </span>
    </p>
   </div>
   <div class='ocr_carea' id='block_1_104' title="bbox 246 4975 1824 5046">
    <p class='ocr_par' dir='ltr' id='par_1_104' title="bbox 246 4975 1824 5046">
     <span class='ocr_line' id='line_1_106' title="bbox 246 4975 1824 5046; baseline -0.001 -15"><span class='ocrx_word' id='word_1_656' title='bbox 246 4979 394 5046; x_wconf 81' lang='lat' dir='ltr'><strong>scopi</strong></span> <span class='ocrx_word' id='word_1_657' title='bbox 423 4978 737 5030; x_wconf 88' lang='lat' dir='ltr'><strong>memoriam</strong></span> <span class='ocrx_word' id='word_1_658' title='bbox 768 4979 970 5045; x_wconf 86' lang='lat' dir='ltr'><strong>primus</strong></span> <span class='ocrx_word' id='word_1_659' title='bbox 1013 4992 1043 5029; x_wconf 89' lang='lat' dir='ltr'><strong>e</strong></span> <span class='ocrx_word' id='word_1_660' title='bbox 1073 4976 1309 5029; x_wconf 87' lang='lat' dir='ltr'><strong>tenebris</strong></span> <span class='ocrx_word' id='word_1_661' title='bbox 1360 4977 1611 5029; x_wconf 86' lang='lat' dir='ltr'><strong>cruerim.</strong></span> <span class='ocrx_word' id='word_1_662' title='bbox 1655 4975 1824 5046; x_wconf 87' lang='lat' dir='ltr'><strong>Quam</strong></span> 
     </span>
    </p>
   </div>
   <div class='ocr_carea' id='block_1_105' title="bbox 246 5045 1824 5112">
    <p class='ocr_par' dir='ltr' id='par_1_105' title="bbox 246 5045 1824 5112">
     <span class='ocr_line' id='line_1_107' title="bbox 246 5045 1824 5112; baseline 0 -13"><span class='ocrx_word' id='word_1_663' title='bbox 246 5045 383 5099; x_wconf 72' lang='lat' dir='ltr'><strong>enirn</strong></span> <span class='ocrx_word' id='word_1_664' title='bbox 414 5047 647 5100; x_wconf 85' lang='lat' dir='ltr'><strong>celebris</strong></span> <span class='ocrx_word' id='word_1_665' title='bbox 678 5046 767 5099; x_wconf 90' lang='lat' dir='ltr'><strong>ille</strong></span> <span class='ocrx_word' id='word_1_666' title='bbox 797 5048 913 5112; x_wconf 90' lang='lat' dir='ltr'><strong>fuit,</strong></span> <span class='ocrx_word' id='word_1_667' title='bbox 942 5046 1096 5112; x_wconf 89' lang='lat' dir='ltr'><strong>cujus</strong></span> <span class='ocrx_word' id='word_1_668' title='bbox 1125 5046 1399 5098; x_wconf 83' lang='lat' dir='ltr'><strong>natalitius</strong></span> <span class='ocrx_word' id='word_1_669' title='bbox 1427 5046 1545 5099; x_wconf 88' lang='lat' dir='ltr'><strong>dies</strong></span> <span class='ocrx_word' id='word_1_670' title='bbox 1574 5063 1682 5099; x_wconf 89' lang='lat' dir='ltr'><strong>non</strong></span> <span class='ocrx_word' id='word_1_671' title='bbox 1714 5045 1824 5099; x_wconf 89' lang='lat' dir='ltr'><strong>Nu-</strong></span> 
     </span>
    </p>
   </div>
   <div class='ocr_carea' id='block_1_106' title="bbox 247 5114 1830 5185">
    <p class='ocr_par' dir='ltr' id='par_1_106' title="bbox 247 5114 1830 5185">
     <span class='ocr_line' id='line_1_108' title="bbox 247 5114 1830 5185; baseline 0.001 -17"><span class='ocrx_word' id='word_1_672' title='bbox 247 5118 404 5169; x_wconf 73' lang='lat' dir='ltr'><strong>ceria:</strong></span> <span class='ocrx_word' id='word_1_673' title='bbox 444 5117 631 5179; x_wconf 85' lang='lat' dir='ltr'><strong>modo,</strong></span> <span class='ocrx_word' id='word_1_674' title='bbox 654 5116 745 5169; x_wconf 89' lang='lat' dir='ltr'><strong>sed</strong></span> <span class='ocrx_word' id='word_1_675' title='bbox 767 5125 823 5170; x_wconf 93' lang='lat' dir='ltr'><strong>et</strong></span> <span class='ocrx_word' id='word_1_676' title='bbox 852 5118 903 5170; x_wconf 92' lang='lat' dir='ltr'><strong>in</strong></span> <span class='ocrx_word' id='word_1_677' title='bbox 945 5117 1063 5170; x_wconf 86' lang='lat' dir='ltr'><strong>aliis</strong></span> <span class='ocrx_word' id='word_1_678' title='bbox 1104 5116 1323 5170; x_wconf 90' lang='lat' dir='ltr'><strong>urbibus</strong></span> <span class='ocrx_word' id='word_1_679' title='bbox 1352 5114 1557 5170; x_wconf 91' lang='lat' dir='ltr'><strong>Paulini</strong></span> <span class='ocrx_word' id='word_1_680' title='bbox 1587 5125 1830 5185; x_wconf 88' lang='lat' dir='ltr'><strong>tempore</strong></span> 
     </span>
    </p>
   </div>
   <div class='ocr_carea' id='block_1_107' title="bbox 250 5185 946 5241">
    <p class='ocr_par' dir='ltr' id='par_1_107' title="bbox 250 5185 946 5241">
     <span class='ocr_line' id='line_1_109' title="bbox 250 5185 946 5241; baseline 0 -2"><span class='ocrx_word' id='word_1_681' title='bbox 250 5185 543 5240; x_wconf 86' lang='lat' dir='ltr'><strong>colebatur.</strong></span> <span class='ocrx_word' id='word_1_682' title='bbox 578 5185 946 5241; x_wconf 74' lang='lat' dir='ltr'><strong>Mcnnomus.</strong></span> 
     </span>
    </p>
   </div>
   <div class='ocr_carea' id='block_1_108' title="bbox 318 5272 1006 5343">
    <p class='ocr_par' dir='ltr' id='par_1_108' title="bbox 318 5272 1006 5343">
     <span class='ocr_line' id='line_1_110' title="bbox 318 5272 1006 5343; baseline 0 -17"><span class='ocrx_word' id='word_1_683' title='bbox 318 5273 392 5334; x_wconf 78' lang='lat' dir='ltr'><strong>ib)</strong></span> <span class='ocrx_word' id='word_1_684' title='bbox 422 5272 559 5327; x_wconf 80' lang='lat' dir='ltr'><strong>Mur.</strong></span> <span class='ocrx_word' id='word_1_685' title='bbox 591 5274 710 5328; x_wconf 87' lang='lat' dir='ltr'><strong>cod.</strong></span> <span class='ocrx_word' id='word_1_686' title='bbox 734 5313 747 5335; x_wconf 90' lang='lat'><strong>,</strong></span> <span class='ocrx_word' id='word_1_687' title='bbox 779 5275 1006 5343; x_wconf 83' lang='lat' dir='ltr'><strong>stipavit.</strong></span> 
     </span>
    </p>
   </div>
   <div class='ocr_carea' id='block_1_109' title="bbox 318 5352 1829 5423">
    <p class='ocr_par' dir='ltr' id='par_1_109' title="bbox 318 5352 1829 5423">
     <span class='ocr_line' id='line_1_111' title="bbox 318 5352 1829 5423; baseline 0.001 -18"><span class='ocrx_word' id='word_1_688' title='bbox 318 5355 390 5421; x_wconf 88' lang='lat' dir='ltr'><strong>(c)</strong></span> <span class='ocrx_word' id='word_1_689' title='bbox 424 5354 564 5407; x_wconf 84' lang='lat' dir='ltr'><strong>Mur.</strong></span> <span class='ocrx_word' id='word_1_690' title='bbox 587 5354 730 5415; x_wconf 90' lang='lat' dir='ltr'><strong>cod.,</strong></span> <span class='ocrx_word' id='word_1_691' title='bbox 753 5355 977 5407; x_wconf 68' lang='lat' dir='ltr'><strong>incertos</strong></span> <span class='ocrx_word' id='word_1_692' title='bbox 1005 5368 1101 5423; x_wconf 91' lang='lat' dir='ltr'><strong>pro</strong></span> <span class='ocrx_word' id='word_1_693' title='bbox 1123 5360 1347 5415; x_wconf 73' lang='lat' dir='ltr'><strong>mwstos,</strong></span> <span class='ocrx_word' id='word_1_694' title='bbox 1371 5352 1513 5420; x_wconf 89' lang='lat' dir='ltr'><strong>quod</strong></span> <span class='ocrx_word' id='word_1_695' title='bbox 1540 5361 1622 5406; x_wconf 90' lang='lat' dir='ltr'><strong>est</strong></span> <span class='ocrx_word' id='word_1_696' title='bbox 1648 5353 1699 5407; x_wconf 93' lang='lat' dir='ltr'><strong>in</strong></span> <span class='ocrx_word' id='word_1_697' title='bbox 1730 5368 1829 5408; x_wconf 87' lang='lat' dir='ltr'><strong>no-</strong></span> 
     </span>
    </p>
   </div>
   <div class='ocr_carea' id='block_1_110' title="bbox 256 5424 599 5478">
    <p class='ocr_par' dir='ltr' id='par_1_110' title="bbox 256 5424 599 5478">
     <span class='ocr_line' id='line_1_112' title="bbox 256 5424 599 5478; baseline -0.006 0"><span class='ocrx_word' id='word_1_698' title='bbox 256 5432 363 5478; x_wconf 86' lang='lat' dir='ltr'><strong>stro</strong></span> <span class='ocrx_word' id='word_1_699' title='bbox 392 5424 599 5478; x_wconf 88' lang='lat' dir='ltr'><strong>codice.</strong></span> 
     </span>
    </p>
   </div>
   <div class='ocr_carea' id='block_1_111' title="bbox 323 5492 1839 5562">
    <p class='ocr_par' dir='ltr' id='par_1_111' title="bbox 323 5492 1839 5562">
     <span class='ocr_line' id='line_1_113' title="bbox 323 5492 1839 5562; baseline 0.001 -17"><span class='ocrx_word' id='word_1_700' title='bbox 323 5494 402 5561; x_wconf 24' lang='lat' dir='ltr'><strong>(dt</strong></span> <span class='ocrx_word' id='word_1_701' title='bbox 434 5493 568 5546; x_wconf 75' lang='lat' dir='ltr'><strong>Mur.</strong></span> <span class='ocrx_word' id='word_1_702' title='bbox 614 5492 758 5555; x_wconf 88' lang='lat' dir='ltr'><strong>cod.,</strong></span> <span class='ocrx_word' id='word_1_703' title='bbox 793 5494 933 5546; x_wconf 76' lang='lat' dir='ltr'><strong>Tunc</strong></span> <span class='ocrx_word' id='word_1_704' title='bbox 963 5509 1054 5562; x_wconf 84' lang='lat' dir='ltr'><strong>ego</strong></span> <span class='ocrx_word' id='word_1_705' title='bbox 1084 5504 1136 5544; x_wconf 82' lang='lat' dir='ltr'><strong>ut</strong></span> <span class='ocrx_word' id='word_1_706' title='bbox 1175 5502 1341 5547; x_wconf 85' lang='lat' dir='ltr'><strong>mente</strong></span> <span class='ocrx_word' id='word_1_707' title='bbox 1388 5503 1606 5562; x_wconf 81' lang='lat' dir='ltr'><strong>recepta,</strong></span> <span class='ocrx_word' id='word_1_708' title='bbox 1638 5504 1741 5548; x_wconf 87' lang='lat' dir='ltr'><strong>etc.</strong></span> <span class='ocrx_word' id='word_1_709' title='bbox 1773 5498 1839 5546; x_wconf 88' lang='lat' dir='ltr'><strong>At</strong></span> 
     </span>
    </p>
   </div>
   <div class='ocr_carea' id='block_1_112' title="bbox 258 5564 1183 5619">
    <p class='ocr_par' dir='ltr' id='par_1_112' title="bbox 258 5564 1183 5619">
     <span class='ocr_line' id='line_1_114' title="bbox 258 5564 1183 5619; baseline -0.001 -1"><span class='ocrx_word' id='word_1_710' title='bbox 258 5565 422 5618; x_wconf 84' lang='lat' dir='ltr'><strong>nostri</strong></span> <span class='ocrx_word' id='word_1_711' title='bbox 452 5565 651 5619; x_wconf 88' lang='lat' dir='ltr'><strong>codicis</strong></span> <span class='ocrx_word' id='word_1_712' title='bbox 681 5565 840 5618; x_wconf 90' lang='lat' dir='ltr'><strong>lectio</strong></span> <span class='ocrx_word' id='word_1_713' title='bbox 883 5564 1183 5618; x_wconf 80' lang='lat' dir='ltr'><strong>retinenda.</strong></span> 
     </span>
    </p>
   </div>
   <div class='ocr_carea' id='block_1_113' title="bbox 327 5644 1587 5715">
    <p class='ocr_par' dir='ltr' id='par_1_113' title="bbox 327 5644 1587 5715">
     <span class='ocr_line' id='line_1_115' title="bbox 327 5644 1587 5715; baseline -0.001 -18"><span class='ocrx_word' id='word_1_714' title='bbox 327 5648 395 5715; x_wconf 71' lang='grc' dir='ltr'><strong>(ρ)</strong></span> <span class='ocrx_word' id='word_1_715' title='bbox 426 5644 563 5697; x_wconf 79' lang='lat' dir='ltr'><strong>Mur.</strong></span> <span class='ocrx_word' id='word_1_716' title='bbox 596 5646 742 5707; x_wconf 86' lang='lat' dir='ltr'><strong>cod.,</strong></span> <span class='ocrx_word' id='word_1_717' title='bbox 768 5644 980 5706; x_wconf 73' lang='lat' dir='ltr'><strong>Bescevi,</strong></span> <span class='ocrx_word' id='word_1_718' title='bbox 1015 5652 1074 5697; x_wconf 92' lang='lat' dir='ltr'><strong>ut</strong></span> <span class='ocrx_word' id='word_1_719' title='bbox 1100 5660 1259 5712; x_wconf 88' lang='lat' dir='ltr'><strong>supra</strong></span> <span class='ocrx_word' id='word_1_720' title='bbox 1290 5659 1428 5695; x_wconf 79' lang='lat' dir='ltr'><strong>vers.</strong></span> <span class='ocrx_word' id='word_1_721' title='bbox 1464 5644 1587 5697; x_wconf 82' lang='grc'><strong>510.</strong></span> 
     </span>
    </p>
   </div>
   <div class='ocr_carea' id='block_1_114' title="bbox 321 5723 1849 5794">
    <p class='ocr_par' dir='ltr' id='par_1_114' title="bbox 321 5723 1849 5794">
     <span class='ocr_line' id='line_1_116' title="bbox 321 5723 1849 5794; baseline 0.001 -19"><span class='ocrx_word' id='word_1_722' title='bbox 321 5728 390 5794; x_wconf 72' lang='lat' dir='ltr'><strong>if)</strong></span> <span class='ocrx_word' id='word_1_723' title='bbox 419 5724 475 5777; x_wconf 81' lang='lat' dir='ltr'><strong>In</strong></span> <span class='ocrx_word' id='word_1_724' title='bbox 507 5723 643 5777; x_wconf 78' lang='lat' dir='ltr'><strong>Mur.</strong></span> <span class='ocrx_word' id='word_1_725' title='bbox 668 5725 860 5793; x_wconf 83' lang='lat' dir='ltr'><strong>legitur</strong></span> <span class='ocrx_word' id='word_1_726' title='bbox 882 5724 985 5788; x_wconf 84' lang='lat' dir='ltr'><strong>tui,</strong></span> <span class='ocrx_word' id='word_1_727' title='bbox 1016 5724 1159 5791; x_wconf 87' lang='lat' dir='ltr'><strong>quod</strong></span> <span class='ocrx_word' id='word_1_728' title='bbox 1189 5731 1269 5777; x_wconf 74' lang='lat' dir='ltr'><strong>cst</strong></span> <span class='ocrx_word' id='word_1_729' title='bbox 1310 5723 1535 5779; x_wconf 83' lang='lat' dir='ltr'><strong>fortasse</strong></span> <span class='ocrx_word' id='word_1_730' title='bbox 1578 5732 1849 5793; x_wconf 47' lang='lat' dir='ltr'><strong>typogra»</strong></span> 
     </span>
    </p>
   </div>
   <div class='ocr_carea' id='block_1_115' title="bbox 259 5793 631 5862">
    <p class='ocr_par' dir='ltr' id='par_1_115' title="bbox 259 5793 631 5862">
     <span class='ocr_line' id='line_1_117' title="bbox 259 5793 631 5862; baseline 0 -15"><span class='ocrx_word' id='word_1_731' title='bbox 259 5793 631 5862; x_wconf 73' lang='lat' dir='ltr'><strong>pliimendum.</strong></span> 
     </span>
    </p>
   </div>
   <div class='ocr_carea' id='block_1_116' title="bbox 1935 4605 3517 4674">
    <p class='ocr_par' dir='ltr' id='par_1_116' title="bbox 1935 4605 3517 4674">
     <span class='ocr_line' id='line_1_118' title="bbox 1935 4605 3517 4674; baseline -0.003 -11"><span class='ocrx_word' id='word_1_732' title='bbox 1935 4626 2059 4665; x_wconf 88' lang='lat' dir='ltr'><strong>aere</strong></span> <span class='ocrx_word' id='word_1_733' title='bbox 2089 4610 2257 4664; x_wconf 88' lang='lat' dir='ltr'><strong>claro.</strong></span> <span class='ocrx_word' id='word_1_734' title='bbox 2288 4609 2484 4661; x_wconf 72' lang='lat' dir='ltr'><strong>Verum</strong></span> <span class='ocrx_word' id='word_1_735' title='bbox 2516 4605 2647 4674; x_wconf 89' lang='lat' dir='ltr'><strong>pace</strong></span> <span class='ocrx_word' id='word_1_736' title='bbox 2676 4605 2971 4659; x_wconf 87' lang='lat' dir='ltr'><strong>doctissimi</strong></span> <span class='ocrx_word' id='word_1_737' title='bbox 3020 4606 3117 4658; x_wconf 92' lang='lat' dir='ltr'><strong>viri</strong></span> <span class='ocrx_word' id='word_1_738' title='bbox 3166 4605 3366 4659; x_wconf 88' lang='lat' dir='ltr'><strong>dictum</strong></span> <span class='ocrx_word' id='word_1_739' title='bbox 3397 4606 3468 4659; x_wconf 86' lang='lat' dir='ltr'><strong>sit</strong></span> <span class='ocrx_word' id='word_1_740' title='bbox 3504 4623 3517 4658; x_wconf 87' lang='lat'><strong>:</strong></span> 
     </span>
    </p>
   </div>
   <div class='ocr_carea' id='block_1_117' title="bbox 1933 4677 3518 4746">
    <p class='ocr_par' dir='ltr' id='par_1_117' title="bbox 1933 4677 3518 4746">
     <span class='ocr_line' id='line_1_119' title="bbox 1933 4677 3518 4746; baseline -0.004 -12"><span class='ocrx_word' id='word_1_741' title='bbox 1933 4694 2032 4746; x_wconf 78' lang='lat' dir='ltr'><strong>ego</strong></span> <span class='ocrx_word' id='word_1_742' title='bbox 2061 4680 2266 4733; x_wconf 91' lang='lat' dir='ltr'><strong>nullum</strong></span> <span class='ocrx_word' id='word_1_743' title='bbox 2313 4678 2400 4731; x_wconf 87' lang='lat' dir='ltr'><strong>hic</strong></span> <span class='ocrx_word' id='word_1_744' title='bbox 2448 4677 2698 4730; x_wconf 89' lang='lat' dir='ltr'><strong>mendum</strong></span> <span class='ocrx_word' id='word_1_745' title='bbox 2742 4690 2862 4729; x_wconf 88' lang='lat' dir='ltr'><strong>esse</strong></span> <span class='ocrx_word' id='word_1_746' title='bbox 2904 4683 3035 4746; x_wconf 78' lang='lat' dir='ltr'><strong>puto</strong></span> <span class='ocrx_word' id='word_1_747' title='bbox 3070 4683 3328 4746; x_wconf 10' lang='lat' dir='ltr'><strong>:iconstat</strong></span> <span class='ocrx_word' id='word_1_748' title='bbox 3376 4677 3518 4729; x_wconf 88' lang='lat' dir='ltr'><strong>enim</strong></span> 
     </span>
    </p>
   </div>
   <div class='ocr_carea' id='block_1_118' title="bbox 1933 4743 3520 4816">
    <p class='ocr_par' dir='ltr' id='par_1_118' title="bbox 1933 4743 3520 4816">
     <span class='ocr_line' id='line_1_120' title="bbox 1933 4743 3520 4816; baseline -0.004 -13"><span class='ocrx_word' id='word_1_749' title='bbox 1933 4743 2097 4803; x_wconf 80' lang='lat' dir='ltr'><strong>etiam</strong></span> <span class='ocrx_word' id='word_1_750' title='bbox 2147 4749 2214 4802; x_wconf 90' lang='lat' dir='ltr'><strong>ab</strong></span> <span class='ocrx_word' id='word_1_751' title='bbox 2260 4747 2668 4816; x_wconf 83' lang='lat' dir='ltr'><strong>elegantissimis</strong></span> <span class='ocrx_word' id='word_1_752' title='bbox 2711 4743 2918 4816; x_wconf 59' lang='lat' dir='ltr'><strong>poetis,</strong></span> <span class='ocrx_word' id='word_1_753' title='bbox 2965 4744 3205 4811; x_wconf 77' lang='lat' dir='ltr'><strong>Virgilio,</strong></span> <span class='ocrx_word' id='word_1_754' title='bbox 3236 4743 3425 4797; x_wconf 86' lang='lat' dir='ltr'><strong>Ovidio</strong></span> <span class='ocrx_word' id='word_1_755' title='bbox 3466 4752 3520 4797; x_wconf 90' lang='lat' dir='ltr'><strong>et</strong></span> 
     </span>
    </p>
   </div>
   <div class='ocr_carea' id='block_1_119' title="bbox 1932 4814 3521 4887">
    <p class='ocr_par' dir='ltr' id='par_1_119' title="bbox 1932 4814 3521 4887">
     <span class='ocr_line' id='line_1_121' title="bbox 1932 4814 3521 4887; baseline -0.001 -16"><span class='ocrx_word' id='word_1_756' title='bbox 1932 4819 2071 4885; x_wconf 88' lang='lat' dir='ltr'><strong>aliis,</strong></span> <span class='ocrx_word' id='word_1_757' title='bbox 2115 4834 2287 4887; x_wconf 64' lang='lat' dir='ltr'><strong>aaquor</strong></span> <span class='ocrx_word' id='word_1_758' title='bbox 2333 4814 2564 4886; x_wconf 81' lang='lat' dir='ltr'><strong>positum</strong></span> <span class='ocrx_word' id='word_1_759' title='bbox 2616 4830 2737 4870; x_wconf 86' lang='lat' dir='ltr'><strong>esse</strong></span> <span class='ocrx_word' id='word_1_760' title='bbox 2784 4814 2948 4869; x_wconf 91' lang='lat' dir='ltr'><strong>modo</strong></span> <span class='ocrx_word' id='word_1_761' title='bbox 2988 4830 3087 4885; x_wconf 90' lang='lat' dir='ltr'><strong>pro</strong></span> <span class='ocrx_word' id='word_1_762' title='bbox 3116 4831 3297 4885; x_wconf 86' lang='lat' dir='ltr'><strong>campo</strong></span> <span class='ocrx_word' id='word_1_763' title='bbox 3340 4815 3521 4886; x_wconf 73' lang='lat' dir='ltr'><strong>plano,</strong></span> 
     </span>
    </p>
   </div>
   <div class='ocr_carea' id='block_1_120' title="bbox 1932 4889 2390 4944">
    <p class='ocr_par' dir='ltr' id='par_1_120' title="bbox 1932 4889 2390 4944">
     <span class='ocr_line' id='line_1_122' title="bbox 1932 4889 2390 4944; baseline -0.002 -2"><span class='ocrx_word' id='word_1_764' title='bbox 1932 4889 2097 4944; x_wconf 88' lang='lat' dir='ltr'><strong>modo</strong></span> <span class='ocrx_word' id='word_1_765' title='bbox 2123 4903 2224 4944; x_wconf 82' lang='lat' dir='ltr'><strong>pro</strong></span> <span class='ocrx_word' id='word_1_766' title='bbox 2254 4903 2390 4941; x_wconf 86' lang='lat' dir='ltr'><strong>aere.</strong></span> 
     </span>
    </p>
   </div>
   <div class='ocr_carea' id='block_1_121' title="bbox 2006 4954 3524 5029">
    <p class='ocr_par' dir='ltr' id='par_1_121' title="bbox 2006 4954 3524 5029">
     <span class='ocr_line' id='line_1_123' title="bbox 2006 4954 3524 5029; baseline -0.003 -19"><span class='ocrx_word' id='word_1_767' title='bbox 2006 4959 2070 5029; x_wconf 80' lang='grc' dir='ltr'><strong>(ι)</strong></span> <span class='ocrx_word' id='word_1_768' title='bbox 2101 4954 2232 5029; x_wconf 82' lang='lat' dir='ltr'><strong>Mur.</strong></span> <span class='ocrx_word' id='word_1_769' title='bbox 2257 4997 2271 5021; x_wconf 90' lang='lat'><strong>,</strong></span> <span class='ocrx_word' id='word_1_770' title='bbox 2302 4956 2548 5010; x_wconf 83' lang='lat' dir='ltr'><strong>sentibus.</strong></span> <span class='ocrx_word' id='word_1_771' title='bbox 2580 4956 2650 5010; x_wconf 86' lang='lat' dir='ltr'><strong>At</strong></span> <span class='ocrx_word' id='word_1_772' title='bbox 2676 4955 2958 5024; x_wconf 83' lang='lat' dir='ltr'><strong>legendum</strong></span> <span class='ocrx_word' id='word_1_773' title='bbox 2988 4962 3117 5026; x_wconf 85' lang='lat' dir='ltr'><strong>pulo</strong></span> <span class='ocrx_word' id='word_1_774' title='bbox 3147 4963 3207 5010; x_wconf 88' lang='lat' dir='ltr'><strong>ut</strong></span> <span class='ocrx_word' id='word_1_775' title='bbox 3233 4962 3318 5009; x_wconf 87' lang='lat' dir='ltr'><strong>est</strong></span> <span class='ocrx_word' id='word_1_776' title='bbox 3344 4954 3397 5007; x_wconf 93' lang='lat' dir='ltr'><strong>in</strong></span> <span class='ocrx_word' id='word_1_777' title='bbox 3426 4969 3524 5007; x_wconf 77' lang='lat' dir='ltr'><strong>no-</strong></span> 
     </span>
    </p>
   </div>
   <div class='ocr_carea' id='block_1_122' title="bbox 1934 5026 3497 5165">
    <p class='ocr_par' dir='ltr' id='par_1_122' title="bbox 1934 5026 3497 5165">
     <span class='ocr_line' id='line_1_124' title="bbox 1934 5026 3497 5165; baseline -0.002 -15"><span class='ocrx_word' id='word_1_778' title='bbox 1934 5026 2300 5165; x_wconf 54' lang='lat' dir='ltr'><strong>s&quot;?m(;ogll:::,</strong></span> <span class='ocrx_word' id='word_1_779' title='bbox 2332 5096 2591 5165; x_wconf 75' lang='lat' dir='ltr'><strong>seductus.</strong></span> <span class='ocrx_word' id='word_1_780' title='bbox 2617 5094 2685 5147; x_wconf 86' lang='lat' dir='ltr'><strong>At</strong></span> <span class='ocrx_word' id='word_1_781' title='bbox 2707 5095 2875 5148; x_wconf 89' lang='lat' dir='ltr'><strong>nostri</strong></span> <span class='ocrx_word' id='word_1_782' title='bbox 2904 5094 3275 5165; x_wconf 74' lang='lat' dir='ltr'><strong>codicislectio</strong></span> <span class='ocrx_word' id='word_1_783' title='bbox 3294 5094 3497 5165; x_wconf 82' lang='lat' dir='ltr'><strong>verior.</strong></span> 
     </span>
    </p>
   </div>
   <div class='ocr_carea' id='block_1_123' title="bbox 2018 5163 3523 5235">
    <p class='ocr_par' dir='ltr' id='par_1_123' title="bbox 2018 5163 3523 5235">
     <span class='ocr_line' id='line_1_125' title="bbox 2018 5163 3523 5235; baseline -0.003 -16"><span class='ocrx_word' id='word_1_784' title='bbox 2018 5163 2094 5235; x_wconf 74' lang='grc' dir='ltr'><strong>(η)</strong></span> <span class='ocrx_word' id='word_1_785' title='bbox 2124 5166 2259 5219; x_wconf 79' lang='lat' dir='ltr'><strong>Mur.</strong></span> <span class='ocrx_word' id='word_1_786' title='bbox 2289 5164 2454 5235; x_wconf 83' lang='lat' dir='ltr'><strong>cod.,_</strong></span> <span class='ocrx_word' id='word_1_787' title='bbox 2470 5163 2655 5218; x_wconf 68' lang='lat' dir='ltr'><strong>Decius</strong></span> <span class='ocrx_word' id='word_1_788' title='bbox 2680 5166 2733 5217; x_wconf 87' lang='lat' dir='ltr'><strong>in</strong></span> <span class='ocrx_word' id='word_1_789' title='bbox 2762 5166 3002 5235; x_wconf 81' lang='lat' dir='ltr'><strong>quodam.</strong></span> <span class='ocrx_word' id='word_1_790' title='bbox 3034 5163 3227 5217; x_wconf 81' lang='lat' dir='ltr'><strong>Noster</strong></span> <span class='ocrx_word' id='word_1_791' title='bbox 3251 5164 3421 5218; x_wconf 79' lang='lat' dir='ltr'><strong>codex</strong></span> <span class='ocrx_word' id='word_1_792' title='bbox 3436 5164 3523 5215; x_wconf 75' lang='lat' dir='ltr'><strong>de-</strong></span> 
     </span>
    </p>
   </div>
   <div class='ocr_carea' id='block_1_124' title="bbox 1940 5232 3239 5305">
    <p class='ocr_par' dir='ltr' id='par_1_124' title="bbox 1940 5232 3239 5305">
     <span class='ocr_line' id='line_1_126' title="bbox 1940 5232 3239 5305; baseline -0.002 -16"><span class='ocrx_word' id='word_1_793' title='bbox 1940 5232 2050 5289; x_wconf 71' lang='lat' dir='ltr'><strong>eius</strong></span> <span class='ocrx_word' id='word_1_794' title='bbox 2080 5238 2129 5289; x_wconf 82' lang='lat' dir='ltr'><strong>in</strong></span> <span class='ocrx_word' id='word_1_795' title='bbox 2158 5237 2209 5288; x_wconf 83' lang='lat' dir='ltr'><strong>id</strong></span> <span class='ocrx_word' id='word_1_796' title='bbox 2239 5234 2393 5305; x_wconf 85' lang='lat' dir='ltr'><strong>quod.</strong></span> <span class='ocrx_word' id='word_1_797' title='bbox 2428 5232 2671 5305; x_wconf 75' lang='lat' dir='ltr'><strong>Priorem</strong></span> <span class='ocrx_word' id='word_1_798' title='bbox 2697 5232 2983 5288; x_wconf 81' lang='lat' dir='ltr'><strong>lectionem</strong></span> <span class='ocrx_word' id='word_1_799' title='bbox 3020 5248 3239 5305; x_wconf 79' lang='lat' dir='ltr'><strong>sequor.</strong></span> 
     </span>
    </p>
   </div>
   <div class='ocr_carea' id='block_1_125' title="bbox 2017 5302 3357 5369">
    <p class='ocr_par' dir='ltr' id='par_1_125' title="bbox 2017 5302 3357 5369">
     <span class='ocr_line' id='line_1_127' title="bbox 2017 5302 3357 5369; baseline -0.003 -10"><span class='ocrx_word' id='word_1_800' title='bbox 2017 5309 2089 5369; x_wconf 83' lang='grc' dir='ltr'><strong>(ο)</strong></span> <span class='ocrx_word' id='word_1_801' title='bbox 2122 5302 2280 5363; x_wconf 70' lang='grc' dir='ltr'><strong>Μιινζ,</strong></span> <span class='ocrx_word' id='word_1_802' title='bbox 2312 5306 2403 5357; x_wconf 84' lang='lat' dir='ltr'><strong>sed</strong></span> <span class='ocrx_word' id='word_1_803' title='bbox 2431 5303 2602 5357; x_wconf 86' lang='lat' dir='ltr'><strong>corde.</strong></span> <span class='ocrx_word' id='word_1_804' title='bbox 2629 5302 2821 5357; x_wconf 88' lang='lat' dir='ltr'><strong>Noster</strong></span> <span class='ocrx_word' id='word_1_805' title='bbox 2848 5304 3035 5363; x_wconf 82' lang='lat' dir='ltr'><strong>codex,</strong></span> <span class='ocrx_word' id='word_1_806' title='bbox 3069 5304 3159 5355; x_wconf 88' lang='lat' dir='ltr'><strong>sub</strong></span> <span class='ocrx_word' id='word_1_807' title='bbox 3186 5304 3357 5356; x_wconf 85' lang='lat' dir='ltr'><strong>corde.</strong></span> 
     </span>
    </p>
   </div>
   <div class='ocr_carea' id='block_1_126' title="bbox 2017 5373 3448 5450">
    <p class='ocr_par' dir='ltr' id='par_1_126' title="bbox 2017 5373 3448 5450">
     <span class='ocr_line' id='line_1_128' title="bbox 2017 5373 3448 5450; baseline -0.002 -22"><span class='ocrx_word' id='word_1_808' title='bbox 2017 5374 2089 5450; x_wconf 83' lang='lat' dir='ltr'><strong>(p)</strong></span> <span class='ocrx_word' id='word_1_809' title='bbox 2122 5375 2314 5450; x_wconf 77' lang='lat' dir='ltr'><strong>Noster</strong></span> <span class='ocrx_word' id='word_1_810' title='bbox 2338 5373 2507 5450; x_wconf 79' lang='lat' dir='ltr'><strong>codex</strong></span> <span class='ocrx_word' id='word_1_811' title='bbox 2537 5373 2791 5450; x_wconf 80' lang='lat' dir='ltr'><strong>mendose</strong></span> <span class='ocrx_word' id='word_1_812' title='bbox 2821 5373 3140 5450; x_wconf 85' lang='lat' dir='ltr'><strong>babet_reste</strong></span> <span class='ocrx_word' id='word_1_813' title='bbox 3168 5388 3266 5450; x_wconf 77' lang='lat' dir='ltr'><strong>pro</strong></span> <span class='ocrx_word' id='word_1_814' title='bbox 3295 5380 3448 5425; x_wconf 81' lang='lat' dir='ltr'><strong>veste.</strong></span> 
     </span>
    </p>
   </div>
   <div class='ocr_carea' id='block_1_127' title="bbox 2018 5438 3519 5513">
    <p class='ocr_par' dir='ltr' id='par_1_127' title="bbox 2018 5438 3519 5513">
     <span class='ocr_line' id='line_1_129' title="bbox 2018 5438 3519 5513; baseline -0.004 -16"><span class='ocrx_word' id='word_1_815' title='bbox 2018 5438 2089 5513; x_wconf 60' lang='grc' dir='ltr'><strong>(ξι)</strong></span> <span class='ocrx_word' id='word_1_816' title='bbox 2122 5444 2253 5497; x_wconf 86' lang='lat' dir='ltr'><strong>Mur.</strong></span> <span class='ocrx_word' id='word_1_817' title='bbox 2291 5443 2415 5510; x_wconf 86' lang='lat' dir='ltr'><strong>legit</strong></span> <span class='ocrx_word' id='word_1_818' title='bbox 2444 5460 2599 5512; x_wconf 83' lang='lat' dir='ltr'><strong>quare</strong></span> <span class='ocrx_word' id='word_1_819' title='bbox 2626 5445 2859 5496; x_wconf 85' lang='lat' dir='ltr'><strong>strictum</strong></span> <span class='ocrx_word' id='word_1_820' title='bbox 2898 5444 3119 5495; x_wconf 85' lang='lat' dir='ltr'><strong>nudarat</strong></span> <span class='ocrx_word' id='word_1_821' title='bbox 3150 5438 3410 5495; x_wconf 77' lang='lat' dir='ltr'><strong>amictum.</strong></span> <span class='ocrx_word' id='word_1_822' title='bbox 3452 5438 3519 5513; x_wconf 70' lang='grc' dir='ltr'><strong>ᾼι</strong></span> 
     </span>
    </p>
   </div>
   <div class='ocr_carea' id='block_1_128' title="bbox 1943 5508 3520 5584">
    <p class='ocr_par' dir='ltr' id='par_1_128' title="bbox 1943 5508 3520 5584">
     <span class='ocr_line' id='line_1_130' title="bbox 1943 5508 3520 5584; baseline -0.002 -18"><span class='ocrx_word' id='word_1_823' title='bbox 1943 5508 2221 5582; x_wconf 74' lang='lat' dir='ltr'><strong>legendum</strong></span> <span class='ocrx_word' id='word_1_824' title='bbox 2241 5508 2361 5584; x_wconf 17' lang='lat' dir='ltr'><strong>Aqua</strong></span> <span class='ocrx_word' id='word_1_825' title='bbox 2389 5508 2681 5566; x_wconf 78' lang='lat' dir='ltr'><strong>restrictum</strong></span> <span class='ocrx_word' id='word_1_826' title='bbox 2727 5514 2949 5565; x_wconf 83' lang='lat' dir='ltr'><strong>nodarat</strong></span> <span class='ocrx_word' id='word_1_827' title='bbox 2992 5514 3252 5574; x_wconf 86' lang='lat' dir='ltr'><strong>amictum,</strong></span> <span class='ocrx_word' id='word_1_828' title='bbox 3284 5518 3342 5563; x_wconf 88' lang='lat' dir='ltr'><strong>ut</strong></span> <span class='ocrx_word' id='word_1_829' title='bbox 3362 5518 3446 5562; x_wconf 87' lang='lat' dir='ltr'><strong>est</strong></span> <span class='ocrx_word' id='word_1_830' title='bbox 3468 5508 3520 5564; x_wconf 83' lang='lat' dir='ltr'><strong>in</strong></span> 
     </span>
    </p>
   </div>
   <div class='ocr_carea' id='block_1_129' title="bbox 1943 5582 2358 5637">
    <p class='ocr_par' dir='ltr' id='par_1_129' title="bbox 1943 5582 2358 5637">
     <span class='ocr_line' id='line_1_131' title="bbox 1943 5582 2358 5637; baseline -0.007 0"><span class='ocrx_word' id='word_1_831' title='bbox 1943 5592 2126 5637; x_wconf 87' lang='lat' dir='ltr'><strong>nostro</strong></span> <span class='ocrx_word' id='word_1_832' title='bbox 2155 5582 2358 5636; x_wconf 81' lang='lat' dir='ltr'><strong>codice.</strong></span> 
     </span>
    </p>
   </div>
   <div class='ocr_carea' id='block_1_130' title="bbox 2014 5649 3517 5719">
    <p class='ocr_par' dir='ltr' id='par_1_130' title="bbox 2014 5649 3517 5719">
     <span class='ocr_line' id='line_1_132' title="bbox 2014 5649 3517 5719; baseline -0.003 -15"><span class='ocrx_word' id='word_1_833' title='bbox 2014 5654 2082 5719; x_wconf 86' lang='lat' dir='ltr'><strong>(r)</strong></span> <span class='ocrx_word' id='word_1_834' title='bbox 2116 5652 2389 5705; x_wconf 82' lang='lat' dir='ltr'><strong>Mnratorii</strong></span> <span class='ocrx_word' id='word_1_835' title='bbox 2421 5653 2587 5705; x_wconf 82' lang='lat' dir='ltr'><strong>codex</strong></span> <span class='ocrx_word' id='word_1_836' title='bbox 2618 5653 2852 5705; x_wconf 78' lang='lat' dir='ltr'><strong>habebat</strong></span> <span class='ocrx_word' id='word_1_837' title='bbox 2903 5651 3053 5702; x_wconf 82' lang='lat' dir='ltr'><strong>Hauc</strong></span> <span class='ocrx_word' id='word_1_838' title='bbox 3088 5650 3189 5719; x_wconf 75' lang='lat' dir='ltr'><strong>sibi</strong></span> <span class='ocrx_word' id='word_1_839' title='bbox 3211 5649 3386 5716; x_wconf 75' lang='lat' dir='ltr'><strong>pra&#39;do</strong></span> <span class='ocrx_word' id='word_1_840' title='bbox 3411 5664 3517 5717; x_wconf 72' lang='lat' dir='ltr'><strong>p0?-</strong></span> 
     </span>
    </p>
   </div>
   <div class='ocr_carea' id='block_1_131' title="bbox 1940 5718 3521 5786">
    <p class='ocr_par' dir='ltr' id='par_1_131' title="bbox 1940 5718 3521 5786">
     <span class='ocr_line' id='line_1_133' title="bbox 1940 5718 3521 5786; baseline -0.001 -12"><span class='ocrx_word' id='word_1_841' title='bbox 1940 5718 2088 5785; x_wconf 84' lang='lat' dir='ltr'><strong>nant,</strong></span> <span class='ocrx_word' id='word_1_842' title='bbox 2121 5734 2222 5775; x_wconf 88' lang='lat' dir='ltr'><strong>etc.</strong></span> <span class='ocrx_word' id='word_1_843' title='bbox 2276 5722 2598 5774; x_wconf 85' lang='lat' dir='ltr'><strong>Muratorius</strong></span> <span class='ocrx_word' id='word_1_844' title='bbox 2645 5723 2721 5775; x_wconf 74' lang='lat' dir='ltr'><strong>sic</strong></span> <span class='ocrx_word' id='word_1_845' title='bbox 2761 5721 3064 5774; x_wconf 88' lang='lat' dir='ltr'><strong>emendavit</strong></span> <span class='ocrx_word' id='word_1_846' title='bbox 3100 5738 3110 5770; x_wconf 89' lang='lat'>:</span> <span class='ocrx_word' id='word_1_847' title='bbox 3148 5718 3297 5771; x_wconf 82' lang='lat' dir='ltr'><strong>Hanc</strong></span> <span class='ocrx_word' id='word_1_848' title='bbox 3344 5719 3521 5786; x_wconf 78' lang='lat' dir='ltr'><strong>pra&#39;do</strong></span> 
     </span>
    </p>
   </div>
   <div class='ocr_carea' id='block_1_132' title="bbox 1944 5789 3342 5861">
    <p class='ocr_par' dir='ltr' id='par_1_132' title="bbox 1944 5789 3342 5861">
     <span class='ocr_line' id='line_1_134' title="bbox 1944 5789 3342 5861; baseline -0.001 -14"><span class='ocrx_word' id='word_1_849' title='bbox 1944 5809 2160 5861; x_wconf 78' lang='lat' dir='ltr'><strong>pirnam.</strong></span> <span class='ocrx_word' id='word_1_850' title='bbox 2193 5792 2259 5845; x_wconf 81' lang='lat' dir='ltr'><strong>At</strong></span> <span class='ocrx_word' id='word_1_851' title='bbox 2290 5792 2448 5847; x_wconf 75' lang='lat' dir='ltr'><strong>lectio</strong></span> <span class='ocrx_word' id='word_1_852' title='bbox 2478 5792 2646 5848; x_wconf 76' lang='lat' dir='ltr'><strong>nostri</strong></span> <span class='ocrx_word' id='word_1_853' title='bbox 2678 5792 2872 5846; x_wconf 75' lang='lat' dir='ltr'><strong>codicis</strong></span> <span class='ocrx_word' id='word_1_854' title='bbox 2909 5789 3109 5844; x_wconf 78' lang='lat' dir='ltr'><strong>videtur</strong></span> <span class='ocrx_word' id='word_1_855' title='bbox 3144 5790 3342 5846; x_wconf 83' lang='lat' dir='ltr'><strong>verior.</strong></span> 
     </span>
    </p>
   </div>
  </div>
