3994 6180
401 292 506 347 543

540 409 607 463 Et
634 409 778 465 sinus
799 406 938 462 illius
964 404 1042 474 (a)
1073 400 1225 458 ﬁeret
1245 399 1491 457 custodia
1514 397 1661 461 furti,

1338 281 1395 337 S.
1438 276 1711 333 PAULINI
1750 271 2001 330 NOLANI
2038 271 2342 328 EPlSCOI’l
2380 269 2724 325 POEMATA.
3566 266 3661 321 5M

2012 391 2065 452 A

2231 410 2382 466 Nunc
2410 410 2553 465 aliud
2580 410 2775 466 Felicis
2795 424 2948 480 opus,
2981 408 3125 479 quod
3144 408 3366 464 dextera
3395 408 3590 464 Christi

542 500 895 574 481-482
923 496 1091 567 Cujus
1113 494 1426 564 sacrilegam
1450 491 1624 546 fuerat
1649 503 1838 543 manus
1857 500 1983 540 ausa

2123 501 2196 556 05
2230 502 2426 566 Edidit,
2457 509 2519 556 ut
2552 501 2801 556 meritum
2831 501 2943 557 cari
2965 508 3295 555 monstraret
3320 500 3546 566 alumni,

1629 578 1913 654 [rapinam

540 678 659 749 Ipse
678 694 831 733 suum
856 678 957 733 sibi
988 676 1150 731 ferret
1177 690 1330 738 onus,
1359 673 1640 741 solumque
1665 675 1934 737 gravaret,

554 768 931 838 Pollueretque
958 781 1068 821 sum
1098 765 1272 820 letalis
1300 752 1505 818 sarcina
1530 760 1742 831 prazdm,

407 858 510 914 585
552 859 619 913 Ut
642 860 773 914 nihil
803 874 868 913 ex
899 858 991 913 illo
1022 872 1246 911 vacuum
1271 855 1545 923 impietate
1574 857 1837 913 maneret,

545 951 645 1018 Qui
676 952 905 1021 spolium
934 950 1155 1005 sceleris
1176 948 1343 1003 sacris
1371 962 1438 1000 ex
1463 944 1666 999 sedibus
1695 951 1873 998 actum

547 1044 827 1099 lucludens
856 1043 1040 1097 habitu
1067 1042 1246 1096 cincto
1276 1039 1663 1105 substringeret
1688 1036 1765 1107 (b)
1797 1036 1990 1106 ipsum,

544 1139 720 1209 Atque
745 1140 855 1194 suis
883 1140 1090 1203 signum
1119 1134 1479 1205 praetenderet
1508 1134 1619 1202 ipse
1644 1130 1869 1185 catenis.

544 1230 785 1298 Namque
812 1230 957 1283 brevi
987 1235 1175 1296 captus
1205 1224 1429 1278 mutavit
1458 1222 1668 1291 cingula
1694 1221 1902 1285 vinclis,

408 1321 508 1375 590
550 1320 722 1389 thue
753 1336 937 1375 aurum
964 1320 1168 1373 sinibus
1197 1317 1455 1372 discincta
1484 1324 1634 1369 veste
1664 1314 1852 1369 solutis
1996 1302 2001 1306 ’

547 1411 772 1474 Decidit,
795 1426 862 1465 ex
891 1411 1002 1479 ipsa
1034 1408 1207 1463 fuerat
1232 1422 1335 1476 qua
1365 1407 1572 1462 cinctus
1598 1406 1807 1459 habena

549 1502 769 1555 Vinctus
798 1516 911 1568 eas,
927 1516 1063 1569 quas
1093 1500 1144 1553 in
1161 1514 1313 1553 sacra
1333 1498 1473 1552 dona
1495 1496 1799 1551 tetenderat
1820 1494 1993 1548 audax

550 1591 741 1647 Praedo
763 1608 972 1659 manus,
1004 1591 1206 1660 proprii
1236 1598 1425 1659 captus
1456 1587 1741 1641 nodamine
1764 1586 1865 1641 lori

552 1682 779 1737 Rettulit
806 1690 861 1737 et
891 1682 1081 1751 praeda:
1111 1696 1325 1743 vacuas,
1376 1688 1432 1734 et
1459 1686 1603 1733 reste
1635 1675 1708 1747 (ε)
1738 1675 1993 1745 repletas.

409 1772 513 1828 595
550 1773 746 1828 Verum
769 1774 815 1829 si
843 1773 1057 1842 penitus
1086 1778 1253 1825 totam
1284 1778 1533 1840 spectare
1557 1768 1781 1822 velimus

554 1863 768 1919 Ordinis
797 1864 975 1919 exacti
998 1863 1192 1918 seriem
1216 1861 1383 1929 magis
1412 1876 1477 1915 ac
1497 1859 1667 1928 magis
1690 1856 1838 1913 omni

551 1955 609 2011 In
650 1955 847 2027 specie,
879 1954 963 2011 vel
1010 1968 1116 2024 qua
1167 1952 1321 2007 latuit
1365 1952 1579 2015 scelus,
1629 1958 1789 2019 atque
1827 1947 2002 2003 reclu-

1678 2041 1818 2113 [sum
1848 2038 1929 2110 (ιι)

553 2139 778 2204 Claruit,
812 2136 1127 2193 admiranda
1156 2135 1251 2189 Dei
1280 2147 1565 2189 cernemus
1591 2139 1782 2201 eperta

553 2229 786 2284 Felicem
816 2228 1047 2295 gessisse
1074 2241 1255 2279 manu.
1288 2224 1403 2278 Jam
1432 2224 1661 2294 plurima
1692 2230 1840 2276 retro

416 2320 518 2374 600
555 2319 817 2385 Diximus,
847 2326 906 2371 ut
933 2314 1142 2382 fugiens
1169 2330 1277 2369 non
1303 2312 1516 2383 fugerit,
1543 2321 1708 2381 utque
1738 2310 1967 2366 redactis

556 2408 807 2464 Passibus
834 2421 1085 2462 emensos
1113 2422 1207 2461 sua
1238 2420 1335 2474 per
1355 2404 1578 2472 vestigia
1601 2418 1793 2458 cursus

558 2500 615 2555 In
645 2515 857 2556 cassum
883 2499 1085 2552 totiens
1112 2498 1363 2551 volvente
1392 2497 1645 2565 relegerit
1664 2512 1793 2552 orso

558 2591 889 2662 Longinquis
916 2589 1186 2656 exclusus,
1209 2597 1264 2643 et
1288 2588 1356 2643 ad
1376 2587 1551 2644 vicina
1574 2603 1820 2645 recussus
1845 2589 1938 2661 (e).

494 2766 569 2838 (a)
602 2764 967 2838 Descripserat
993 2760 1154 2838 modo
1184 2761 1437 2838 Paulinus
1452 2761 1721 2838 tunicam,
1755 2776 1873 2838 qua:
1891 2762 2009 2838 vul-

420 2831 638 2906 garibus
684 2831 989 2906 hominibus
1040 2833 1093 2906 in
1124 2831 1398 2906 Διιευῌίξιιὶῑᾼ.
1427 2831 1526 2906 Δ08
1574 2832 1663 2886 illa
1712 2833 2008 2906 audiendus

420 2901 776 2975 Quintilianus
798 2904 889 2957 lib.
915 2919 967 2957 χι
993 2920 1005 2955 :
1040 2901 1135 2975 Cui
1162 2902 1397 2975 laticlavi
1411 2902 1501 2975 jus
1521 2918 1625 2957 non
1653 2903 1769 2966 erit,
1799 2902 1880 2975 ita
1896 2904 2008 2957 cin-

420 2972 573 3049 g'atur
593 3018 607 3041 ,
650 2986 713 3049 ut
736 2976 923 3049 tunica:
952 2972 1209 3049 prioribus
1231 2974 1357 3049 __oris
1383 2973 1525 3042 infra
1565 2973 1969 3049 genuapaulttm
1988 3014 2005 3039 ,

421 3043 787 3116 posterioribus
812 3044 882 3116 ad
907 3044 1100 3116 medios
1120 3043 1337 3116 poplites
1361 3058 1519 3112 usque
1541 3044 1858 3116 perveniant.
1884 3043 2011 3116 Cin-

2232 592 2680 648 Commemorabo
2704 593 2818 663 pari
2841 592 3112 661 specimen
3136 590 3378 645 mirabile
3401 590 3574 657 signo,

2232 684 2386 751 Quod
2429 699 2554 739 reus
2601 685 2716 753 ipse
2755 692 2990 739 tremens
3030 681 3275 738 confesso
3303 680 3537 751 prodidit
3578 695 3668 732 au-

3402 771 3485 843 [ὃιι
3512 771 3599 840 (Ι)-

2236 864 2375 919 Ante
2405 871 2607 929 tamen,
2632 864 2757 933 quia
2784 878 2873 919 res
2900 863 2974 917 ita
3003 862 3093 935 (g)
3114 861 3372 933 postulat,
3406 861 3569 931 ipsius
3598 861 3674 913 in-

3472 952 3607 1022 [star

2239 1046 2515 1101 Enarrabo
2545 1046 2737 1109 crucis,
2767 1045 2980 1114 qualem
3011 1051 3066 1099 et
3092 1043 3300 1113 pictura
3327 1042 3606 1097 biformem

2095 1140 2198 1194 610
2238 1139 2463 1208 Fingere
2494 1138 2571 1208 (Ιι)
2602 1138 2903 1203 consuevit,
2945 1136 3138 1193 baculo
3166 1136 3252 1191 vel
3279 1144 3457 1191 stante
3500 1134 3680 1189 bicor-

3442 1227 3609 1299 frtem,

2241 1320 2339 1376 Vel
2366 1336 2465 1392 per
2492 1320 2730 1390 quinque
2750 1319 2921 1374 tribus
2948 1318 3254 1388 dispansam
3275 1332 3478 1373 cornua
3498 1316 3681 1384 virgis.

2244 1414 2436 1469 Forma
2466 1412 2642 1469 crucis
2684 1413 2745 1483 (i)
2788 1410 3000 1482 gemina
3028 1410 3211 1481 specie
3239 1408 3601 1479 componitur,
3632 1414 3686 1458 et

3448 1499 3617 1570 [nunc

2242 1596 2505 1649 Antenna:
2525 1594 2595 1664 (j)
2640 1592 2874 1663 speciem
2905 1591 3112 1647 navalis
3137 1589 3369 1659 imagine
3396 1589 3545 1655 mali,

2239 1684 2364 1741 Sive
2387 1694 2568 1739 notam
2591 1684 2790 1740 Grzecis
2812 1683 3025 1737 solitam
3053 1682 3265 1750 signare
3286 1688 3558 1735 trecentos

2024 1758 2074 1819 Β
2100 1774 2206 1830 615
2242 1773 2488 1844 Explicat
2515 1775 2772 1839 existens,
2801 1788 2923 1828 cum
2944 1772 3127 1841 stipite
3158 1770 3337 1840 ﬁgitur
3354 1786 3483 1836 uno,

2244 1865 2467 1935 Quaque
2507 1879 2766 1921 cacumen
2793 1863 2977 1929 habet,
3011 1872 3319 1918 transverso
3350 1869 3501 1917 vecte
3531 1861 3694 1932 juga-

3514 1960 3620 2006 tur.

3514 1960 3534 2005 l
3574 1968 3620 2005 ι’.

2243 2044 2398 2101 Nunc
2425 2046 2613 2099 eadem
2644 2060 2775 2099 crux
2802 2042 2877 2115 (k)
2899 2042 3143 2098 dissimili
3172 2050 3451 2112 compacta
3477 1953 3671 2112 ridi-am

2247 2135 2528 2205 Eloquitur
2574 2134 2861 2189 Dominum
2908 2141 3179 2201 tamquam
3234 2140 3697 2199 monogrammatc

3303 2219 3622 2293 [Christum

2250 2315 2384 2371 Nam
2405 2324 2553 2383 nota,
2578 2331 2682 2386 qua
2704 2316 2786 2370 bis
2807 2316 3047 2385 quinque
3074 2320 3230 2369 notat
3253 2320 3573 2369 numerante
3596 2311 3701 2366 La-

3513 2403 3626 2457 tino

2106 2496 2211 2553 620
2246 2494 2515 2562 Calculus,
2547 2495 2665 2553 hate
2705 2492 2906 2552 Graecis
2932 2495 3019 2551 chi
3059 2494 3332 2561 scribitur,
3362 2502 3419 2549 et
3464 2405 3704 2549 ringi)”-

2326 2602 2327 2609 ‘
3378 2584 3502 2658 [τιλο
3529 2584 3615 2656 (ι),

2181 2777 2602 2861 (leuratorius
2629 2776 2759 2861 legit
2787 2777 3074 2861 Antemnae.
3109 2773 3168 2861 In
3206 2782 3392 2861 nostro
3420 2772 3606 2861 codice
3627 2771 3707 2829 ita

2109 2848 2364 2920 scriptum
2407 2857 2509 2920 est,
2542 2858 2602 2903 ut
2628 2858 2794 2920 queas
2836 2848 3015 2914 legere
3043 2854 3284 2899 antennae
3326 2853 3705 2920 et_aittemnc_e.

2112 2920 2182 2974 At
2208 2912 2455 2989 equidem
2497 2912 2780 2988 legendum
2809 2912 2957 2989 Apulo
2988 2925 3249 2989 anteante.
3271 2942 3342 2989 -τ-
3365 2912 3618 2989 Minutius
3646 2914 3707 2989 in

2110 2984 2297 3045 Octav.
2324 3007 2337 3042 :
2364 2984 2585 3060 Signum
2604 3004 2750 3054 sane,
2774 2984 2865 3060 aii,
2890 2987 3060 3060 crucis
3082 2985 3393 3060 naturaliter
3410 2985 3621 3037 visimus
3643 2984 3706 3060 in

2110 3061 2249 3124 navi,
2281 3076 2394 3112 cum
2428 3053 2553 3113 belis
2597 3056 2903 3111 tumentibus
2947 3056 3165 3109 rebitur.
3201 3054 3404 3108 Auctor
3438 3053 3706 3124 poematis

422 3111 617 3198 gebant
646 3125 832 3198 autem.
857 3114 1084 3198 Romani
1112 3111 1380 3198 ιμηὶςξιξῐρτ
1408 3111 1464 3198 9}
1493 3111 1909 3198 terqutllfibiebgl.
1930 3114 2008 3198 ,η’
2033 3126 2077 3187 C
2110 3111 2475 3184 de’l‘asChate
2489 3111 2633 3198 quod
2662 3126 2717 3181 S.
2747 3126 3017 3198 Cypriano
3044 3124 3383 3189 adscribitur,
3413 3111 3510 3179 sed
3534 3137 3568 3177 a
3597 3121 3707 3178 Be-

425 3181 528 3239 lam
557 3185 969 3246 contrahebant,
1000 3191 1091 3234 aut
1114 3182 1475 3243 dimittebant,
1508 3181 1778 3236 interdum
1827 3182 1900 3235 ita
1930 3183 2006 3236 la-

424 3257 650 3317 xabant,
685 3262 743 3307 ut
771 3254 889 3305 sinu
933 3252 1072 3305 facto
1102 3251 1175 3304 ibi
1216 3251 1393 3306 celare
1423 3251 1623 3319 aliquid
1649 3260 1890 3320 possent.
1918 3251 2007 3306 ln-

425 3327 540 3391 quit
563 3338 722 3393 supra
758 3321 967 3374 Paulin.
998 3337 1011 3372 :
1057 3335 1064 3342 ’

1351 3410 1517 3461 Vestis
1541 3413 1588 3460 in
1611 3411 1761 3461 altum

551 3476 819 3525 Succinctaa
841 3474 1029 3521 sinibus
1050 3471 1265 3536 clausum
1294 3473 1605 3536 mandaverat
1631 3488 1820 3536 aurum,

550 3537 865 3599 SuSpeudens
890 3536 1079 3582 lluidam
1106 3534 1284 3583 nudato
1311 3534 1491 3594 polilite
1518 3543 1730 3585 vestem.

428 3619 542 3674 lloc
570 3618 708 3673 idem
738 3615 854 3672 ﬁeri
895 3616 1111 3671 solitum
1138 3615 1296 3670 docet
1332 3614 1648 3672 Plutarchus
1688 3619 1741 3672 in
1770 3617 2013 3676 Coriola-

428 3707 520 3756 tm,
553 3689 642 3743 ubi
672 3687 986 3743 candidatos
1015 3688 1141 3741 olim
1190 3687 1305 3740 sine
1336 3688 1528 3742 tunicis
1568 3688 1634 3743 ad
1663 3690 1880 3744 comitia
1919 3706 2011 3745 ac-

428 3762 653 3815 cessisse
681 3759 772 3822 ait,
808 3773 874 3812 ne
894 3757 1103 3811 incluso
1126 3756 1178 3809 in
1201 3757 1403 3811 eisdem
1435 3774 1567 3812 auro
1591 3758 1837 3826 suifragia
1868 3775 2014 3815 mer-

429 3838 679 3903 carentur
713 3848 724 3882 :
755 3828 1010 3903 ’Ἃζῳστογ
1047 3828 1310 3903 ἐϐούλοντο
1352 3834 1603 3903 πρὶζενοςι,
1651 3834 1735 3884 καὶ
1778 3833 2014 3903 ἀχίτωνα

430 3911 534 3960 τοῖς
556 3899 783 3960 πολίταις
809 3902 893 3954 τὸν
923 3897 1155 3969 debuero»
1184 3901 1366 3969 αὐτῶν.
1393 3896 1727 3952 ’Πὶδσὶηειιυη
1756 3896 2011 3966 volebant,

430 3987 491 4093 (Ac
535 3969 856 4092 sinel'témica
903 3967 970 4021 ad
1009 3967 1142 4022 cives
1183 3968 1423 4021 accedere
1466 3969 1820 4023 candidatum.
1859 3970 2011 4025 Ovid.

482 4055 616 4093 mor.
673 4056 686 4091 ι
730 4080 744 4089 .
778 4055 836 4093 1:

482 4055 795 4097 unor.|in.1
824 4056 836 4089 ζ

552 4128 679 4188 Quid
704 4139 907 4188 puerum
930 4125 1142 4188 Veneris
1166 4127 1330 4188 pretio
1351 4133 1571 4188 prostare
1590 4127 1814 4187 jubetis?

618 4186 724 4247 Quo
748 4194 960 4249 pretium
983 4186 1174 4242 condat,
1205 4199 1297 4234 non
1322 4186 1468 4236 habet
1496 4187 1579 4237 ille
1593 4186 1780 4238 sinum.

434 4268 619 4324 llorat.
650 4269 742 4323 lib.
767 4284 824 4333 ιι,
847 4278 946 4322 sat.
980 4267 1014 4321 5
1039 4286 1052 4321 :

557 4380 716 4430 Ferre
739 4382 842 4428 sinu
868 4379 1000 4438 laxo,
1025 4380 1229 4441 donare,
1255 4385 1307 4429 et
1330 4378 1503 4430 ludere
1529 4382 1641 4430 vidi.

2110 3198 2179 3253 da
2207 3198 2484 3254 Victorino
2516 3196 2721 3253 Pictav.
2753 3196 3054 3251 vindicatur
3085 3212 3098 3248 :

2234 3298 2437 3346 Arboris
2461 3297 2565 3345 hzrc
2587 3298 2780 3358 species
2800 3309 2901 3345 uno
2924 3296 2989 3343 de
3011 3295 3181 3354 stipite
3204 3295 3385 3356 surgit,

2234 3359 2295 3409 Et
2319 3372 2429 3408 mox
2456 3361 2504 3406 in
2529 3361 2751 3419 geminos
2772 3358 3000 3407 extendit
3024 3358 3224 3405 brachia
3249 3368 3431 3419 ramos,

2235 3421 2371 3470 Sicut
2395 3417 2736 3481 plena’graves
2760 3430 2988 3468 antennae
3012 3420 3213 3467 carbasa
3240 3417 3469 3468 tendunt.

2109 3510 2169 3567 S.
2215 3510 2453 3567 Justinus
2494 3508 2649 3580 Apol.
2674 3508 2709 3562 2
2755 3527 2768 3563 :
2816 3514 3186 3580 Karmonaarr
3220 3510 3388 3563 πάντα
3430 3509 3496 3580 ra‘;
3538 3508 3590 3561 iv
3631 3514 3709 3579 τῷ

2113 3584 2307 3653 κόσμῳ.
2333 3586 2375 3637 εἰ
2400 3580 2517 3653 ausu
2538 3576 2628 3637 τοῦ
2649 3586 2927 3653 σχήματοςι
2951 3582 3137 3635 τούτου
3167 3578 3447 3639 διοικεῖται,
3469 3576 3499 3636 ἦ
3529 3576 3708 3653 κρυερωέ

2111 3640 2219 3707 rimi
2246 3640 2389 3726 ἔχειν
2412 3651 2645 3726 δρναται.
2674 3640 2921 3726 Caieta-aa
2959 3654 3048 3726 μέν
3066 3651 3264 3726 γὰρ-οὖ
3287 3652 3519 3719 τέμνεται
3548 3647 3578 3706 ἦ
3631 3653 3709 3726 uti

2112 3719 2346 3795 τοῦτιίτὸ
2372 3722 2632 3795 τρόπαιον,
2667 3719 2693 3774 ὃ
2719 3722 2943 3795 καλεῖται
2970 3719 3160 3795 ἰᾳτὶὸνξ
3180 3721 3317 3795 ἐνιτῇ
3342 3723 3419 3776 νηὶ
3448 3725 3582 3771 σῶον
3611 3719 3710 3795 ρέ-

2112 3815 2201 3847 νει.
2234 3787 2565 3846 Considerate
2592 3792 2766 3861 omnia
2786 3827 2801 3853 ,
2839 3805 2952 3861 qua:
2990 3791 3046 3843 in
3090 3787 3428 3861 mundogsunt
3452 3828 3467 3853 ,
3492 3803 3566 3861 an
3595 3788 3711 3861 sine

2113 3864 2260 3933 signa
2290 3861 2384 3933 hac
2416 3855 3009 3933 (crucelguberuentur,
3038 3867 3127 3911 aut
3153 3857 3353 3933 possint
3372 3855 3711 3933 praebere-sui

2113 3926 2295 3985 iu’ium.
2322 3926 2469 3984 Mare
2501 3926 2689 3984 etenim
2723 3946 2827 3983 non
2856 3938 3090 3992 secatur,
3122 3929 3223 3980 nisi
3263 3927 3549 3996 tropbteum
3587 3926 3709 3989 hoc,

2115 4002 2251 4074 quod
2271 4000 2562 4074 appellatur
2584 4000 2771 4074 malus,
2795 4002 2993 4074 salvum
3015 3999 3070 4074 in
3092 3998 3209 4051 navi
3226 3995 3469 4074 maneat;
3479 3995 3709 4074 Auctor.

2114 4063 2276 4126 scrin.
2306 4063 2414 4137 '56,
2444 4078 2577 4124 tom.
2627 4067 2691 4123 lll
2737 4063 2827 4139 op.
2860 4066 2917 4123 S.
2945 4068 3159 4139 Ambr.,
3186 4080 3278 4120 seu
3308 4065 3399 4120 ille
3437 4064 3503 4139 S._
3529 4063 3711 4139 niaxi-

2116 4157 2265 4202 mus,
2311 4131 2410 4194 seu
2434 4139 2747 4194 Ambrosius
2774 4131 2871 4201 sit,
2904 4138 2955 4192 id
3000 4131 3299 4192 luculenter
3339 4136 3551 4190 asserit.
3584 4131 3709 4189 Ori-

2114 4224 2237 4277 gen.
2270 4208 2428 4264 Hom.
2457 4208 2490 4263 8
2519 4209 2571 4263 in
2598 4210 2796 4264 divers.
2827 4209 2999 4277 inquit
3029 4226 3041 4260 :
3071 4206 3340 4277 Antemntb
3368 4206 3592 4277 navium,
3618 4221 3707 4258 ce-

2115 4274 2283 4334 lorum
2308 4296 2507 4334 cornua
2527 4279 2618 4333 sub
2640 4280 2810 4351 ﬁgura
2842 4274 3032 4333 nostra:
3054 4278 3221 4331 crucis
3249 4275 3485 4329 volitant.
3521 4274 3709 4329 Muru-

2117 4365 2701 4499 Toaiijslllonogramma
2730 4425 2930 4499 Christi
2966 4440 3159 4499 nomen
3198 4423 3297 4477 fuit
3322 4423 3708 4499 compendiose

436 4484 608 4550 Super
636 4482 718 4539 bis
755 4484 973 4541 consule
1007 4481 1122 4538 00L
1156 4483 1367 4539 Ferrar.
1400 4484 1466 4539 de
1484 4484 1562 4541 ΒΟ
1590 4494 1724 4540 vest.
1756 4485 2014 4542 MURATO-
2044 4496 2095 4556 D
2119 4481 2398 4567 ερθὶριωή,
2434 4481 2561 4551 rﬁoc
2589 4481 2641 4550 ἰὴ
2671 4496 2903 4567 antiquis
2929 4495 3156 4567 vexillis,
3184 4508 3304 4562 qua}
3332 4481 3538 4567 Labam
3570 4509 3708 4567 [ψῃ-Ζ

438 4570 570 4609 ιιιυε.

509 4624 581 4766 Eb;
612 4624 771 4690 Mur.,
801 4626 1137 4748 contingeret.
1169 4625 1363 4680 Noster
1389 4625 1589 4689 codex,
1621 4625 2009 4693 substringeret.

530 4712 556 4747 c
608 4695 769 4761 Mur.,
824 4707 949 4750 rete.
1030 4705 1176 4750 ostcr
1214 4695 1407 4763 codex,
1456 4706 1586 4749 reste
1617 4712 1633 4749 :
1664 4696 1807 4764 quod
1850 4697 2009 4765 magis

476 4695 769 4818 Ι(ε)ιΜιιι’.,
824 4707 949 4750 rete.
982 4695 1176 4750 Noster
1214 4695 1407 4763 codex,
1456 4706 1586 4749 reste
1617 4712 1633 4749 :
1664 4696 1807 4764 quod
1850 4697 2015 4765 magis

440 4780 471 4836 p
496 4782 587 4820 ace
616 4806 631 4836 .

511 4837 587 4906 (ά)
612 4835 772 4903 Mur.,
803 4837 879 4890 vel
907 4851 1007 4906 qua
1035 4836 1205 4898 latuit,
1234 4850 1393 4903 quave
1436 4844 1548 4887 arte
1577 4838 1820 4891 reclusus.
1854 4836 2015 4891 Utra-

441 4922 543 4976 que
572 4906 734 4961 lectio
763 4906 1071 4975 probabilis.

515 4976 584 5047 (e)
615 4974 784 5047 Mur.,
832 4992 1087 5030 recursus.
1120 4976 1188 5030 At
1231 4974 1396 5030 nostri
1443 4975 1640 5030 codicis
1686 4976 1846 5033 lectio
1888 4978 2019 5032 mihi

442 5046 609 5116 magis
630 5046 849 5100 arridet.

527 5114 580 5189 ίῙ)
611 5116 771 5189 Mur.,
804 5133 949 5189 auso.
975 5114 1211 5189 Utraque
1238 5117 1397 5189 lectio
1426 5115 1733 5182 probabilis.

538 5126 580 5189 f)
611 5126 771 5179 Mur.,
804 5133 949 5170 auso.
980 5126 1211 5186 Utraque
1240 5126 1397 5172 lectio
1426 5126 1733 5182 probabilis.

512 5126 588 5261 ig)
619 5188 755 5261 Mur.
787 5188 908 5242 cod.
940 5203 1036 5256 pro
1061 5188 1135 5240 ita
1164 5189 1321 5242 habet
1349 5188 1455 5240 liazc
1494 5203 1511 5238 :
1542 5197 1596 5239 at
1624 5186 1789 5241 nostri
1819 5186 2019 5241 codicis

445 5260 603 5317 lectio
624 5260 833 5314 melior.

538 5332 591 5400 h)
621 5329 781 5400 Mur.,
810 5330 1038 5399 pingere.

538 5396 582 5465 il
616 5396 1018 5468 Elegantissima
1060 5406 1142 5452 est
1180 5397 1354 5452 crucis
1384 5396 1483 5452 ista
1529 5396 1836 5467 descriptio.
1869 5397 2019 5468 Hanc

445 5467 645 5543 duplici
669 5467 830 5543 mede
856 5467 1206 5543 eﬂingi_(_lic_it.
1241 5468 1628 5543 Alius_crucem
1658 5468 1877 5523 exhibet
1903 5467 2022 5536 ejus

446 5537 758 5604 ad'iustar,
799 5540 849 5593 in
895 5553 1001 5608 qua
1030 5537 1271 5592 Christus
1314 5538 1735 5606 redemptionem
1781 5546 2020 5608 nostram

446 5611 863 5673 consummavit;
892 5606 1027 5663 alter
1053 5622 1179 5662 vero
1208 5622 1630 5675 monogramma,
1660 5608 1857 5664 Gnecis
1882 5606 2023 5661 Lati-

450 5681 634 5747 nisque
663 5691 843 5737 nolum
879 5679 1097 5749 profert.
1131 5677 1347 5746 Singula
1378 5679 1738 5747 dispiciamus.
1772 5678 2024 5734 Manno-

450 5764 585 5805 κιυδ.

2119 4562 2417 4637 cupantur,
2448 4567 2699 4621 usitatum
2746 4562 2879 4637 fuit,
2922 4566 3016 4619 sed
3059 4579 3167 4634 prae
3212 4564 3410 4637 ceteris
3448 4562 3708 4617 sanctiori

2119 4634 2345 4692 consilio
2392 4636 2775 4691 Constantinus
2835 4635 3059 4703 Magnus
3118 4634 3424 4702 usurparit,
3474 4648 3542 4686 ex
3594 4646 3706 4703 quo

2120 4706 2547 4761 Christianorum
2594 4706 2715 4775 albo
2744 4705 2946 4775 primus
2973 4719 3166 4758 nomen
3211 4717 3366 4775 suum
3394 4703 3560 4757 dedit.
3593 4703 3705 4775 Eu-

2123 4778 2237 4832 seb.
2270 4777 2362 4831 lib.
2395 4790 2450 4840 u,
2482 4792 2600 4845 cap.
2624 4774 2657 4828 8
2678 4769 2761 4829 de'
2779 4773 2880 4827 Vit.
2910 4773 3120 4834 Const.,
3144 4774 3247 4827 hoc
3267 4773 3477 4845 signum
3498 4781 3598 4845 τῷν
3624 4769 3709 4826 ἄλ·

2122 4848 2220 4901 λων
2258 4842 2577 4919 τιμιρτςρον-³
2604 4846 2721 4919 aliis
2760 4845 3032 4919 pretiosius
3084 4858 3143 4895 ac
3169 4845 3431 4919 sanctius,
3463 4842 3706 4919 habitum

2127 4910 2336 4969 asserit.
2370 4910 2639 4969 Videndus
2682 4910 2920 4967 Grctscr.
2972 4915 3024 4966 in
3072 4913 3288 4979 egregio
3332 4927 3497 4980 opere
3539 4911 3607 4965 de
3646 4910 3703 4964 S.

2127 4986 2299 5040 Cruce
2327 4986 2418 5040 lib.
2446 5002 2501 5053 ιι,
2529 5000 2645 5053 cap.
2678 4982 2745 5037 58
2774 4992 2829 5037 et
2856 4998 2969 5051 seq.
3001 4983 3247 5053 Brentius
3276 4981 3557 5053 haereticus
3580 4995 3710 5053 per-

2125 5071 2283 5122 quam
2336 5050 3013 5120 famo'sus'monogramma
3053 5051 3230 5105 aiebat
3276 5050 3478 5122 nullam
3506 5052 3712 5105 habere

2124 5121 2351 5177 liirmam
2380 5126 2571 5187 crucis,
2603 5122 2697 5178 sed
2743 5122 3044 5191 signiﬁcare
3092 5129 3296 5174 tantum
3344 5121 3483 5176 hanc
3516 5135 3715 5191 vocem

2124 5194 2375 5317 [Christum
2406 5193 2484 5247 En
2508 5202 2566 5248 ut
2594 5193 2740 5247 illum
2771 5190 3023 5247 Paulinus
3051 5199 3236 5246 noster
3261 5193 3455 5259 arguit,
3488 5191 3612 5245 dum
3634 5190 3715 5245 ita

2144 5274 2360 5317 oauuur
2389 5281 2401 5315 :

2144 5266 2360 5333 oquitur
2389 5281 2401 5315 :

2216 5374 2354 5424 Nunc
2377 5378 2547 5423 eadem
2569 5386 2689 5423 crux
2710 5373 2931 5424 dissimili
2954 5380 3199 5434 compacta
3226 5380 3396 5434 paratu

2215 5436 2465 5498 Eloquitur
2477 5435 2734 5485 Dominum
2751 5443 2996 5497 tamquam
3011 5431 3427 5497 munogrammate
3442 5431 3715 5483 Christum.

2124 5541 2218 5596 Est
2260 5542 2364 5597 hoc
2386 5541 2543 5611 plane
2570 5541 2744 5596 crucis
2787 5540 3042 5611 exhibere
3071 5539 3312 5608 ﬁguram.
3345 5536 3717 5609 Emngebatur

2127 5621 2303 5666 autem
2336 5609 2409 5665 ita
2436 5625 2840 5678 monogramma
2868 5618 2940 5678 ᾗ.
2975 5609 3345 5665 Munnomus.

2208 5684 2267 5751 (Ι)
2298 5681 2459 5751 Forte
2483 5681 2857 5751 scribendum__:
2892 5679 2959 5732 Et
2982 5680 3200 5731 medium
3231 5689 3307 5733 est
3328 5679 3451 5744 rho;
3481 5694 3576 5735 seu
3605 5693 3709 5750 po-

2128 5749 2255 5817 tius,
2285 5750 2353 5805 Et
2382 5750 2547 5805 media
2570 5759 2645 5805 est
2666 5751 2775 5804 rho.
2810 5749 3178 5806 Muas'romus.
