3988 6176
270 265 373 323 M5

1580 470 1773 540 [ipsam

406 558 764 630 583-534
789 558 1081 613 Curvatum
1126 558 1348 626 virgam,
1380 557 1504 613 facit
1532 580 1557 612 ο
1580 558 1656 629 (b)
1699 560 1846 613 velut

1359 650 1510 721 [orbe
1534 660 1771 720 peracto.

405 741 538 795 Nam
568 743 714 809 rigor
759 742 1001 811 obstipus
1056 741 1129 812 (ε)
1161 740 1288 796 facit
1329 765 1344 795 t
1382 741 1528 809 quod
1570 742 1621 794 in
1666 741 1847 795 Hella-

1322 830 1409 901 [de
1433 830 1513 899 (tt)
1533 830 1643 883 iota
1669 838 1772 884 est.

408 921 519 975 Tau
550 920 622 991 (e)
647 920 787 975 idem
811 920 979 991 stylus
1007 921 1121 989 ipse
1150 920 1298 975 brevi
1328 927 1474 974 retro
1504 920 1751 974 acumine
1777 918 1845 989 (ί)

1564 1012 1781 1084 [ductus

269 1126 371 1182 69.5
410 1123 605 1190 Efﬁcit,
648 1133 809 1195 atque
841 1125 913 1179 ita
942 1140 1055 1189 sex,
1088 1124 1280 1193 quibus
1322 1125 1467 1180 omni
1500 1126 1717 1179 nomine
1750 1142 1849 1180 no—

1633 1220 1777 1290 [men

409 1308 617 1365 Celsius
646 1308 985 1376 exprimitur,
1015 1316 1214 1362 coeunt
1239 1309 1506 1363 elementa
1532 1310 1631 1364 sub
1654 1325 1763 1364 uno

414 1397 611 1459 Indice,
639 1405 696 1451 et
721 1412 826 1450 una
856 1396 1025 1450 tribus
1052 1396 1294 1450 ﬁrmatur
1323 1397 1399 1468 (g)
1427 1397 1601 1452 littera
1632 1398 1813 1466 virgis.

410 1491 519 1546 Sex
548 1490 731 1559 itaque
757 1504 864 1544 una
888 1495 1045 1544 notas
1072 1488 1231 1544 simul
1259 1489 1530 1558 exprimit,
1563 1498 1621 1543 ut
1649 1488 1730 1560 (ἡ)
1761 1490 1855 1544 tri-

1521 1580 1644 1650 [lius
1675 1595 1780 1635 una

410 1670 688 1742 Signiﬁcet
715 1672 878 1739 virgis
906 1672 1190 1727 Dominum
1216 1672 1374 1729 simul
1406 1688 1526 1728 esse
1557 1681 1638 1728 ter
1666 1688 1851 1727 unum.

271 1766 372 1819 630
411 1764 477 1818 Et
505 1765 644 1820 Deus
684 1765 737 1820 in
767 1763 983 1819 Christo
1029 1772 1133 1829 est,
1176 1779 1335 1834 quem
1380 1774 1596 1834 sumpto
1624 1780 1852 1834 corpore
1894 1742 1933 1799 Β

1616 1859 1785 1931 [nasci

415 1947 525 2003 Pro
552 1947 709 2004 nobis
734 1946 902 2003 voluit
923 1946 1077 2004 trinae
1098 1946 1384 2003 concordia
1413 1948 1626 2003 mentis.

343 2084 419 2154 (α)
446 2082 524 2137 Ad
554 2081 938 2137 efformandum
966 2080 1165 2154 Christi
1207 2081 1451 2137 Graecum
1497 2098 1723 2151 nomen,
1754 2086 1858 2141 hoc

272 2153 359 2209 est
379 2156 619 2223 Χριστὸς,
642 2153 824 2221 utique
848 2161 1055 2221 septem
1079 2153 1341 2223 elementa
1369 2162 1713 2223 concurrunt,
1737 2169 1857 2223 qua:

272 2222 452 2278 tamen
484 2238 580 2277 sex
623 2223 815 2292 melius
843 2231 1103 2292 vocantur
1124 2222 1250 2292 quia
1272 2238 1432 2292 unum
1455 2222 1623 2290 sigma
1654 2222 1859 2279 utrubi-

272 2309 373 2361 que
389 2293 633 2347 inservit.
648 2291 827 2361 Quum
842 2307 972 2346 vero
996 2290 1360 2345 adnuinerarit
1376 2290 1630 2347 Paulinus
1652 2305 1853 2355 XPITO.

271 2360 400 2432 nihil
430 2363 498 2417 de
529 2372 557 2413 Σ
582 2361 744 2415 addit.
788 2360 923 2414 Num
949 2376 1046 2432 pro
1088 2363 1238 2432 signa
1266 2361 1605 2432 scribendum
1653 2364 1859 2432 sigma?

271 2430 384 2487 lloc
413 2442 595 2486 autem
622 2432 947 2501 elementum
995 2430 1279 2499 dupliciter
1313 2431 1440 2485 olim
1483 2430 1856 2501 efﬁngebatur,

272 2503 434 2557 modo
477 2502 619 2555 enim
657 2510 686 2553 Σ
722 2508 775 2555 et
804 2499 965 2554 modo
995 2517 1024 2554 c
1068 2508 1343 2555 exaratum
1373 2499 1691 2556 invenimus.
1724 2499 1859 2557 lllud

272 2573 324 2627 in
357 2572 590 2625 nummis
615 2570 1002 2639 antiquioribus
1026 2568 1226 2625 Graacis
1255 2571 1545 2625 observare
1572 2580 1685 2633 est;
1719 2573 1850 2627 alle-

273 2657 412 2706 rum,
446 2648 679 2695 testante
700 2640 1026 2709 Spanbemio
1049 2641 1176 2695 diss.
1201 2640 1237 2692 ἓ
1253 2640 1319 2695 de
1341 2639 1524 2709 Prmst.
1558 2648 1613 2693 et
1635 2639 1728 2696 Us.
1760 2658 1861 2697 nu-

273 2712 483 2791 mism.,_
496 2719 622 2791 post
643 2707 929 2791 Domitiani
950 2717 1192 2791 tempora
1215 2710 1288 2791 ita
1310 2711 1361 2791 i_n
1381 2725 1476 2791 usu
1500 2707 1617 2791 fuit,
1638 2722 1697 2791 ut_
1715 2713 1859 2791 prio-

273 2781 346 2837 ris
372 2778 597 2848 vestigia
628 2780 715 2833 vix
738 2778 1226 2849 deprehendantur.
1259 2778 1466 2833 Adsunt
1492 2779 1655 2833 etiam
1686 2778 1738 2835 in
1779 2782 1861 2836 in-

276 2846 655 2919 scriptionibus
678 2846 991 2919 quibusdam
1017 2846 1441 2919 Christianorum
1466 2857 1609 2903 nota:
1632 2850 1746 2905 istae
1769 2868 1858 2918 xc,

276 2917 485 2977 hoc'est
528 2917 769 2982 xrlcroc,
796 2917 1045 2971 Christus.
1072 2917 1177 2973 Sed
1206 2918 1479 2987 quomodo
1522 2919 1689 2986 sigma
1720 2917 1860 2977 istud

276 2992 326 3046 in
372 2997 835 3061 monogrammate
876 2989 1233 3058 exprimitur?
1263 2997 1321 3042 ut
1349 3003 1535 3043 verum
1566 2989 1685 3055 liat,
1714 2992 1859 3061 quod

277 3061 361 3115 hic
382 3058 643 3114 Paulinus
671 3058 816 3113 cauit
842 3076 854 3111 :

608 3151 769 3212 Atque
793 3152 857 3200 ita
879 3162 990 3211 sex,
1017 3151 1194 3211 quibus
1216 3152 1344 3199 omni
1371 3151 1567 3200 nomine
1590 3164 1769 3203 nomen

396 3212 591 3323 ῗεὲξὶιιε
615 3215 923 3274 exprimitur,
949 3220 1131 3263 coeunt
1155 3214 1400 3262 elementa
1424 3213 1513 3261 sub
1536 3225 1634 3262 uno

429 3290 456 3322 η
496 3287 588 3323 tce.

429 3287 588 3323 unice.

276 3356 339 3411 Et
368 3354 505 3410 infra
537 3373 552 3407 :

398 3447 501 3496 Sex
529 3448 695 3508 itaque
720 3459 812 3494 una
842 3452 978 3495 notas
999 3447 1141 3495 simul
1166 3449 1399 3509 exprimit

278 3533 459 3602 Neque
479 3532 624 3587 enim
650 3544 680 3586 Σ
710 3531 905 3586 ibidem
936 3532 1193 3602 cernitur.
1227 3530 1519 3601 Propterea
1543 3546 1760 3598 censeo,
1791 3532 1869 3585 al-

279 3601 446 3657 teram
495 3602 736 3669 ejusdem
780 3604 946 3672 sigma
988 3601 1208 3672 ﬁguram
1256 3618 1451 3671 nempe
1479 3602 1547 3665 C,
1582 3602 1633 3656 iu
1676 3618 1867 3655 mono-

278 3682 576 3740 grammate
615 3671 961 3726 constitutam
990 3671 1151 3725 fuisse
1180 3672 1224 3726 si
1255 3681 1463 3740 partem
1509 3672 1661 3726 linea:
1683 3680 1867 3736 rectae,

279 3751 598 3813 partemque
624 3756 878 3813 convexa:
905 3740 1155 3813 _litteram
1181 3742 1283 3813 rho
1310 3741 1750 3813 constituentium
1772 3757 1871 3813 su-

280 3809 515 3867 mamus.
540 3810 647 3864 Seu
675 3811 853 3878 potius
894 3809 935 3863 C
966 3810 1017 3863 id
1040 3820 1123 3865 est
1149 3811 1317 3878 sigma
1351 3810 1663 3864 ell'ormatur
1691 3812 1743 3863 in
1772 3811 1869 3864 be-

280 3881 513 3961 micxclo
561 3880 750 3932 litterae
768 3879 1108 3961 nP,‘_nemp_e
1150 3881 1216 3961 in.
1248 3896 1315 3951 ζ),
1360 3880 1535 3961 qui_si
1566 3880 1873 3961 reflectatur

281 3947 505 4006 exhibet
534 3964 719 4003 verum
764 3947 826 4003 C.
860 3947 1322 4006 Aliter'Paulin'us
1359 3947 1616 4020 explicari
1663 3950 1866 4019 nequit.

282 4020 658 4074 ML’RATORIUS.

352 4090 427 4160 (b)
454 4088 530 4160 Et
552 4087 824 4142 Muratorii
852 4087 1042 4160 codex,
1069 4096 1124 4142 et
1152 4096 1334 4143 noster
1353 4089 1515 4143 habet
1535 4089 1667 4160 facit
1715 4113 1773 4141 ω.
1807 4088 1875 4141 At

283 4158 629 4229 scribendum
658 4166 739 4211 est
768 4159 891 4229 facit
934 4180 992 4224 ο,
1038 4166 1096 4211 ιιι
1139 4169 1285 4213 recte
1315 4168 1501 4229 monet
1531 4158 1869 4213 Muratorius.

282 4229 339 4283 In
362 4243 500 4303 voce
524 4228 669 4303 enim
692 4228 931 4303 Χριστὸς,
953 4242 1114 4296 quam
1135 4236 1343 4298 spectat
1364 4228 1634 4294 Paulinus,
1665 4245 1771 4283 non
1794 4237 1876 4282 cst

284 4302 509 4372 ωμέγξιε
540 4297 931 4372 εεάομίυερόνο-
992 4366 1002 4372 .
1167 4297 1189 4372 ⁷.
1255 4369 1266 4372 _
1486 4367 1496 4372 -
1544 4358 1547 4359 ν

355 4365 436 4435 (ε)’
462 4367 672 4438 Νοειθιί
701 4365 873 4438 codex
917 4366 1080 4421 habet
1137 4365 1417 4438 obstipuus.
1472 4367 1538 4421 At
1584 4366 1868 4436 legendum

285 4440 543 4507 obstipus,
577 4444 635 4489 ut
661 4436 790 4507 legit
818 4436 951 4507 Mur.

356 4505 436 4577 (ά)
470 4505 639 4577 Mum,
678 4505 882 4565 Etlade.
913 4506 982 4559 At
1012 4505 1299 4577 legendum
1344 4505 1594 4573 Hellade,
1624 4515 1683 4561 ut
1711 4515 1791 4561 est
1821 4508 1872 4561 in

285 4574 477 4701 1:10am
525 4575 753 4637 codice:
786 4591 909 4629 nam
943 4580 972 4635 ἠ
1009 4574 1181 4637 sua;
1226 4576 1477 4631 scribitur
1519 4592 1640 4632 cum
1686 4577 1877 4647 spiritu

331 4660 491 4701 enso.

331 4660 491 4701 8050.

358 4718 435 4787 (e)
465 4713 663 4787 Noster
684 4714 855 4770 codex
873 4714 1036 4770 habet
1058 4723 1203 4787 taut,
1230 4724 1285 4769 at
1309 4714 1583 4787 mendose.
1605 4747 1676 4758 -—
1697 4717 1880 4773 Posito

287 4784 403 4841 iota
433 4784 481 4857 si
512 4784 709 4857 linealn
750 4792 1111 4857 transversam
1157 4785 1275 4857 ejus
1315 4786 1579 4839 cacumini
1621 4801 1883 4857 superpo-

288 4872 408 4921 nas,
442 4853 611 4925 babes
638 4853 702 4925 Τ,
732 4856 881 4925 eujus
910 4855 1077 4909 altera
1106 4853 1231 4925 pars
1260 4856 1325 4925 in,
1348 4857 1523 4909 sinum
1552 4853 1882 4911 curvata'in-

287 4924 721 4994 tegrumﬁdeinde
746 4922 787 4976 P
807 4925 1081 4994 praebebit.
1108 4922 1470 4979 Animadverti
1492 4934 1668 4979 autem
1694 4926 1747 4979 in
1776 4942 1875 4980 an-

290 4995 460 5064 tiquis
506 4993 700 5064 labaris
721 4993 1105 5063 aliquantulum
1128 4994 1375 5064 protendi
1396 5010 1657 5049 summam
1686 4996 1879 5051 lineam

292 5063 466 5134 ipsius
486 5063 588 5134 rho
609 5063 674 5118 ad
696 5064 985 5134 sinistram,
1014 5063 1142 5133 quze
1159 5064 1434 5134 protensio
1461 5066 1624 5119 etiam
1656 5063 1881 5121 Paulino

332 5135 497 5190 icitur
526 5133 721 5188 brevis.
749 5133 916 5202 Hujus
944 5133 1335 5189 observationis
1357 5134 1599 5203 exempla
1629 5136 1697 5189 ab
1725 5136 1881 5189 Arin-

293 5206 407 5271 gho
437 5211 590 5271 petes
618 5203 670 5257 in
701 5203 859 5258 Rom.
891 5205 1123 5259 subterr.
1152 5205 1188 5257 1.
1223 5220 1292 5269 ιν,
1323 5221 1373 5260 c.
1415 5202 1663 5327 ‘27,pa§.
1696 5205 1800 5258 175
1830 5214 1884 5260 et

298 5272 436 5327 I78:
468 5272 507 5325 1.
530 5288 602 5327 vi.
644 5288 692 5327 c.
725 5271 812 5327 50.
836 5290 891 5327 ιι.
928 5272 1065 5327 685:
1096 5274 1131 5327 1.
1165 5290 1240 5327 ιιι.
1263 5289 1311 5327 c.
1345 5273 1432 5327 2‘2.
1458 5288 1579 5327 naa.
1649 5274 1735 5327 2i.
1771 5277 1881 5327 An-

298 5272 436 5337 l78;
468 5272 507 5325 1.
530 5288 602 5335 vi,
644 5288 692 5328 c.
725 5271 812 5339 50,
836 5290 891 5342 p.
928 5272 1065 5336 685;
1096 5274 1131 5327 1.
1165 5290 1240 5340 ιιι,
1263 5289 1311 5329 c.
1345 5273 1432 5337 2‘2,
1458 5271 1579 5343 pag.
1612 5271 1735 5327 521.
1771 5277 1881 5328 An-

294 5346 488 5397 nulum
513 5343 677 5396 etiam
703 5344 956 5412 praefatus
984 5344 1251 5412 Ariughus
1276 5345 1513 5407 exhibet,
1544 5345 1597 5397 in
1625 5359 1733 5411 quo
1763 5361 1883 5398 mo-

298 5426 643 5484 nogramma
665 5413 736 5467 ita
765 5428 1120 5484 expressum,
1168 5422 1225 5468 ut
1255 5415 1515 5482 integrum
1550 5429 1768 5484 quoqiie
1796 5423 1883 5469 tau

298 5483 377 5536 ibi
407 5482 727 5553 conspicias.
758 5482 865 5537 Sex
893 5483 1075 5553 itaque
1114 5484 1337 5542 litteras.
1370 5484 1513 5551 quod
1542 5482 1886 5538 inl‘ra‘l’auli-

298 5568 405 5605 nus
427 5552 636 5614 asserit,
662 5553 715 5606 in
744 5552 1203 5620 monogrammate
1223 5553 1519 5607 delineatas
1544 5556 1883 5608 nancisceris.

300 5620 490 5688 Neque
518 5636 726 5685 sensus,
757 5636 932 5690 neque
960 5638 1176 5676 carmen
1214 5623 1300 5676 hic
1336 5624 1434 5675 sibi
1466 5631 1732 5677 constant.
1778 5623 1885 5677 Po-

301 5695 415 5746 tius
442 5692 607 5761 igitur
630 5691 911 5763 legendum
940 5691 1049 5746 Tau
1071 5692 1204 5747 idem
1232 5692 1424 5763 stylus,
1454 5693 1561 5761 ipse
1582 5693 1716 5747 brevi
1750 5703 1884 5748 retro

1697 266 1929 324 POEMA
1966 268 2100 325 XIX.

404 378 571 449 Cujus
590 394 729 450 apex
753 388 802 434 et
838 380 989 447 signa
1018 387 1165 434 tenet
1193 379 1272 450 (ιι)
1303 418 1317 443 ,
1360 378 1504 448 quod
1546 393 1729 432 rursus
1768 380 1835 432 ad
1871 384 1914 440 Α

1887 3099 1933 3162 C

3428 271 3533 327 546

2086 380 2247 449 quue
2285 379 2609 436 sacramenti
2656 388 2759 445 est,
2790 380 3017 451 gemina:
3042 384 3188 453 quod
3220 384 3272 439 in
3302 393 3532 455 utraque

2090 560 2158 615 Ut
2186 561 2402 616 diducta
2434 564 2498 632 (ἱ)
2530 563 2643 631 pari
2674 561 2881 630 fastigia
2912 562 3014 617 ﬁne
3041 476 3462 632 ειιιιίιιειιιξῗπϐ³ιὲ

2088 653 2224 705 Intra
2255 664 2431 707 autem
2455 655 2685 709 distante
2715 656 2820 709 situ
2848 656 3002 725 parili
3030 656 3164 725 pede
3193 666 3461 723 constant,

1949 742 2052 794 655
2094 742 2384 811 ΑΠῑχωιιιιε
2413 746 2512 798 sibi
2545 745 2721 799 media
2748 762 3009 815 compage
3031 745 3324 812 cohtcreut,

2092 835 2158 889 Et
2208 838 2425 905 paribus
2467 847 2712 906 spectant
2776 839 3007 893 discreta
3059 841 3337 894 cacumina
3387 855 3535 893 sum-

3225 930 3348 1001 [mis
3372 929 3463 1000 υ).

2095 1015 2187 1069 llis
2214 1014 2536 1070 intermedio
2567 1016 2641 1087 (Ῐί)
2671 1018 2987 1073 coeuntibus
3017 1018 3175 1072 insita
3206 1030 3405 1088 puncto

2092 1107 2249 1174 Virga
2281 1108 2425 1161 velut
2454 1109 2515 1179 (Ι)
2538 1118 2805 1177 sceptrum
2836 1110 3014 1177 regale
3033 1112 3316 1179 superbius
3337 1120 3533 1173 exstat,

2093 1199 2411 1267 Signiﬁcans
2431 1214 2657 1266 regnare
2679 1200 2844 1253 Deum
2867 1216 3029 1268 super
3049 1201 3227 1254 omnia
3244 1200 3533 1265 Christum,

1954 1291 2056 1344 640
2095 1292 2195 1357 Qui
2219 1307 2378 1345 cruce
2401 1291 2651 1360 tlispausa
2682 1308 2777 1359 per
2802 1300 3034 1360 quatuor
3062 1293 3259 1346 extima
3285 1294 3408 1361 ligni
3440 1294 3533 1364 (nt)

2096 1382 2339 1448 Quatuor
2364 1383 2576 1450 attingit
2604 1383 2683 1452 (η)
2713 1383 3009 1437 dimensum
3037 1384 3275 1452 partibus
3298 1386 3501 1451 orbem,

2102 1472 2167 1526 Ut
2196 1474 2372 1527 trahat
2398 1474 2463 1526 ad
2494 1475 2654 1527 vitam
2686 1475 2911 1544 populos
2930 1490 2995 1527 ex
3023 1476 3271 1529 omnibus
3299 1477 3427 1530 oris.

2099 1564 2163 1619 Et
2199 1564 2324 1636 quia
2354 1572 2529 1619 morte
2556 1566 2731 1620 crucis
2770 1566 2979 1621 cunctis
3008 1566 3148 1621 Deus
3176 1568 3353 1622 omnia
3384 1567 3539 1622 Chri-

3353 1665 3471 1711 SlllS

3353 1665 3434 1711 stu

2100 1743 2289 1797 Exstat
2319 1744 2370 1797 in
2400 1756 2647 1799 exortum
2677 1745 2819 1812 vitae,
2852 1746 3120 1813 ﬁnemque
3149 1657 3434 1811 malorinn,

1957 1833 2061 1887 645
2100 1833 2267 1904 Alpha
2298 1849 2510 1889 crucem
2542 1835 2617 1904 (ο)
2646 1836 2973 1900 circumstat,
3006 1845 3062 1889 et
3095 1860 3157 1901 ω,
3197 1837 3367 1891 tribus
3396 1847 3539 1892 utra-

3150 1926 3277 1995 [que
3309 1927 3470 1995 virgis

1958 2064 2193 2115 acumine
2222 2061 2420 2130 ductus.
2452 2059 2547 2112 Ubi
2578 2062 2634 2114 τὸ
2664 2059 2799 2130 idem
2829 2058 3057 2112 refertur
3082 2060 3147 2112 ad
3177 2061 3357 2130 stglus,
3385 2078 3539 2119 nem-

1959 2147 2025 2203 pe
2053 2131 2364 2203 identstylns
2393 2129 2590 2203 [efﬁcit
2615 2129 3120 2203 tanallmujomcs.

2034 2202 2096 2272 (fi
2132 2198 2407 2253 Muratorii
2448 2198 2616 2272 codex
2656 2200 2819 2272 habet
2852 2216 2863 2250 :
2900 2198 3008 2272 Tan
3049 2200 3186 2252 idem
3224 2201 3386 2270 stylus
3433 2205 3540 2271 ipse

1958 2267 2092 2325 breui
2133 2280 2268 2323 retro
2313 2286 2344 2321 a
2389 2271 2650 2322 cacumine
2697 2270 2896 2321 ductus.
2931 2267 3123 2321 Noster
3162 2267 3290 2323 vero
3329 2267 3541 2327 codex:

1961 2342 2092 2395 Taut
2122 2342 2257 2394 idem
2299 2341 2461 2408 stylus
2501 2341 2611 2406 ipse
2649 2348 2785 2393 retro
2806 2339 3047 2410 acumine
3076 2340 3272 2392 ductus.
3308 2340 3543 2410 Utraque

1958 2412 2117 2465 lectio
2161 2420 2243 2465 est
2282 2411 2495 2475 vitiosa,
2528 2417 2589 2479 ut,
2628 2408 2863 2463 ostendit
2892 2409 3051 2479 metri
3075 2410 3232 2462 ratio.
3264 2408 3543 2479 ltaquerex

1959 2490 2185 2548 utraque
2216 2480 2425 2533 tertiam
2456 2478 2703 2541 conﬁavi,
2733 2494 2850 2548 qua:
2890 2477 3020 2531 mihi
3048 2478 3276 2545 genuina
3318 2477 3541 2535 videtur.

1959 2547 2281 2619 Muratorius
2313 2564 2439 2601 vero
2478 2549 2555 2601 sic
2586 2547 2975 2619 emendaverat
3014 2566 3027 2600 :
3076 2548 3184 2601 Tau
3232 2550 3395 2616 stglus
3436 2552 3545 2619 ipse

1960 2617 2095 2672 brevi
2119 2631 2397 2673 retrorsum
2426 2617 2661 2671 acumine
2688 2618 2889 2672 ductus.
2920 2618 2991 2671 At
3017 2620 3186 2687 prima
3208 2619 3409 2689 syllaba
3454 2617 3547 2677 vo-

1964 2690 2042 2743 cis
2072 2691 2307 2742 acumine
2330 2689 2509 2741 brevis
2539 2698 2639 2741 est.

2034 2758 2119 2830 7(9)?
2139 2758 2415 2830 Muraitorii
2446 2758 2615 2830 codex
2648 2760 2922 2830 formatur.
2964 2756 3387 2830 Utr_aque__lectio
3416 2776 3547 2830 pro-

1962 2827 2173 2883 babilis.
2193 2861 2265 2870 —
2284 2828 2458 2893 Virgae
2490 2827 2609 2881 dua:
2635 2827 2701 2880 ad
2731 2827 3161 2881 constituendum
3192 2828 3257 2891 Χ,
3286 2846 3390 2884 una
3418 2827 3548 2885 vero

1962 2897 2244 2953 dumtaxat
2267 2898 2334 2951 ad
2358 2895 2742 2950 eﬁ'ormandum
2764 2894 2807 2948 P
2831 2905 3175 2951 concurrunt.
3204 2897 3271 2950 Et
3300 2899 3425 2953 hinc
3460 2916 3549 2954 su-

1963 2968 2125 3022 blime
2151 2967 2363 3020 Triadis
2391 2966 2701 3035 mysterium
2733 2964 2915 3019 educit
2959 2965 3231 3021 Paulinds.
3265 2967 3313 3021 X
3341 2968 3549 3026 duabus

1963 3046 2212 3093 constare
2239 3036 2402 3105 virgis
2422 3034 2663 3104 subjecta
2692 3034 2887 3090 docent
2910 3035 3147 3091 carmina
3174 3054 3187 3090 :

2088 3129 2243 3192 idque
2268 3128 2564 3192 sacramenti
2588 3135 2655 3192 es|
2672 3129 2921 3192 ,ge_mine
2944 3128 3072 3187 quod
3096 3128 3147 3175 in
3172 3134 3375 3191 utraque
3398 3130 3549 3192 virga

2090 3188 2389 3240 Ut‘deducta
2413 3190 2519 3250 pari
2546 3188 2736 3244 fastigia
2762 3188 2857 3235 ﬁne
2880 3197 3127 3250 supinant,

2093 3252 2219 3301 Infra
2247 3248 2645 3311 autem‘distaute
2670 3253 2763 3297 situ
2788 3248 2922 3311 parili
2949 3264 3011 3311 pe
3032 3264 3075 3297 °e
3100 3248 3342 3311 constant,

2094 3313 2378 3375 Adﬁxmque
2404 3312 2492 3358 sibi
2516 3310 2675 3358 media
2702 3310 2936 3371 cou’npage
2952 3310 3231 3361 coita-real.

2040 3393 2115 3475 (Ιι)
2139 3394 2275 3475 bitur.
2303 3391 2495 3475 codex,
2522 3390 2590 3475 t
2613 3390 2770 3475 tritius
2792 3408 2895 3444 una
2920 3391 3218 3464 Signiﬁcat,
3238 3402 3344 3449 etc.
3376 3396 3443 3449 At
3464 3410 3552 3449 no~

1968 3462 2067 3518 stri
2092 3462 2293 3518 eodicis
2315 3463 2476 3517 lectio
2504 3462 2818 3527 elegantior.

2042 3534 2101 3603 (ί)
2126 3533 2382 3603 Murator.
2415 3531 2559 3593 cod.,
2584 3530 2822 3583 deducta.
2852 3529 3045 3585 Noster
3081 3532 3270 3594 codex,
3299 3534 3507 3587 diducta
3533 3550 3553 3588 :

1970 3611 2027 3658 et
2054 3601 2129 3657 ita
2160 3601 2442 3669 legendum
2472 3609 2624 3669 puto.

2045 3673 2109 3743 (j)
2139 3668 2275 3725 blur.
2307 3670 2455 3743 co_d.,_
2482 3670 2685 3743 summi.
2722 3668 2791 3720 At
2819 3676 3003 3721 noster
3029 3669 3197 3743 eodex
3225 3669 3387 3743 habet
3415 3688 3555 3743 sum-

1971 3737 2100 3809 mis’,’
2120 3757 2228 3822 quo
2249 3738 2411 3794 modo
2443 3737 2725 3807 legendum
2771 3752 2891 3792 esse
2919 3739 3218 3806 suspicatus
3237 3739 3411 3793 fuerat
3440 3741 3555 3796 Mu-

1974 3821 2257 3949 ηῗιῖῗῖλῗο
2297 3878 2505 3949 duabus
2532 3876 2681 3929 hisce
2725 3876 2969 3949 vocibus,
3003 3874 3469 3949 Ilisintennedio,
3504 3890 3557 3934 ct

1974 3946 2251 4003 Muratorii
2273 3948 2462 4009 codex,
2487 3955 2541 4001 et
2567 3955 2749 4000 noster
2773 3946 2932 3999 liabet
2954 3955 3062 3999 tres
3084 3946 3214 3998 alias
3236 3962 3419 4013 voces,
3442 3949 3555 4003 Has

1974 4022 2109 4098 inter
2136 4018 2321 4098 medio.
2352 4017 2421 4071 At
2458 4018 2529 4071 ita
2576 4014 2861 4085 legendum
2911 4016 3141 4083 videtur,
3169 4024 3225 4069 ut
3250 4020 3559 4074 emendavit

1977 4090 2320 4143 Muratorius.

2050 4160 2112 4227 (ι)
2155 4157 2315 4225 Mur.,
2341 4157 2506 4228 quasi.
2537 4155 2608 4209 At
2634 4155 2813 4209 malim
2843 4171 2963 4210 cum
2994 4162 3180 4211 nostro
3208 4156 3394 4212 co‘dice
3415 4158 3559 4227 lege-

2081 4229 2215 4281 ielut.

1978 4245 2146 4369 ιἙδη)
2176 4297 2256 4369 An
2288 4296 2529 4369 e_x__lig_no
2571 4309 2972 4369 monogramma
3004 4294 3284 4369 _ell‘ormari
3307 4296 3562 4369 solitum?

1980 4365 2262 4422 Ne‘crede.
2310 4366 2406 4421 llic
2448 4366 2631 4435 itaque
2676 4365 2955 4434 legendum
2985 4366 3124 4422 duco
3150 4368 3344 4420 extima
3388 4367 3561 4438 Signi.

1900 4470 1954 4531 ι)
1982 4438 2350 4531 Maeonii-

2054 4509 2130 4579 (n)
2156 4507 2213 4561 S.
2247 4507 2430 4579 Ambr.
2464 4504 2749 4579 serm._56_,
2792 4520 2918 4568 seu,
2952 4513 3010 4558 ut
3048 4506 3238 4579 melius
3266 4506 3460 4579 dicam,
3504 4506 3560 4561 S.

1980 4572 2242 4631 Maximus
2270 4577 2340 4630 ita
2371 4574 2558 4630 scribit
2582 4592 2594 4627 :
2629 4572 2819 4627 Cretum
2840 4591 3034 4645 quoque
3069 4576 3236 4643 ipsum
3258 4576 3411 4644 hujus
3430 4578 3566 4645 signi

1982 4647 2613 4727 [iguradispositum'e'su
2643 4661 2761 4697 nam
2789 4660 2911 4726 cum_
2940 4656 3160 4727 guatuor
3196 4647 3567 4727 partibusthoc

1982 4715 2059 4771 est
2086 4719 2296 4779 oriente,
2327 4727 2375 4770 et
2397 4715 2676 4779 occidente,
2703 4725 2750 4766 et
2788 4715 3074 4769 meridiano
3093 4754 3107 4777 ,
3139 4725 3191 4768 et
3210 4719 3571 4783 septemtrione

1983 4788 2349 4857 distinguitur,
2381 4795 2599 4857 quatuor
2620 4786 2770 4857 guusi
2791 4786 2973 4857 crucis
3010 4785 3212 4857 angulis
3246 4789 3566 4857 continetur.

1984 4854 2323 4926 Grengyss.
2349 4854 2488 4909 orat.
2513 4855 2580 4909 de
2597 4854 2803 4926 Christi
2834 4854 3053 4926 ﬁesurr.
3086 4854 3199 4910 haec
3225 4856 3292 4909 de
3320 4872 3478 4911 cruce
3500 4857 3568 4909 ab

1985 4923 2245 4995 Apostolo
2275 4934 2567 4995 memorata
2593 4925 2755 4978 habet
2780 4942 2791 4977 :
2826 4923 2984 4979 Novit
3003 4926 3139 4979 enim
3160 4943 3221 4978 ea
3244 4927 3414 4995 ﬁgura
3441 4942 3572 4995 qua-

1987 4994 2102 5050 tuor
2130 4994 2368 5049 cornibus
2394 5012 2423 5048 e
2448 4995 2615 5048 medio
2652 4996 3061 5063 provenientibus
3099 4994 3358 5064 descripta
3386 5006 3572 5064 poten-

1989 5068 2134 5131 tiam,
2166 5083 2226 5119 ac
2254 5065 2630 5135 providentiam
2652 5065 2811 5127 illius,
2838 5067 2923 5135 qui
2950 5081 3015 5118 ex
3052 5065 3168 5133 ipsa
3192 5065 3570 5135 pependit,“-

1988 5136 2199 5189 ctarari.
2240 5133 2296 5189 S.
2332 5135 2491 5205 Hier._
2526 5134 2655 5205 (seu
2684 5136 2804 5205 quis
2849 5133 2985 5189 alius
3023 5135 3093 5187 sit
3134 5133 3323 5191 auctor
3352 5133 3472 5203 ille)
3515 5135 3571 5188 in

1989 5221 2108 5275 cap.
2143 5222 2193 5259 ιιι
2224 5205 2385 5259 Marci
2415 5223 2425 5257 :
2462 5203 2587 5275 Ipsa
2617 5203 2808 5272 species
2834 5205 2997 5258 crucis
3019 5204 3141 5275 quid
3167 5213 3244 5259 est
3272 5205 3372 5259 nisi
3401 5208 3572 5275 [arma

1991 5276 2247 5347 quadrata
2275 5276 2493 5347 mundi?
2530 5274 2899 5347 lliunx'romus.

2061 5345 2135 5413 (ο)
2163 5344 2221 5398 1η
2251 5345 2493 5414 plurimis
2534 5345 2844 5414 Crtecorum
2886 5342 3257 5414 nomismatis,
3305 5352 3464 5411 atque
3517 5340 3574 5414 in

1988 5411 2171 5469 multis
2231 5411 2467 5469 veterum
2516 5413 2941 5469 Christianorum
3000 5412 3382 5482 sepulcralibus
3413 5411 3574 5482 Anotis

1988 5499 2391 5551 mouogramma
2434 5484 2675 5539 invenias
2718 5499 2839 5539 cum
2878 5480 3075 5538 litteris
3098 5482 3143 5535 A
3168 5492 3223 5534 et
3252 5495 3292 5532 Ω
3323 5480 3575 5546 utrinque

1988 5550 2199 5621 locatis,
2229 5554 2334 5609 hoc
2370 5555 2533 5609 modo
2562 5578 2596 5610 α
2618 5563 2667 5623 ﬁ
2694 5579 2733 5609 ω
2774 5554 3017 5624 apposite
3062 5552 3128 5605 ad
3175 5550 3324 5624 iilnd
3345 5551 3569 5624 Appeal.

1988 5618 2194 5699 cap._15'
2215 5629 2338 5699 Ἐγςξι
2367 5629 2468 5695 εἰμι
2494 5636 2531 5680 Δ
2560 5618 2743 5699 una),
2776 5618 2908 5697 λξιῇσι
2934 5624 2959 5678 ὁ
2987 5619 3365 5699 Nemeaea;
3398 5618 3403 5619 ⁷
3432 5618 3462 5699 ξ
3485 5618 3574 5699 ὅτι),

1989 5647 2106 5693 cap.
2134 5647 2149 5679 ι
2174 5647 2187 5679 ζ
2217 5647 2262 5679 'b'
2300 5649 2338 5677 ἰι
2367 5647 2468 5695 ειμι
2494 5647 2531 5680 Δ
2560 5648 2643 5679 καί
2669 5647 2743 5685 u,
2778 5647 2908 5697 Μ’γη
2934 5647 2959 5678 o
2987 5647 3161 5692 κυριος
3188 5647 3212 5672 υ
3240 5647 3364 5680 tuo;
3432 5647 3459 5674 ο
3485 5647 3572 5689 ων,

1989 5698 2075 5749 καὶ
2103 5696 2127 5750 ὁ
2155 5693 2232 5753 ἦν.
2264 5647 2377 5766 ligo
2401 5712 2511 5749 sum
2535 5695 2691 5767 alpha
2715 5704 2764 5750 ct
2783 5710 2981 5765 omega,
3008 5689 3319 5759 principium
3345 5700 3396 5745 et
3430 5690 3572 5750 ﬁnis.
