3988 6176
431 253 528 309 551
1400 248 1457 303 8.
1500 244 1772 302 PAULINI
1812 238 2057 299 NOLANI
2098 235 2401 294 EPISCOPI
2442 235 2784 291 POEMATA.
3597 226 3708 282 559.

1094 486 1098 490 ν
1736 367 2367 447 MURATORII

852 547 1012 628 AD
1086 545 1176 627 S.
1261 540 1738 625 PAULINI
1809 532 2370 623 NATALEM
2449 527 3277 615 DUODECIMUM

1845 694 2297 757 PRIEFATIO.

498 862 851 935 $39-$90
879 861 1031 915 Anno
1059 860 1258 917 Christi
1288 858 1392 914 405
1418 859 1661 915 Natalem
1689 859 1835 914 hunc
1860 857 2057 914 cecinit
2093 856 2151 911 S.
2186 855 2457 909 Paulinus.
2488 853 2612 908 Tria
2644 868 2772 908 vero
2800 852 2971 907 sancti
3020 853 3211 907 Felicis
3258 853 3520 908 miracula
3562 869 3725 908 com-

426 955 696 1023 plectitur.
727 952 952 1019 Quidam
991 952 1151 1005 beato
1180 950 1479 1005 confessori
1522 964 1672 1004 suem
1702 955 1946 1015 voverat,
1983 946 2274 1016 divisisque
2303 946 2444 1000 inter
2471 960 2736 1015 pauperes
2766 946 2973 1012 exiguis
3002 945 3231 999 victima:
3260 947 3502 1014 partibus
3531 956 3726 1001 votum

426 1047 754 1116 completum
784 1046 1073 1100 arbitratus
1101 1043 1306 1097 abibat.
1349 1042 1663 1096 Mirabiliter
1692 1056 1723 1096 e
1748 1041 1888 1097 coelo
1916 1048 2090 1094 tactus
2118 1054 2185 1093 ex
2215 1054 2355 1109 equo
2384 1039 2511 1101 ruit,
2546 1037 2816 1107 pedesque
2844 1040 3068 1092 secretis
3089 1039 3436 1109 compedibus
3465 1041 3728 1095 laborare

427 1139 591 1194 dolet.
622 1138 701 1193 Ad
727 1139 783 1193 S.
815 1139 1012 1194 Felicis
1036 1138 1313 1193 basilicam
1341 1152 1528 1192 rursus
1566 1134 1826 1191 defertur.
1858 1134 1935 1189 Ibi
1964 1142 2207 1188 sanctum
2238 1132 2507 1202 precibus,
2537 1140 2591 1186 et
2617 1132 2857 1185 carnium
2886 1131 3260 1186 distributione
3281 1132 3570 1194 demulcet,
3604 1133 3729 1203 pri-

428 1233 671 1301 stinaque
698 1232 927 1287 sanitate
956 1232 1214 1287 divinitus
1240 1233 1490 1289 donatur.
1524 1232 1680 1301 Apuli
1726 1231 1943 1300 quidam
1984 1228 2233 1298 agricolae
2263 1228 2489 1281 alterum
2520 1242 2669 1281 suem
2699 1224 2755 1280 S.
2786 1226 2951 1281 Felici
2993 1228 3231 1281 votivum
3270 1228 3455 1281 Nolam
3503 1229 3729 1283 trahere

432 1332 709 1380 conantur.
745 1323 955 1379 Animal
978 1325 1159 1393 sagina
1182 1340 1500 1395 oppressum
1522 1324 1612 1394 pio
1640 1320 1908 1377 desiderio
1934 1320 2133 1384 obstat,
2164 1318 2447 1388 primoque
2477 1317 2529 1371 in
2558 1317 2748 1370 itinere
2775 1330 2959 1384 gressu
2988 1316 3314 1371 destituitur.
3346 1316 3412 1372 lli
3440 1319 3600 1373 aliter
3622 1334 3730 1374 vo-

432 1432 541 1476 tum
564 1416 882 1487 completuri
913 1415 979 1469 ad
1009 1414 1066 1470 S.
1100 1414 1295 1471 Felicis
1321 1422 1565 1485 pergunt.
1596 1412 1779 1468 lnsciis
1810 1410 1936 1480 ipsis
1962 1423 2060 1479 per
2088 1408 2239 1478 plura
2268 1421 2520 1477 passuum
2550 1406 2734 1468 millia,
2762 1406 3013 1474 nulloque
3044 1406 3317 1460 hominum
3347 1408 3598 1471 ducente,
3627 1423 3729 1462 sus

424 1515 620 1579 sponte
650 1506 838 1561 Nolam
878 1504 1135 1560 defertur.
1170 1504 1482 1559 Miraculum
1510 1502 1693 1558 cuncti
1722 1507 1963 1569 stupent,
1994 1504 2052 1552 et
2079 1497 2254 1550 hostia
2295 1494 2585 1564 improvisa
2615 1492 2852 1547 Nolanos
2880 1508 3144 1562 pauperes
3171 1495 3340 1551 alunt.
3370 1494 3725 1550 Postremum

427 1598 732 1668 prodigium
762 1596 1010 1665 agricolis
1040 1595 1158 1649 aliis
1180 1594 1392 1649 accidit.
1424 1592 1717 1648 Juvenram
1739 1596 1796 1643 et
1821 1588 1919 1657 ipsi
1942 1585 2180 1655 glorioso
2211 1583 2511 1640 confessori
2540 1590 2756 1636 vovent.
2788 1580 2911 1635 Hrec
2935 1582 3175 1650 plaustro
3200 1582 3351 1652 jungi
3379 1584 3578 1647 renuit,
3607 1592 3667 1637 et
3694 1600 3730 1637 e

426 1692 765 1746 dominorum
797 1688 1042 1743 manibus
1065 1686 1262 1741 furiosa
1284 1686 1559 1740 dilabitur.
1586 1682 1793 1752 Sponte
1819 1678 1941 1733 dein
1973 1677 2213 1746 ipsorum
2242 1677 2345 1730 iter
2365 1674 2673 1734 comitatur,
2705 1680 2761 1726 et
2790 1688 2895 1728 non
2920 1673 3038 1729 sine
3063 1674 3323 1729 miraculo
3352 1674 3727 1728 mansuefacta

425 1796 487 1837 se
513 1780 579 1835 ad
606 1779 835 1836 securim
861 1778 1019 1834 sistit.
1045 1774 1235 1831 Omnia
1264 1774 1399 1841 fuse,
1428 1782 1588 1843 atque
1613 1772 1889 1842 eleganter
1909 1782 1939 1821 a
1970 1764 2194 1822 Paulino
2221 1774 2506 1822 canuntur.

1035 1932 1266 1989 ΡΟΕΜΑ
1295 1931 1412 1986 χχ,
2044 1905 2098 1963 Α
2267 1900 2347 1955 Ex
2374 1901 2556 1972 aliquo
2587 1902 2809 1959 suberat
2841 1920 2853 1957 :
2886 1903 3065 1958 subito
3089 1917 3219 1959 ecce
3256 1911 3515 1972 patronus
3541 1903 3729 1958 abun-

3511 1993 3647 2047 dans

795 2086 1003 2126 cxnuux
1036 2086 1103 2124 xu
1136 2084 1185 2123 IN
1214 2083 1260 2123 s.
1296 2080 1523 2121 reuersa
1547 2063 1648 2136 (a).

2268 2080 2418 2137 Unde
2446 2081 2639 2153 dapem
2668 2084 2874 2153 largam
2902 2092 3169 2166 struerem
3198 2082 3272 2154 (ε)
3295 1992 3733 2151 εειηίηὲἓθὲἓόὶι

565 2206 721 2275 Saepe
746 2204 875 2259 boni
902 2202 1105 2257 domini
1126 2199 1264 2255 caris
1293 2197 1619 2253 famulantur
1647 2190 1879 2250 alumnis
2270 2267 2302 2275 Α
3516 2178 3647 2249 [una

577 2267 756 2351 Mente
785 2296 893 2364 pia,
926 2303 982 2348 et
1010 2293 1084 2363 (ὁ)
1110 2293 1285 2361 patrio
1312 2291 1553 2355 subjecta
1575 2296 1801 2353 tuentur
1829 2296 2017 2338 amore
2164 2362 2183 2364 _
2261 2267 2397 2323 Cum
2423 2270 2632 2325 nutrice
2660 2271 2731 2342 (f)
2761 2286 2904 2336 sues,
2936 2286 3165 2341 quorum
3193 2270 3259 2326 de
3287 2286 3448 2326 carne
3476 2272 3677 2326 cibatis

570 2362 853 2456 Mancipia,
888 2362 1075 2452 hisque
1102 2381 1285 2436 favent
1310 2395 1439 2435 cura
1476 2378 1729 2448 propiore
1754 2373 2017 2440 fovendis,
2156 2362 2227 2415 20
2266 2362 2615 2433 Pauperibus.
2650 2382 2748 2421 nOS
2777 2362 3057 2420 materiam
3088 2380 3153 2419 ex
3183 2365 3501 2418 animalibus
3529 2363 3732 2418 iisdem

570 2479 719 2545 Quos
745 2477 914 2545 magis
944 2474 1190 2542 indiguos
1212 2472 1350 2541 opis,
1380 2478 1435 2525 et
1454 2469 1652 2523 virtute
1677 2474 1924 2522 carentes
2265 2453 2619 2523 Sumpsimus,
2644 2456 2872 2524 egregiis
2901 2456 3156 2525 quoniam
3179 2456 3434 2510 miracula
3464 2455 3636 2523 signis

501 2570 535 2624 5
571 2569 778 2624 Affectu
808 2568 1038 2621 rimante
1064 2565 1267 2619 vident.
1299 2562 1368 2616 Et
1388 2562 1435 2616 si
1465 2560 1586 2631 quis
1615 2574 1827 2624 eorum,
2267 2545 2370 2599 Per
2389 2547 2622 2615 pecudes
2642 2547 2784 2617 ipsas
2802 2554 2983 2616 ‘nupcr
3013 2545 3153 2601 Deus
3178 2546 3366 2608 edidit,
3401 2547 3509 2599 alta

572 2658 737 2714 Moris
762 2665 819 2711 ut
847 2654 1066 2711 humani
1091 2653 1349 2708 solemnis
1369 2651 1605 2722 postulat
1633 2665 1782 2717 usus,
1980 2670 1987 2677 ν-
2266 2635 2627 2693 Destimulans
2649 2640 2858 2693 ratione
2889 2639 3133 2693 homines
3159 2637 3441 2691 attendere
3474 2638 3728 2702 Christo,

572 2751 770 2805 Votum
797 2745 1013 2818 aliquod
1033 2744 1307 2800 celebrare
1327 2742 1475 2807 velit,
1498 2754 1676 2810 neque
1696 2737 1869 2810 possit
1890 2751 2023 2807 ege-
2268 2726 2627 2800 491⁸492
2656 2727 2766 2783 Nec
2800 2727 3123 2783 ἀθείάθΐίυηι
3161 2728 3339 2783 carnis
3380 2728 3635 2797 meeﬂ‘e
3663 2728 3732 2780 Γιο

1844 2829 1952 2901 [nis
3198 2862 3199 2865 η
3427 2817 3531 2889 [dei
3566 2819 3675 2889 (9):

576 2934 632 2989 Id
657 2941 872 3004 pan-are
893 2928 1106 3000 opibus,
1136 2924 1319 2982 studio
1346 2932 1566 2981 curam;-
1592 2922 1750 2978 ιιθτίιί
2164 2906 2236 2961 9.5
2272 2908 2512 2979 Namque
2534 2909 2600 2964 ad
2621 2910 2858 2964 avaritia:
2880 2919 3076 2964 nostra:
3098 2910 3443 2981 lacrymabile
3465 2909 3732 2979 probrum

575 2999 778 3082 sei-vus
821 2999 998 3092 inops,
1028 3018 1116 3075 cui
1145 3019 1296 3074 dives
1324 3032 1513 3088 opum,
1544 3014 1698 3085 queis
1721 3013 1796 3082 (ε)
1824 3026 2029 3082 pauper
2273 2999 2375 3054 Per
2403 3000 2481 3070 (Ιι)
2511 3014 2707 3069 pecora
2755 3000 3000 3054 humana:
3043 3001 3269 3055 rationis
3317 3000 3527 3069 egentia
3575 3016 3733 3053 sum-

1719 3104 1953 3177 [egebat,
3485 3090 3653 3161 [mum

475 3211 543 3265 10
578 3204 875 3264 Contulerit
894 3202 1141 3256 dominus
1162 3196 1495 3254 cumulandae
1517 3194 1783 3264 impendia
1808 3206 2024 3246 mensm.
2274 3183 2435 3251 Signa
2467 3183 2676 3239 dedisse
2703 3183 2892 3248 Deum,
2920 3184 3088 3239 series
3116 3182 3394 3238 recitanda
3424 3183 3659 3237 docebit.

581 3298 707 3350 llaec
736 3293 865 3347 mihi
894 3291 1130 3346 conditio
1159 3296 1242 3343 est
1265 3288 1389 3341 data
1418 3286 1518 3341 sub
1547 3285 1725 3339 Felice
1754 3293 1982 3352 patrono
2010 3299 2024 3333 :
2062 3290 2107 3348 Β
2275 3273 2389 3327 Νοιι
2412 3273 2587 3328 allieta
2617 3289 2828 3341 canam,
2864 3274 2989 3328 licet
3015 3282 3131 3327 arte
3160 3274 3425 3342 poematis
3454 3283 3573 3327 utar
3602 3291 3616 3325 :

582 3386 733 3440 Nulla
765 3382 896 3438 mihi
925 3396 993 3436 ex
1020 3395 1108 3434 me
1148 3380 1256 3434 sint
1276 3416 1292 3441 ,
1327 3385 1386 3431 ut
1421 3376 1529 3431 sint
1555 3375 1685 3429 mihi
1714 3381 1904 3429 cuncta
1935 3388 2033 3442 per
2282 3364 2547 3417 llislorica
2580 3364 2811 3418 narrabo
2844 3363 2945 3418 ﬁde
2974 3364 3089 3419 sine
3119 3362 3306 3417 fraude
3334 3373 3544 3433 poetae:

1755 3466 1959 3539 [ίιιυιιις
2171 3457 2237 3510 50
2278 3458 2427 3510 Absit
2452 3458 2592 3511 enim
2629 3457 2825 3511 famulo
2852 3457 3048 3511 Christi
3078 3458 3298 3510 mentita
3324 3456 3548 3525 profari.

586 3570 827 3639 Namque
857 3562 925 3619 ad
970 3562 1210 3618 Natalem
1239 3575 1382 3616 nunc
1420 3558 1616 3630 ipsius,
1648 3565 1708 3612 ut
1734 3556 1950 3626 quidem
1980 3563 2035 3610 et
2278 3547 2537 3602 Gentibus
2567 3548 2647 3602 hac
2685 3551 2959 3618 placeant,
3003 3557 3061 3601 ut
3104 3548 3233 3601 falsa
3263 3548 3592 3610 colentibus,
3635 3561 3731 3598 ar-

1811 3646 1962 3718 [ante
3490 3636 3615 3708 llos:

585 3749 894 3814 Prmteritis,
924 3745 1119 3817 quibus
1147 3744 1247 3799 ista
1269 3741 1383 3796 dies
1406 3739 1536 3794 mihi
1562 3740 1763 3803 floruit,
1795 3737 1970 3801 annis,
2281 3732 2349 3784 At
2376 3730 2529 3785 nobis
2557 3745 2645 3784 ars
2676 3744 2780 3783 una
2828 3728 2890 3800 (ἱ)
2924 3726 3073 3792 fides,
3106 3736 3160 3781 et
3194 3727 3394 3781 musica
3426 3724 3692 3790 Christus,

482 3845 551 3899 15
588 3843 704 3900 Non
739 3848 856 3898 erat
884 3838 1025 3893 unde
1052 3834 1269 3906 epulum
1309 3832 1448 3886 votis
1480 3830 1557 3901 (ά)
1586 3829 1830 3885 solemne
1872 3842 2034 3897 para-
2281 3820 2383 3887 Qui
2404 3820 2589 3874 docuit
2618 3820 2804 3873 miram
2834 3820 3047 3873 sibimet
3075 3832 3606 3887 concurrere'pacem

1806 3920 1964 3992 [rem,
2283 3913 2521 3984 Disparis
2559 3912 2853 3968 harmonia:
2881 3911 3184 3980 quondam,
3236 3924 3395 3979 quam
3433 3909 3499 3977 (j)
3531 3924 3734 3976 corpus

588 4024 928 4092 Instabatque
955 4020 1088 4083 dies,
1118 4030 1219 4070 nec
1246 4014 1421 4068 adhuc
1442 4012 1572 4066 mihi
1597 4019 1841 4081 prompta
1866 4008 2037 4064 facul-
3070 3998 3091 4009 ’
3389 4001 3462 4072 [in
3496 4016 3663 4053 unum

1866 4101 1972 4173 [tas
2178 4095 2247 4149 55
2284 4094 2524 4150 Contulit
2550 4107 2832 4148 assumens
2852 4093 3144 4155 hominem,
3170 4092 3259 4161 qui
3288 4091 3503 4145 miscuit
3533 4091 3737 4146 alnmm

525 4252 907 4326 (a)gln___nost.ro
927 4244 1121 4326 _codice
1149 4240 1226 4295 sic
1264 4237 1583 4326 i'nseribitur‘
1601 4236 1751 4326 istud‘
1771 4251 1989 4291 carmen
2023 4252 2035 4288 :
2145 4231 2449 4289 Alexander
2474 4228 2867 4298 Jatrosophista
2897 4228 2988 4282 lib.
3022 4245 3054 4282 ιι
3084 4226 3396 4282 Passienum
3433 4246 3445 4281 :

461 4307 647 4392 Incipit
676 4319 765 4373 lib.
784 4318 890 4392 aii.
923 4315 1066 4385 Lege
1096 4325 1212 4383 qua:
1258 4310 1489 4365 diximus
1520 4307 1588 4361 ad
1632 4307 1845 4362 titulum
1875 4321 2041 4377 supe-

2268 4323 2436 4383 Oualia
2460 4330 2573 4369 sunt
2597 4320 2797 4382 bubula,
2824 4327 2876 4368 et
2896 4320 2961 4367 de
2984 4321 3149 4380 junice
3177 4319 3345 4379 pedes.

459 4398 612 4517 twigs
629 4402 1066 4514 farﬁgrfseodice
1093 4452 1245 4507 deest
1272 4449 1583 4517 eonjunctio
1612 4455 1683 4501 et.
2146 4406 2305 4530 ιοιξθξι
2322 4402 2798 4529 ῆξθῖξῗιιυω.ὴοθ
2847 4416 2989 4473 δωρθ
3036 4401 3290 4456 Paunnus
3334 4412 3561 4472 usurpat
3606 4419 3735 4473 πω

527 4463 599 4604 fc;
1627 4533 1745 4589 quo.
2240 4492 2272 4547 Β
2312 4516 2387 4604 ,ιίι
2416 4487 2858 4604 ρυηιιῗῗι.ιι;ηηιιιιιη
2884 4566 3058 4604 ηιιςιιὶιη
3082 4564 3189 4604 sine
3213 4564 3326 4604 Ιριιρ
3353 4562 3484 4604 ﬁdei-

547 4514 596 4594 ei
624 4529 681 4584 ln
704 4536 888 4584 nostro
917 4524 1105 4581 codice
1131 4539 1226 4594 pro
1248 4514 1390 4594 queis
1410 4519 1604 4587 legitur
1627 4533 1745 4589 quo.
1768 4514 1875 4570 Sed
1896 4516 2045 4586 prior
2147 4514 2858 4594 ⁸⁸⁵³⁸⁵⁸⁵·έςηλξςςζξςηςηηῃηω
2884 4566 3058 4594 Mm.“
3082 4564 3187 4594 ﬁ“
3213 4564 3326 4594 imm
3353 4562 3461 4594 mni

460 4562 888 4671 ιθέἶίίιιὲέὲιῖιῖίξ
906 4562 1593 4671 ’νΪῗνῘν-’νο-ῗ·
1627 4562 1745 4671 1":
1770 4562 1875 4671 in
1897 4562 2036 4586 rm"
2074 4648 2116 4671 ﬂ
2150 4649 2194 4671 Μ
2232 4658 2249 4671 Δ
2334 4567 2393 4617 Et
2415 4578 2577 4627 genus
2600 4566 2860 4614 humanum
2884 4566 3058 4627 passim
3082 4564 3189 4613 sine
3213 4564 3327 4625 lege
3353 4562 3484 4612 ﬁdei.

634 4648 1107 4745 liiv'h'fjdrieodice,
1136 4662 1257 4745 apti.
1291 4660 1359 4714 At
1385 4658 1667 4729 legendum
1710 4657 1936 4711 fortasse
1960 4672 2043 4710 vo-
2073 4648 2118 4709 C
2150 4649 2272 4704 Nat.
2301 4666 2334 4704 v
2361 4667 2376 4703 :

462 4734 547 4809 tis,
575 4734 634 4796 ut
662 4752 745 4795 est
769 4741 821 4793 in
847 4734 1262 4809 nostro‘codice.
1334 4798 1376 4809 ﬂ
1441 4798 1451 4809 _
1532 4798 1542 4809 ι
1718 4799 1730 4809 _
1808 4804 1817 4809 _
2306 4738 2470 4789 Ovans
2492 4736 2652 4799 galea,
2677 4744 2919 4799 scutoque
2942 4736 3069 4786 fidei.

535 4798 602 4894 ζα)
634 4809 766 4894 Mur.
802 4807 973 4894 codex
1003 4805 1080 4894 sic
1101 4803 1299 4856 habet:
1332 4798 1693 4894 Unde|dapem
1713 4799 2044 4894 instru‘erem,

462 4866 690 4956 geminos
716 4878 855 4931 dedit
884 4892 1007 4956 una.
1031 4874 1217 4954 Itaque
1244 4884 1430 4956 versus
1458 4868 1723 4956 claudicat
1746 4886 1758 4921 :
1791 4876 1846 4922 et
1872 4866 2049 4933 legen-

464 4938 587 5008 dum
615 4958 698 5004 est
725 4956 783 5001 ut
801 4944 1081 5001 emendavi
1103 4938 1171 4997 ex
1202 4948 1386 4996 nostro
1416 4938 1619 4993 codice.

536 5021 600 5093 (Γ)
631 5019 778 5093 M_ur._
797 5016 943 5079 cod.,
956 5012 1325 5093 ιιὶιιιιιηεὶιιιιὶίε.Δ
1342 5008 1575 5078 Utraque
1588 5009 1764 5093 lectio
1794 5006 2048 5093 probabi-

465 5077 644 5147 lisf'L—
663 5088 818 5143 Junix
849 5077 1053 5141 est-bos
1094 5077 1288 5137 fémina
1315 5077 1509 5135 tenene
1536 5080 1727 5144 aetatis,
1770 5092 1889 5147 quae
1935 5077 2047 5144 jam

467 5161 695 5218 cessavit
718 5156 883 5211 vitula
908 5169 1047 5215 esse,
1094 5152 1325 5207 necdum
1354 5159 1533 5204 tamen
1562 5149 1629 5203 ad
1657 5161 1919 5203 summam
1945 5162 2054 5199 ma-

468 5231 798 5303 gnitudinem
825 5224 1091 5296 pervenit.
1117 5222 1329 5276 Persius
1356 5228 1460 5277 sat.
1492 5218 1528 5271 2
1553 5235 1566 5271 :

2153 4821 2221 4876 Et
2254 4822 2399 4876 alibi.
2441 4821 2808 4875 Munnomus.

2226 4892 2300 4963 (In)
2324 4891 2459 4946 Mur.
2482 4892 2627 4963 cod.,
2654 4888 2948 4963 Etpecorq.
2978 4888 3045 4942 At
3089 4889 3405 4956 legendum,
3452 4898 3511 4945 ut
3556 4900 3646 4946 est
3691 4894 3739 4947 in

2162 4960 2349 5017 nostro
2381 4962 2586 5021 codice,
2621 4968 2678 5013 ut
2705 4960 2966 5014 sententia
2998 4968 3230 5013 constet.

2227 5034 2286 5105 (ἱ)
2319 5031 2462 5087 Idem
2490 5031 2698 5085 Paulin.
2727 5030 2845 5083 Nat.
2874 5046 2928 5085 rx
2956 5029 3164 5084 dixerat
3197 5047 3209 5082 :

2280 5123 2363 5171 Sic
2389 5123 2521 5170 Deus
2541 5122 2808 5167 omnisonae
2831 5118 3119 5173 modulator,
3146 5126 3198 5167 et
3218 5120 3402 5167 arbiter
3427 5134 3554 5167 unus
3635 5112 3649 5125 ⁸

2278 5181 2857 5241 Ηειγιηοιιίω,ρθιιοιιιιρω
2881 5189 3045 5228 movet
3066 5193 3209 5241 quam
3233 5194 3435 5243 corpora
3459 5196 3646 5230 rerum.

828 5261 914 5296 ’Μ
933 5261 1728 5350 vi";A':::":::-:Aﬂ“
1754 5330 2029 5350 nmmum
2157 5262 2295 5319 lnfra
2326 5263 2443 5317 Nat.
2478 5279 2566 5317 xm
2594 5261 2829 5332 cythara:
2854 5261 3158 5331 exemplum
3187 5262 3405 5317 allatum
3433 5266 3632 5333 repetit
3657 5283 3669 5317 :

592 5341 687 5391 Tot
710 5340 795 5389 ubi
820 5349 971 5399 quam
994 5336 1042 5383 in
1067 5335 1253 5381 ﬂamma
1289 5333 1501 5395 iunicum
1533 5336 1733 5381 omenta
1754 5330 2055 5392 liquescam'
2285 5355 2469 5406 Omnes
2494 5368 2554 5402 ex
2584 5330 2723 5403 nobis
2745 5354 2987 5403 cvtharam
3012 5330 3241 5402 faciamus
3264 5355 3311 5402 in
3337 5368 3485 5404 unum

475 5425 717 5489 Plautus,
743 5420 855 5475 Mil.
882 5419 915 5471 6
944 5435 957 5471 :
2163 5479 2213 5489 η
2349 5418 2554 5465 Carmen
2576 5417 2782 5465 diversis
2803 5417 3118 5477 compositum
3143 5416 3330 5464 Ildibus.

597 5479 752 5572 Quam
772 5524 883 5560 mox
903 5508 963 5559 ad
984 5508 1226 5558 stabutum
1242 5507 1383 5568 juuix
1404 5508 1611 5571 reelpiat
1630 5517 1743 5556 sese
1767 5502 1963 5566 pabulo.

2226 5493 2532 5533 narremus.

2231 5549 2294 5618 (j)
2326 5548 2381 5601 ln
2414 5556 2597 5603 nostro
2642 5546 2827 5600 codice
2871 5546 3173 5618 sicilegitur
3205 5564 3217 5598 :
3252 5545 3493 5615 Disparis
3534 5547 3711 5618 Itarmo

480 5596 674 5667 Papias
694 5611 709 5648 :

610 5685 799 5707 1....ζνλι..
846 5681 994 5707 tum...
1019 5677 1222 5707 {nunan

2231 5560 2294 5618 (j)
2326 5560 2381 5601 In
2414 5560 2597 5603 nostro
2642 5560 2827 5600 conice
2871 5561 2950 5600 sic
2978 5560 3173 5614 legitur
3205 5564 3217 5598 :
3252 5560 3493 5615 mspam
3534 5560 3725 5598 hanno-

2330 5617 3016 5707 ‘l‘f9..‘f”'.'fl‘_‘§.’f‘.f?="”_‘t‘_f_"_
3033 5625 3338 5707 δί’Ῐίέῗῗέἱέίῗῖ
3361 5617 3439 5707 ἐν
3462 5616 3629 5670 ¹¹¹¹¹¹ί⁰
3643 5614 3725 5670 ¹¹ί“

604 5685 821 5747 quit-es,
846 5681 997 5732 boves
1014 5677 1239 5742 juvenes.

2226 5690 2320 5745 lior
2343 5677 2505 5745 lectio
2530 5677 2838 5769 Muralorii,
2859 5701 3022 5755 quam
3050 5694 3265 5743 secutus
3292 5703 3431 5741 sum.
