3988 6176
206 318 303 377 ιδδ
1578 302 1804 375 Poena
1842 317 1955 376 xx.

328 432 504 487 lnfusa
531 432 723 487 virtute
750 432 935 495 Deum,
967 441 1025 487 ut
1054 431 1162 487 duo
1189 430 1443 486 conderet
1471 432 1522 485 in
1547 446 1629 499 se,

333 524 709 593 Distantesque
732 523 915 592 procul
943 530 1163 576 naturas
1183 520 1434 576 redderet
1460 537 1644 575 unum.

335 612 405 668 Ut
434 614 575 668 Deus
602 624 742 669 esset
770 614 954 678 homo,
986 613 1127 670 Deus
1154 621 1237 668 est
1280 613 1441 667 homo
1490 612 1662 668 laetus
1706 613 1773 666 ab
1834 602 1837 603 ⁷

1565 719 1679 759 IDSO

1565 722 1576 757 ι
1618 719 1679 759 so

332 794 431 860 Qui
463 794 603 849 Deus
626 802 725 857 est,
758 793 1002 862 genitore
1031 793 1160 858 Deo,
1192 795 1277 849 cui
1305 796 1477 862 gratia
1498 704 1615 848 nl):
1631 746 1732 859 est,

227 883 294 937 ιο
330 883 435 939 Sed
460 892 687 949 natura,
732 881 872 952 quod
915 891 999 936 est
1036 883 1228 937 summi
1254 881 1425 938 Patris
1454 883 1642 938 unicus
1665 884 1773 937 hae-

358 1034 380 1073 .
1565 971 1694 1043 [res,

329 1080 488 1137 Solus
515 1082 589 1154 (a)
632 1082 833 1136 habens
859 1081 1133 1152 proprium
1157 1120 1172 1146 ,
1213 1080 1358 1150 quod
1382 1098 1603 1138 munere
1631 1100 1770 1153 prae-'-

1346 1173 1475 1243 [stat
1503 1174 1703 1229 habere

329 1263 422 1317 His
450 1264 644 1332 quibus
672 1264 810 1317 alma
837 1263 965 1317 ﬁdes
994 1262 1201 1318 dederit
1228 1262 1405 1317 divina
1428 1264 1646 1319 mereri.

328 1353 423 1408 ille
444 1354 608 1420 igitur
637 1368 765 1409 vere
794 1354 948 1408 nobis
977 1362 1059 1408 est
1088 1354 1324 1408 musicus
1352 1362 1560 1417 auctor,

328 1444 420 1500 ille
451 1444 616 1498 David
639 1458 819 1506 verus,
842 1444 1107 1499 citharam
1135 1442 1227 1511 qui
1247 1443 1490 1512 corporis
1517 1441 1676 1511 hujus

228 1536 297 1589 45
334 1535 589 1590 Restituit
614 1534 759 1604 putri
783 1534 855 1605 (ὁ)
881 1534 1078 1589 dudum
1109 1548 1371 1603 compage
1393 1534 1684 1603 jacentem,

330 1618 400 1682 Et
427 1629 644 1681 tacitam
672 1626 844 1696 ruptis
864 1627 1085 1695 antiquo
1105 1626 1330 1680 crimine
1358 1626 1572 1680 chordis

326 1716 662 1773 Assumendo
685 1732 841 1770 suum
863 1716 1120 1770 Dominus
1147 1715 1417 1783 reparavit
1442 1714 1494 1768 in
1524 1730 1699 1780 usum,

326 1806 711 1875 Consertisque
728 1806 840 1861 Deo
862 1806 1198 1869 mortalibus,
1230 1805 1411 1859 omnia
1432 1815 1617 1858 rerum

325 1895 383 1949 ln
410 1896 645 1965 speciem
679 1895 861 1963 prima:
888 1894 1015 1950 fecit
1042 1894 1373 1949 revirescere
1402 1892 1471 1963 (c)
1503 1893 1706 1955 formae,

114 2020 121 2026 -
215 1982 281 2039 50
331 1982 403 2037 Ut
424 1999 563 2039 nova
591 1991 783 2039 cuncta
810 1985 1007 2046 forent,
1038 1984 1246 2038 cunctis
1275 1982 1506 2036 abeunte
1527 1990 1769 2038 veterno.

326 2077 479 2133 lianc
506 2087 862 2133 renovaturus
890 2078 1155 2133 citharam
1182 2076 1324 2131 Deus
1359 2078 1474 2147 ipse
1500 2078 1769 2147 magister,

327 2167 449 2236 Ipse
472 2169 556 2222 sui
577 2168 806 2238 positam
836 2166 1114 2236 suspendit
1141 2166 1193 2219 in
1222 2167 1417 2221 arbore
1446 2167 1594 2233 ligni,

327 2256 395 2310 Et
417 2272 578 2313 cruce
606 2266 887 2327 peccatum
912 2256 1091 2311 carnis
1114 2256 1433 2325 perimente,
1466 2257 1702 2311 novavit.

328 2348 507 2416 Atque
536 2349 611 2401 ita
634 2347 917 2401 mortalem
950 2345 1186 2399 numeris
1214 2345 1513 2401 caelestibus
1535 2354 1716 2414 aptam

216 2438 284 2494 55
324 2439 640 2509 Composuit
666 2438 927 2493 citharam
957 2437 1118 2491 variis
1146 2450 1213 2490 ex
1241 2436 1487 2503 gentibus
1516 2452 1699 2502 unam,

327 2529 652 2598 Omnigenas
673 2530 902 2597 populos
922 2527 1270 2595 compingens
1291 2542 1487 2595 corpus
1507 2528 1560 2581 in
1582 2543 1765 2583 unum.

325 2616 454 2676 inde
475 2621 737 2675 lacessitis
763 2618 952 2674 ﬁdibus
973 2618 1040 2673 de
1066 2618 1279 2687 pectine
1307 2617 1468 2673 Verbi

330 2712 443 2767 Vox
472 2710 803 2779 Evangelicte
830 2708 1111 2764 testudinis
1139 2708 1318 2762 omnia
1346 2708 1582 2775 complet

324 2802 509 2858 Laude
534 2803 629 2857 Dei
654 2820 667 2855 :
700 2809 818 2856 toto
846 2800 1043 2855 Christi
1068 2799 1253 2870 chelys
1282 2813 1445 2853 aurea
1472 2799 1672 2854 mundo

216 2896 283 2952 60
329 2895 588 2952 Personat
617 2892 909 2948 innumeris
939 2906 1044 2945 uno
1075 2888 1443 2945 modulamine
1473 2889 1687 2959 linguis,

325 2986 782 3058 Respondentque
810 2983 923 3039 Deo
953 2983 1172 3053 paribus
1215 2996 1354 3037 nova
1383 2980 1618 3037 carmina
1647 2996 1770 3035 ner-

1594 3086 1692 3126 V15.

1594 3086 1692 3126 vis.

320 3172 432 3228 Sed
456 3171 685 3227 referam
709 3162 777 3223 ad
795 3182 916 3223 mea
935 3172 1109 3236 coepta
1135 3162 1357 3235 pedem;
1390 3172 1512 3216 nam
1534 3072 1765 3231 te[mpus,

1347 3251 1424 3324 [et
1452 3252 1585 3306 hora
1615 3258 1700 3307 est

325 3352 629 3407 Promissas
651 3347 847 3404 oﬁ‘erre
871 3347 1057 3417 dapes,
1085 3358 1356 3415 apponere
1384 3343 1535 3397 vobis

324 3441 561 3498 Prandia
588 3439 845 3495 sollicitas
869 3445 1017 3493 caste
1045 3433 1301 3490 sumenda
1334 3446 1429 3502 per
1457 3447 1634 3487 aures.

225 3538 289 3591 65
324 3538 444 3591 Non
475 3535 553 3606 (ά)
584 3531 756 3586 veteri
790 3537 1063 3599 repetam,
1112 3540 1230 3594 quae
1266 3540 1385 3580 sum
1412 3524 1669 3587 dicturus,
1700 3523 1768 3577 ab

1536 3614 1692 3685 [:evo.

328 3715 468 3770 Ante
492 3714 608 3769 dies
633 3726 832 3782 paucos
853 3708 971 3763 istic
994 3713 1234 3777 spectata
1255 3704 1527 3773 profabor.

324 3806 563 3862 Venerat
602 3803 708 3857 huc
734 3799 950 3871 quidam
988 3797 1243 3868 placitum
1286 3791 1387 3849 sibi
1436 3793 1646 3847 solvere
1674 3807 1769 3846 vo-

1563 3883 1698 3956 [tum

328 4003 489 4059 Urbis
518 4001 773 4056 Abellinaa
799 3998 865 4052 de
892 3994 1085 4051 ﬁnibus
1113 3995 1317 4048 advena
1350 3994 1546 4047 nostris

324 4095 577 4149 Sedibus.
608 4092 705 4146 llic
731 4104 949 4160 porcum
976 4086 1154 4143 studio
1182 4098 1403 4141 curante
1430 4091 1694 4154 paratum,

257 4267 329 4337 (a)
358 4264 575 4337 lngMur.
597 4262 740 4337 cod,
771 4260 950 4337 Solum
969 4266 1016 4312 et
1046 4256 1253 4309 habens.
1282 4256 1349 4308 At
1370 4254 1538 4308 multo
1560 4253 1773 4322 elegan-

194 4330 289 4392 tior
314 4330 479 4390 lectio
508 4332 679 4386 nostri
701 4330 921 4385 codicis.

256 4413 325 4483 (ὁ)
357 4410 674 4483 Murrcod"
729 4405 899 4461 Patri.
942 4404 1012 4460 At
1054 4404 1243 4461 melior
1265 4403 1425 4458 lectio
1454 4416 1574 4471 qua:
1601 4409 1682 4456 est
1711 4402 1764 4456 in

192 4479 371 4537 noStro
403 4479 610 4535 codice.
1512 4518 1513 4521 η

254 4560 320 4683 (ἓ
350 4559 412 4613 In
459 4563 645 4612 nostro
689 4554 877 4609 codice
917 4553 1110 4621 legitur
1136 4554 1449 4607 reviviscere.
1484 4550 1763 4619 At.pra:fec

254 4646 277 4681 η
315 4646 405 4683 am
450 4637 583 4683 nuto
617 4625 902 4680 lectionem
940 4623 1138 4678 codicis
1181 4637 1288 4683 quo
1318 4637 1444 4675 usus
1471 4630 1554 4675 est
1584 4621 1761 4675 Mura-

192 4621 405 4683 rendam
450 4637 589 4697 puto
617 4625 902 4697 lectionem
940 4623 1138 4697 codicis
1181 4637 1288 4697 quo
1318 4637 1444 4697 usus
1471 4630 1554 4697 est
1584 4621 1761 4697 Mura-

193 4699 350 4751 torius
382 4739 399 4763 ,
449 4691 596 4765 quod
639 4692 873 4749 secunda
898 4692 1099 4761 syllaba
1148 4692 1296 4746 vocis
1336 4691 1631 4745 reviviscere
1693 4691 1762 4743 sit

194 4765 361 4833 longa.

257 4842 331 4910 (ά)
362 4843 421 4896 ln
453 4849 639 4896 nostro
678 4837 867 4895 codice
909 4836 1101 4904 legitur
1143 4854 1265 4891 non.
1298 4837 1367 4891 At
1410 4835 1585 4891 codex
1627 4836 1759 4891 Mur.

194 4913 347 4969 habet
371 4929 486 4966 nec.

260 4990 325 5059 (ε)
356 4990 494 5043 Mur.
526 4987 697 5059 codex
725 4987 890 5040 habet
914 4986 1057 5039 illuc.
1090 4987 1158 5059 At
1185 4986 1477 5059 malorum
1516 5000 1639 5041 meo
1666 5001 1760 5041 co-

194 5056 505 5126 dice'legere
532 5058 693 5121 illinc,
721 5069 913 5123 nempe
937 5070 1003 5109 ex
1036 5056 1166 5110 urbe
1191 5056 1451 5109 Abellina.

262 5144 618 5267 (fLVotorum
642 5158 707 5197 ac
733 5142 1063 5197 oblationum
1095 5158 1266 5209 usum,
1295 5159 1415 5214 quae
1442 5144 1641 5198 sanctis
1664 5159 1763 5197 ex-

262 5228 312 5267 )e
349 5223 524 5267 antur.
554 5212 817 5266 elucidavi
861 5211 989 5267 diss.
1031 5228 1157 5266 xvm
1182 5251 1197 5267 .
1238 5215 1304 5267 ad
1332 5228 1492 5267 uuam
1535 5212 1763 5267 lectores

194 5210 524 5283 bibebantur,
554 5212 817 5266 elucidavi
861 5211 989 5267 diss.
1031 5228 1157 5266 xvm
1182 5251 1197 5279 ,
1238 5210 1492 5283 ad'quam
1535 5212 1765 5267 lectores

194 5281 417 5335 dimitto.
457 5281 821 5335 Munnomus.

261 5359 334 5439 (9)
361 5359 458 5439 llic
485 5360 631 5439 locus
649 5358 1109 5439 valde__corruptus
1134 5368 1216 5439 est
1235 5359 1373 5439 apud
1399 5359 1764 5439 Muptorium,

195 5427 363 5496 quiin
389 5427 738 5483 Ambrosiam
784 5427 876 5482 illo
924 5427 1109 5483 codice
1147 5429 1224 5484 sic
1259 5427 1387 5497 legit
1423 5447 1434 5481 :
1464 5428 1635 5482 Fama
1664 5433 1768 5483 suis

194 5511 493 5565 magnopere
520 5508 725 5565 gentum
766 5498 1067 5550 accenderat
1096 5514 1285 5563 acrem,
1316 5509 1420 5553 etc.
1452 5498 1645 5552 Noster
1672 5516 1767 5553 co-

196 5562 298 5616 dei
321 5562 482 5647 habet
508 5562 811 5647 Famasuis
841 5582 1028 5647 magna
1052 5582 1148 5647 per
1185 5562 1422 5647 egentem
1462 5570 1769 5647 accenderat

196 5647 389 5699 acrem;
411 5646 526 5705 quae
571 5635 733 5690 lectio
778 5635 947 5690 multo
993 5635 1167 5692 minus
1212 5635 1469 5695 mendosa
1512 5647 1624 5703 cst,
1675 5639 1768 5696 sed

440 5743 722 5812 ΡΑπιοι..
762 5748 907 5813 LX]
916 5792 931 5807 .

1792 3112 1840 3172 C

3349 332 3452 388 554

1790 438 1837 494 Α
1902 434 1969 486 70
2007 433 2345 503 Dilatnmque
2373 436 2482 501 diu,
2515 445 2573 492 ut
2599 440 2757 494 simul
2785 441 2967 507 annis‘,
2996 452 3156 514 atque
3183 448 3369 515 sagina

2014 524 2322 591 Cresceret,
2370 527 2477 582 huc
2511 526 2657 583 illinc
2686 528 2754 600 (ε)
2787 531 3140 599 perduxerat;
3171 544 3333 605 atque
3364 539 3456 594 ubi

3218 624 3386 695 [venit
3404 660 3405 667 η

2023 702 2228 771 Pingue
2260 719 2423 774 pecus
2454 706 2563 760 voti
2595 704 2659 778 (Γ)
2699 707 2911 778 jugulat
2955 711 3022 766 de
3060 726 3213 768 more
3251 729 3459 770 vovent

3249 811 3381 857 tum.

3249 811 3267 855 t
3369 843 3381 857 .

2013 882 2175 936 Fama
2221 885 2332 938 suis
2379 886 2557 954 magni
2602 900 2699 957 per
2742 897 2995 959 egentum
3039 888 3112 962 (ῃ)
3142 803 3459 949 εοὲεὲίῗέται

3184 982 3386 1053 [acrem

2010 1060 2116 1116 Ora
2147 1060 2222 1133 (Ιι)
2254 1064 2448 1120 [amem
2470 1074 2525 1120 ct
2552 1070 2731 1123 cuncti
2761 1085 2965 1139 magna:
2983 1087 3077 1140 spe
3104 1075 3272 1143 partis
3300 1074 3425 1131 hian
3445 1104 3457 1116 -

2034 1173 2037 1176 <
3158 1163 3290 1234 item
3323 1162 3384 1234 (ί)

1909 1241 1980 1294 75
2017 1241 2333 1297 Tendebam
2358 1244 2422 1299 ad
2450 1244 2630 1314 opima
2659 1261 2814 1303 senes
2842 1250 3089 1305 convivia
3120 1252 3326 1307 faucem
3358 1253 3453 1324 (j).

2013 1332 2220 1387 Interea
2250 1334 2471 1399 largitor
2499 1336 2653 1405 inops
2678 1352 2785 1393 non
2808 1342 3050 1408 partibus
3076 1344 3245 1411 tequis

2015 1422 2212 1476 Dividit
2243 1423 2315 1494 (k)
2349 1425 2542 1481 incisas
2571 1443 2782 1494 carnes,
2812 1430 3046 1485 medium
3074 1434 3185 1487 suis
3214 1433 3388 1489 aufert

2011 1511 2272 1582 Sinciput,
2301 1521 2355 1568 et
2376 1521 2581 1569 tantum
2610 1519 2743 1573 secti
2763 1520 2947 1589 coquit
2968 1520 3154 1576 intima
3177 1524 3401 1592 ventris,

2015 1600 2251 1670 Solaque
2279 1605 2606 1673 pauperibus
2635 1609 2757 1662 cesi
2787 1610 2968 1663 vitalia
2994 1612 3144 1680 porci

1912 1695 1980 1746 80
2016 1694 2234 1760 Dividit,
2277 1710 2342 1749 ac
2396 1696 2457 1766 (ι)
2491 1704 2660 1751 ιοιυω
2700 1699 2800 1753 sibi
2842 1715 3037 1771 corpus
3064 1703 3264 1759 habere
3292 1704 3452 1760 relin-

3224 1795 3382 1867 [quit,

2015 1875 2084 1929 Et
2110 1885 2294 1932 votum
2322 1872 2622 1949 complesse
2650 1889 2820 1951 putat,
2844 1884 3102 1953 laetusque
3122 1887 3298 1942 redire

1996 1966 2225 2035 Jncipit,
2259 1983 2420 2023 ausus
2448 1985 2540 2025 eas
2563 1969 2809 2038 jumento
2833 1973 3109 2042 imponere
3135 1992 3317 2032 secum

2012 2053 2365 2127 593-594
2388 2057 2697 2127 Relliquias,
2721 2070 2777 2116 et
2800 2062 2853 2116 in
2876 2063 2960 2117 his
2983 2065 3164 2133 placiti
3186 2082 3245 2121 se
3265 2068 3451 2137 pigno-

3159 2157 3243 2229 [ra
3273 2169 3384 2213 voti

2014 2235 2210 2290 Sancta
2240 2235 2441 2291 referre
2470 2236 2692 2294 domum
2716 2242 2856 2298 male
2883 2244 3152 2313 credulus,
3180 2247 3232 2301 in
3264 2249 3453 2317 quibus

3221 2334 3384 2405 [idem

1910 2411 1978 2464 85
2015 2411 2274 2466 Damnum
2299 2414 2511 2478 animae,
2530 2416 2835 2487 nodumque
2856 2420 2955 2474 vite
2972 2423 3222 2490 portabat
3241 2434 3452 2481 avarus.

2015 2501 2255 2572 Denique
2285 2519 2409 2558 mox
2438 2520 2540 2561 nec
2560 2507 2707 2561 mille
2734 2509 2873 2562 viam
2906 2513 3199 2580 permissus
3218 2514 3369 2569 abire

2014 2590 2283 2657 Passibus,
2315 2595 2561 2650 elucente
2587 2597 2693 2664 die,
2726 2600 2885 2653 simul
2907 2614 3102 2669 aggere
3128 2603 3311 2672 plano,

2015 2680 2131 2735 Non
2161 2682 2395 2738 tenebris
2418 2686 2714 2754 pavitante,
2741 2704 2842 2743 nec
2862 2690 3172 2749 oﬁendente
3195 2696 3420 2751 salebris

2014 2771 2219 2842 Lapsus
2246 2789 2405 2844 equo,
2436 2785 2491 2832 et
2517 2780 2671 2846 quasi
2698 2778 2835 2835 ﬁxus
2863 2783 3011 2838 humi
3038 2800 3098 2839 se
3126 2786 3313 2842 tollere
3336 2801 3452 2842 rur-

1907 2948 1975 3005 90
2012 2950 2093 3004 Ad
2121 2952 2522 3008 consistendum
2551 2961 2802 3025 reparato
2830 2958 3027 3014 robore
3054 2877 3387 3029 surgenslsus

2011 3038 2128 3094 Non
2156 3035 2349 3110 potuit,
2378 3044 2646 3113 etepitque
2674 3046 2839 3114 pedes
2867 3049 3100 3104 clamare
3134 3052 3344 3121 ligatos,

2014 3130 2178 3199 idque
2219 3132 2453 3201 probare
2494 3133 2699 3202 jacens,
2751 3137 2947 3206 plantis
2992 3142 3148 3208 quasi
3193 3144 3452 3213 compede

3015 3232 3233 3304 [junctis
3265 3237 3381 3309 (in).

2014 3315 2109 3370 Hic
2136 3316 2280 3371 aliud
2307 3316 2502 3371 mirum
2527 3313 2655 3373 ca'stt
2680 3320 2913 3375 sociatur
2938 3322 2989 3377 in
3019 3324 3134 3393 ipso
3159 3344 3171 3378 :

2010 3406 2142 3460 Nam
2172 3405 2299 3462 dum
2325 3408 2475 3462 illum
2505 3417 2653 3464 tanta
2682 3424 2805 3465 cum
2836 3412 3112 3469 debilitate
3134 3415 3401 3483 iacentem

1903 3490 1971 3546 95
2009 3494 2195 3550 Mmsta
2235 3498 2656 3567 propinquorum
2687 3502 2997 3556 circumstat
3023 3506 3177 3559 turba
3209 3522 3452 3575 suorum,

2007 3584 2336 3651 Jumentnm,
2367 3588 2451 3641 cui
2476 3588 2591 3641 sola
2618 3591 2769 3643 oneri
2796 3593 3017 3658 porcina
3046 3596 3318 3663 manebat,

2006 3674 2305 3728 Ascensore
2325 3676 2407 3728 sui
2435 3689 2681 3741 vacuum,
2714 3685 2769 3729 et
2795 3677 3018 3733 ductore
3046 3681 3289 3735 relictum

2012 3761 2216 3830 Sponte
2235 3777 2331 3817 sua
2378 3774 2497 3815 sese
2524 3762 2673 3815 nullo
2702 3761 2951 3819 ﬂectente
2979 3765 3258 3822 refrenans
3276 3808 3291 3833 ,

2011 3851 2306 3918 Tamquam
2334 3850 2638 3903 olrendiculi
2666 3866 2881 3905 causam
2911 3865 3261 3921 cognosceret
3290 3859 3438 3913 ultro

1874 3939 1974 3993 l00
2011 3939 2115 3993 Aut
2144 3940 2377 4007 aliquem
2405 3940 2691 4008 prohibere
2724 3942 2883 4009 viam,
2915 3958 3019 4012 qua
3042 3957 3279 4015 cmperat
3307 3950 3404 4015 ire,

2014 4029 2268 4095 Vidisset,
2298 4029 2375 4084 sic
2403 4028 2533 4096 fugit
2556 4030 2679 4097 iter,
2710 4046 3033 4101 cursumque
3060 4038 3306 4103 retorsit,

1874 4220 2126 4303 mendosa
2155 4228 2238 4275 est
2266 4228 2441 4301 tamen
2471 4238 2482 4273 :
2517 4222 2771 4303 mendum
2800 4233 2979 4279 autem
3010 4227 3243 4296 tolletur,
3274 4232 3319 4286 si
3349 4248 3449 4303 pro

1873 4308 2064 4360 magna
2092 4291 2236 4357 legas
2264 4292 2440 4361 magni
2465 4299 2557 4344 aut
2580 4307 2797 4361 magnai.

1947 4371 2021 4441 (h)
2055 4368 2122 4422 Et
2148 4368 2284 4441 Mur.
2317 4370 2509 4441 codex,
2538 4376 2593 4422 et
2623 4378 2805 4441 noster
2834 4372 2996 4427 habet
3037 4392 3147 4430 ora.
3178 4377 3247 4429 At
3274 4378 3453 4435 Mura-

1791 4453 1845 4513 D
1873 4437 2041 4514 torius
2067 4437 2461 4514 emendandum
2482 4440 2621 4514 hunc
2651 4439 2827 4493 locum
2849 4446 3073 4507 censuit,
3100 4454 3156 4498 et
3176 4446 3302 4514 legit
3324 4468 3413 4505 ore
3433 4469 3452 4505 :

1870 4507 2252 4582 quia_scilicet_
2285 4508 2578 4582 superioris
2615 4523 2801 4563 versus
2830 4514 3140 4567 mendosam
3170 4507 3454 4575 lectionem

1871 4574 2123 4635 habebat.
2149 4574 2255 4629 Sed
2286 4574 2565 4642 legendum
2593 4586 2673 4630 est
2702 4594 2813 4629 ora.

1964 4656 2008 4737 i)_
2043 4654 2178 4737 bium
2210 4653 2355 4737 cod,
2388 4655 2605 4707 hiantes.
2635 4652 3390 4737 Utraquelectioprobabilis.

1967 4724 2015 4796 j)
2046 4724 2204 4796 Mur._,
2256 4725 2469 4796 fauces:
2500 4738 2623 4796 nam
2672 4733 2828 4796 antea
2880 4724 3098 4795 legerat'
3123 4730 3344 4787 hiantes.
3389 4738 3457 4792 At

1872 4793 2057 4870 nester
2097 4793 2267 4870 codes
2299 4793 2460 4870 habet
2507 4795 2731 4865 faucem.
2763 4793 2869 4849 Sed
2911 4793 3137 4866 utraque
3177 4802 3365 4870 lectio,
3398 4816 3458 4861 ut
3526 4856 3533 4866 ,

1873 4866 2001 4928 dixi,
2032 4870 2115 4916 est
2147 4862 2459 4930 probabilis.
2508 4862 2517 4865 ⁷
2990 4870 3003 4887 θ

1943 4944 2014 5013 (k)
2040 4941 2168 4994 Post
2190 4954 2402 4995 versum
2424 4941 2493 4993 77
2513 4941 2737 5013 deerant
2758 4943 2808 4996 in
2832 4943 3017 4999 codice
3047 4946 3321 5006 Muratorii
3350 4962 3459 5008 tres

1870 5011 2076 5077 versus,
2106 5025 2242 5077 quos
2269 5026 2337 5064 ex
2366 5018 2552 5064 nostro
2581 5011 2767 5065 codice
2797 5014 2991 5068 addidi.
3038 5016 3127 5071 Sic
3156 5021 3296 5074 enim
3342 5032 3459 5075 erat

1869 5079 2206 5159 scriptumle
2238 5078 2513 5159 Muratorii
2542 5080 2743 5159 codice
2773 5099 2785 5132 :
2821 5081 3040 5159 Interea
3070 5088 3286 5157 largitor
3310 5092 3459 5159 inops

1870 5147 2238 5225 nonpartibtts
2257 5150 2414 5225 (eqvis
2436 5148 2651 5225 Dividit,
2676 5160 2724 5202 et
2747 5153 3041 5225 totamgsibi
3064 5147 3246 5225 corpus
3275 5147 3460 5211 habere

1871 5219 2129 5337 retinqa'it.
2174 5216 2311 5270 Nim.
2345 5217 2590 5271 librarius
2618 5234 2648 5271 a
2678 5221 2852 5287 primo
2900 5223 3081 5277 diuidit
3120 5216 3187 5279 ad
3232 5228 3459 5281 alterum

1876 5297 2021 5337 trans
2046 5304 2059 5337 I
2090 5326 2102 5337 .

1876 5297 2021 5341 trans
2046 5297 2102 5339 ΙΙ..

1874 5367 2003 5488 re
2036 5365 2170 5418 Mur.
2205 5378 2303 5433 pro
2343 5381 2403 5418 ac
2431 5365 2594 5419 habet
2621 5375 2691 5429 et,
2727 5368 2871 5436 quod
2900 5368 3027 5424 nihil
3056 5371 3338 5427 admodum
3369 5388 3454 5427 re-

1947 5512 2037 5586 (ni)
2070 5513 2204 5586 Mur.
2250 5512 2422 5567 codex
2448 5513 2682 5586 habebat
2709 5517 3016 5586 conjunctis.
3041 5516 3147 5573 Sed
3175 5518 3460 5586 legendum

1872 5583 2189 5661 estjunctis,
2217 5590 2276 5636 ut
2304 5583 2538 5661 postulat
2564 5584 2723 5661 metri
2753 5583 2888 5661 ratio
2918 5593 2973 5638 et
3002 5597 3059 5661 ut_
3077 5596 3163 5641 est
3192 5583 3249 5642 in
3270 5597 3459 5646 nostro

1872 5651 2075 5708 codice.
2107 5652 2183 5707 lta
2211 5651 2589 5711 emendaverat
2618 5652 2777 5710 etiam
2807 5652 3145 5710 Muratorius.

3031 5765 3112 5829 18
