3990 6182
578 502 647 557 Ut
674 494 1006 570 resipiscenti
1044 488 1281 547 medicus
1304 486 1393 549 sit,
1423 492 1479 538 et
1506 482 1646 535 ultor
1671 478 1873 544 iniquo.

437 593 542 647 215
577 561 801 645 Cernite
816 587 978 648 enim,
998 587 1213 651 quanta:
1227 577 1326 631 fuit
1354 575 1430 645 (a)
1455 572 1543 627 illa
1567 568 1759 637 injuria
1783 561 2008 629 fraudis,

578 681 694 746 Qua
722 679 885 733 miser
911 675 999 728 ille
1021 672 1168 742 prius
1196 666 1451 721 diviserat
1476 662 1615 715 inter
1642 662 1882 725 egentes,

579 741 777 836 geque,
805 777 977 827 suem,
1007 741 1168 827 atque
1214 754 1333 811 istic
1352 750 1428 822 (ὁ)
1458 748 1546 804 ubi
1592 753 1762 801 totum
1790 741 2014 797 reddere

1740 832 1943 904 [votum

585 946 870 1008 Debuerat,
895 939 1072 1013 solum
1104 943 1284 1005 caput,
1315 928 1671 994 intestinaque
1696 920 1849 992 porci

580 1036 867 1099 Carpserat
886 1071 904 1099 ,
953 1038 1011 1085 et
1059 1012 1318 1095 reliquam
1347 1021 1419 1091 (c)
1462 1025 1577 1073 toto
1627 1012 1728 1069 sibi
1783 1021 2013 1077 corpore

1720 1103 1946 1174 [partem

447 1217 549 1271 220
586 1216 807 1271 Fecerat
834 1206 1159 1279 imprudens,
1207 1211 1368 1271 atque
1406 1194 1713 1267 improbus,
1739 1199 1796 1245 et
1834 1197 2015 1243 tamen

1779 1280 1911 1353 [ipsa
1930 1317 1947 1341 ν

587 1394 704 1459 Qua
728 1390 893 1444 miser
919 1386 1189 1446 extiterat,
1237 1379 1407 1433 factus
1450 1388 1577 1428 mox
1615 1368 1799 1425 fraude
1833 1367 2022 1421 beatus

585 1483 961 1540 Commutante
989 1475 1099 1528 Deo
1127 1469 1341 1542 pietatis
1361 1466 1586 1521 verbere
1610 1461 1840 1529 culpam.

588 1572 734 1626 Talis
760 1568 903 1624 enim
929 1576 1155 1621 censura
1183 1559 1279 1614 Dei
1312 1566 1396 1611 est
1424 1573 1436 1607 :
1467 1554 1545 1609 sic
1571 1556 1835 1619 temperat
1859 1545 1951 1599 alti

458 1715 467 1722 .
590 1659 834 1717 Pondera
854 1654 1040 1725 judicii
1066 1652 1209 1705 Deus
1235 1647 1453 1711 arbiter,
1481 1651 1536 1699 et
1570 1648 1723 1711 pater
1746 1680 1762 1704 ,
1803 1643 1860 1692 et
1903 1649 2019 1697 rex,

452 1752 554 1809 225
588 1748 845 1805 Omnibus
857 1722 932 1799 'ut
958 1739 1220 1813 placidam
1249 1734 1327 1806 (ά)
1358 1733 1634 1788 moderato
1666 1725 1913 1782 examine
1953 1722 2020 1775 li-

1814 1814 1959 1886 [bret
2059 1820 2103 1880 Β

589 1927 879 1990 Justitiam,
907 1930 963 1978 et
998 1919 1166 1975 levior
1193 1914 1359 1970 mixta
1404 1909 1646 1966 bonitate
1681 1911 1919 1975 potestas

599 1972 1149 2074 Eteuurfeds‘moneat
1190 2003 1426 2069 stimulo,
1464 2014 1625 2070 quam
1653 1972 1874 2051 fulmine
1900 2005 2025 2062 per-
2126 1980 2233 2036 250
2268 1979 2345 2074 De
2372 1990 2500 2074 casu
2530 1972 2600 2043 (r)

1743 2085 1835 2138 dat
1858 2085 1956 2147 (e),

1743 2085 1835 2138 dat
1882 2098 1908 2134 e

597 2196 671 2251 Ut
695 2196 741 2250 si
765 2190 1028 2264 profuerit
1054 2183 1312 2257 praemissi
1342 2182 1410 2252 (ι’)
1440 2175 1680 2233 verberis
1704 2084 1889 2264 iEztus,(_
1913 2083 1929 2150 )

595 2286 753 2341 Salva
767 2260 921 2338 salus
946 2276 1151 2333 homini
1174 2273 1361 2328 redeat
1386 2266 1673 2324 commissa
1690 2260 1894 2332 pigenti
1920 2260 2023 2329 (ς).

457 2376 560 2430 330
596 2375 666 2429 At
690 2372 858 2441 siquis
883 2383 1038 2424 sacro
1069 2366 1145 2435 (lt)
1175 2362 1411 2418 monitus
1434 2367 1639 2413 terrore
1661 2352 1856 2421 llagelli

596 2461 840 2517 Noluerit
858 2457 1055 2513 sentire
1081 2454 1309 2522 plagam,
1340 2450 1609 2502 incuratus
1634 2442 1818 2507 abibit,

596 2554 957 2616 Servatusque
984 2544 1100 2599 neci
1120 2540 1413 2613 perfectam
1441 2535 1636 2591 sentiet
1662 2535 1815 2588 iram.

710 2602 888 2709 igitur
904 2638 1064 2691 miser
1086 2602 1213 2688 ante
1235 2672 1250 2697 ,
1281 2628 1477 2685 dehinc
1520 2641 1647 2681 mox
1696 2624 1809 2693 ipse
1844 2622 2032 2677 beatus
2128 2602 2237 2655 355

599 2731 716 2785 Tali
745 2735 965 2784 sanatus
990 2734 1329 2790 carnemque,
1354 2718 1691 2784 animamque
1730 2710 1958 2767 medela.

458 2822 564 2878 235
599 2818 707 2877 Sed
736 2818 799 2889 (ἱ)
826 2815 951 2885 quia
976 2810 1227 2881 cognovit
1252 2819 1490 2873 causam,
1520 2813 1921 2873 agnoscensque
1945 2797 2029 2865 ja-

1732 2889 1962 2960 [centem

604 2996 877 3061 Paenituit,
907 2992 1103 3049 merito
1132 3000 1318 3045 curam
1344 2984 1446 3041 sibi
1474 2988 1670 3038 memet
1703 2980 1757 3033 in
1800 2977 1918 3047 ipso
1962 2976 2028 3046 (j)

1362 368 1418 423 S.
1461 362 1731 419 PAULINI
1770 356 2016 415 NOLANI
2055 348 2355 406 EPlSCOPl
2380 340 2726 400 POEMATA.

2038 476 2088 532 A

3585 323 3686 379 560

2257 461 2529 532 Repperit,
2570 458 2731 524 inque
2776 450 2923 507 brevi
2971 458 3052 503 est
3078 446 3152 519 (Ι.)
3182 453 3437 515 expertus
3480 448 3691 496 utrum-

3014 553 3140 607 que,
3170 534 3313 604 quod
3334 546 3525 587 omnes
3554 531 3621 598 (t)

2253 639 2400 693 Justa
2431 636 2547 703 lege
2576 639 2756 687 manet
2784 628 2976 682 divina:
3003 625 3171 694 pacis,
3200 632 3254 677 et
3282 622 3375 675 ira:

2253 727 2345 783 Jus
2367 767 2384 794 ,
2412 735 2467 780 et
2512 736 2679 792 opus,
2727 724 2944 773 maneat
2992 712 3187 768 vindex
3227 720 3285 764 ut
3314 707 3409 781 (ru)
3431 706 3553 775 jure
3600 719 3693 758 su-

3408 797 3631 869 [perbos

2112 907 2218 961 240
2255 906 2421 961 Poma
2441 916 2584 966 reos,
2615 898 2788 969 pietas
2814 900 2992 950 servet
3020 892 3273 944 miserata
3303 886 3558 940 fatentes.

2256 991 2600 1066 599-500
2635 987 2776 1053 Ergo
2822 980 3076 1039 relaxatis
3107 979 3286 1032 alacer
3312 974 3536 1043 vestigia
3573 972 3698 1024 vin-

3530 1062 3634 1117 clis

3530 1078 3557 1117 c

2258 1173 2404 1229 Idem
2430 1188 2499 1227 ex
2529 1166 2785 1224 incolumi
2808 1164 2917 1219 cito
2942 1158 3154 1223 debilis,
3183 1164 3240 1212 et
3266 1157 3372 1210 cito
3401 1062 3557 1219 libeE',

2258 1265 2338 1319 Ex
2366 1260 2530 1317 modo
2555 1257 2768 1326 captivo
2790 1254 2912 1307 laeta
2938 1265 3062 1305 cum
3092 1261 3223 1302 voce
3251 1245 3483 1310 redibat,

2260 1354 2519 1407 Exultans
2547 1349 2625 1418 (η)
2656 1346 2801 1399 velut
2829 1341 2919 1395 ille
2937 1339 3087 1400 olim,
3112 1350 3270 1405 quem
3291 1333 3479 1386 matris
3496 1332 3564 1385 ab
3581 1330 3711 1384 alvo

2117 1448 2224 1502 245
2258 1443 2611 1500 Claudentem
2634 1438 2709 1508 (0)
2739 1436 2794 1488 in
2829 1430 2995 1486 verbo
3042 1423 3255 1481 Domini
3295 1423 3507 1486 Petrus,
3540 1429 3715 1488 atque

3334 1511 3640 1584 [Iohannes

2259 1622 2540 1677 Iusserunt
2559 1613 2748 1669 validis
2776 1612 2829 1665 in
2853 1608 3047 1663 saltum
3074 1616 3354 1670 assurgere
3375 1602 3449 1670 (p)
3481 1599 3719 1668 plantis.

2262 1712 2460 1778 Dignus
2487 1714 2542 1760 et
2568 1704 2656 1758 hic
2682 1714 2885 1772 pauper
2911 1694 3178 1765 Speciosat
3204 1690 3384 1745 limine
3409 1694 3583 1757 porta:
3610 1687 3718 1757 (q),

2267 1777 2437 1867 Quem
2469 1796 2609 1849 Deus
2636 1792 2750 1861 ipse
2782 1786 2929 1842 Petri
2967 1785 3134 1849 Deus,
3161 1789 3217 1835 et
3261 1778 3473 1843 Felicis,
3516 1777 3724 1832 eadem

2270 1889 2419 1941 Nunc
2442 1883 2591 1938 verbi
2619 1882 2817 1935 virtute
2844 1875 2927 1930 sui
2953 1872 3163 1928 sanavit
3186 1868 3327 1939 apud
3348 1883 3447 1922 nos

2638 1967 2889 2025 claudum
2917 1963 3102 2025 modo,
3130 1975 3236 2029 qua
3264 1964 3549 2012 sanaverat
3580 1956 3721 2009 olim

2268 2067 2347 2120 Ex
2390 2070 2547 2117 utero
2592 2056 2889 2114 claudum:
2941 2066 3046 2121 qua
3098 2050 3168 2121 (ε)
3206 2061 3349 2104 nunc
3396 2060 3501 2115 ope
3555 2044 3725 2098 hctus

3408 2132 3644 2207 [abibat,

2272 2242 2481 2310 Quique
2501 2250 2690 2309 preces
2717 2240 2937 2289 maestas
2967 2228 3030 2299 (t)
3060 2228 3114 2282 iu
3142 2225 3362 2281 vulnere
3390 2226 3464 2293 (ιι)
3496 2222 3724 2277 fuderat

3446 2313 3461 2386 Ι
3472 2315 3647 2379 intus,

2271 2422 2410 2477 Ecce
2433 2419 2562 2475 foris
2586 2430 2719 2470 sano
2741 2412 3000 2468 reddebat
3024 2422 3251 2477 corpore
3272 2414 3471 2477 grates.

2272 2511 2536 2579 Quidnam
2566 2521 2666 2575 ego
2693 2503 2858 2559 Felici
2899 2501 3099 2572 possim
3127 2499 3409 2554 redhibere
3434 2497 3727 2567 patrono?

2272 2601 2415 2666 Quas
2443 2597 2517 2651 illi
2546 2593 2773 2649 referam
2794 2598 2945 2645 tanto
2974 2604 3074 2658 pro
3102 2601 3327 2642 munere
3346 2585 3504 2654 digne
3526 2580 3605 2656 (υ)

2274 2691 2405 2744 Tam
2434 2688 2544 2742 cito
2568 2684 2634 2739 de
2667 2690 2817 2737 tanto
2841 2688 3061 2734 sanatus
3084 2678 3306 2732 vulnere
3333 2677 3546 2745 grates?

2274 2782 2390 2837 Non
2413 2778 2641 2849 pretium
2675 2774 2835 2829 statui
2866 2770 2948 2843 (π)
2981 2771 3207 2834 medico,
3239 2776 3330 2822 aut
3355 2766 3565 2821 fastidia
3590 2766 3731 2825 lecti

2277 2871 2472 2925 Tristia
2500 2864 2785 2927 substinui,
2809 2876 2983 2929 neque
3010 2875 3108 2930 per
3135 2857 3409 2927 scalpella,
3428 2856 3515 2910 vel
3543 2856 3733 2925 ignes,

2275 2964 2380 3016 Aut
2408 2958 2547 3013 male
2582 2953 2861 3010 mordaces
2891 2951 3037 3005 vario
3061 2949 3129 3004 de
3156 2947 3397 3017 gramine
3422 2960 3651 3011 succos,

531 3175 608 3246 (a)
637 3172 832 3228 Noster
870 3168 1041 3223 codex
1086 3163 1250 3218 habet
1285 3162 1371 3215 sit.
1414 3152 1705 3212 Emendavi
1742 3166 1811 3206 ex
1848 3148 2035 3206 codice
2062 3166 2108 3227 ς
2136 3146 2242 3246 :21:
2267 3124 2959 3246 suisml'ia
3000 3130 3129 3178 ηοω
3171 3129 3254 3177 εει
3295 3121 3349 3175 in
3389 3120 3505 3174 Αοιο
3537 3128 3734 3188 31105!-

638 3309 694 3381 ln
717 3315 909 3381 nost_ro_
919 3301 1107 3381 codice
1126 3298 1381 3366 scriptum
1401 3301 1483 3348 est
1508 3293 1641 3345 istis.
1665 3289 1735 3343 At
1752 3286 2036 3359 legendum

466 3386 528 3434 ut
543 3370 636 3431 ‘est
665 3378 716 3429 in
744 3373 865 3428 cod.
890 3370 1023 3423 Mur.

537 3425 797 3517 (Eripuit
818 3425 1166 3517 Muratorium
1186 3441 1269 3490 est
1297 3432 1561 3499 reliquum.
1592 3427 1660 3481 At
1685 3425 1935 3481 mendum
1957 3425 2037 3479 vi-

466 3506 621 3570 detur
648 3506 767 3567 esse
794 3506 1133 3579 typographi.

644 3563 780 3653 iiii.
809 3563 1369 3653 cddfhahettacitam,
1394 3574 1576 3623 noster
1595 3579 1722 3619 vero
1742 3563 2035 3634 placidam:

466 3644 582 3721 quae
598 3644 769 3721 lectio
793 3645 1004 3721 videtur
1015 3644 1226 3721 _potior.

549 3702 785 3789 (velatur.
818 3713 962 3789 cod.,
994 3702 1127 3789 Ante
1146 3725 1259 3764 reos
1278 3704 1739 3789 moneat,‘stimulo
1753 3718 1904 3772 quam
1933 3702 2039 3773 [ul-

466 3774 622 3911 hnir‘te't
648 3788 773 3841 ulla.
805 3782 875 3838 At
902 3774 1183 3849 legendum
1207 3778 1455 3833 existimo
1477 3781 1533 3829 ut
1560 3781 1643 3828 est
1665 3774 1717 3826 in
1740 3780 1925 3827 nostro
1948 3787 2041 3827 co-

508 3871 606 3911 tce.

508 3871 585 3911 tce
593 3895 606 3909 .

538 3926 615 3995 (fi)
647 3922 746 3995 Hic
774 3918 1042 3995 ver_sus_in
1082 3916 1219 3970 Mur.
1252 3913 1451 3995 .codice
1493 3912 1712 3995 omn'i'no
1743 3918 2041 3991 corruptus

467 3978 627 4048 era't':
672 3991 750 4046 sic
791 3990 932 4043 enim
973 3988 1026 4039 in
1069 3999 1136 4039 eo
1163 3984 1417 4052 scriptum
1444 3989 1526 4052 est
1558 3998 1586 4052 εΔ
1605 3978 1672 4033 Ut
1712 3981 1755 4032 si
1795 3979 2043 4048 profuerit

467 4062 712 4132 praemiis,
741 4060 852 4112 sine
889 4055 1109 4109 verberis
1134 4048 1590 4105 ictuXEmendavi
1618 4062 1684 4102 ex
1723 4057 1908 4101 nostro
1951 4062 2044 4102 co-

468 4131 620 4266 ὼῗῖί)
660 4196 720 4248 ln
744 4193 937 4266 Murat.
977 4188 1098 4243 cod.
1140 4188 1217 4241 sic
1254 4186 1511 4266 scriptum
1539 4192 1660 4237 est:
1706 4182 1864 4266 Salva
1903 4185 2045 4237 salus

466 4255 692 4319 hominis
720 4262 897 4314 redeat
934 4271 1175 4325 compage
1210 4257 1427 4325 remissa
1456 4270 1472 4306 :
1500 4267 1727 4320 quorum
1756 4255 2045 4308 verborum

468 4347 587 4402 qua:
615 4332 684 4385 sit
734 4327 999 4383 sententia
1040 4322 1147 4378 non
1192 4323 1371 4377 video.
1410 4322 1592 4390 Itaque
1632 4322 1803 4377 nostri
1849 4323 2047 4377 codicis

469 4401 754 4455 lectionem
791 4403 1006 4451 secutus
1030 4408 1168 4447 sum.

541 4466 617 4591 ([11,)
641 4467 781 4591 gllnr.
810 4464 954 4530 cod.,
1001 4463 1167 4527 sacri;
1195 4467 1394 4526 noster,
1426 4474 1606 4513 sacro:
1636 4467 1859 4529 utraque
1888 4458 2045 4514 lectio

541 4555 567 4591 ο
608 4553 636 4590 a
678 4553 777 4589 ns.

470 4552 777 4606 probamus.

543 4605 613 4673 (ἱ)
646 4604 712 4658 Et
738 4604 885 4673 Mur.
906 4602 1094 4666 codex,
1127 4607 1181 4655 et
1202 4606 1387 4673 noster
1421 4598 1582 4673 habet
1607 4598 1720 4673 sed:
1754 4596 1824 4649 At
1864 4595 2041 4650 Mura-

470 4666 638 4728 torius
666 4674 849 4727 mallet
876 4672 1053 4741 legere
1082 4687 1136 4724 se
1166 4668 1348 4737 :quod
1375 4676 1429 4721 et
1450 4668 1578 4721 mihi
1608 4666 1882 4735 probatur.

541 4753 617 4822 (j)
639 4753 714 4806 Ita
745 4760 926 4805 noster
980 4749 1168 4804 codex.
1194 4748 1274 4822 At
1288 4747 1339 4822 in
1368 4744 1500 4822 Mur.
1683 4744 1850 4799 multo
1871 4743 2046 4807 aliter,

470 4815 718 4875 nimirum
744 4838 756 4872 :
788 4821 1023 4872 meritum
1046 4833 1183 4871 cura:
1212 4816 1411 4869 sibimet
1431 4816 1582 4881 simul
1602 4815 1729 4882 ipse.

510 4969 522 4980 .
545 4898 633 5020 (Ιαέ¹
649 4898 841 4977 Noster
869 4895 1037 4975 codex
1063 4894 1225 4975 habet
1256 4901 1406 4973 inque
1443 4894 1639 4946 brevem
1686 4901 1947 4960 expertus.
1979 4890 2047 4943 At

511 4984 557 5020 Ic
641 4976 931 5019 uratortam
970 4962 1169 5017 COdICIS
1212 4963 1496 5016 lectionem
1525 4969 1737 5015 secutus
1774 4976 1891 5014 sum
1928 4978 1939 5011 :
1972 4964 2044 5014 ita

472 4962 562 5023 hic
585 4962 931 5020 Muratoriani
970 4962 1169 5017 codicis
1212 4962 1496 5016 lectionem
1525 4969 1737 5015 secutus
1774 4976 1891 5014 sum
1928 4978 1939 5011 :
1972 4964 2044 5014 ita

471 5037 614 5091 enim
636 5035 869 5103 postulat
897 5040 952 5087 et
969 5033 1125 5086 metri
1152 5032 1309 5091 ratio,
1339 5038 1393 5083 et
1417 5028 1519 5084 loci
1546 5030 1825 5083 sententia.

546 5112 615 5184 (ι)
638 5111 943 5190 Mur.‘_cod.,
974 5125 1141 5163 omne.
1171 5108 1240 5162 At
1266 5107 1546 5175 legendum
1573 5123 1767 5169 omnes,
1798 5115 1855 5159 ut
1877 5113 1961 5159 est
1988 5105 2042 5159 in

474 5180 661 5239 nostro
689 5180 893 5235 codice.

545 5250 642 5330 (in).
668 5248 806 5330 Mur.
828 5247 976 5329 cod.,
992 5248 1098 5330 uti:
1121 5245 1265 5315 quod
1285 5244 1538 5301 mendum
1555 5243 1744 5300 sustuli
1763 5243 2045 5298 lectionem

474 5318 646 5378 nostri
672 5318 871 5373 codicis
897 5325 1128 5370 secutus.
1746 5360 1750 5363 _

533 5388 624 5463 '(n)
655 5385 791 5440 Mur.
822 5384 1264 5463 cod.,insu'ltans.

548 5459 625 5538 (a)
654 5464 774 5538 Hoc
806 5471 888 5518 est
933 5462 1325 5538 claudicantem.
1352 5459 1471 5538 Xox
1505 5468 1653 5515 certe
1685 5474 2048 5538 no_va,_neque

476 5527 703 5591 Paulino
726 5534 904 5600 digna,
933 5529 1005 5600 de
1028 5545 1135 5598 quo
1164 5531 1239 5583 ait
1265 5529 1320 5583 8.
1352 5527 1571 5583 Hieron.
1603 5544 1688 5599 ep.
1714 5530 1780 5581 l5
1799 5528 1868 5600 ad
1895 5527 2049 5583 euin—

477 5606 601 5659 dem
629 5598 907 5658 scribens:
938 5598 999 5653 Si
1025 5600 1171 5667 quasi
1199 5606 1425 5651 eatrema
1458 5614 1641 5667 manus
1679 5599 1821 5664 operi
1849 5606 1935 5651 tuo
1962 5600 2046 5652 in-

478 5674 764 5732 duceretur,
790 5670 917 5723 nihil
945 5666 1160 5733 dulcius,
1193 5668 1417 5737 nihilque
1457 5666 1693 5719 Latinius
1724 5668 1822 5719 tuis
1849 5667 2052 5720 habere-

476 5753 593 5794 mus
616 5738 967 5794 voluminibus.
1011 5737 1093 5792 An
1116 5736 1450 5794 scribendum
1478 5737 1824 5805 plaudentem,
1851 5749 1917 5791 an
1950 5750 2049 5808 po-

2137 3222 2256 3275 cap.
2281 3218 2363 3275 ut.
2389 3201 2751 3275 Munironws.

2211 3267 2288 3345 '(p)
2313 3271 2456 3345 Mur.
2485 3267 2631 3345 cod.,
2661 3279 2952 3345 exsurgere-.1

2210 3328 2284 3412 (2,;
2313 3338 2446 3412 lbid.
2487 3338 2540 3390 in
2569 3328 2686 3390 Act.
2714 3353 2729 3412 ε
2757 3328 2845 3389 θοῑι
2870 3334 3059 3412 ἐτίθουν
3095 3330 3206 3412 seu
3240 3332 3429 3412 ag:th
3467 3328 3735 3412 πρόςιτήξ

2137 3396 2295 3485 adﬁci;
2320 3415 2407 3465 ἰ’-,ὓ
2432 3410 2567 3480 ἱεροῦ
2592 3412 2682 3463 τὴν
2717 3406 2980 3522 layerth
3017 3402 3226 3522 Ὑαίαν.
3265 3396 3427 3462 Quem
3460 3396 3740 3463 patiebant

2138 3479 2361 3522 numidia
2380 3477 2447 3522 ad
2470 3484 2669 3522 normm
2692 3482 2825 3522 temn
2849 3475 2888 3522 ἰ.
2904 3484 3016 3522 auat
3066 3470 3218 3522 icitur
3240 3467 3505 3522 Speciosa.
3529 3463 3739 3521 Musu-

3066 3486 3083 3522 ι

2138 3463 2361 3553 quotidie
2380 3477 2447 3530 ad
2468 3463 2669 3547 portam
2692 3463 2888 3543 templi,
2904 3484 3016 3541 qua
3031 3463 3218 3522 dicitur
3240 3467 3505 3538 Speciosa.
3529 3463 3739 3521 MU“-

2145 3564 2351 3606 TORlUS.

2212 3619 2283 3688 (r)
2308 3615 2449 3688 Mur.
2480 3611 2625 3688 cod.,
2656 3608 2918 3688 Excessit;
2942 3614 3128 3661 noster
3156 3621 3304 3668 vero,
3333 3604 3398 3657 de
3426 3618 3573 3658 casu.

2313 3619 2449 3669 Mur.
2480 3619 2625 3675 cod.,
2657 3619 2918 3673 Excessit;
2942 3619 3128 3661 noster
3156 3621 3304 3668 vero,

2266 3619 2442 3755 gitur.
2474 3679 2619 3741 cod.,
2651 3681 2752 3755 ista
2772 3720 2786 3742 ,
2824 3686 3001 3731 noster
3027 3691 3176 3742 vero,
3205 3692 3326 3746 qua.

2236 3704 2260 3739 8

2238 3747 2278 3824 ι)
2310 3754 2388 3824 {in
2422 3757 2627 3824 matus
2650 3748 2673 3800 ε)
2698 3747 3061 3824 Μυκεετοιιιυε.

2235 3813 2271 3875 u'
2317 3820 2452 3874 Mur.
2486 3817 2628 3883 cod.,
2655 3833 2746 3887 pro
2772 3820 3007 3879 vulnere;
3036 3820 3238 3877 noster,
3270 3814 3324 3865 in
3352 3813 3578 3866 vulnere.

2238 3824 2446 3963 agitur.
2475 3886 2625 3963 cod.,
2656 3903 2750 3953 pro
2780 3894 2922 3937 tanto
2948 3898 3161 3937 munere
3177 3882 3381 3952 dignas.
3416 3880 3529 3949 Ego
3550 3897 3578 3936 ι]

2238 3880 2282 3953 vi
2314 3890 2446 3942 Mur.
2476 3880 2625 3950 cod.,
2655 3880 2750 3953 pro
2780 3894 2922 3937 tanto
2948 3898 3161 3937 munere
3177 3882 3381 3952 dignas.
3416 3880 3529 3949 Ego
3550 3887 3747 3942 nostri

2245 3958 2339 4015 icis
2367 3958 2652 4012 lectionem
2680 3963 2896 4008 secutus
2922 3967 3059 4006 sum.

2216 4028 2292 4102 (π)
2316 4027 2567 4102 Celebres
2592 4023 2875 4102 admodum
2902 4030 3027 4102 sunt
3071 4019 3226 4100 Plinii
3266 4019 3676 4100 Senioriscap.
3714 4025 3744 4077 1

2142 4090 2237 4155 1th
2271 4090 2361 4151 iux
2412 4096 2463 4148 in
2510 4093 2748 4146 melicos
2804 4090 3191 4159 querimonia};
3244 4102 3417 4159 neque
3460 4090 3753 4149 minorem

2143 4169 2385 4238 plausum
2415 4170 2732 4238 assequutus
2754 4157 2838 4214 est
2858 4160 3233 4238 hennardus_a
3260 4157 3441 4238 Capua
3466 4160 3753 4226 peritissi-

2144 4227 2264 4292 mus
2291 4234 2461 4289 nostri
2487 4227 2587 4285 aevi
2647 4229 3025 4297 iatrosophista
3063 4229 3116 4281 in
3158 4227 3251 4281 lib.
3292 4227 3355 4278 de
3378 4228 3753 4297 medicinargc

2144 4306 2631 4359 medicamentorum
2661 4291 3051 4359 Incertitudine,
3083 4311 3241 4366 quem
3270 4296 3425 4366 annis
3434 4291 3754 4366 praeteritis

2147 4373 2488 4428 interdictum
2514 4369 2763 4432 vidimus,
2796 4382 2859 4421 ac
2887 4364 3150 4420 dolemus.
3184 4364 3318 4418 Huic
3346 4364 3547 4418 addere
3584 4366 3754 4425 lubet

2148 4441 2533 4496 Bcrnardinum
2580 4437 2957 4491 Ramazzinum
3006 4433 3069 4487 V.
3119 4432 3202 4495 C.,
3256 4443 3310 4486 et
3353 4432 3421 4486 de
3464 4434 3754 4492 medicina

2073 4511 2122 4570 Ι)
2149 4512 2350 4580 optime
2378 4509 2654 4580 meritum,
2671 4508 2761 4580 qui
2800 4507 2851 4559 in
2889 4504 3016 4580 diss.
3058 4504 3121 4556 de
3147 4502 3620 4580 _Constitutio_nibus
3655 4524 3757 4561 an.

2147 4571 2263 4661 nor.
2287 4578 2543 4661 l‘692,.93
2561 4585 2615 4661 et
2629 4571 2900 4661 illituum.
2922 4573 3011 4633 25,
3034 4571 3578 4661 crudelibuSImedicis
3608 4578 3755 4661 sui»

2148 4649 2415 4710 irascitur,
2431 4640 2820 4711 incertamque
2842 4657 3029 4696 eorum
3060 4642 3112 4694 in
3135 4641 3398 4695 medendo
3419 4640 3754 4700 methodum

2148 4718 2421 4785 eleganter
2447 4716 2705 4785 castigat;
2740 4719 2940 4785 gentem
2980 4711 3243 4773 rusticam,
3295 4711 3756 4785 qttwuﬂmgiipa.

2148 4778 2477 4866 (gehennam
2511 4778 3236 4866 medico'ﬁdit,fortunatam
3268 4778 3562 4866 appellatis.
3597 4778 3755 4838 Ern.

2147 4847 2442 4935 ditissimus
2467 4865 2681 4935 quoque
2716 4847 2968 4935 Harvaaus
3004 4864 3108 4935 no'n
3234 4847 3438 4935 pridem
3468 4847 3756 4927 (ᾔθεοι-ιθ-

2153 4925 2355 4976 tionem
2384 4915 2560 4975 emisit
2595 4915 2665 4971 'de
2710 4918 3019 4971 medicorum
3052 4915 3581 4978 Dolis,'Mendaciis,
3632 4930 3754 4976 etc.

2151 4992 2209 5045 S.
2241 4990 2543 5044 Bernardus
2568 4989 2619 5040 in
2647 5002 2734 5055 ep.
2766 4986 2861 5041 59.1
2908 4987 2973 5040 ad
3000 4986 3192 5040 fratres
3215 4986 3282 5039 de
3318 4984 3376 5038 8.
3404 4984 3709 5041 Anastasio
3741 5010 3754 5044 :

2152 5060 2453 5140 Propterea,
2478 5057 2666 5125 inquit,
2696 5059 2903 5140 minime
2921 5057 3159 5140 competit
3181 5055 3413 5140 religioni
3435 5064 3622 5140 vestra:
3647 5075 3753 5113 me»

2150 5124 2598 5199 dicinasquterere
2618 5126 2926 5199 corporales,
2958 5125 3047 5177 sed
3074 5140 3166 5199 nec
3194 5124 3400 5199 expedit
3426 5124 3606 5176 saluti.
3640 5126 3757 5181 Ibi-

2150 5196 2366 5277 deurad
2384 5192 2627 5277 remedia
2657 5192 2973 5277 spiritualia,
3004 5194 3198 5277 quibus
3236 5192 3408 5277 niaior
3442 5206 3607 5277 quam
3644 5196 3759 5250 hu-

2151 5266 2325 5320 manis
2355 5267 2493 5319 inest
2515 5259 2702 5326 virtus,
2726 5259 3135 5329 confugiendum
3163 5261 3341 5329 potius
3368 5260 3547 5329 docet.
3580 5259 3756 5321 Hunc

2151 5334 2389 5414 doctoris
2426 5328 3235 5414 mellilluidocum’.frttstranlo.
3284 5328 3528 5414 Molanug
3552 5329 3610 5381 in
3646 5348 3758 5389 suo

2149 5404 2350 5484 Diania,
2369 5416 2488 5482 cap.
2623 5400 3089 5484 mitigarenititur.
3114 5396 3298 5484 Defert
3317 5398 3479 5451 etiam
3493 5395 3553 5450 8.
3573 5396 3754 5484 μίαν.

2150 5472 2202 5525 in
2232 5465 2491 5551 liilarioii.
2520 5470 2639 5523 Vita
2687 5465 2985 5551 adductam.
3010 5469 3076 5521 ad
3117 5468 3257 5548 hunc
3298 5474 3547 5551 sanctum
3572 5465 3758 5527 fuisse

2149 5541 2449 5606 mulierem,
2492 5554 2611 5606 quae
2643 5553 2857 5593 omnem
2908 5537 3256 5606 substantiam
3299 5536 3360 5606 _in
3409 5535 3662 5594 medicos
3694 5558 3758 5596 se

2151 5622 2401 5675 erogasse
2437 5604 2771 5675 querebatur
2798 5607 2925 5675 ;cui
2967 5605 3204 5675 Hilarion
3238 5621 3250 5656 :
3285 5604 3346 5675 Si
3383 5618 3495 5671 qua
3524 5607 3755 5664 medicis

2150 5673 2324 5730 dando
2346 5673 2637 5744 perdidisti,
2669 5673 2974 5744 pauperibus
3013 5673 3232 5744 elargita
3260 5674 3465 5743 fuisses,
3502 5688 3755 5731 curasset

2153 5755 2199 5800 te
2226 5740 2371 5799 verus
2399 5745 2623 5800 medicus
2650 5740 2799 5799 Iesus
2822 5740 3071 5797 Christus.
3097 5740 3464 5797 Munia-omns.
