3994 6180
272 287 374 346 63!

270 418 372 475 260
411 420 614 479 vaior
632 436 687 480 et
710 429 927 495 morbis,
953 438 1007 485 et
1034 432 1345 488 vulneribus
1367 434 1628 489 medicina

409 512 469 567 in
496 529 689 584 corpus
713 526 952 584 grassata
984 535 1161 575 meum
1192 531 1292 587 est,
1320 524 1466 577 velut
1501 525 1695 579 accidit
1720 526 1847 593 illis,

410 603 554 670 Quos
586 605 819 661 humana
846 624 1033 665 manus
1060 621 1307 681 suspecta
1336 614 1515 668 visitat
1540 622 1676 678 arte,

411 692 637 761 Semper
663 702 720 747 et
749 696 954 752 incerto
983 701 1220 769 trepidos
1246 703 1508 757 solamine
1536 705 1738 773 palpat.

409 779 489 835 En
514 796 614 850 ego
635 799 733 853 per
754 785 915 842 breve
954 805 1095 845 nunc
1134 793 1363 861 spatium
1402 795 1640 863 perlatus
1669 796 1735 848 ad
1765 796 1847 865 ip-

270 951 369 1009 265
409 955 600 1014 Felicis
626 962 797 1016 sancti
824 964 1040 1029 solium,
1076 977 1129 1021 et
1158 969 1431 1037 projectus
1472 883 1669 1040 inegit:
1694 884 1772 953 (α)

406 1047 613 1105 Limine
645 1059 753 1106 tam
779 1054 977 1121 gelido,
1004 1072 1167 1124 quam
1198 1060 1333 1113 duro
1361 1060 1416 1113 in
1445 1076 1711 1116 marmore
1740 1060 1845 1115 fra-

1616 1160 1767 1215 ctus,

407 1228 581 1298 Atque
618 1230 806 1287 dolens
845 1232 1019 1302 jacui,
1070 1244 1125 1292 et
1170 1237 1315 1293 solus
1358 1151 1688 1296 mihiselmo
1714 1258 1840 1311 pre-

406 1408 532 1464 Sola
573 1410 703 1467 fides
746 1414 1008 1471 medicina
1046 1418 1182 1472 fuit:
1214 1419 1417 1473 nullum
1445 1333 1766 1484 all‘oll':a

405 1498 473 1553 Et
519 1502 662 1556 sensi
698 1503 981 1561 medicum.
1024 1506 1280 1573 Quisnam
1326 1509 1414 1563 hic
1448 1512 1705 1577 medicus,
1738 1512 1841 1565 nisi

1506 1600 1769 1670 [Christus
1854 1640 1859 1647 .

269 1676 371 1732 270
405 1680 543 1748 Ipse,
574 1682 659 1736 vel
701 1698 731 1737 a
772 1684 988 1741 Christo
1016 1687 1164 1743 Felix
1194 1689 1263 1745 de
1300 1692 1516 1746 nomine
1549 1690 1768 1759 Christi,

1689 304 1916 363 ΡΟΕΜΑ
1954 308 2070 365 la.

1874 423 1923 479 Δ

3403 330 3517 392 ὲίὲἱ).

2087 422 2434 498 501-503
2462 425 2731 493 Quantum
2770 429 2875 486 illis
2903 447 3022 490 mea
3053 452 3209 504 poma
3232 440 3358 497 boui
3387 459 3501 513 pro

2990 525 3224 595 [viderit,
3256 542 3314 585 ut
3332 532 3444 601 jam

1944 599 2048 653 290
2087 600 2433 660 Prmcaveant
2459 607 2525 661 de
2553 610 2779 665 terrenis
2803 612 2901 666 sibi
2930 630 3149 683 parcere
3176 599 3357 692 rebus,

2085 690 2170 755 Et,
2199 692 2343 747 lucra
2374 696 2498 751 dum
2523 707 2757 767 captant,
2790 705 3066 771 acquirere
3090 708 3283 764 damna
3309 690 3515 773 salutis.

2088 778 2219 832 Nam
2247 782 2291 834 si
2317 782 2383 837 de
2410 784 2498 837 vili
2530 787 2748 853 pecudis
2776 791 2905 844 mihi
2943 807 3105 849 carne
3138 798 3469 856 alimentum

2083 867 2415 940 Pauperibus
2452 873 2730 933 fraudasse
2758 881 2956 936 malum
2980 883 3047 955 (f)
3074 885 3198 954 fuit,
3227 895 3282 943 et
3309 892 3433 959 quid
3464 894 3515 951 in

3280 980 3299 1052 [
3313 981 3413 1036 illis
3428 1022 3443 1047 ,

2084 1049 2185 1117 Qui
2213 1053 2353 1108 male
2372 1053 2583 1111 divitias
2597 1059 2765 1115 multo
2788 1063 2865 1133 (g)
2887 1049 3516 1136 amplectuntur‘amore?

1943 1138 2047 1193 293
2085 1141 2420 1212 Defossisque
2447 1160 2544 1200 suo
2572 1148 2774 1216 pariter
2800 1167 2921 1206 cum
2950 1156 3113 1210 corde
3140 1161 3374 1214 metallis

2082 1231 2379 1287 lucubitaut
2395 1274 2415 1297 ,
2432 1244 2592 1303 atque
2614 1238 2727 1293 haec
2749 1240 2960 1295 latitare
2981 1244 3247 1313 superﬂua
3261 1251 3512 1317 produnt,

2082 1322 2209 1387 Quze
2237 1326 2456 1395 proprio
2482 1328 2639 1396 longe
2664 1340 2871 1385 secreta
2904 1340 3119 1389 tuentur
3138 1338 3206 1390 ab
3237 1342 3374 1393 usu?

2083 1410 2218 1477 Quid
2262 1413 2500 1470 facient?
2544 1418 2796 1487 quidnam
2836 1436 2932 1490 pro
2967 1437 3026 1477 se
3066 1424 3515 1487 tibi,t‘.hriste.lo-

3151 1515 3403 1587 [queatur
3424 1520 3447 1569 ?

2084 1593 2375 1649 Tantorum
2422 1598 2511 1665 qui
2559 1607 2766 1668 partem
2814 1601 3031 1672 inopum
3094 1606 3369 1669 invasere,
3420 1623 3517 1663 nec

3232 1694 3263 1766 ’[
3286 1696 3446 1753 ullam

406 1770 475 1824 Et
517 1774 714 1829 virtute
758 1779 993 1845 potens?
1037 1778 1297 1836 Neutrum
1356 1783 1449 1838 illo
1500 1784 1553 1838 in
1600 1792 1824 1854 temport

1941 1774 2046 1829 300
2084 1774 2395 1845 Apposucre
2420 1777 2518 1833 sibi
2547 1777 2614 1834 de
2642 1794 2700 1833 rc
2728 1789 3015 1850 superante
3042 1784 3306 1838 salutem?

1557 1874 1729 1944 [sensi
1754 1916 1771 1941 ,

406 1949 472 2005 Et
502 1958 681 2007 tamen
710 1954 823 2023 ipse
848 1955 948 2013 fuit
973 1972 1211 2028 praesens
1236 1964 1290 2017 in
1319 1970 1567 2032 utroque,
1592 1964 1734 2019 velut
1753 1981 1840 2021 me

405 2040 727 2100 Peccantem
765 2058 1014 2115 argueret
1048 2051 1174 2116 cito,
1205 2061 1525 2121 sanaretque
1546 2053 1834 2109 dolentem.

408 2132 512 2188 Par
537 2136 726 2191 modus
751 2137 804 2191 in
831 2140 1009 2207 specie
1036 2141 1181 2194 varia
1210 2142 1337 2195 mihi
1366 2144 1696 2209 castigantis,

265 2220 371 2275 275
407 2220 787 2293 Parcentisque
814 2226 912 2280 fuit
942 2227 1171 2282 Domini.
1202 2228 1453 2296 Sanator,
1481 2240 1537 2285 et
1565 2231 1710 2286 ultor

403 2311 715 2369 Luminibus
734 2315 908 2381 latuit,
937 2332 1093 2385 poena
1118 2326 1278 2387 atque
1304 2320 1512 2374 medela
1539 2320 1763 2375 refulsit.

403 2403 556 2459 Nunc
577 2419 678 2473 ego
700 2405 809 2473 jam
838 2407 999 2475 pleno
1025 2408 1275 2477 perfectis
1297 2411 1485 2465 ordine
1512 2413 1653 2468 votis

402 2495 496 2551 Ibo
542 2495 759 2552 domum
805 2499 1042 2567 gaudens
1085 2501 1313 2566 medico,
1355 2509 1605 2571 tutusque
1636 2503 1712 2573 (ὸ)
1745 2520 1838 2573 pa—

1583 2594 1766 2665 [trono

401 2674 684 2730 Eternum
714 2675 892 2732 Felice
918 2678 1048 2733 mihi
1073 2696 1087 2743 ;
1112 2695 1216 2734 non
1236 2680 1346 2749 jam
1369 2680 1445 2750 (ε)
1474 2682 1580 2736 ulla
1608 2683 1836 2739 verebor

258 2763 363 2818 280
397 2764 693 2821 Occursura
724 2768 872 2833 mihi,
902 2770 1048 2824 velut
1078 2780 1223 2836 ante,
1254 2774 1451 2841 pericla
1478 2774 1681 2828 viarum
1709 2792 1725 2827 :

394 2855 636 2926 Namque
663 2858 920 2927 periclum
961 2860 1161 2924 aberit,
1193 2862 1318 2930 quia
1344 2878 1505 2917 causa
1534 2865 1708 2917 soluta
1734 2879 1833 2933 pe-

1387 2954 1524 3026 [ricli
1550 2962 1632 3009 est
1660 2955 1760 3026 (d).

393 3038 509 3093 Non
538 3040 770 3095 resoluta
803 3041 935 3097 fides
962 3057 1047 3098 me
1076 3043 1352 3109 vinxerat,
1390 3053 1446 3099 et
1479 3045 1641 3101 modo
1668 3045 1833 3100 solvit

394 3128 518 3184 Rite
542 3132 717 3185 soluta
750 3130 883 3186 fides
905 3132 975 3202 (ε)
1002 3151 1016 3185 :
1042 3141 1219 3188 tamen
1238 3134 1436 3202 alliget,
1459 3150 1577 3203 oro,
1602 3143 1723 3191 tuus
1741 3151 1829 3190 me
1853 3121 1897 3179 (ἶ

392 3218 615 3288 Semper
664 3235 854 3287 amor,
902 3220 1051 3276 Felix
1094 3240 1106 3275 :
1154 3223 1305 3277 istam
1360 3225 1491 3278 mihi
1538 3234 1695 3281 necte
1733 3242 1827 3282 ca-

1539 3324 1714 3369 tenam
1738 3358 1756 3383 ,

1539 3324 1714 3369 tenam
1738 3358 1756 3383 ,

253 3399 352 3453 365
388 3398 505 3466 Qua
534 3399 630 3453 tibi
663 3414 749 3454 me
790 3414 1081 3469 numquam
1110 3416 1211 3455 nec
1238 3417 1416 3470 mors,
1453 3315 1553 3458 m[:c
1598 3406 1707 3459 vita
1737 3421 1825 3463 re-

1535 3496 1755 3567 [solvaL

385 3581 588 3633 Verum
624 3594 810 3634 omnes
838 3580 1161 3649 quicumque
1202 3596 1352 3636 meos
1385 3582 1566 3637 videre
1592 3584 1827 3651 dolores,

385 3670 553 3737 inque
581 3678 673 3724 tuo
701 3672 895 3725 merito
925 3670 1131 3738 magnis
1158 3670 1452 3740 insignibus
1477 3674 1639 3727 altam

382 3759 731 3828 Conspexere
758 3775 975 3813 manum
1002 3758 1221 3826 Christi,
1263 3775 1587 3830 cognoscere
1608 3762 1825 3829 debent,

315 3912 393 3978 (a)
426 3908 621 3981 Noster
648 3908 822 3981 codex
849 3909 1109 3981 mendose
1148 3910 1311 3964 habet
1337 3910 1409 3963 ad
1434 3912 1600 3966 illum.
1645 3911 1827 3981 Itaque

250 3979 594 4033 Muratoriani
624 3977 825 4031 codicis
855 3979 1137 4033 lectionem
1162 3994 1379 4046 sequor.

315 4048 389 4117 (lt)
424 4046 562 4100 Mur.
586 4046 728 4111 cod.,
756 4056 1006 4119 totusque,
1023 4047 1119 4102 sed
1137 4050 1390 4103 mendose
1408 4068 1418 4099 :
1436 4050 1615 4119 itaque
1640 4065 1822 4104 emcn-

248 4115 363 4169 davi
394 4133 462 4170 ex
496 4125 677 4171 nostro
706 4115 913 4169 codice.

318 4187 391 4255 (ε)
424 4185 563 4237 Mur.
594 4186 713 4255 cod.
746 4186 824 4240 sic
850 4185 1047 4240 habet:
1080 4184 1155 4237 2E
1161 4195 1357 4241 ternum
1379 4187 1575 4253 Felice,
1608 4203 1696 4241 nec
1716 4204 1826 4240 am-

247 4252 381 4324 plius
402 4254 513 4324 ulla
532 4252 755 4324 verebor.

319 4325 398 4389 (ά)
432 4321 570 4394 Mur.
597 4323 749 4394 _cod.,
778 4324 897 4393 quia
918 4339 1072 4376 causa
1099 4325 1337 4394 estnulla
1368 4326 1563 4394 pericli.
1589 4322 1701 4391 Ego
1729 4338 1827 4377 no-

246 4394 340 4445 stri
369 4391 575 4446 codicis
596 4391 879 4446 lectionem
909 4394 1077 4461 probo
1117 4392 1186 4446 ob
1226 4391 1389 4447 verba
1433 4408 1551 4462 quae
1578 4394 1825 4461 proxime

343 4469 563 4514 Ullﬂllll'.

246 4476 989 4599 set2;.)ui‘i:_u(;.)dic_e_Muratorii
1017 4530 1201 4585 deerat
1238 4544 1424 4585 versus
1448 4545 1604 4598 quem
1635 4546 1701 4586 ex
1729 4546 1829 4586 no-

244 4596 577 4667 stro'codice
605 4596 801 4649 addidi.
835 4596 924 4650 Sic
965 4607 1140 4652 autem
1170 4600 1424 4667 scriptum
1466 4596 1584 4653 erat
1612 4601 1663 4654 in
1691 4600 1826 4654 Mur.

245 4667 433 4738 codice
462 4663 747 4738 :_Namque
769 4667 1015 4738 periclum
1044 4669 1225 4731 aberit,
1266 4663 1562 4738 quiarcausa
1584 4679 1661 4722 est
1688 4669 1832 4722 nulla

244 4736 443 4803 pericli.
484 4732 606 4787 Non
650 4732 874 4788 resoluta
911 4736 1039 4804 ﬁdes
1080 4732 1289 4791 tamenf
1320 4737 1521 4807 alliget,
1554 4756 1644 4792 oro
1666 4776 1681 4802 ,
1716 4746 1831 4791 tuus

242 4820 343 4867 me,
372 4812 485 4858 etc.

315 4873 385 4943 (Γ)
416 4871 554 4926 Mur.
581 4870 726 4937 cod.,
761 4871 934 4937 malo;
963 4882 1019 4927 at
1057 4875 1247 4929 melior
1294 4875 1459 4929 nostri
1500 4875 1703 4930 codicis
1749 4875 1829 4930 le-

243 4942 373 4997 cuo;

337 5011 395 5081 g)
426 5009 564 5081 Mur.
595 5008 1155 5081 cod.,yanoruoster,
1184 5014 1361 5067 multo.

316 5011 395 5149 $9;
427 5011 564 5063 Mur.
595 5011 738 5073 cod.,
764 5026 922 5073 vano;
952 5020 1168 5094 uoster,
1184 5014 1361 5067 multo.
1769 5084 1778 5094 ⁸

339 5083 371 5131 h
425 5078 621 5149 Noster
661 5078 832 5149 codex
862 5080 1021 5135 habet
1049 5082 1217 5136 nobis.
1251 5084 1319 5136 At
1357 5081 1640 5148 legendum
1671 5084 1826 5146 vobis,

245 5155 307 5203 ut
329 5145 419 5203 est
443 5149 495 5200 in
520 5148 642 5203 cod.
667 5145 802 5202 Mur.

316 5217 390 5286 (i)
419 5215 558 5287 Mur.
589 5212 1137 5287 cod.,___V_e'neventum.
1173 5215 1316 5285 Lege
1342 5234 1463 5287 quae
1500 5219 1730 5273 diximus
1758 5218 1827 5273 ad

244 5283 414 5341 carm.
448 5285 532 5346 ll,
565 5300 707 5339 vers.
733 5283 856 5339 510.

313 5353 385 5425 (j)
414 5352 607 5425 sumen
626 5392 643 5416 ,
679 5354 1063 5425 inis,_m_amilla
1092 5370 1123 5407 a
1151 5354 1389 5423 sugendo
1418 5356 1628 5413 dicitur.
1658 5356 1824 5411 LuciL

244 5418 425 5492 Satyr.
460 5422 551 5479 lib.
584 5438 660 5491 tv,
683 5423 822 5494 apud
846 5422 1113 5479 Nonnium
1143 5442 1155 5479 :

366 5554 509 5619 Quod
533 5558 571 5604 si
598 5555 727 5605 nulla
752 5563 914 5619 potest
938 5556 1115 5606 mulier
1142 5563 1237 5605 tam
1264 5568 1469 5619 corpore
1493 5558 1615 5606 duro

367 5615 515 5679 Esse,
540 5626 698 5679 tamen
727 5615 903 5679 tenero
926 5626 1119 5666 maneat
1143 5615 1369 5665 succussa
1397 5617 1599 5679 lacerto,

361 5675 424 5726 Et
449 5675 616 5728 manus
640 5678 840 5736 uberior
864 5678 1055 5729 Iactanti
1082 5679 1130 5729 in
1152 5680 1341 5728 sumine
1366 5679 1510 5729 sidat.

2086 1864 2233 1919 Unus
2273 1866 2386 1919 abit
2423 1867 2636 1921 missus.
2668 1868 2817 1923 Nunc
2854 1885 3051 1925 mensae
3090 1880 3241 1941 grata
3268 1876 3516 1929 secundae

2084 1953 2305 2008 Fercula
2332 1969 2591 2023 ponemus
2622 1973 2634 2007 :
2660 1957 2752 2010 sed
2782 1960 3023 2025 quamvis
3056 1976 3239 2015 rursus
3272 1962 3515 2018 eamdem

2084 2044 2305 2099 Diverso
2334 2060 2550 2099 carnem
2579 2046 2848 2100 conditam
2870 2048 2990 2116 jure
3017 2049 3266 2107 feremus.

2083 2133 2322 2204 Namque
2376 2134 2520 2189 aliud
2569 2136 2721 2191 vobis
2745 2137 2821 2207 (It)
2851 2138 3075 2206 iterum,
3121 2141 3266 2211 quod
3313 2142 3383 2197 de
3418 2157 3519 2199 sue

3219 2229 3447 2299 [mirum

1939 2312 2043 2366 505
2080 2312 2233 2368 Lusit
2260 2329 2394 2383 opus
2422 2314 2591 2379 Felix,
2622 2315 2753 2371 mira
2784 2318 3022 2373 novitate
3042 2328 3304 2375 retexam.

2080 2401 2345 2472 Tempore
2381 2418 2469 2457 res
2494 2405 2639 2473 prior
2661 2414 2779 2459 est:
2812 2406 2905 2460 sed
2944 2409 3140 2462 nostris
3168 2418 3293 2464 ante
3324 2410 3525 2467 libellis-

2081 2490 2373 2557 Prmterita,
2406 2493 2458 2547 in
2479 2508 2713 2562 praesens
2737 2502 2946 2564 tempus
2966 2505 3177 2552 servata
3197 2509 3443 2554 canetur.

2078 2580 2185 2635 Nec
2214 2578 2394 2646 refert,
2440 2581 2585 2651 quod
2623 2598 2757 2652 opus
2784 2599 2891 2653 quo
2929 2585 2999 2639 sit
3026 2584 3125 2640 sub
3154 2594 3394 2657 tempore
3423 2604 3513 2656 ge-

3227 2679 3401 2750 [stum
3427 2697 3440 2742 ;

2079 2758 2226 2814 Unus
2253 2761 2355 2814 erit
2375 2760 2628 2829 quoniam
2655 2761 2815 2815 variis
2844 2772 3096 2831 operator
3121 2764 3177 2820 in
3206 2769 3379 2832 anuis,

1937 2849 2041 2903 510
2078 2850 2179 2916 Qui
2201 2850 2409 2906 diversa
2435 2850 2559 2906 facit
2588 2861 2897 2907 sanctorum
2922 2856 2975 2908 in
3006 2856 3163 2911 laude
3184 2874 3404 2915 suorum

2077 2938 2333 2997 Omnibus
2362 2942 2413 2996 in
2445 2943 2602 2997 terris
2622 2959 2799 2997 rerum
2828 2944 3087 2999 miracula
3116 2945 3375 3003 Christus.

2079 3031 2336 3098 Agricola:
2361 3032 2576 3100 quidam
2602 3032 2669 3086 de
2695 3035 2891 3089 nostris
2919 3035 3127 3103 longius
3153 3038 3264 3092 oris

2072 3123 2278 3193 Appula
2326 3132 2473 3177 trans
2516 3124 2702 3178 urbem
2748 3124 3112 3181 Beneventum
3141 3128 3211 3198 (ἱ)
3240 3146 3365 3185 rura
3416 3126 3510 3186 ροζ.

3245 3219 3439 3292 [lentes

2073 3304 2147 3359 De
2174 3316 2334 3373 grege
2353 3305 2583 3373 seligere
2611 3306 2791 3361 multis
2819 3321 2848 3360 a
2878 3306 3090 3363 ﬂetibus
3115 3324 3281 3364 unum

1929 3393 2034 3445 Silii
2071 3391 2266 3448 Lactea
2288 3394 2461 3449 adhuc
2481 3402 2669 3449 tenero
2689 3396 2988 3464 pulsantem
3008 3398 3219 3452 sumina
3240 3398 3287 3469 (j
3301 3401 3319 3465 )
3334 3408 3511 3457 rostro

2071 3483 2403 3554 Excerpsere
2429 3485 2548 3550 sibi,
2580 3493 2635 3539 et
2672 3494 2915 3540 curatum
2942 3495 3185 3557 tempore
3211 3491 3381 3545 multo

2071 3572 2338 3627 Paverunt
2367 3575 2418 3627 in
2448 3583 2571 3628 vota
2600 3589 2769 3641 suem,
2803 3584 2856 3628 et
2894 3590 3108 3643 coepere
3132 3586 3378 3645 paratum

2071 3665 2273 3718 Ducere
2298 3672 2561 3717 sacratam
2593 3664 2667 3731 (k)
2699 3664 2872 3718 sancti
2900 3664 3091 3718 Felicis
3112 3664 3180 3718 ad
3202 3666 3398 3731 aulam,

2070 3753 2311 3822 Corpore
2331 3752 2397 3806 de
2419 3765 2614 3819 magno
2635 3759 2693 3805 ut
2714 3752 2912 3807 multos
2932 3761 3197 3808 mactatus
3213 3755 3289 3825 (ι)
3312 3770 3511 3825 egenos

1930 3906 2199 3976 Lamprid.
2223 3906 2456 3979 iuAlex.
2485 3904 2671 3979 Severi
2711 3905 2831 3979 Vita
2858 3924 2869 3958 :
2892 3906 3077 3975 Jussit,
3096 3926 3171 3979 _ne
3197 3911 3309 3979 quis
3346 3914 3509 3966 sumi-

1929 3986 2107 4031 natam
2147 3977 2433 4038 occideret,
2480 3992 2543 4026 ne
2580 3976 2690 4045 quis
2739 3976 3031 4028 laetantem.
3081 3976 3428 4035 Casaubonus
3455 3982 3508 4035 in

1930 4046 2074 4101 notis
2100 4047 2431 4125 "suminatam
2459 4058 2556 4112 pro
2598 4046 2887 4125 saginatam
2913 4046 3178 4125 explicat,
3230 4049 3509 4125 ita_tame_n

1929 4124 1987 4170 ut
2009 4115 2286 4183 meliorem
2313 4128 2524 4168 sensum
2554 4114 2858 4175 arbitretur,
2882 4114 2926 4166 si
2950 4123 3152 4168 textum
3179 4119 3412 4183 corrigat
3431 4120 3510 4173 sic

1930 4184 2197 4263 legendo:
2231 4181 2455 4263 Nenquis
2492 4199 2632 4263 aueo}
2662 4184 2973 4262 suminatam
2998 4185 3268 4263 occideret.
3304 4181 3508 4263 Revera

1928 4250 2105 4306 sumen
2134 4250 2199 4306 de
2224 4250 2392 4321 suillis
2412 4252 2656 4321 mammis
2676 4252 2891 4321 proprie
2919 4261 3221 4321 usurpatur,
3245 4263 3299 4308 et
3323 4270 3387 4308 ex
3420 4256 3511 4309 illo

1928 4322 2194 4390 quoddam
2234 4318 2491 4375 farcimen
2524 4318 2902 4390 etfoniiabatur
2949 4318 3120 4376 Plinio
3159 4338 3221 4376 ac
3284 4323 3529 4379 Martiali.

1929 4388 2073 4459 saepe
2110 4398 2482 4462 memoratum.
2523 4388 2816 4442 Salmasius
2844 4389 2907 4441 ad
2947 4391 3510 4462 eumdemrLampridii

1854 4470 1907 4529 ι)
1935 4457 2109 4513 locum
2141 4457 2467 4512 Suminatam
2496 4466 2679 4512 censet
2708 4473 2807 4525 pro
2842 4460 3071 4529 scropha
3092 4457 3508 4529 intelligendam,

1934 4536 1987 4598 et
2012 4529 2284 4598 iactantem
2306 4542 2426 4598 esse
2457 4537 2681 4598 tenent»;
2711 4525 2993 4598 porculum.
3021 4525 3154 4598 Plin.
3178 4525 3365 4591 libfxl,
3390 4546 3509 4598 cap.

1935 4597 2021 4675 52,
2054 4597 2256 4650 sumina
2297 4597 2421 4649 olim
2449 4595 2548 4649 sub
2574 4593 2878 4675 abdominis
2905 4596 3262 4675 appellatione
3290 4593 3512 4675 _vcn_i_sse

1933 4665 2181 4729 aﬂirmat,
2213 4679 2373 4733 quem
2402 4663 2683 4719 consulere
2719 4662 2913 4732 cuique
2944 4662 3174 4718 liberum
3203 4665 3359 4720 facio.
3394 4666 3512 4721 MU-

1934 4749 2211 4787 RATOBIUS.

2005 4804 2076 4870 (Ιε)
2101 4801 2235 4854 Mur.
2260 4801 2404 4865 cod.,
2428 4802 2700 4856 sancitum.
2725 4801 2794 4855 At
2822 4800 3100 4870 legendum
3130 4810 3211 4856 est
3230 4813 3510 4871 sacratam,

1933 4879 1991 4923 ut
2020 4880 2101 4923 est
2127 4871 2177 4923 in
2204 4878 2391 4925 nostro
2418 4871 2620 4925 codice.

2006 4936 2077 5010 (t)
2109 4936 2417 5010 oblationes
2440 4940 2644 4994 votivas
2665 4940 2716 4993 in
2746 4954 3041 5010 pauperum
3068 4940 3358 4994 subsidium
3380 4954 3513 4995 com

1932 5007 2066 5061 ferri
2084 5008 2270 5062 solitas
2310 5024 2417 5063 non
2462 5010 2627 5062 semel
2662 5007 2872 5077 repetit'
2893 5007 3168 5077 Paulinus,
3197 5010 3323 5077 quia
3364 5024 3510 5077 mar-

1935 5077 2226 5158 tyribusnid
2266 5077 2551 5158 admodum
2598 5071 2863 5147 placebat.
2910 5076 2977 5130 Et
3019 5071 3163 5132 sane
3189 5071 3240 5131 in
3271 5071 3511 5158 Ecclesia

1933 5145 2209 5215 laudabilis
2237 5147 2365 5199 olim
2409 5145 2506 5199 fuit
2543 5145 2830 5215 agaparum
2855 5161 3011 5207 usus,
3041 5160 3147 5214 quo
3177 5148 3394 5201 nomine
3422 5147 3510 5214 pia

1933 5212 2071 5266 intra
2101 5212 2618 5296 ecclesia_s_convivia
2646 5212 3125 5296 distinguebantur.
3240 5212 3509 5296 iis_autem

1932 5297 2195 5353 pauperes
2222 5298 2285 5337 ex
2315 5284 2536 5337 divitum
2577 5299 2758 5353 mensa
2807 5284 3226 5353 participahant,
3272 5292 3329 5338 et
3369 5284 3511 5336 cari-

1930 5353 2055 5421 tatis
2094 5352 2252 5421 ardor
2291 5353 2590 5407 fovebatur.
2627 5352 2730 5407 Sed
2752 5368 2913 5421 quum
2944 5352 3065 5407 inde
3095 5354 3257 5406 multa
3298 5353 3503 5405 incom-

1931 5420 2088 5490 moda
2117 5420 2365 5485 ﬂuerent,
2394 5435 2575 5490 agapaz
2601 5438 2631 5475 e
2651 5420 3069 5476 Christianorum
3100 5432 3241 5475 cmtu
3263 5421 3505 5474 sublatae.

1928 5487 2265 5567 pblationum
2285 5487 2464 5567 tamen
2487 5487 2612 5544 usus
2628 5492 2963 5567 aliquatenus
2983 5491 3295 5560 permansit,
3310 5502 3508 5567 easque

1925 5557 1981 5610 in
2020 5566 2312 5628 martyrum
2345 5562 2601 5614 honorem
2632 5557 2797 5614 factas
2842 5560 2899 5613 S.
2934 5557 3066 5627 Aug.
3101 5566 3364 5612 memorat
3410 5557 3504 5610 lib.

1929 5642 2037 5705 vni,
2070 5627 2188 5696 cap.
2226 5627 2274 5705 7_.
2305 5630 2371 5682 de
2399 5630 2513 5683 Civ.
2532 5628 2655 5705 pei,
2681 5630 2732 5683 in
2761 5644 2985 5705 quarum
3017 5636 3216 5705 partem
3244 5640 3505 5705 pauperes

1925 5696 2084 5749 etiam
2119 5693 2449 5755 vocabantur
2478 5718 2488 5752 :
2523 5693 2879 5766 Qua-rumine,
2922 5698 2995 5751 ait
3018 5693 3150 5762 ’ille,
3198 5693 3507 5751 exhibentur
