3990 6182
228 294 331 350 565

355 501 564 555 Caelesti
585 500 787 555 ditione
805 500 985 554 datum
1002 507 1151 554 tanto
1180 498 1255 569 (a)
1284 500 1395 554 suis
1417 515 1567 565 auso,

221 592 321 648 375
354 591 509 646 Solus
537 598 598 644 ut
620 591 723 644 iret
749 590 852 644 iter
872 590 1105 657 longum,
1136 596 1394 657 tantoque
1418 589 1578 645 fuisse

352 683 567 750 Ingenio
594 696 836 750 porcum,
870 681 1066 747 ignotis
1093 688 1151 734 ut
1177 680 1390 733 tramite
1424 688 1575 734 recto

353 774 628 843 Digereret
665 770 853 841 spatiis
884 788 898 823 :
928 770 1056 838 quid
1100 778 1155 824 et
1204 769 1310 825 hoc
1347 778 1457 823 tam
1481 768 1554 839 (ὁ)
1584 768 1785 836 grande

1375 859 1540 931 [quod
1569 859 1714 912 illum

348 950 907 1009 Transbeneventanis
945 949 1014 1021 (c)
1043 949 1149 1005 huc
1192 948 1385 1004 finibus
1412 948 1784 1003 advenientem

346 1043 564 1099 Publica
608 1057 706 1097 seu
750 1040 912 1095 medii
959 1047 1233 1094 constrata
1279 1038 1387 1111 (ά)
1432 1054 1531 1108 per
1578 1040 1786 1107 aggeris

1503 1127 1716 1199 [audax

215 1223 313 1281 580
346 1198 568 1285 Miserit,
592 1233 843 1274 occursus
856 1232 1116 1286 nusquam
1141 1210 1333 1288 cepere
1362 1216 1430 1288 (ε)
1454 1198 1781 1286 frequentes,

1651 292 1881 347 ΡΟΕΜΑ
1920 291 2031 348 ΧΧ.

360 410 625 479 Obsequio
652 410 931 464 dominos?
961 408 1113 463 Patet
1138 408 1449 463 admirabile
1486 417 1783 465 monstrum
1813 416 1861 472 Α
1882 448 1897 451 Α

3362 294 3464 351 56ΰ

2026 412 2389 470 Persolvcnda
2417 417 2517 486 piis
2540 416 2698 485 longe
2716 431 2811 471 sua
2832 424 2956 471 vota
2986 416 3247 472 ferentum

2032 505 2372 575 Martyribus,
2400 508 2640 577 plaustro
2682 506 3017 575 subjunctam
3050 508 3119 578 (ι)
3148 524 3257 577 quo
3296 511 3457 564 vehe—

3151 596 3385 668 [rentum

1885 687 1991 746 ιοο
2029 688 2277 758 Aggressi
2326 688 2466 743 hanc
2519 689 2739 744 voluere
2785 688 2916 758 jugo
2971 687 3456 767 subiungerem),
3554 690 3557 693 ’

3122 776 3395 848 [quamvis

2028 869 2330 936 insuetam,
2360 877 2538 924 tamen
2565 877 2624 923 ut
2651 869 2869 933 mitem,
2894 866 3112 937 jamque
3151 874 3277 920 ante
3329 866 3462 921 snh-

3117 957 3314 1027 [θοιέιιη
3345 955 3423 1025 (η)

2031 1047 2225 1101 Usibus
2251 1047 2500 1101 humanis
2517 1085 2531 1111 ,
2578 1046 2769 1115 quibus
2798 1046 2941 1099 illam
2968 1060 2999 1100 e
3025 1058 3290 1113 congrege
3316 1052 3459 1101 cestu

2028 1136 2366 1191 Sustnlerant
2386 1136 2588 1190 domini
2612 1151 2851 1204 parvam,
2876 1137 3159 1204 tectisque,
3188 1135 3436 1205 cibisque

2028 1226 2350 1282 Miscuerant
2376 1245 2388 1280 :
2422 1228 2545 1281 hinc
2565 1234 2621 1279 ut
2648 1226 2848 1281 domita
2878 1225 3087 1280 feritate
3107 1233 3369 1295 putantes

346 1309 699 1383 505-506
723 1306 849 1362 Sive
877 1322 975 1376 per
1020 1306 1262 1362 occultos
1301 1306 1409 1374 egit
1438 1306 1506 1376 (f)
1558 1304 1784 1371 vestigia

1938 1318 1991 1371 )5
2027 1317 2137 1371 Sub
2162 1318 2286 1385 juga
2313 1332 2372 1372 se
2401 1317 2606 1388 facilem
2635 1315 2795 1369 docili
2823 1316 3031 1369 cervice
3054 1314 3316 1378 daturam,

1497 1396 1707 1468 [saltus,

343 1514 497 1569 Nulla
525 1526 716 1567 manus
742 1511 906 1579 ferro,
930 1510 1042 1566 fera
1072 1511 1156 1566 vel
1179 1510 1277 1565 fuit
1300 1509 1458 1565 obvia
1484 1524 1685 1563 morsu.

342 1604 471 1670 Quae
499 1604 675 1658 solum
703 1602 857 1656 duxit
884 1617 1094 1667 manus,
1118 1609 1209 1655 aut
1231 1600 1466 1671 protexit
1492 1599 1747 1654 euntem?

343 1694 551 1763 Nempe
576 1692 763 1747 oculos
782 1692 959 1760 aliqua
987 1691 1193 1746 celatus
1218 1690 1361 1745 nube
1380 1688 1597 1751 fefellit,

220 1784 317 1839 585
352 1784 492 1840 Aere
518 1783 593 1856 (g)
631 1783 717 1838 vel
746 1792 930 1853 raptus
957 1789 1121 1837 vento
1141 1796 1320 1850 mage,
1351 1794 1509 1849 quam
1536 1777 1671 1848 pede
1690 1792 1784 1832 ve-
1815 1763 1861 1822 Β

1578 1867 1601 1938 Ῐ
1612 1867 1709 1933 nit,

340 1962 403 2017 Et
421 1963 605 2018 subito
620 1961 913 2031 hospitium
942 1961 1143 2016 domini
1160 1960 1409 2029 delapsus
1428 1958 1495 2013 ad
1516 1958 1688 2028 ipsum
1706 1956 1781 2026 (Ιι)

338 2052 598 2108 Constitit
627 2053 810 2122 ignoto
841 2068 937 2121 pro
961 2052 1143 2106 limine
1165 2050 1471 2121 quadrupes
1491 2050 1706 2119 hospes.

341 2143 527 2198 Dicam
556 2142 731 2206 aliud,
774 2158 944 2211 prope
969 2142 1127 2196 vicini
1151 2141 1395 2195 mirabile
1412 2140 1568 2208 signi.

339 2232 473 2286 Nam
502 2247 704 2302 genere
733 2232 1038 2301 abjunctam
1079 2246 1241 2300 pecus
1265 2230 1563 2285 armentale
1591 2228 1785 2298 juven-

1000 2376 1003 2379 .
1571 2320 1712 2392 [cam

216 2411 309 2468 590
339 2412 570 2481 Qu’dam
616 2412 864 2468 homines
904 2425 1057 2481 mque
1083 2410 1374 2481 longinqua
1419 2410 1527 2465 huc
1556 2408 1627 2479 (i)
1656 2407 1786 2465 sede

1467 2498 1715 2572 [profecti

340 2597 621 2652 Secretam
654 2596 826 2665 primo
854 2592 1103 2649 laetantis
1128 2592 1195 2664 (j)
1226 2593 1295 2647 ab
1324 2593 1489 2647 ubere
1511 2590 1697 2645 matris

343 2686 660 2741 Nutrierant
688 2685 889 2739 nostris
914 2684 1095 2738 votivo
1122 2696 1345 2737 munere
1372 2688 1583 2750 pactam

342 2776 696 2845 Pauperibus,
728 2787 923 2842 magna
944 2788 1080 2841 quos
1103 2771 1222 2825 istic
1249 2770 1320 2841 (It)
1349 2770 1507 2839 plebe
1533 2774 1753 2822 coactos

340 2866 517 2935 Larga
540 2879 645 2935 ope
666 2865 955 2918 multorum
977 2861 1166 2916 Felicis
1185 2860 1357 2929 gratia
1380 2857 1573 2928 pascit.

216 2952 309 3011 395
344 2955 484 3024 Ergo
518 2956 607 3009 ubi
625 2954 737 3023 jam
761 2952 1016 3007 membris
1040 2949 1211 3005 vitula
1234 2948 1497 3005 exultavit
1524 2945 1719 3002 adultis

342 3046 507 3101 Facta
537 3060 637 3115 per
656 3051 932 3098 excretum
956 3041 1067 3110 jam
1096 3056 1293 3109 corpus
1314 3038 1507 3092 idonea
1534 3043 1684 3099 voto,

341 3134 675 3190 Promovere
703 3133 864 3188 domo
890 3150 903 3184 :
928 3131 1040 3195 sed,
1071 3130 1163 3199 qui
1190 3144 1307 3183 mos
1326 3141 1445 3183 esse
1468 3126 1681 3181 videtur

280 3268 351 3337 (a)
386 3267 444 3321 In
482 3266 766 3320 Muratorii
812 3263 997 3318 codice
1050 3263 1137 3317 hic
1180 3277 1369 3337 versus
1409 3258 1788 3337 claudicabat:

219 3329 389 3459 deﬁt-at
415 3338 569 3392 enim
616 3352 724 3389 vox
772 3344 936 3397 tanta.
983 3348 1142 3402 quam
1194 3329 1437 3401 supplevi
1492 3344 1559 3383 ex
1607 3335 1793 3383 nostro

220 3422 280 3459 00
319 3423 414 3459 tce.

220 3422 414 3461 COOICP.

286 3476 355 3545 (ὁ)
385 3474 631 3545 lnDlur.
653 3473 839 3545 codice
864 3471 1121 3545 scriptum
1168 3478 1251 3524 est
1276 3468 1412 3537 quod
1441 3476 1490 3520 et
1519 3467 1613 3522 hoc
1640 3483 1792 3537 quam

220 3541 419 3614 grande.
450 3544 635 3614 Nostri
660 3541 1174 3614 codicisleetiongm
1203 3547 1459 3614 sequutus
1486 3552 1622 3590 sum.

286 3614 353 3681 (c)
384 3613 438 3668 ln
471 3612 614 3665 Mur.
646 3610 832 3681 codice
857 3609 1057 3681 legitur
1088 3607 1253 3661 Trans
1293 3607 1682 3659 Veneventanis.

401 3682 546 3767 Mirr.
576 3678 751 3767 codex
781 3679 943 3733 habet
962 3685 1248 3767 ιξιιῂειιίιιιις
1291 3682 1474 3767 noster
1509 3681 1790 3767 constrata.

223 3742 413 3805 —-'V'iaa
440 3751 587 3809 olim-
617 3756 793 3803 strata:
822 3745 1245 3816 appellabantur,
1281 3743 1425 3801 unde
1467 3742 1797 3816 nomen__l_ta-

224 3818 366 3887 ljcum
403 3820 613 3884 slrada,
656 3833 724 3872 eo
769 3810 913 3887 quod
962 3815 1200 3870 silicibus
1242 3820 1628 3869 sternerentur.
1662 3810 1796 3865 Hinc

225 3884 413 3943 Paulin.
444 3890 572 3943 Nat.
607 3903 699 3941 xm
724 3904 737 3940 :

334 3966 459 4028 Cum"
473 3982 622 4029 tacita
645 3977 885 4038 inspirans
907 3986 1070 4038 curam
1095 3974 1210 4022 mihi
1237 3979 1404 4038 mente
1426 3971 1631 4031 iuberes

339 4040 537 4097 ﬂuniri,
563 4032 821 4097 sternique
846 4039 968 4086 viam
995 4036 1053 4082 ad
1081 4043 1160 4083 tua
1184 4042 1313 4083 tecta
1336 4032 1600 4081 ferentem.

227 4113 358 4174 idem
380 4126 602 4177 sanctus
629 4117 684 4172 in
712 4132 878 4173 carm.
908 4115 975 4169 ad
996 4113 1214 4185 Cyther.
1245 4112 1312 4167 de
1333 4111 1429 4165 Via
1453 4111 1625 4184 Appia
1650 4128 1662 4162 :
1748 4138 1753 4142 α

338 4211 453 4261 Post
475 4212 585 4259 hac
610 4215 664 4258 et
687 4209 745 4257 ad
771 4221 859 4256 nos
881 4218 1096 4268 porgere
1121 4207 1355 4265 incoeptat
1378 4203 1523 4263 viam,

402 4274 510 4329 Qua
536 4272 720 4319 sternit
744 4265 1150 4329 aggerem'silex,

345 4327 437 4383 Cui
455 4334 675 4381 monitor
697 4327 881 4395 Appius
902 4340 1081 4375 nomen
1103 4327 1255 4375 dedit.

231 4411 457 4471 Tibullus
486 4428 707 4487 quoque
734 4412 803 4466 ad
837 4409 1049 4464 Messal.
1080 4408 1353 4463 scribens:

339 4505 564 4566 Namque
589 4503 761 4566 Opibus
781 4505 1016 4566 congesta
1042 4500 1138 4566 tuis
1162 4498 1242 4566 hic
1260 4497 1426 4566 glarea
1450 4492 1571 4541 dura

403 4557 675 4623 Sternitur,
703 4564 782 4611 hic
805 4557 912 4623 apta
932 4562 1154 4621 jungitur
1177 4565 1287 4607 arte
1310 4557 1458 4605 silex.

234 4643 516 4714 Propterea
546 4643 843 4712 Procopius
871 4641 963 4714 lib.
1001 4656 1039 4694 ιι
1066 4638 1134 4694 de
1170 4638 1319 4714 Bello
1352 4636 1519 4714 Pers.,
1547 4647 1670 4704 pag.
1712 4632 1802 4714 ΜΞ,

236 4707 595 4791 Ξίιεέτρόξταρ
621 4707 892 4787 ἐστρομένη
914 4711 1029 4791 ὁδὸς
1047 4718 1110 4784 τῇ
1130 4707 1632 4791 Λατείιιεῖινιξιαλείται
1650 4712 1805 4774 φωνῇ.

236 4776 413 4835 Strata'
438 4782 633 4836 Latino
663 4776 896 4835 sermone
924 4782 1005 4833 via
1031 4776 1238 4832 vocatur
1265 4776 1491 4829 silicibus
1520 4782 1803 4828 constrata.

236 4850 407 4920 Neque
434 4854 543 4907 hoc
572 4851 883 4905 inferiorum
912 4849 1213 4920 seculorum
1244 4848 1522 4920 inventum
1568 4843 1682 4920 fuit,
1714 4841 1809 4894 sed

238 4912 370 4986 ipsos
398 4922 639 4975 melioris
665 4920 830 4974 seculi
862 4919 1078 4971 Latinos
1106 4915 1420 4986 vocabulum
1452 4912 1588 4965 istud
1612 4919 1804 4986 aucto-

237 4978 315 5043 res
340 4990 546 5045 habuit.
588 4989 771 5056 Virgil.
803 5004 820 5043 ι
863 4987 1077 5042 Aineid.
1122 4986 1302 5040 Strata
1341 4985 1538 5036 viarum
1576 4980 1667 5033 ait.
1702 4978 1808 5032 Lu—

238 5060 423 5114 cretius
450 5075 669 5129 quoque
702 5076 715 5111 :

354 5149 618 5207 Strataque
637 5149 736 5208 jam
762 5146 970 5206 pedibus
993 5142 1157 5208 papuli
1180 5143 1361 5193 detrita
1386 5141 1569 5189 viarum

354 5210 449 5258 Sax
457 5221 519 5257 ea
544 5209 879 5269 conspicimus.

242 5286 369 5347 Hinc
395 5301 580 5348 noster
604 5291 725 5345 Nat.
751 5307 805 5344 xx
829 5308 842 5343 :

785 5380 981 5429 Vitabat
1003 5382 1152 5428 strata
1176 5378 1379 5425 viarum.

244 5462 439 5534 §trata,
464 5484 529 5528 ιε,
548 5466 748 5534 absque
768 5465 872 5519 alio
893 5463 1257 5534 additamento
1277 5456 1633 5534 usurpabatur
1650 5454 1820 5534 etiam

247 5522 447 5611 Paulini
470 5522 607 5611 mvo,
649 5522 877 5611 namque
918 5535 972 5611 in
1017 5533 1052 5584 l.
1070 5548 1131 5611 χι
1161 5529 1281 5611 cod.
1541 5525 1613 5611 de
1628 5522 1811 5611 leag.

248 5601 454 5671 imper.,
477 5594 623 5657 edita
646 5604 710 5657 ab
740 5594 975 5659 llonorio
997 5610 1050 5655 ct
1070 5598 1434 5671 Theod._AA.,
1460 5596 1529 5647 ita
1556 5594 1812 5671 habetur:

247 5665 409 5737 Absit,
433 5665 624 5729 iit-nos
651 5673 1036 5728 instructionem
1080 5672 1173 5726 ria:
1199 5667 1433 5735 publicw,
1477 5673 1523 5718 et
1562 5665 1816 5734 pontium,

1832 4469 1881 4527 D

2028 1406 2328 1462 Sollicitant
2373 1405 2625 1475 palpante
2666 1419 2846 1468 manu,
2893 1411 2948 1457 et
2992 1411 3254 1457 conantur
3291 1401 3343 1456 in
3373 1415 3455 1454 ar-

3126 1494 3291 1565 [ctum
3317 1492 3389 1563 (ο)

2029 1584 2235 1641 Ducere
2264 1605 2277 1638 :
2306 1594 2364 1641 at
2392 1586 2481 1640 illa
2513 1585 2613 1641 sibi
2634 1586 2822 1641 solitos
2850 1584 3086 1639 alludere
3111 1592 3285 1638 tactus

2027 1677 2258 1733 Credula
2314 1678 2581 1733 consentit
2638 1678 2907 1746 primum,
2962 1675 3303 1744 sequiturque
3361 1687 3453 1727 vo-

3161 1765 3387 1835 [cantes.

2028 1862 2227 1916 Verum
2248 1861 2338 1916 ubi
2354 1861 2464 1930 jam
2486 1860 2733 1930 propiata
2750 1858 2879 1927 jugo
2900 1856 3181 1924 conSpexit
3206 1854 3457 1917 habenas,

1887 1952 1989 2005 410
2023 1952 2336 2019 Cervicique
2364 1965 2474 2005 suae
2501 1949 2768 2019 persensit
2796 1948 2908 2003 lora
2938 1945 3135 2013 parari,

2028 2041 2303 2109 Indignata
2332 2040 2469 2095 dolis
2499 2038 2596 2110 (p),
2630 2047 2685 2093 et
2709 2044 3012 2107 permutata
3041 2041 3261 2103 repente

2031 2132 2118 2187 Fit
2146 2132 2278 2195 fera,
2309 2146 2412 2185 nec
2436 2128 2648 2185 cervice
2664 2128 2872 2196 jugum,
2903 2140 3002 2180 nec
3025 2122 3235 2177 vincula
3264 2120 3417 2176 collo

2028 2221 2283 2292 Suscipit,
2315 2228 2370 2276 et
2393 2220 2545 2275 victis
2566 2217 2832 2278 manibus,
2864 2214 3101 2282 lorisque
3124 2209 3355 2265 recussis

2028 2314 2245 2371 Prosilit
2264 2328 2295 2367 a
2322 2319 2465 2368 coitu
2494 2310 2839 2371 retinentum,
2863 2312 2917 2360 et
2945 2304 3099 2359 devia
3127 2302 3286 2368 longe

1888 2409 1992 2464 M5
2030 2407 2172 2462 Rura
2200 2405 2368 2476 petit,
2399 2403 2607 2471 fugiens
2634 2399 2913 2463 dominos,
2946 2404 3267 2463 assuetaque
3297 2400 3457 2449 tecta.

2030 2496 2141 2551 Nec
2167 2493 2357 2565 procul
2377 2507 2446 2547 ex
2472 2489 2643 2545 oculis
2672 2487 2949 2542 hominum
2976 2484 3043 2539 de
3060 2496 3211 2537 more
3238 2479 3411 2536 ferino

2028 2586 2100 2642 Se
2123 2585 2294 2654 rapit,
2327 2592 2384 2638 et
2411 2581 2567 2637 (necis
2595 2578 2868 2647 fugitivam
2889 2574 3114 2630 saltibus
3141 2572 3320 2637 abdit;

2029 2675 2161 2730 Nam
2184 2673 2389 2742 fugiens
2410 2671 2657 2726 dominos
2676 2669 2935 2723 abeuntes
2948 2665 3157 2725 eminus
3176 2672 3364 2720 astans
3387 2660 3463 2736 (q)

2025 2766 2117 2820 Sic
2145 2764 2297 2833 fugit,
2328 2770 2389 2817 ut
2416 2778 2523 2817 non
2543 2776 2601 2816 se
2628 2760 2864 2831 patiatur
2890 2772 3015 2812 rure
3035 2755 3283 2825 relinqui.

1891 2857 1993 2911 420
2028 2855 2268 2923 Denique
2304 2854 2395 2909 ubi
2427 2854 2669 2922 junctum
2702 2848 2770 2921 (r)
2800 2848 3015 2916 gemino
3062 2848 3201 2900 bove
3248 2858 3467 2899 currere

2987 2936 3075 3005 [(5)
3098 2936 3391 3005 plaustrum

2034 3038 2328 3109 Conspicit,
2381 3036 2671 3089 humanum
2727 3029 2898 3099 sapit,
2946 3035 3001 3082 ct
3051 3024 3202 3095 quasi
3250 3022 3466 3079 conscia

3245 3116 3397 3189 {voto

1893 3270 2271 3330 stratammqu_e
2311 3254 2695 3330 operamjnter
2724 3250 2945 3330 sordida
2986 3261 3469 3330 tititnleraniiumerc-

1892 3315 2024 3387 iam.
2056 3315 2458 3384 Vide'Goth'ofr.
2491 3324 2557 3379 ad
2586 3321 2831 3378 eamdem
2861 3320 3033 3387 legem
3056 3335 3072 3383 ;
3095 3317 3174 3370 Du
3193 3315 3471 3387 Fresnium

1894 3384 1948 3456 in
1977 3384 2150 3455 Gloss.
2183 3399 2325 3464 Lat.,
2347 3395 2494 3464 verb.
2518 3393 2734 3447 STRATA
2763 3408 2777 3457 ;
2808 3384 2996 3444 lsidor.
3022 3387 3060 3441 l.
3096 3402 3185 3451 xv,
3213 3400 3263 3441 c.
3293 3384 3389 3449 16;
3419 3389 3475 3437 et

1894 3471 2116 3525 Juvenc.
2142 3468 2235 3521 lib.
2260 3463 2317 3521 1|.
2349 3463 2717 3518 Muanomus.

1966 3541 2037 3608 (ε)
2066 3536 2391 3590 Muratorius
2414 3534 2545 3600 legit
2572 3544 2848 3610 numquam
2881 3541 3114 3595 erupere;
3144 3530 3329 3577 noster
3343 3534 3474 3576 vero

1895 3600 2143 3675 nusquam
2171 3619 2383 3675 cepere:
2413 3616 2583 3675 quam
2600 3600 2882 3675 lectionem
2912 3608 3129 3675 sequor.

2074 3674 2209 3726 Mur.
2220 3657 2401 3745 fcodex
2430 3657 2690 3745 mendose
2713 3664 2944 3745 habebat
2969 3657 3142 3730 ibitur.
3170 3657 3274 3712 Sed
3298 3658 3476 3723 legen-

1896 3730 2029 3800 dum,
2050 3750 2132 3797 est
2150 3742 2269 3804 egit,
2302 3748 2359 3793 ut
2385 3745 2468 3792 est
2496 3738 2547 3789 in
2576 3743 2761 3804 nostro
2781 3730 2985 3785 codice.

1971 3792 2327 3882 {biiab—iur.
2356 3805 2542 3882 codice
2584 3802 2839 3882 scriptum
2870 3806 2987 3852 erat
3027 3812 3169 3882 aera:
3201 3793 3270 3882 ἶΑι
3291 3792 3477 3882 ,μω-ρ-

1901 3862 2068 3935 tori'u's
2092 3862 2261 3932 recte
2300 3862 2903 3937 emendaverat'legens
2940 3882 3077 3927 aere,
3114 3872 3174 3917 ut
3201 3862 3395 3931 legitur
3422 3862 3477 3915 in

1899 3958 2084 4005 nostro
2112 3946 2315 4001 codice.

1974 3998 2357 4088 (Ii-)vln'nostro
2379 4010 2562 4066 codice
2582 4008 2846 4088 scriptum
2865 4013 2966 4088 est,
2998 4000 3077 4082 Et.
3105 4000 3272 4088 subito
3299 3998 3479 4088 (iaspi-

1901 4069 2248 4141 tiuin'domini
2276 4083 2516 4152 delapsus
2543 4079 2606 4132 ab
2636 4069 2785 4131 auia.
2818 4074 2888 4127 At
2931 4071 3082 4140 sequi
3106 4069 3270 4124 malui
3296 4069 3481 4122 lectio-

1902 4171 2026 4216 nem
2055 4153 2255 4210 codicis
2282 4152 2416 4205 Mur.

1975 4205 2293 4296 ζῖᾐὶίδίίξικ
2322 4219 2506 4296 codice
2534 4216 2790 4284 scriptum
2813 4220 2912 4278 est,
2937 4211 3061 4274 hac;
3086 4208 3139 4262 in
3158 4212 3341 4263 nostro
3362 4205 3480 4257 hac.

1905 4290 2203 4364 Ego'istam
2228 4290 2512 4364 lectionem
2535 4299 2751 4364 sequor.
2891 4351 2906 4364 ἱ
2980 4348 3013 4364 ﬁ

1976 4338 2214 4433 mihi?
2230 4338 2640 4433 cedilla—tuenti}
2663 4369 2679 4405 :
2703 4366 2864 4420 quam
2891 4348 3175 4404 lectionem
3205 4338 3487 4398 emendavi

1907 4427 2189 4487 ex'n'ostro
2222 4427 2428 4483 codice.
2738 4489 2750 4491 _
2934 4485 2949 4491 _
3176 4490 3179 4491 ν
3227 4480 3261 4491 η
3414 4450 3433 4491 ._
3472 4476 3486 4489 ο

1976 4480 2247 4624 3631'er
2261 4495 2406 4560 cod.,
2448 4494 2587 4545 ista:
2613 4489 2756 4559 quod
2795 4485 3046 4542 mendum
3075 4480 3284 4545 sustuli,
3319 4480 3488 4533 nostri

2016 4570 2109 4624 icis
2138 4566 2421 4620 lectionem
2449 4568 2684 4615 secutus.
3007 4622 3014 4624 _
3345 4616 3354 4624 _
3381 4616 3392 4624 _

1907 4566 2109 4625 codicis
2138 4566 2421 4620 lectionem
2449 4568 2684 4615 secutus.

1982 4616 2516 4709 bin—ricodice
2544 4628 2797 4709 scriptum
2820 4630 2940 4709 erat
2956 4616 3490 4709 [laesisti-utﬁt?

1909 4683 2056 4789 gere:
2077 4683 2399 4759 bima—torius
2428 4683 2831 4789 e‘niepdavit‘sic
2859 4683 3039 4789 legens
3065 4707 3077 4742 :
3106 4689 3337 4789 pfaustro
3366 4683 3491 4737 sub-

2188 4773 2205 4789 ‘
2224 4782 2258 4789 “
2276 4788 2287 4789 ί
2366 4786 2418 4789 -μ
2496 4767 2544 4789 ²--
2576 4782 2659 4789 -—---
2690 4782 2731 4789 ιι-
2795 4779 2859 4789 nn
2904 4776 2989 4789 n-n
3046 4774 3140 4789 νην
3160 4770 3331 4789 ιιιι-ιηιι
3357 4768 3491 4789 pnn-

1904 4758 2150 4847 figere:
2177 4773 2424 4847 Attamen
2454 4767 2663 4847 hiulcus
2688 4765 2859 4847 adhuc
2903 4758 3025 4847 erat
3046 4758 3333 4847 verborum
3357 4768 3492 4847 con:

1911 4829 2091 4902 cursu.
2134 4842 2315 4908 itaque
2358 4836 2636 4905 legendqu
2684 4836 2913 4905 plaustro
2941 4829 3298 4899 subjunctam,
3328 4830 3397 4877 ut
3412 4830 3494 4876 ost

1916 4917 1967 4970 in
2001 4921 2183 4967 nostro
2211 4909 2416 4963 codice.

1984 4961 2425 5063 (ιιιῖῇίιιιίὸοόη
2465 4974 2775 5029 submittere.
2810 4968 3043 5038 Utraque
3090 4965 3249 5020 lectio
3296 4961 3493 5029 {malia-

1911 5054 2050 5109 bilis.

1986 5100 2062 5193 6i)
2093 5116 2398 5193 Emendavi
2425 5130 2490 5170 ex
2534 5122 2718 5170 nostro
2766 5108 2970 5193 codice.
3002 5106 3138 5159 Mur.
3172 5102 3295 5159 cod.
3329 5100 3495 5155 hath

1915 5180 2082 5245 tamen
2101 5198 2157 5243 ut
2178 5189 2349 5243 utilem
2370 5188 2485 5256 jam
2513 5194 2678 5237 mente
2707 5180 2937 5233 subacta.

2010 5260 2060 5320 ο)
2092 5259 2228 5313 Mur.
2261 5257 2483 5320 cod.,in
2512 5264 2701 5307 artum.
2906 5318 2913 5320 ξ
3005 5317 3014 5320 Α
3156 5314 3187 5320 __
3302 5309 3312 5319 _
3372 5307 3402 5320 __

2010 5278 2039 5314 ο
2092 5260 2228 5313 Mur.
2261 5260 2404 5320 cod.,
2429 5260 2483 5308 in
2512 5264 2701 5307 artum.
3395 5309 3402 5316 _

1986 5260 2061 5399 ip;
2094 5328 2228 5381 Mur.
2258 5326 2401 5389 cod.,
2432 5324 2577 5378 dolos
2602 5340 2617 5375 :
2648 5337 2767 5389 quae
2796 5318 2953 5373 lectio
2974 5317 3042 5371 sit
3069 5314 3256 5368 melior
3296 5307 3497 5378 judicct

1914 5401 2104 5454 lector.

2013 5470 2063 5538 q)
2096 5468 2229 5538 Mm‘.
2262 5467 2407 5538 cod.,
2440 5465 2672 5538 adstans.
2835 5536 2841 5538 _
2973 5526 2982 5535 .

2020 5534 2064 5599 ὲ)
2094 5537 2227 5590 Mur.
2263 5537 2406 5599 cod.,
2440 5536 2693 5595 vinctum;
2727 5536 2928 5589 noster,
2955 5534 3209 5599 jun_cmm.

2020 5555 2043 5589 r
2094 5543 2227 5590 Mur.
2263 5543 2406 5599 cod.,
2440 5543 2693 5595 vinctum;
2727 5543 2928 5589 nOSter,
2955 5543 3158 5594 ﬁmum

2017 5543 2064 5681 si
2090 5607 2224 5661 Mur.
2261 5605 2403 5672 cod.,
2437 5619 2673 5667 currere;
2704 5607 2905 5664 uoster,
2937 5594 3158 5650 tendere.
