3990 6182
480 263 581 318 867
1395 262 1451 317 S.
1492 259 1762 315 PAULINI
1821 258 2066 313 NOLANI
2097 256 2400 313 EPISCOPI
2438 255 2780 312 POEMATA.
3618 256 3714 312 563

619 373 811 429 Deberi
853 388 995 438 sese,
1027 389 1208 430 eomes
1236 374 1310 446 (ιι)
1341 376 1528 444 incipit
1554 378 1673 430 esse
1700 374 1971 443 profectis.
2075 376 2126 433 Α
2151 369 2256 425 455
2290 370 2618 440 Pauperibus
2640 370 2842 425 factura
2865 367 3013 424 cibos
3032 368 3100 423 de
3124 381 3353 437 corpore
3378 381 3545 436 eteae,

619 462 731 517 Nec
751 463 907 531 longe
927 479 1108 519 comes
1131 473 1232 529 est,
1264 465 1430 519 tardis
1451 480 1631 519 comes
1660 465 1877 518 orbibus
1905 464 1982 517 ire
2292 459 2432 515 L'cta
2461 475 2615 514 suum
2647 458 2820 512 fundit
2846 458 3185 512 dominorum
3215 457 3268 510 in
3296 464 3418 511 vota
3450 471 3717 510 cruorem.

618 550 853 620 Spernit,
884 560 939 606 et
964 567 1189 607 excursu
1212 554 1359 607 velut
1378 554 1652 608 exultante
1677 552 1749 622 (b)
1777 559 2053 619 gementes
2293 551 2647 621 507-508
2667 548 2927 615 Quorsum
2950 548 3165 603 isthtec?
3186 546 3437 616 numquid
3459 546 3722 615 pecudum

486 640 585 705 625
622 639 976 701 Ρνωιεινγεειει
1003 648 1151 696 rotas
1179 642 1307 696 lenti
1330 642 1619 697 moliminis
1646 653 1835 708 agmen
2791 638 2889 708 [(d)
2918 646 3020 702 est,
3050 645 3111 691 ut
3140 637 3428 706 Apostolus
3458 638 3654 705 inquit,

620 728 860 798 Respicit
880 738 1004 784 ante
1022 730 1229 797 volans,
1251 746 1354 786 nec
1373 730 1483 798 jam
1508 730 1660 784 timet
1683 730 1748 783 ad
1765 729 1891 797 juga
1912 729 2048 797 cogi,
2294 724 2433 784 cura
2462 728 2613 783 Deo?
2641 726 2748 783 Sed
2767 728 2857 796 qui
2877 736 3099 798 propter
3123 742 3221 783 nos
3245 728 3422 783 omnia
3454 727 3606 791 fecit,

620 816 906 886 Invisoque
934 818 1084 887 prius
1111 818 1168 872 Iit
1196 820 1389 883 amica,
1416 826 1472 873 et
1491 820 1689 887 przevia
1716 818 1976 887 plaustro,
2292 817 2483 874 Omnia
2509 834 2607 887 pro
2635 818 2789 873 nobis
2809 826 3064 887 operatur
3092 819 3145 871 in
3178 817 3424 872 omnibus
3444 827 3657 882 auctor,

620 908 803 962 Donec
829 915 1089 963 sacratam
1107 918 1324 962 ventum
1346 908 1538 962 Felicis
1559 907 1625 961 ad
1653 908 1829 961 aulam
1852 916 1934 963 est
1958 906 2049 977 (c).
2154 906 2259 961 M0
2296 908 2471 975 Atque
2489 922 2587 977 per
2614 907 2826 975 ignaras
2853 907 2924 977 (e)
2957 906 3190 976 pecudes
3219 906 3502 976 operantia
3523 906 3684 960 nobis

624 996 734 1052 Illic
760 1004 950 1065 sponte
977 996 1198 1064 gradum
1225 997 1383 1062 sistit,
1414 1011 1640 1065 seseque
1666 998 1877 1052 vocanti
2291 995 2453 1066 Signa
2482 995 2631 1061 facit,
2662 997 2849 1051 brutas
2872 1011 2969 1064 per
2989 996 3133 1050 clara
3156 995 3384 1063 insignia
3408 1004 3626 1051 mentes

482 1088 583 1141 450
620 1087 887 1156 Applicat,
909 1094 964 1139 et
994 1093 1269 1154 tamquam
1297 1086 1410 1143 voti
1431 1101 1524 1140 rea
1552 1086 1752 1154 gaudet
1780 1087 1833 1140 in
1865 1086 1982 1155 ipso
2295 1084 2605 1140 Sollicitans
2628 1085 2841 1138 ﬁrmare
2871 1083 3049 1147 Iidem,
3081 1091 3137 1137 et
3164 1083 3435 1138 conlidere
3463 1098 3619 1145 vero,

617 1178 773 1233 Stare
798 1178 917 1231 loco
935 1218 950 1241 ,
980 1177 1255 1246 propriam
1283 1177 1369 1231 cui
1398 1176 1558 1230 debet
1584 1176 1801 1231 victima
1831 1176 2047 1231 caedem.
2298 1174 2368 1229 Ut
2388 1175 2673 1230 Dominum
2699 1174 2904 1228 dociles
2930 1173 3125 1242 linguis
3154 1172 3209 1226 in
3236 1173 3402 1227 verba
3430 1172 3627 1226 solutis

616 1267 710 1321 Illa
738 1268 973 1334 rebellis,
1006 1275 1061 1321 et
1088 1268 1336 1322 humanis
1364 1284 1471 1322 non
1499 1267 1709 1322 subdita
1735 1268 1925 1323 vinclis
2155 1265 2259 1319 444
2294 1265 2412 1323 Non
2459 1273 2673 1320 taceant
2720 1264 2983 1329 homines,
3032 1278 3193 1332 quem
3238 1263 3405 1330 signis
3450 1270 3603 1315 muta
3648 1262 3725 1315 Ie-

618 1355 842 1410 Ducitur
870 1355 937 1409 ad
966 1355 1231 1424 placidam
1264 1355 1409 1409 nullo
1440 1356 1728 1415 luctamine
1754 1364 1983 1411 mortem
3380 1353 3658 1425 [quuntur.

615 1445 936 1501 lntemerata
961 1444 1102 1513 jugis
1130 1446 1470 1503 summittens
1497 1445 1635 1500 cella
1664 1446 1858 1510 securi,

549 1615 623 1696 (α)
648 1615 707 1671 In
750 1622 934 1671 nostro
972 1613 1158 1669 codice
1200 1616 1463 1696 scriptum
1504 1616 1802 1696 estnromis.
1833 1613 2054 1696 Ego_le-
2228 1617 2303 1696 (ἀ)
2328 1617 2383 1672 S.
2417 1615 2612 1696 Paulus
2636 1617 2659 1672 Ῑ
2681 1618 2746 1673 ad
2766 1617 3008 1696 Corinth.
3041 1632 3157 1696 cap.
3178 1633 3237 1696 ξι
3256 1618 3490 1696 εἶεν-γὰρ
3510 1627 3586 1691 τῷ
3604 1620 3731 1696 νόμῳ

478 1683 1334 1777 ξεΩςΒΞη-Ξπξξθὲἕζξιςίιιξξςξξ
1353 1686 1406 1737 in
1428 1684 1546 1738 cod.
1570 1683 1705 1738 Mur.
1730 1685 1861 1737 Nam
1883 1684 2053 1753 prima

2156 1683 2671 1777 ιχίωσέωςὶγέσγραπὲται
2696 1706 2708 1740 :
2736 1690 2793 1777 2τύ
2836 1694 3067 1770 φιμώσας
3104 1683 3487 1777 βρῶιᾶλοώἑιιτὰ

478 1752 855 1834 syllla‘bajocis
882 1756 1041 1834 contis
1070 1761 1153 1832 est
1184 1753 1359 1834 longa.
1422 1820 1465 1834 η
1710 1820 1724 1834 ⁸
1820 1822 1831 1834 ,
1886 1752 1897 1753 ί

2157 1758 2291 1834 β9ῷν
2320 1752 2550 1834 pila}?
2575 1759 2712 1834 Θεῷ..
2734 1752 3006 1834 εσυ-ὄρφνῃ⁹
3031 1752 3112 1810 est
3132 1758 3187 1834 in
3209 1756 3349 1834 .le-ge.
3372 1752 3589 1834 oysi:
3615 1755 3730 1810 Non

550 1820 621 1890 (ὁ)
676 1819 811 1873 Mur.
867 1820 1013 1885 cod.,
1070 1821 1370 1874 insultante.
1422 1820 1657 1890 Utraque
1709 1820 1871 1877 lectio
1922 1836 2054 1891 pro-
2155 1819 2391 1895 alligabit
2421 1842 2478 1878 os
2506 1819 2617 1880 Βοινί
2642 1819 2927 1879 ὶνὶεανανὶιί.
2953 1822 3220 1893 Numquid
3238 1819 3302 1879 de
3331 1819 3491 1879 δυῡαὶ
3512 1842 3637 1879 cura
3664 1833 3733 1881 eu

550 1890 690 1943 bilis.
2155 1893 2266 1947 Deo
2283 1895 2305 1947 τ)
2325 1894 2695 1947 Munnonws.

479 1889 839 2093 :Eglﬁocula
861 1968 938 2013 est
956 1957 1107 2013 deest
1134 1958 1187 2022 in
1214 1957 1332 2013 cod.
1365 1957 1640 2014 Muraterii
1665 1958 1843 2028 :quod
1866 1973 2055 2029 parum

2155 1889 2305 1948 Deo?
2325 1894 2695 1949 Munnontus.
3110 1889 3120 1893 ’

2158 1962 2629 2093 ἱσέεζαξέηιθηίιθνί
2659 1980 2723 2018 ex
2762 1972 2947 2023 nostro
2981 1962 3187 2019 codice.
3229 1960 3366 2017 Mur.
3399 1962 3529 2021 cod.
3570 1962 3727 2018 habet

638 2063 667 2089 ρ.
2158 2049 2383 2101 ignotas.

1792 2186 1878 2254 M
1894 2184 2431 2257 UBATORII

1916 2499 2343 2563 PBEFATIO
2355 2545 2368 2558 .

548 2633 786 2707 509-5
797 2634 894 2704 10
906 2631 1077 2703 Supra
1093 2633 1228 2690 alios
1244 2633 1457 2691 Natales
1480 2636 1670 2706 procul
1689 2637 1852 2694 dubio
1868 2638 2305 2707 praeclarissimus
2326 2647 2409 2692 est
2422 2637 2661 2695 decimus
2682 2636 2890 2699 tertius,
2911 2642 3021 2689 tum
3042 2631 3611 2705 propteruberrimam
3630 2646 3737 2691 eru<

476 2724 732 2780 ditionem
748 2765 763 2790 ,
795 2740 987 2795 resque
1011 2734 1189 2792 gestas
1222 2725 1430 2779 Paulini
1471 2726 1590 2783 fuse
1618 2728 1726 2783 illic
1746 2728 2057 2798 explicatas,
2082 2737 2195 2793 tum
2222 2730 2387 2785 etiam
2416 2736 2637 2797 propter
2661 2726 2888 2783 eximios
2912 2725 3080 2791 viros,
3103 2724 3326 2792 piasque
3351 2721 3605 2787 feminas,
3627 2734 3738 2790 qum

475 2812 621 2868 Nolae
648 2817 948 2871 constituta:
968 2817 1219 2887 episcopo
1239 2819 1452 2875 canenti
1473 2819 1716 2885 aderant,
1734 2821 2074 2891 pretiumque
2092 2820 2447 2877 solemnitatis
2460 2819 2746 2886 augebant.
2775 2817 2960 2871 Annus
2981 2830 3089 2884 quo
3102 2813 3306 2868 Natalis
3321 2814 3706 2882 pronunciatus
3721 2849 3736 2873 ,

474 2914 558 2964 est
573 2906 801 2974 vulgaris
816 2907 1033 2977 epochte
1054 2906 1175 2972 406,
1202 2908 1277 2962 uti
1297 2906 1611 2977 Chimetius,
1634 2918 1786 2979 parte
1812 2910 1847 2963 2
1870 2910 2077 2965 Paulini
2106 2910 2375 2975 illustrati,
2399 2908 2588 2965 solidis
2611 2907 2937 2976 argumentis
2960 2906 3149 2962 ductus
3178 2904 3389 2974 probat,
3411 2919 3478 2958 ac
3496 2902 3738 2972 Prosperi

473 2994 778 3053 Clironicon
800 3006 1043 3053 testatur.
1069 2999 1280 3054 Etenim
1306 2998 1379 3054 ibi
1405 2998 1733 3068 Radagaisus
1759 3018 1881 3057 cum
1909 3018 2007 3058 suo
2036 3004 2277 3059 exercitu
2308 3002 2373 3056 ad
2403 3002 2824 3057 internecionem
2862 2998 3174 3069 proﬂigatus
3195 2998 3391 3053 dicitur
3422 2996 3679 3052 Stilicone
3704 3009 3737 3049 ιι

472 3097 521 3146 τι
554 3091 790 3144 Antemio
816 3091 1128 3156 consulibus,
1162 3106 1305 3146 anno
1343 3106 1539 3163 nempe
1568 3092 1691 3147 405.
1724 3094 1889 3161 Igitur
1909 3096 2155 3163 sequenti
2184 3109 2327 3151 anno
2376 3106 2563 3161 pacem
2610 3091 2777 3145 Italia:
2819 3090 3082 3145 redditam
3110 3088 3255 3144 canit
3286 3086 3569 3151 Paulinus,
3601 3101 3662 3140 ac
3689 3086 3736 3138 in

473 3190 615 3230 anno
642 3186 927 3246 propterea
958 3178 1062 3230 406
1107 3177 1345 3247 ﬁgendus
1385 3181 1605 3236 Natalis.
1648 3182 1800 3238 Nunc
1848 3183 2118 3238 videamus
2154 3184 2372 3252 quinam
2400 3183 2508 3237 sint
2535 3182 2769 3236 illustres
2794 3180 2832 3234 ii
2858 3180 2958 3234 viri
2998 3194 3060 3234 ac
3113 3178 3344 3243 feminaz,
3384 3177 3585 3248 quibus
3612 3191 3737 3244 pra)-

473 3264 711 3318 scntibus
748 3264 1200 3332 elegantissimum
1239 3282 1456 3327 carmen
1494 3270 1741 3324 recitavit
1788 3280 1947 3339 poeta
1994 3280 2196 3337 noster.
2246 3271 2442 3328 Decem
2496 3284 2602 3333 una
2643 3284 2765 3326 cum
2807 3267 3033 3334 Paulino
3078 3266 3259 3330 fuisse.
3304 3264 3557 3336 proditur
3605 3266 3736 3321 hisce

474 3352 714 3408 versibus
740 3370 750 3405 :
2271 3371 2288 3386 ε

1398 3447 1529 3556 Ergo
1554 3460 1727 3499 novem
1749 3451 1911 3499 cuncti
1933 3452 2063 3500 socia
2084 3464 2192 3501 cum
2217 3453 2353 3515 prole
2379 3460 2611 3513 parentes

1499 3516 1668 3557 ectore
1688 3513 1911 3559 concordi
1935 3515 2087 3560 simus
2108 3518 2163 3563 ut
2184 3526 2277 3561 una
2303 3513 2489 3563 chelvs.

1460 3526 1668 3557 recwre
1688 3526 1911 3559 concordi
1935 3526 2087 3560 almus
2108 3526 2163 3563 ut
2184 3526 2277 3561 una
2303 3526 2489 3574 cnetys.

1394 3568 1617 3635 Eminus
1641 3571 1808 3635 veniat
1826 3572 2061 3635 decimus.
2087 3573 2224 3622 Tunc
2243 3576 2457 3635 denique
2483 3571 2630 3634 pleno

1455 3628 1691 3680 Concinet
1718 3631 1768 3679 in
1795 3633 1940 3682 nobis
1964 3636 2165 3694 mystica
2191 3635 2272 3684 lex
2300 3628 2519 3683 numero.

471 3720 793 3792 Singillatim
822 3724 1003 3799 itaque
1031 3740 1217 3783 eorum
1244 3729 1462 3790 nomina
1491 3731 1808 3791 recolamus.
1843 3730 2006 3792 Primi
2041 3736 2282 3795 omnium
2311 3743 2679 3791 memorantur

1394 3820 1600 3871 Turcius
1623 3835 1710 3871 ere
1736 3824 1833 3884 pio,
1860 3825 2068 3875 ﬂorente
2092 3827 2329 3876 Suecrius
2349 3838 2475 3876 aevo.

472 3888 696 3951 Turcius
725 3895 865 3952 idem
894 3908 976 3953 est
1003 3913 1066 3953 ac
1089 3899 1426 3968 Apronianus
1454 3901 1518 3956 ν.
1551 3901 1636 3969 C.,
1676 3904 1767 3971 qui
1795 3913 1983 3973 postea
2006 3904 2089 3961 his
2118 3906 2370 3961 versibus
2395 3904 2809 3961 commendatur
2838 3923 2852 3957 :

1401 3989 1727 4062 Apronianum
1752 3991 2133 4062 'l‘urcia:__gentis
2156 3995 2306 4062 decus

1370 4048 1555 4123 nitate.
1580 4063 1803 4110 puerum,
1833 4048 2063 4103 sensibus
2082 4055 2245 4103 carnis
2266 4067 2455 4103 senem.

473 4122 725 4211 Suecrius
756 4126 822 4195 (si
851 4134 1028 4181 tamen
1056 4141 1187 4194 pure
1232 4127 1337 4181 hoc
1365 4122 1564 4182 nomen
1606 4129 1660 4182 in
1698 4131 1887 4187 codice
1929 4133 2181 4204 refertur)
2211 4144 2304 4190 aut
2341 4136 2610 4192 Asterium
2648 4134 2827 4193 Turcii
2869 4132 3160 4204 Aproniani
3188 4146 3350 4204 supra
3380 4133 3540 4197 relati
3579 4131 3735 4191 lilium

475 4216 711 4279 exhibet,
745 4215 812 4269 de
842 4228 949 4282 quo
979 4213 1231 4271 Paulinus
1252 4214 1387 4269 infra
1414 4233 1425 4268 :

1393 4326 1480 4375 Ast
1501 4326 1628 4376 aliud
1653 4331 1769 4380 mihi
1799 4343 1881 4391 par
1904 4330 2072 4380 lumen
2097 4333 2146 4381 in
2173 4334 2372 4384 Asterie
2397 4343 2488 4383 est.

475 4404 579 4457 Aut
608 4401 893 4460 I‘inianum
923 4402 988 4463 γ.
1020 4403 1107 4471 C.,
1137 4404 1205 4460 de
1231 4422 1339 4480 quo
1367 4423 1515 4462 mox.
1543 4408 1855 4479 Sequuntur
1880 4415 2072 4484 puella:
2095 4416 2213 4471 dum
2239 4434 2252 4469 :

1983 4505 2282 4570 Similesque
2308 4508 2489 4570 puella:

1396 4558 1847 4635 él‘tilanualisAerat
1869 4547 2118 4635 sorori-lla-
2127 4547 2598 4635 ῖῧῇἕῷδῐῐὶἶὲίίῐη,

1396 4619 1842 4695 ﬁebilis—intimi»,
1869 4637 2015 4685 quam
2038 4628 2200 4695 signat
2222 4629 2445 4695 Epistola‘
2459 4619 2627 4692 Pauli;

1395 4681 1455 4753 Iit
1477 4681 1631 4753 simul
1642 4681 2111 4753 liiinomia'zeternis'
2119 4688 2218 4750 jam
2242 4681 2380 4753 pacta
2404 4692 2572 4753 virago

1396 4742 1450 4791 In
1473 4742 1599 4792 caelo
1622 4743 1860 4794 thalamis.

474 4811 643 4909 IJnIus
694 4820 887 4887 puella:
916 4836 1110 4877 nomen
1140 4823 1411 4891 elucescit,
1453 4824 1728 4882 Eunomia
1757 4844 1981 4900 nempe,
2012 4849 2130 4903 quae
2173 4833 2421 4890 Turcium
2457 4836 2819 4906 Apronianum
2861 4852 2926 4894 ac
2953 4837 3163 4893 Avitam
3198 4845 3450 4909 parentes
3488 4838 3731 4894 habebat.

470 4905 705 4963 Alterius
728 4922 858 4963 vero
887 4912 1262 4982 supplendum,
1284 4916 1388 4971 hoc
1416 4927 1498 4973 est
1526 4917 1769 4977 Melania:
1786 4923 2036 4992 junioris,
2073 4928 2158 4982 cui
2189 4928 2378 4982 Albina
2414 4905 2614 4994 mater;
2648 4930 2760 4985 haec
2786 4931 2983 4985 etenim
3010 4947 3117 4986 una
3157 4905 3379 5001 propter
3414 4940 3627 4989 (etatem
3655 4939 3732 4985 te-

470 5013 653 5055 neram
707 5003 1003 5072 matrisque
1029 5008 1365 5075 praesentiam
1397 5010 1573 5078 puella
1603 5012 1706 5068 dici
1735 5016 1932 5083 potuit.
1964 5015 2077 5073 Hoc
2108 5027 2286 5072 autem
2317 5019 2451 5073 infra
2481 5020 2673 5076 melius
2701 5021 3054 5091 exprimitur:

1394 5099 1628 5171 ﬂatribus
1648 5104 1728 5171 his
1750 5104 1847 5171 duo
1867 5111 1982 5171 sunt
2007 5108 2163 5155 tribus
2185 5120 2282 5156 uno
2310 5109 2513 5171 pignora
2535 5122 2681 5171 sexu,

1389 5160 1505 5210 Flos
1527 5166 1771 5225 geminus,
1801 5165 1977 5215 Melani
2000 5180 2226 5229 germen,
2256 5160 2323 5218 et'
2336 5160 2585 5218 Eunomia.

418 5230 427 5235 “
467 5229 694 5289 Carmen
723 5232 921 5289 Melani
952 5253 1052 5306 pro
1083 5237 1313 5294 Melania
1338 5242 1573 5310 ponitur,
1610 5258 1707 5299 seu
1738 5246 1860 5314 quia
1899 5261 1966 5300 ex
1998 5247 2107 5302 lilio
2134 5248 2364 5303 senioris
2394 5247 2638 5302 Melania:
2678 5249 2971 5318 prodierat,
3003 5264 3123 5312 seu,
3166 5256 3225 5303 ut
3254 5248 3451 5304 rectius
3479 5248 3727 5311 dicamus,

468 5334 753 5395 poetarum
794 5342 859 5382 ac
902 5329 1170 5399 praecipue
1215 5331 1520 5388 Graecorum
1564 5350 1733 5398 more,
1770 5335 1962 5403 quibus
1994 5336 2256 5391 familiare
2277 5346 2361 5392 est
2405 5353 2506 5406 pro
2552 5339 2772 5393 nomine
2806 5348 2957 5394 recte
2993 5339 3186 5392 similia
3217 5354 3494 5408 usurpare.
3526 5340 3617 5393 Sic
3651 5339 3730 5408 βίη

472 5417 737 5489 Πριάμοιο,
768 5416 840 5469 vis
871 5415 1089 5485 Priami,
1124 5418 1176 5473 id
1208 5431 1289 5475 est
1318 5421 1602 5488 Priamus;
1646 5432 1688 5485 ῖς
1722 5426 2039 5496 Τηλεμάχοιο

2149 5426 2267 5480 ebur
2312 5426 2621 5494 Telemachi,
2664 5428 2801 5483 idest
2842 5428 3200 5492 Telemachus,
3230 5428 3368 5498 apud
3414 5427 3725 5487 Homerum;

474 5509 623 5575 fortis
652 5510 763 5578 equi
792 5509 885 5575 vis,
910 5509 1013 5565 hoc
1042 5519 1123 5565 est
1147 5529 1322 5579 equus,
1352 5512 1493 5581 apud
1526 5514 1861 5579 Lucretium;
1910 5523 1965 5569 et
1998 5516 2173 5571 'odora
2219 5533 2402 5571 canum
2444 5518 2517 5571 vis
2564 5532 2664 5586 pro
2714 5533 2866 5571 canes
2895 5515 3032 5585 apud
3062 5516 3339 5583 Virgilium
3377 5518 3725 5587 reperiuntur.

473 5596 645 5671 Quum
685 5603 865 5677 itaque
888 5611 1094 5659 certum
1126 5604 1212 5667 sit,
1244 5604 1525 5661 Mclaniam
1557 5607 1643 5663 hic
1683 5607 1849 5675 iunui,
1899 5609 2120 5671 dubium
2145 5611 2199 5667 in
2237 5609 2383 5667 Allia:
2423 5613 2638 5670 nomine
2674 5619 2915 5668 exortum
2960 5619 3039 5666 est
3077 5610 3225 5667 mihi.
3264 5608 3537 5683 Siquidem
3582 5620 3726 5664 soror
