3994 6180
236 276 338 331 569
1264 278 1499 335 POEMA
1538 277 1673 333 XXI.
1715 279 2201 352 -ίίἮᾸΞσΡΑΤΙα
3388 281 3494 339 670

235 390 565 448 Philemonis
586 407 695 448 non
719 393 879 464 Alﬁo,
908 394 1001 448 sed
1030 392 1213 449 Grzcce
1232 396 1441 468 Ἀπφὶα,
1471 403 1526 449 et
1554 396 1607 449 in
1636 396 1860 463 Vulgata
1881 397 2131 450 versione
2176 395 2366 449 Latina
2403 397 2569 466 Appia
2596 403 2744 450 recte
2777 395 2987 463 dicitur,
3036 397 3176 451 unde
3214 397 3259 452 si
3306 411 3496 453 sensus

234 483 319 537 hic
342 481 662 537 habendus:
693 480 874 546 Qualis
904 485 1001 554 fuit
1026 483 1164 553 Allia
1190 502 1339 539 soror
1371 485 1708 551 Philemonis,
1756 485 2129 552 corrigendum
2180 500 2395 550 nomen,
2450 501 2514 539 ac
2556 486 2724 554 Appia
2772 488 3159 555 reponendum.
3202 489 3398 543 Verum
3441 489 3495 543 in

231 587 353 626 eam
379 573 560 643 potius
583 575 902 628 sententiam
934 574 1195 639 traherer,
1229 583 1287 628 ιιι
1322 574 1455 627 Allia
1484 574 1725 628 Melania:
1752 589 1950 628 nomen
1992 588 2209 641 quoque
2244 572 2434 635 fuerit;
2471 575 2654 642 sicque
2692 574 2945 642 legerem,
2977 585 3034 628 ut
3072 583 3195 643 post
3229 576 3368 644 Alﬁo
3396 593 3498 646 po-

231 665 468 720 nendum
498 680 708 721 comma
739 666 1047 720 arbitrarer.
1080 666 1284 719 Nomen
1309 666 1413 720 hoc
1434 666 1706 720 veteribus
1727 674 1933 732 notum,
1951 672 2011 718 ut
2031 679 2129 717 nos
2158 679 2263 717 non
2287 680 2457 733 pauca
2482 664 2676 721 docent
2698 681 2990 732 marmora,
3012 681 3077 721 ac
3104 665 3217 735 ipse
3240 674 3417 721 textus
3440 667 3493 721 id

232 772 343 827 prtc
363 771 422 811 se
450 756 591 811 ferre
632 757 868 822 videtur;
921 773 1042 812 cum
1069 759 1211 812 enim
1249 758 1470 813 inferius
1496 757 1638 812 dicat
1667 774 1682 812 :
1713 757 1779 811 Et
1807 759 1960 811 simul
1990 756 2267 820 Eunomia,
2300 757 2499 825 oppido
2530 773 2628 812 nos
2674 767 2876 823 monet,
2902 772 3217 827 expressum
3249 758 3497 827 superius

230 848 394 903 fuisse
414 856 470 902 et
489 847 712 903 alterius
739 847 930 919 puella:
959 863 1173 903 nomen.
1199 847 1355 903 Hisce
1383 847 1624 903 succedit
1651 848 1844 902 Albina
1872 846 2110 916 ejusdem
2139 848 2379 903 Melania:
2400 856 2572 904 mater
2596 868 2608 902 :

1156 952 1314 1004 Prima
1337 956 1469 1005 chori
1494 956 1667 1004 Albina
1694 963 1785 1004 est.

228 1054 299 1109 Et
323 1056 461 1110 infra
490 1057 555 1110 de
582 1056 811 1110 Melania
840 1071 1144 1111 sermonem
1170 1058 1371 1113 habens
1396 1072 1514 1112 eam
1537 1057 1725 1111 Albina
1753 1072 1864 1109 cum
1895 1064 2059 1110 matre
2086 1057 2323 1124 copulat.
2358 1055 2485 1110 Inde
2524 1056 2867 1125 subsequitur
2896 1055 3139 1110 erasia
3164 1073 3180 1109 :
3212 1056 3434 1126 Compar
3451 1066 3500 1110 et

230 1144 490 1207 llwresia,
522 1160 638 1211 seu,
669 1155 728 1198 ut
763 1146 889 1200 diss.
934 1144 967 1197 5
1007 1147 1264 1210 dicemus,
1315 1147 1571 1203 Tlierasia
1601 1148 1687 1201 illa
1712 1148 1800 1212 sit,
1830 1162 1893 1201 ac
1933 1147 2004 1200 ita
2045 1147 2393 1213 corrigendus
2426 1156 2602 1202 textus
2630 1166 2641 1200 :
2677 1150 3017 1219 511-512
3048 1149 3173 1202 Cum
3202 1167 3324 1219 pare
3365 1148 3499 1201 The-

230 1236 394 1289 rasia.
424 1234 551 1289 Hzcc
579 1236 631 1288 in
662 1235 843 1289 seculo
873 1234 1079 1289 Paulini
1109 1237 1305 1305 conqu
1334 1237 1451 1300 fuit,
1491 1253 1610 1291 cum
1640 1252 1747 1304 quo
1790 1236 1913 1291 dein
1949 1237 2335 1290 continentiam
2386 1236 2631 1305 amplexa
2678 1238 2972 1305 piissimam
3016 1238 3177 1291 etiam
3214 1247 3322 1291 tum
3356 1237 3502 1290 Nolm

229 1328 398 1388 vitam
425 1329 673 1384 ducebat.
698 1328 853 1385 Avita
880 1330 1076 1385 mulier
1104 1331 1206 1386 alia
1234 1331 1355 1385 dein
1384 1338 1745 1385 memoratur:

1154 1449 1384 1507 Jnngitur
1409 1449 1524 1497 huic
1548 1458 1779 1504 germana
1800 1446 1936 1506 iugo,
1963 1453 2015 1494 ut
2040 1448 2103 1494 sit
2128 1448 2274 1495 tt-rtia
2301 1447 2549 1508 princeps,

1212 1510 1435 1571 Agminls
1460 1509 1753 1568 hymnisunis
1778 1516 1935 1556 mater
1961 1509 2100 1556 Av.ta
2122 1510 2300 1558 choris.

230 1607 387 1667 Avita
416 1619 594 1665 autem
618 1610 793 1667 Turcii
834 1611 1121 1682 Aproniani
1162 1610 1358 1680 conjux
1396 1620 1530 1676 erat,
1570 1619 1626 1665 et
1648 1627 1715 1665 ex
1757 1626 1823 1667 eo
1850 1612 1988 1668 duos
2012 1619 2269 1681 genuerat
2302 1610 2456 1677 filios,
2506 1611 2772 1666 Asterium
2812 1627 3003 1682 nempe
3027 1654 3041 1678 ,
3080 1628 3142 1667 ac
3176 1611 3496 1667 Eunomiam

230 1714 391 1769 supra
420 1700 682 1757 laudatos.
709 1700 836 1756 Post
863 1704 962 1758 hos
990 1701 1243 1761 Pinianus
1271 1703 1336 1757 V.
1367 1701 1428 1757 C.
1461 1704 1703 1772 sequitur
1728 1702 1969 1758 Melania:
1991 1703 2220 1773 jnnioris
2248 1704 2471 1757 maritus
2504 1720 2515 1755 :

1152 1812 1279 1898 taline
1304 1814 1593 1898 prOpinaua't
1612 1813 1772 1860 socius
1792 1810 1967 1898 :quLali
1986 1813 2105 1874 jugo

1149 1873 1268 1921 lEvo
1294 1877 1446 1921 minor
1470 1873 1722 1932 Pinianus,
1749 1886 1831 1935 par
1854 1873 1969 1924 fide.

228 1968 460 2038 Aiquale
480 1969 664 2039 jugum
694 1972 769 2027 illi
796 1986 915 2026 cum
946 1971 1140 2029 Turcio
1163 1971 1327 2039 facit;
1358 1974 1515 2028 ambo
1543 1974 1686 2028 enim
1714 1974 1988 2042 conjugati
2017 1981 2189 2028 erant.
2222 1974 2279 2029 Si
2309 1974 2424 2029 istis
2450 1975 2731 2029 Paulinum
2761 1975 2934 2045 ipsum
2964 1977 3201 2045 adjicias,
3233 1991 3295 2030 ac
3324 1975 3498 2030 Αἲηιῖς

229 2063 376 2129 lium,
402 2062 588 2117 decem
615 2064 843 2118 habebis
871 2065 1057 2132 procul
1084 2064 1245 2122 dubio
1294 2065 1415 2120 illos
1443 2080 1579 2134 quos
1627 2079 1787 2119 versu
1814 2080 1974 2135 supra
2012 2065 2230 2120 laudato
2268 2066 2522 2121 innuebat
2551 2067 2665 2135 ipse
2706 2074 2885 2135 poeta.
2916 2067 3119 2133 Quibus
3146 2068 3353 2137 positis,
3381 2067 3499 2120 elu-

128 2202 133 2211 ,
228 2153 391 2205 cescit
421 2168 518 2207 cur
546 2153 634 2208 ille
671 2155 925 2211 cecinerit
957 2173 971 2209 :

1150 2246 1284 2307 Ergo
1306 2248 1479 2297 cohors
1501 2249 1607 2299 haec
1629 2255 1731 2298 tota
1755 2249 1923 2311 simul,
1950 2251 2038 2299 tria
2066 2250 2258 2297 nomina
2283 2256 2484 2309 matres,

1194 2313 1430 2371 Quattuor
1453 2311 1500 2357 in
1526 2311 1667 2371 natis,
1695 2314 1745 2359 in
1771 2314 1988 2371 patribus
2011 2311 2110 2359 duo
2134 2318 2266 2360 sunt.

226 2404 444 2470 Albina,
475 2404 651 2473 Avita,
682 2420 745 2460 ac
770 2405 1024 2461 Therasia
1055 2414 1256 2463 matres
1283 2416 1455 2462 erant.
1490 2408 1641 2463 Licet
1678 2410 1881 2463 nullum
1909 2410 2103 2479 pignus
2144 2408 2453 2464 Tlierasiam
2494 2418 2720 2463 matrem
2765 2418 2892 2463 tunc
2937 2408 3357 2472 commendaret,
3385 2408 3499 2476 ejus

225 2506 357 2551 retas
386 2506 590 2565 tamen,
622 2506 674 2552 et
704 2506 950 2568 receptus
972 2500 1099 2554 olim
1129 2501 1182 2555 in
1204 2499 1457 2570 Hispania
1484 2500 1623 2556 filius
1650 2503 1867 2559 nomine
1886 2504 1989 2558 hoc
2017 2503 2160 2557 illam
2190 2504 2568 2573 distinguebat.
2603 2504 2730 2559 Duce
2752 2505 2873 2558 tiliae
2901 2503 3158 2559 matribus
3178 2510 3351 2570 erant,
3382 2502 3497 2557 Me-

226 2588 369 2642 lania
400 2588 626 2656 Albinze,
658 2588 916 2645 Eunomia
946 2591 1113 2646 Avitze
1139 2609 1151 2645 :
1183 2592 1325 2661 quod
1354 2591 1609 2647 Paulinus
1636 2594 1828 2648 melius
1866 2594 2131 2663 expressit
2163 2613 2176 2647 :

1153 2700 1386 2765 Ma_t_ril)us
1409 2701 1485 2765 his
1506 2701 1603 2749 duo
1626 2709 1737 2765 sunt
1762 2702 1918 2751 tribus
1944 2715 2038 2751 uno.
2065 2703 2263 2765 piunora
2290 2716 2439 2765 sexu,

1220 2761 1334 2810 Flos
1356 2764 1601 2823 geminus,
1631 2763 1809 2813 Melani
1833 2761 2141 2824 gertnen,'et
2168 2763 2420 2814 Eunomia.

224 2863 644 2933 Subseqnnntur
670 2864 777 2918 duo
808 2864 899 2919 lilii
926 2880 1121 2930 mares,
1148 2864 1403 2921 Pinianus
1431 2866 1679 2922 videlicet
1718 2882 1780 2921 ac
1809 2866 2069 2923 Asterius.
2108 2865 2207 2920 llic
2232 2865 2482 2921 Turcium
2524 2866 2823 2921 naturalem
2854 2875 3155 2936 parentem,
3196 2868 3285 2922 ille
3317 2865 3492 2921 Pauli-

226 2971 355 3011 num
385 2956 719 3027 spiritualein
747 2967 951 3026 patrem
987 2957 1390 3027 proﬁtebantur,
1425 2958 1564 3012 unde
1601 2958 1675 3011 ait
1703 2958 1843 3012 idem
1872 2965 2090 3012 sanctus
2125 2975 2137 3009 :

1160 3070 1278 3121 Cum
1304 3075 1444 3127 patre
1470 3070 1669 3119 Paulino
1694 3077 1833 3131 pater
1858 3083 2002 3131 reque
2024 3070 2235 3119 Turrius
2256 3071 2349 3131 istc
2375 3076 2472 3130 εει,

1223 3131 1322 3180 Sed
1344 3145 1423 3180 me
1448 3139 1583 3187 atas,
1608 3132 1802 3180 soboles
1825 3131 1953 3181 hunc
1974 3131 2087 3180 facit
2111 3145 2222 3180 esse
2250 3139 2456 3193 patrem.

224 3232 373 3301 Ergo
393 3242 626 3303 quatuor
653 3235 761 3288 nati
787 3249 851 3288 ac
878 3234 984 3288 duo
1008 3242 1189 3302 patres
1212 3241 1397 3302 aperte
1425 3232 1741 3302 produntur.
1771 3232 1847 3287 De
1876 3232 1959 3286 his
1980 3242 2158 3287 autem
2180 3234 2429 3288 omnibus
2455 3233 2860 3291 dissertationes
2880 3237 3186 3305 singillatim
3209 3237 3501 3308 posuimus,

222 3325 289 3378 ad
331 3340 475 3392 quas
510 3325 765 3381 lectorem
810 3326 1151 3380 remittimus.
1205 3322 1455 3379 Ceterum
1507 3323 1646 3376 fama
1687 3323 1987 3378 sanctitatis
2020 3323 2374 3392 piissimthue
2400 3324 2523 3377 vita:
2561 3339 2722 3393 quam
2751 3324 2981 3381 ducebat
3009 3327 3285 3393 Paulinus,
3318 3327 3504 3383 Nolam

222 3416 471 3470 illustres
496 3416 612 3469 illos
639 3415 908 3470 Romanos
949 3416 1260 3478 adduxerat,
1290 3423 1351 3468 ut
1398 3414 1489 3477 ibi,
1534 3413 1781 3468 abdicato
1832 3414 2033 3477 seculo,
2063 3413 2163 3467 sibi
2192 3429 2257 3467 ac
2288 3413 2397 3469 Deo
2427 3415 2753 3469 unanimiter
2778 3418 3040 3471 viverent.
3091 3418 3351 3472 Nimirum
3401 3419 3506 3471 illic

222 3507 585 3561 monasticam
609 3508 772 3560 vitam
818 3506 1172 3573 prolitcbatur
1223 3502 1498 3570 Paulinus,
1528 3503 1815 3572 pluresque
1869 3503 1967 3556 sub
2011 3502 2126 3570 ejus
2164 3504 2425 3569 regimine
2462 3504 2715 3559 ‘melioris
2759 3507 3078 3573 tntiorisque
3107 3507 3331 3560 instituti
3358 3504 3507 3559 rudi-

222 3604 412 3650 menta
444 3596 658 3650 haurire
683 3595 1000 3663 gestiebant.
1033 3593 1168 3648 llinc
1213 3592 1608 3648 animadvertes
1634 3589 1914 3643 Pinianum
1945 3605 1975 3644 a
2005 3590 2061 3644 S.
2096 3591 2413 3658 Augustino,
2445 3598 2498 3645 et
2526 3594 2741 3660 Quidem
2772 3594 3045 3662 episcopo,
3080 3592 3293 3647 fratrem
3323 3594 3506 3661 appel-

223 3686 420 3751 latum,
441 3701 549 3753 quo
579 3687 795 3741 nomine
823 3686 1004 3755 utique
1032 3686 1178 3738 illum
1218 3684 1275 3739 S.
1306 3685 1497 3739 doctor
1518 3699 1624 3737 non
1653 3682 2049 3750 compellasset,
2076 3684 2179 3736 nisi
2209 3684 2506 3737 monachus
2534 3686 2722 3739 saltem
2747 3686 2915 3740 laicus
2946 3685 3048 3738 iste
3079 3683 3278 3737 fuisset.
3304 3684 3507 3740 Auctor

222 3774 367 3829 Vita:
400 3775 457 3829 S.
491 3774 731 3829 Melania:
771 3773 912 3844 apud
940 3773 1060 3828 Sur.
1092 3773 1178 3827 die
1205 3772 1268 3825 5t
1303 3772 1518 3826 Januar.
1552 3769 1834 3824 Pinianum
1864 3784 1928 3823 ac
1956 3768 2238 3822 Melaniam
2270 3769 2321 3821 in
2361 3768 2598 3822 Siciliam
2640 3770 2919 3837 navigasse
2961 3771 3055 3831 ait,
3089 3772 3279 3838 partim
3304 3770 3506 3840 quidem

219 3874 275 3915 ut
337 3880 503 3934 agros
546 3866 634 3934 qui
660 3865 765 3918 illic
791 3873 939 3918 erant
974 3863 1245 3917 reudereut
1267 3902 1281 3927 ,
1312 3862 1503 3930 partim
1531 3870 1703 3913 autem
1737 3869 1795 3912 ut
1832 3860 2211 3912 sanctissimum
2239 3859 2531 3928 episcopum
2562 3858 2843 3912 Pdulinum
2881 3861 3119 3921 riserent,
3167 3861 3250 3930 qui
3276 3867 3388 3913 erat
3431 3861 3506 3914 eis

221 3951 398 4006 Pater
421 3954 703 4007 secundum
726 3955 982 4024 spiritum.
1018 3952 1096 4006 En
1126 3961 1184 4007 ut
1210 3952 1412 4022 optime
1442 3952 1689 4006 universa
1716 3958 2033 4019 congruunt.
2075 3950 2134 4004 ln
2159 3964 2225 4004 eo
2256 3958 2435 4003 tamen
2462 3950 2728 4021 decipitur
2766 3960 2954 4007 auctor
2994 3952 3113 4014 iste,
3143 3953 3288 4021 quod
3315 3951 3503 4006 claris-

218 4045 420 4098 simam
449 4045 590 4099 hanc
658 4054 926 4099 catervam
953 4046 1021 4099 ad
1052 4046 1324 4099 Paulinum
1352 4044 1511 4099 ollicii
1540 4051 1749 4098 tantum
1774 4044 1946 4111 gratia
1974 4043 2274 4112 perrexisse
2309 4044 2565 4116 [innuat];
2604 4044 2732 4097 illud
2761 4045 2902 4098 enim
2942 4046 3044 4098 iter
3073 4045 3139 4098 ab
3168 4044 3243 4098 eis
3281 4058 3500 4111 suscepo

219 4141 335 4187 tum
371 4132 491 4198 fuit,
534 4143 646 4188 tum
677 4141 735 4187 ut
763 4138 1024 4189 instantes
1049 4133 1177 4190 Urbi
1198 4134 1404 4191 Gothos
1430 4133 1780 4200 declinarent,
1805 4140 1918 4188 tum
1947 4142 2005 4187 ut
2028 4133 2193 4187 vitam
2220 4133 2292 4188 ibi
2318 4148 2470 4189 suam
2491 4141 2753 4204 perpetuo
2773 4132 2967 4188 Christi
2994 4133 3211 4187 servitio
3233 4132 3501 4201 man’cipac

218 4233 367 4279 rent.
396 4222 553 4279 Certe
577 4222 830 4279 Paulinus
867 4225 1039 4293 inquit
1071 4242 1085 4276 :

1163 4313 1264 4377 Bos
1286 4328 1411 4377 ergo
1437 4315 1576 4377 Eellx
1602 4317 1648 4362 in
1674 4329 1763 4364 suo
1784 4317 1893 4363 sinu
1918 4314 2108 4363 abditos

1154 4376 1417 4437 Mandante
1443 4376 1636 4425 Christo
1656 4377 1873 4425 condidit
1897 4378 2041 4425 lectis
2059 4378 2183 4437 suis,

1161 4436 1453 4500 Mecumque
1476 4437 1653 4487 sumsit
1675 4439 2006 4499 sempiternos
2030 4436 2265 4492 hospites.

220 4532 367 4589 Infra
401 4534 582 4591 subdit
607 4552 621 4588 :

1468 4629 1703 4692 Socios‘in
1729 4636 1861 4679 tecta
1884 4631 2180 4692 recepimus,
2206 4637 2259 4680 et
2284 4634 2421 4690 nunc

1159 4689 1343 4752 anes
1360 4690 1472 4751 jure
1498 4694 1597 4752 pari
1622 4690 1805 4741 Felicis
1822 4691 1931 4751 jura
1947 4689 2206 4752 tenemus,

1158 4749 1440 4869 geglicisque
1466 4749 1617 4813 patris
1637 4749 2106 4816 gremio'conjunrta
2132 4749 2353 4801 fovemur

1201 4825 1212 4858 I
1253 4824 1388 4861 nora.

218 4888 461 4944 Tantum
492 4890 636 4943 enim
666 4890 959 4947 emicuerat
984 4892 1039 4946 in
1069 4890 1294 4948 Paulino
1322 4896 1440 4951 viro
1469 4906 1625 4951 antea
1677 4897 2008 4952 nobilissimo
2057 4911 2121 4951 ac
2173 4895 2436 4951 ditissima
2476 4908 2654 4950 rerum
2701 4896 3035 4952 saecularium
3088 4894 3393 4966 repudium,
3445 4904 3505 4950 ut

216 4995 366 5034 unus
420 4978 678 5037 Paulinus
730 4981 895 5037 ferme
943 4984 997 5037 in
1041 4984 1386 5054 perfectionis
1426 4989 1733 5058 exemplum
1782 4997 2194 5060 proponeretur.
2245 4988 2381 5043 Vide
2427 5004 2514 5057 ep.
2558 4988 2835 5057 Augustini
2873 4990 2944 5045 34
2981 4990 3050 5045 ad
3080 4991 3329 5046 eumdem
3361 4990 3498 5043 Pau-

218 5067 421 5135 linum,
450 5078 507 5123 et
529 5069 598 5123 59
638 5070 705 5124 ad
734 5071 1050 5137 Licentium,
1084 5090 1373 5145 rursusque
1408 5077 1478 5130 59
1502 5078 1568 5131 ad
1598 5080 1770 5147 ipsum
1802 5079 2103 5134 Paulinum.
2134 5080 2365 5134 Consule
2396 5079 2777 5151 Hieronymum
2808 5084 2990 5138 itidem
3020 5086 3071 5139 in
3101 5099 3188 5153 ep.
3223 5083 3292 5136 54
3317 5086 3381 5137 ad
3405 5081 3503 5136 Ju-

218 5156 456 5218 lianum,
488 5166 542 5211 et
561 5158 882 5214 Sacchinum
910 5163 965 5216 in
992 5161 1199 5218 Paulini
1229 5165 1371 5231 Vita,
1403 5172 1541 5234 part.
1581 5164 1633 5218 2.
1668 5166 1820 5232 Quod
1847 5175 2028 5221 autem
2058 5169 2278 5223 illustris
2305 5169 2389 5223 hic
2416 5177 2587 5223 coetus
2618 5169 2707 5224 diu
2737 5171 2883 5226 Nola:
2920 5181 3161 5229 moratus
3188 5189 3292 5227 non
3321 5171 3500 5231 fuerit,

220 5246 276 5299 in
328 5262 498 5301 causa
536 5249 699 5304 fuisse
726 5251 937 5307 videtur
963 5253 1321 5322 ingruentium
1347 5255 1541 5309 iterum
1567 5254 1917 5309 barbarorum
1946 5264 2147 5323 motus,
2176 5256 2265 5326 qui
2293 5257 2601 5311 servitutem
2629 5257 2795 5313 Italia:
2824 5261 3131 5315 minitantes
3152 5275 3294 5313 anno
3316 5266 3503 5328 postea

220 5336 354 5402 5H),
401 5337 602 5406 impetu
629 5338 992 5399 funestissimo
1022 5345 1193 5415 ipsam
1234 5344 1433 5401 Urbem
1463 5346 1707 5411 ingressi,
1738 5345 1972 5401 caadibus
2001 5357 2163 5417 atque
2201 5348 2400 5417 rapinis
2445 5348 2767 5417 implevere,
2799 5358 2959 5419 atque
2991 5350 3126 5404 adeo
3155 5346 3504 5415 Campaniam

220 5427 407 5495 ipsam
434 5437 739 5485 vastavere.
773 5431 829 5488 ln
858 5435 964 5490 hoc
1000 5437 1220 5506 insuper
1256 5436 1428 5491 Natali
1471 5452 1591 5492 cum
1635 5437 1790 5506 plura
1819 5446 2192 5508 pr0ponantur
2237 5439 2303 5495 ad
2350 5442 2482 5496 tanti
2527 5442 2780 5497 antistitis
2808 5457 2895 5497 res
2937 5449 3113 5509 gestas
3143 5435 3506 5501 illustrandas,

226 5514 424 5577 omnia
446 5531 543 5593 pro
570 5519 771 5577 viribus
799 5525 932 5580 meis
961 5526 1013 5581 in
1043 5526 1181 5583 Diss.
1209 5525 1243 5581 9
1270 5536 1323 5584 et
1347 5528 1694 5598 sequentibus
1719 5530 1965 5601 expendi.
