4006 6182
225 310 346 365 573

376 419 530 476 Unde
560 420 692 475 nihil
724 422 996 492 proprium
1028 422 1236 477 meritis
1265 421 1457 477 Felicis
1485 419 1699 476 adesset
1723 439 1736 474 :

373 511 482 565 Nec
510 512 739 566 reticere
768 521 944 565 tamen
971 512 1142 581 potui,
1173 512 1297 580 quia
1320 512 1497 581 portio
1520 512 1694 566 laudis

219 602 297 654 ιι)
370 600 508 656 Hinc
534 602 612 671 (a)
634 617 851 671 quoque
872 602 1036 657 Felici
1063 603 1304 671 suberat,
1327 603 1472 672 quod
1493 617 1700 657 summa
1721 617 1820 672 po-

1534 697 1743 769 [testas,

371 801 597 873 Resque
647 811 841 873 potens
887 817 1075 873 regum
1113 803 1359 860 Christus
1384 805 1528 859 Deus
1569 805 1819 860 omnibus

963 935 971 944 .
1618 894 1743 966 [una

367 981 650 1038 Annuerat
676 984 898 1053 sanctis,
927 984 1121 1052 quibus
1142 984 1196 1039 in
1223 997 1386 1053 grege
1419 983 1660 1053 supplice
1681 983 1818 1038 mix-

1608 1072 1745 1146 [tum

362 1161 601 1217 Felicem
631 1162 787 1231 parili
816 1161 1021 1217 audivit
1050 1163 1255 1232 pietate
1280 1162 1568 1231 benignus.

365 1254 594 1309 Parcam
622 1256 785 1323 igitur
813 1256 1047 1324 propriis
1076 1254 1367 1323 adjungere
1409 1255 1621 1324 publica
1650 1253 1812 1310 donis

212 1344 290 1399 ιε
366 1344 612 1411 Munera,
640 1346 983 1414 privatosque
1011 1350 1202 1400 canam
1230 1344 1422 1399 Felicis
1443 1346 1698 1409 honores,

364 1436 603 1506 Qweque
630 1436 741 1491 suis
778 1436 997 1506 proprie
1043 1437 1215 1505 egerit
1239 1436 1314 1507 (b)
1347 1436 1437 1491 hic
1482 1436 1538 1490 in
1571 1436 1811 1500 sedibus,

1539 1526 1740 1597 [edam.

368 1615 523 1673 Unde
551 1617 712 1685 igitur
741 1615 931 1671 faciam
961 1616 1177 1671 texendi
1223 1615 1478 1672 carminis
1507 1616 1726 1670 orsum?

367 1706 497 1773 Qua:
518 1707 656 1761 bona
680 1705 872 1761 Felicis
891 1705 1158 1761 referam?
1178 1720 1297 1774 quae
1317 1707 1483 1760 multa
1505 1722 1603 1776 per
1624 1721 1813 1761 omnes

1672 308 1899 365 POEMA
1941 309 2077 364 XXI.

1845 429 1891 485 A

367 1796 575 1851 Passim
597 1796 725 1864 agit,
774 1794 1057 1864 expediam
1088 1795 1279 1863 magis,
1329 1810 1470 1849 anne
1509 1795 1804 1852 domestica
1842 1783 1887 1841 Β

1567 1885 1740 1940 dicam

1567 1886 1740 1940 dicam

208 1978 283 2034 50
364 1977 605 2044 Munera,
630 1991 861 2046 quorum
892 1989 993 2044 ego
1018 1990 1136 2029 sum
1165 1974 1415 2045 specialis
1444 1886 1656 2030 deb[itor
1685 1976 1808 2031 illi?

364 2069 490 2125 Haec
514 2071 694 2140 potius
737 2077 1002 2139 repetam,
1032 2066 1163 2121 mihi
1205 2081 1325 2137 quae
1371 2067 1590 2134 collata,
1638 2067 1803 2123 meis-

1636 2172 1701 2211 ue

1636 2172 1701 2211 ue

359 2251 459 2316 Sat
489 2251 729 2316 memini,
752 2258 807 2305 et
832 2250 957 2320 quia
980 2248 1269 2319 praeteritis
1297 2247 1469 2316 magis
1498 2157 1807 2301 ill[a({ihellis

358 2341 513 2397 Dicta
534 2340 696 2407 mihi;
726 2355 846 2409 qua:
867 2340 1062 2410 partim
1085 2339 1223 2404 aliis,
1247 2339 1621 2409 permixtaque
1646 2336 1804 2392 nobis

276 2558 699 2681 (aBFmendavi
740 2573 809 2615 ex
847 2563 1034 2613 nostro
1074 2556 1280 2612 codice.
1328 2555 1466 2611 Mur.
1497 2556 1662 2611 habet
1708 2557 1807 2611 hac

276 2646 309 2681 0
363 2646 488 2681 nnc.

240 2646 309 2686 1⁸0
340 2646 488 2682 hinc.

202 2646 589 2769 Numisia
615 2698 785 2769 codex
812 2696 1069 2752 mendose
1118 2696 1281 2751 habet
1317 2696 1469 2769 gerit.
1508 2695 1695 2766 Itaque
1732 2696 1804 2752 le-

199 2767 452 2825 ctionem
482 2768 601 2823 cod.
631 2767 767 2821 Mur.
801 2774 1014 2821 secutus
1042 2782 1182 2821 sum.

274 2840 378 2916 (cl
413 2838 691 2916 Reliquos
717 2836 933 2891 Natales
964 2837 1200 2916 heroico
1242 2850 1411 2916 ve_rsu_
1444 2844 1803 2916 prosequutus

198 2904 293 2964 est
332 2904 634 2970 Paulinus;
678 2907 819 2960 hunc
864 2906 1015 2960 vario
1058 2913 1230 2960 metro
1265 2904 1511 2959 absolvit.
1546 2904 1694 2961 lianc
1726 2906 1802 2961 illi

199 2986 449 3033 mentem
500 2976 779 3031 obvenisse
829 2975 1189 3041 crediderim,
1238 2983 1297 3028 ut
1354 2972 1563 3027 Piniani
1605 2991 1799 3031 nomen

199 3056 465 3116 poemate
494 3046 938 3114 complecteretur
966 3062 988 3116 ;7
1024 3045 1322 3116 nonuenim
1369 3044 1522 3116 illud_
1547 3041 1800 3116 hex_ame-

201 3113 301 3196 tris
350 3116 507 3196 salva
545 3113 939 3196 metri'ratione
980 3114 1178 3196 includi
1226 3122 1457 3195 poterat.
1507 3113 1581 3166 lta
1627 3114 1795 3196 ﬁutil.
1827 3135 1872 3196 ρ

204 3186 570 3239 Numatianus
617 3186 668 3238 in
700 3184 881 3238 ltiner.
915 3200 1036 3239 cum
1066 3183 1341 3238 Volusiani
1390 3199 1585 3237 nomen
1625 3184 1799 3238 illzcsis

199 3255 480 3324 prosodiae
502 3255 702 3324 legibus
715 3254 938 3308 carmini
959 3253 1335 3324 commendare
1351 3268 1465 3324 non
1488 3261 1686 3323 posset,
1710 3270 1792 3309 sa-

200 3322 269 3379 tis
301 3325 502 3379 habuit
531 3323 855 3379 desiderium
880 3339 1034 3378 suum
1063 3322 1270 3378 testari.
1300 3322 1387 3376 Ait
1416 3322 1505 3378 ille
1537 3340 1550 3376 :

332 3413 579 3475 Optarem
603 3425 774 3461 verum
801 3413 1062 3475 complecti
1085 3414 1300 3475 carmine
1325 3424 1525 3474 nomen,

391 3472 497 3523 Sed
522 3475 751 3535 quosdam
774 3472 957 3535 refugit
981 3474 1153 3533 regula
1174 3472 1296 3521 dura
1320 3474 1492 3533 pedes.

199 3552 295 3609 Est
321 3556 417 3610 hic
446 3555 539 3609 ille
568 3554 752 3608 Rufus
784 3554 1101 3608 Volusianus
1121 3554 1324 3608 Albinae
1352 3553 1572 3607 inferius
1598 3567 1801 3605 memo-

199 3626 388 3679 randa
418 3625 738 3692 avunculus,
765 3623 832 3678 de
850 3638 958 3692 quo
979 3624 1198 3679 consule
1230 3623 1359 3678 diss.
1386 3638 1561 3677 meam
1589 3637 1660 3675 IV.
1686 3620 1801 3675 Mu-

200 3709 499 3750 υτοιιυι.

275 3765 367 3835 (d)
415 3763 475 3817 ln
526 3772 716 3835 nostro
751 3762 935 3835 codice
972 3762 1229 3835 scriptum
1269 3770 1355 3816 est
1407 3760 1658 3814 Turtius:
1705 3759 1799 3815 sed

200 3831 500 3889 mendose.
528 3862 598 3872 —
624 3832 756 3886 Vide
784 3832 912 3885 diss.
945 3848 981 3885 ι.
1015 3831 1388 3886 Muanomus.

268 3904 347 3972 (e)
373 3901 446 3972 rln
476 3901 733 3956 Murator.
765 3901 885 3972 cod.
906 3902 1174 3972 scriptum
1201 3909 1285 3954 est
1312 3900 1556 3972 Sitecrius
1579 3916 1596 3953 :
1620 3901 1669 3954 in
1700 3915 1797 3955 no-

194 3968 314 4028 stro
332 3968 594 4026 Suerius.
616 3999 687 4010 —
708 3970 875 4024 Adeat
905 3970 1077 4024 lector
1103 3970 1235 4023 diss.
1265 3985 1321 4022 ιι.
1353 3968 1725 4024 Munuonws.

203 4078 209 4083 .
272 4043 347 4113 (ι’)
380 4039 473 4113 Et
491 4040 627 4094 Mur.
668 4040 856 4113 codex,
886 4047 941 4094 et
973 4045 1170 4113 poster
1203 4038 1364 4113 habet
1402 4038 1575 4113 Allia.
1603 4038 1801 4113 Censet

196 4106 394 4165 autem
426 4109 747 4178 Muratorius
772 4110 824 4162 in
854 4106 1169 4178 pnel‘atione
1197 4107 1264 4160 ad
1288 4107 1391 4161 hoc
1430 4106 1637 4178 Paulini
1675 4124 1793 4162 car-

195 4196 354 4247 men,
401 4178 640 4232 Melania:
677 4176 876 4248 iuniori
922 4180 1075 4248 Alﬁo:
1112 4192 1328 4248 quoque
1368 4192 1563 4231 nomen
1612 4176 1794 4240 fuisse,

196 4245 445 4317 eamque
473 4248 576 4301 hoc
613 4245 688 4300 in
715 4247 835 4300 loco
862 4245 1331 4317 designariiadeo
1360 4253 1580 4317 ut_post
1609 4261 1797 4317 vocem

196 4315 361 4389 Alﬁa'
404 4317 556 4389 incisi
594 4324 745 4377 nota,
794 4331 897 4389 seu
919 4315 1543 4389 zépoag‘adscribendum
1583 4316 1647 4371 sit
1673 4354 1689 4378 ,
1736 4332 1799 4371 ac

195 4383 539 4442 Philemonis
566 4402 716 4439 soror
742 4400 862 4437 cum
886 4383 996 4454 ipsa
1016 4383 1178 4449 'Alﬁa,
1203 4401 1301 4439 seu
1330 4383 1556 4437 Melania
1579 4400 1797 4453 compa-

198 4466 379 4511 retur.
434 4454 607 4525 Quum
642 4455 780 4525 enim
810 4454 1003 4525 (inquit
1032 4456 1163 4524 ipse)
1191 4455 1411 4525 inferius
1439 4454 1579 4507 dicat
1610 4454 1795 4506 Pauli-

197 4543 319 4587 nus,
354 4533 421 4580 et
456 4523 613 4578 simul
637 4523 919 4587 Eunomia,
958 4523 1145 4594 oppido
1183 4523 1277 4577 nos
1306 4532 1481 4577 monet
1500 4540 1797 4592 expressum

197 4596 450 4663 superius
480 4594 640 4663 fuisse
667 4602 715 4646 et
739 4594 951 4646 alterius
976 4594 1158 4663 puellae
1188 4610 1390 4647 nomen.
1430 4594 1472 4646 A
1495 4602 1643 4646 tanto
1680 4594 1798 4663 viro

196 4662 347 4731 mgre
379 4662 633 4730 equidem
657 4662 914 4716 dissentio
940 4681 952 4715 :
977 4662 1213 4717 attamen
1240 4662 1285 4715 si
1326 4663 1451 4717 licet
1478 4662 1628 4725 mihi,
1655 4662 1799 4731 quod

196 4734 410 4796 sentio,
451 4732 620 4786 libere
642 4732 839 4796 dicere,
887 4733 970 4786 vix
999 4731 1187 4786 adduci
1216 4747 1433 4801 possum
1487 4740 1547 4785 ut
1583 4735 1799 4786 credam

196 4801 499 4857 Melaniam
539 4801 805 4871 juniorem
835 4801 987 4872 Allia:
1037 4816 1250 4872 quoque
1288 4802 1505 4872 nomine
1552 4811 1799 4856 vocatam

197 4887 348 4927 esse.
384 4872 464 4927 De
508 4873 611 4927 hac
649 4872 791 4925 enim
840 4871 1171 4926 sanctissima
1220 4871 1413 4940 [emina
1442 4886 1584 4940 saepe
1614 4871 1800 4924 memi-

198 4951 415 4998 nerunt
442 4942 787 5010 Augustinus,
817 4940 1192 5010 Hieronymus,
1225 4938 1480 4995 Paulinus
1506 4938 1591 4994 hic
1612 4948 1799 4993 noster

198 5013 255 5067 in
296 5012 570 5082 epistolis,
616 5009 905 5071 Palladius,
965 5009 1162 5077 aliique
1214 5011 1796 5082 veteresscriptores:

198 5079 671 5151 nec—quisquam
705 5086 881 5151 tamen
930 5094 1049 5151 eam
1100 5094 1323 5147 usquam
1377 5079 1797 5151 Alﬁamyocat.

199 5146 707 5215 Quare'verisimilc
736 5147 865 5201 mihi
921 5148 1128 5202 videtur
1162 5146 1355 5202 nomen
1389 5146 1529 5200 istud
1566 5148 1706 5216 Alﬁo
1745 5156 1801 5202 ct

200 5220 255 5273 in
289 5218 655 5273 Ambrosiano
694 5217 900 5283 codice,
943 5233 1051 5286 quo
1092 5233 1218 5271 usus
1255 5225 1335 5270 est
1372 5216 1712 5286 Muratorius,
1746 5225 1803 5270 et

200 5288 257 5341 in
287 5296 483 5342 nostro
516 5295 769 5354 corrupte
798 5285 1202 5356 depravateque
1220 5286 1399 5356 scribi,
1424 5302 1487 5339 ac
1515 5285 1797 5352 legendum

199 5371 348 5425 esse,
384 5357 589 5425 App/tia
632 5356 795 5425 qualis
821 5355 932 5411 erat
970 5374 1119 5411 soror
1147 5355 1240 5409 illa
1278 5355 1611 5419 Philemonis,
1666 5363 1795 5421 etc.,

200 5424 350 5477 adeo
381 5424 439 5494 ut
465 5424 682 5494 App/tite
719 5427 934 5494 nomine
964 5424 1291 5480 Philemonis
1326 5424 1792 5494 sororrindicctur,

243 5507 329 5545 ua:
378 5492 430 5545 in
476 5492 697 5560 Vulgata
739 5493 873 5548 Novi
902 5494 1225 5549 Testamenti
1256 5493 1603 5547 translatione
1630 5494 1795 5560 Appia

240 5563 430 5615 icitur.
479 5561 628 5631 Pauli
672 5564 816 5616 enim
861 5565 1088 5631 apostoli
1138 5565 1303 5626 locus,
1335 5578 1495 5630 quem
1543 5560 1796 5614 Paulinus

201 5631 453 5699 respicit,
495 5632 549 5685 in
587 5630 775 5686 Graeco
822 5630 1115 5700 exemplari
1144 5633 1222 5686 sic
1267 5648 1327 5687 se
1373 5632 1535 5685 habet
1566 5649 1578 5682 :
1607 5633 1795 5690 Παῦλος

202 5700 422 5771 δέσμιος
446 5710 666 5779 Χριστοῦ
694 5701 855 5767 Ἰησοῦ
870 5744 884 5773 ,
910 5706 991 5760 καὶ
1026 5701 1262 5777 Τιμόθεος
1287 5702 1313 5759 ὁ
1339 5705 1537 5775 ἀδελφὸς
1567 5704 1794 5772 Φιλήμονι

3405 311 3508 366 δτι

2071 421 2347 488 Praestitit,
2380 435 2447 476 ex
2484 420 2567 477 his
2595 436 2739 476 nunc
2768 422 2989 491 opibus,
3039 437 3172 492 quas
3200 425 3421 494 largiter
3452 425 3504 477 in

3310 516 3320 585 ξ
3334 530 3434 569 nos

1923 601 1991 656 55
2061 600 2320 665 Contulit,
2353 603 2497 657 hunc
2524 604 2703 658 animo
2732 613 2910 658 texam
2934 611 3178 673 gratante
3206 605 3464 669 libellum,

2060 691 2128 745 Et
2163 700 2352 747 contra
2389 692 2608 747 solitum
2643 694 2741 764 (c)
2789 694 2938 749 vario
2984 692 3344 748 modulamine
3390 708 3481 747 mo

3215 782 3234 853 ι
3259 798 3392 847 rem,

2058 870 2209 925 Sicut
2236 880 2293 926 et
2322 872 2436 941 ipse
2464 872 2595 927 mihi
2624 873 2802 928 varias
2830 874 2972 943 parit
2998 875 3248 929 omnibus
3276 875 3433 929 annis

2059 962 2343 1030 Materias,
2374 966 2595 1020 mutabo
2621 965 2828 1031 modos,
2858 968 3109 1035 serieque
3138 966 3237 1022 sub
3268 982 3395 1029 una,

2058 1052 2177 1107 Non
2207 1069 2311 1107 una
2339 1054 2439 1109 sub
2459 1054 2577 1123 lege
2600 1055 2710 1110 dati
2736 1056 2875 1125 pede
2903 1057 3154 1111 carminis
3177 1057 3286 1112 ibo.

2061 1142 2193 1197 Nam
2220 1144 2347 1212 quia
2377 1142 2609 1198 fecundo
2638 1147 2811 1200 sancti
2836 1146 3029 1201 Felicis
3055 1147 3106 1199 in
3134 1160 3263 1213 agro

2059 1232 2346 1288 Emersere
2377 1234 2503 1288 novi
2530 1233 2710 1299 ﬂores,
2743 1235 2850 1289 duo
2871 1237 3111 1303 germina
3132 1234 3351 1300 Christi,

2058 1323 2285 1379 Turcius
2315 1324 2394 1394 (d)
2417 1340 2513 1379 ore
2542 1326 2649 1395 pio,
2683 1325 2909 1380 ﬂorente
2938 1324 3158 1379 Suerius
3189 1325 3259 1396 (e)
3290 1341 3425 1393 aevo,

2057 1420 2125 1474 Et
2145 1422 2350 1491 pariter
2370 1429 2567 1475 sancte
2594 1429 2813 1484 matres,
2846 1419 3156 1487 similesque
3183 1419 3392 1487 puellas,

2057 1514 2193 1567 Allia
2225 1513 2295 1584 (Ῑ)
2318 1512 2493 1581 qualis
2513 1519 2629 1565 erat
2654 1527 2810 1565 soror
2830 1512 2919 1564 illa
2949 1509 3281 1565 Philemonis
3309 1511 3438 1565 olim

1915 1605 1985 1660 65
2056 1606 2288 1671 Nobilis,
2323 1606 2374 1658 in
2408 1605 2563 1658 titulo
2588 1619 2749 1674 quam
2778 1605 2956 1671 signat
2985 1603 3226 1673 Epistola
3256 1602 3428 1672 Pauli,

2057 1696 2131 1751 Et
2158 1696 2315 1751 simul
2342 1694 2606 1749 Eunomia
2639 1695 2713 1765 (g)
2742 1695 2957 1749 mternis
2997 1695 3107 1763 jam
3137 1705 3293 1765 pacta
3317 1697 3500 1762 virago

2052 1786 2109 1841 In
2154 1786 2285 1842 (:aclo
2333 1786 2599 1851 thalamis,
2657 1800 2817 1853 quam
2846 1786 3033 1840 matris
3079 1787 3146 1841 ab
3195 1787 3359 1841 ubere
3405 1788 3488 1857 (Ic)

3195 1877 3425 1947 [raptam

2058 1967 2278 2021 Festino
2306 1966 2560 2036 placitam
2587 1966 2687 2020 sibi
2711 1964 2961 2021 Christus
2991 1982 3175 2021 amore
3205 1967 3426 2035 dicavit,

2051 2059 2442 2128 Unguentoque
2470 2059 2551 2113 sui
2578 2057 2815 2126 perfudit
2842 2059 3079 2113 nominis
3099 2099 3114 2122 ,
3139 2058 3281 2114 unde

1908 2150 1977 2205 70
2050 2150 2244 2204 Tincta
2272 2164 2482 2205 comam
2514 2147 2553 2220 (i
2575 2148 2616 2219 ),
2649 2156 2704 2203 et
2726 2149 2934 2203 meritis
2963 2150 3164 2203 sanctis
3192 2158 3363 2223 caput
3384 2165 3480 2204 un-

3026 2237 3145 2308 [cla
3178 2239 3426 2307 pudicum

2047 2331 2308 2403 Spirateo
2337 2344 2524 2386 sacros
2551 2329 2737 2400 sponsi
2759 2328 2992 2385 caelestis
3019 2328 3235 2384 odores.

1919 1144 1990 1197 60

1904 2578 1978 2639 τῷ
2007 2570 2278 2639 ἀγαπητῷ,
2300 2567 2387 2639 ’ταέ
2408 2570 2640 2639 συνερῖῷ
2659 2565 2816 2639 ius”:
2841 2564 2925 2617 καί
2943 2564 3121 2639 magis
3229 2563 3492 2639 ἀγατῖητῇε

1904 2585 1978 2625 τῶ
2007 2585 2278 2639 der/amre),
2300 2587 2384 2619 και
2408 2585 2563 2638 συνερ
2601 2587 2640 2617 ω
2659 2585 2816 2633 ημων,
2841 2585 2925 2617 και
2946 2585 3035 2617 ⁷Λπ
3071 2585 3121 2635 tot
3139 2585 3201 2634 τῃ
3229 2585 3492 2637 αγαπητῃς

1904 2629 1959 2693 id
1983 2646 2085 2700 est,
2116 2636 2311 2688 Paulus
2340 2635 2536 2687 vinctus
2561 2585 2752 2688 Christi
2773 2632 2919 2697 Iesu,
2943 2641 2991 2685 et
3020 2585 3307 2685 fimot/ieus
3333 2635 3496 2702 frater

1905 2707 2199 2761 Philemoni
2228 2705 2412 2757 dilecto
2446 2712 2494 2757 et
2531 2704 2757 2774 adjutori
2785 2712 2982 2774 nostra,
3016 2712 3088 2774 et_
3111 2703 3327 2774 App/tia:
3364 2702 3496 2755 dile-

1905 2787 2041 2831 ctw:
2073 2777 2125 2829 in
2160 2775 2385 2842 Vulgata
2425 2771 2605 2826 autem
2646 2772 2994 2842 translatione
3024 2771 3368 2842 additurvox
3411 2788 3496 2825 so-

1902 2849 2010 2902 rori
2037 2863 2055 2899 :
2086 2844 2230 2913 quod
2251 2840 2672 2913 additamentum
2701 2840 3216 2913 Paulinum_qu_oque
3246 2841 3297 2913 i_n
3326 2855 3387 2893 ea
3420 2842 3496 2911 le-

1903 2918 2044 2986 gisse
2099 2907 2342 2984 apparet.
2398 2910 2530 2986 Jam_
2591 2925 2721 2986 vero
2792 2925 2915 2986 cum
2968 2907 3292 2986 Philemonis
3330 2908 3495 2986 soror

1900 2977 2107 3067 Epp/ria
2135 2977 2369 3065 'v'ooetur
2414 2997 2444 3034 a
2472 2980 2684 3067 ‘Paulo,
2724 2978 3162 3067 conjicerellicet
3216 2977 3492 3067 Paulinum

1902 3047 2117 3126 quidem
2148 3052 2426 3126 scripsisse
2454 3050 2664 3126 App/ua
2699 3050 2884 3126 qualis
2906 3056 3038 3126 eraAt,
3075 3056 3203 3126 etc.,
3248 3047 3493 3126 librarios

1902 3116 2031 3180 vero
2059 3141 2159 3194 pro
2181 3116 2385 3193 Ap'phia
2409 3116 2756 3194 exsc'ripsisse
2781 3117 2942 3194 Alﬁo.
2977 3116 3130 3194 Quod
3233 3117 3351 3194 quis
3380 3130 3494 3168 ma-

1902 3195 1982 3261 lit,
2015 3186 2300 3250 a'Pauli'n'o
2326 3186 2609 3261 scriptum:
2627 3203 2745 3261 esse
2774 3187 2964 3257 Appia,
2992 3194 3051 3240 ut
3079 3186 3284 3261 legitur_
3300 3186 3351 3237 id
3391 3200 3486 3261 no-

1901 3254 2025 3320 men
2066 3265 2119 3319 in
2167 3263 2391 3330 Vulgata
2438 3254 2827 3330 translatione,
2855 3254 3361 3330 ’nonrrepugn-abo.
3422 3254 3491 3308 At

1901 3336 2064 3396 enim,
2096 3324 2324 3402 inquies,
2359 3329 2609 3402 Paulinus
2637 3336 2918 3397 postquam
2947 3327 3174 3402 diierat,
3200 3324 3491 3402 similesque

1971 3394 2085 3458 clla:
2108 3394 2497 3472 Appjafqualis
2537 3394 2833 3472 erat,_elc_.,
2866 3396 3022 3472 paulo
3054 3401 3175 3472 post
3198 3394 3490 3460 subjungit,

1971 3422 2085 3458 euw
2108 3422 2296 3472 Appia,
2330 3422 2497 3470 quatis
2537 3422 2669 3462 erat,
2702 3422 2833 3463 (itu,
2866 3422 3022 3465 puum
3054 3422 3175 3463 μυδι
3198 3422 3490 3460 nummus“,

1900 3422 1969 3527 El
1998 3472 2149 3527 simul
2190 3470 2469 3532 Eunomia,
2504 3476 2607 3522 etc.
2659 3466 3017 3520 Dubitandum
3065 3464 3225 3531 igitur
3260 3480 3366 3516 non
3410 3473 3492 3517 est

1899 3543 2028 3610 quin
2058 3540 2276 3594 alterius
2305 3539 2493 3610 puella:
2524 3552 2736 3610 nomen,
2778 3548 2972 3605 praeter
3002 3534 3310 3610 Eunomia),
3328 3545 3484 3609 supe-

1900 3599 2011 3664 rius
2039 3599 2350 3678 expressum
2390 3609 2457 3660 ab
2487 3622 2556 3678 eo
2568 3599 2793 3678 fuerit,’
2814 3619 2938 3678 quae
2977 3617 3082 3655 una
3119 3616 3238 3678 cum
3270 3599 3484 3661 Turcio,

1899 3670 2186 3733 Suerio'et
2223 3677 2483 3731 Eunomia
2537 3675 2683 3727 Nolze
2716 3670 2878 3727 esset.
2911 3672 2978 3724 At
3006 3670 3334 3738 respondere
3360 3684 3489 3736 pos-

1899 3763 2033 3811 sem,
2088 3747 2368 3800 Paulinum
2414 3744 2658 3812 proxime
2698 3752 2823 3795 ante
2862 3755 2926 3794 ea
2959 3737 3152 3804 verba,
3198 3737 3489 3806 similesque

1898 3818 2102 3887 puella’,
2132 3827 2260 3880 etc.,
2293 3814 2407 3869 haec
2430 3813 2534 3866 alia
2557 3812 2833 3880 scripsisse
2860 3827 2873 3862 :

2535 3901 2764 3950 Fecundo
2786 3903 2938 3948 sancti
2965 3898 3146 3947 Felicis
3171 3898 3219 3943 in
3243 3908 3364 3958 agro

2021 3966 2288 4017 Emersere
2314 3962 2426 4013 novi
2456 3965 2621 4023 ﬂores,
2648 3963 2744 4023 duo
2770 3963 2995 4021 germina
3020 3959 3219 4020 Christi,

2022 4028 2228 4078 Turcius
2251 4038 2338 4074 ore
2366 4026 2465 4086 pio,
2492 4022 2699 4072 ﬂorente
2725 4022 2932 4069 Suerius
2956 4033 3077 4068 aevo.

1897 4110 2084 4181 Itaque
2110 4114 2262 4164 recte
2289 4122 2412 4163 eum
2442 4113 2628 4176 postea
2660 4103 3000 4171 subjunxisse
3030 4120 3042 4155 :

2023 4201 2082 4249 Et
2105 4198 2249 4248 simul
2279 4197 2525 4245 Eunomia.

1898 4280 2116 4344 Verum,
2160 4288 2216 4332 ut
2245 4278 2377 4331 nihil
2411 4276 2757 4333 dissimulem.
2798 4275 3047 4343 equidem
3080 4274 3311 4329 arbitror
3348 4274 3488 4328 inter

1899 4365 2109 4404 versum
2141 4347 2211 4401 65
2236 4358 2291 4403 et
2323 4346 2411 4412 66,
2453 4356 2545 4400 aut
2573 4347 2711 4399 inter
2735 4344 2805 4398 63
2836 4361 2900 4400 ac
2939 4344 3027 4409 6‘,
3068 4346 3275 4412 aliquos
3304 4359 3488 4398 versus

1900 4418 2193 4472 desiderari
2226 4433 2344 4473 cum
2388 4418 2438 4471 in
2470 4416 2743 4469 Muratorii
2773 4414 2982 4478 codice,
3017 4424 3129 4467 tum
3175 4416 3225 4467 in
3257 4425 3443 4468 nostro
3471 4431 3483 4466 :

1828 4489 1873 4547 D
1898 4488 1943 4541 si
1972 4489 2113 4542 enim
2145 4488 2320 4542 locum
2354 4491 2492 4540 hunc
2523 4501 2551 4537 a
2581 4499 2738 4539 versu
2770 4485 2838 4537 60
2862 4485 2926 4538 ad
2952 4484 3013 4536 7i
3043 4492 3247 4537 attente
3273 4484 3485 4549 legeris,

1902 4558 2222 4611 sententiam
2248 4557 2487 4610 mutilam
2516 4556 2737 4610 omnino
2786 4563 2947 4621 atque
2976 4553 3341 4623 imperlectam
3370 4568 3489 4607 esse

1903 4627 2229 4695 comperies.

1978 4691 2052 4767 (g')
2086 4692 2245 4748 Plura
2275 4694 2341 4748 de
2368 4693 2469 4747 hac
2496 4692 2552 4747 S.
2585 4693 2791 4763 virgine
2824 4692 2984 4747 retuli
3012 4692 3066 4745 in
3096 4691 3223 4746 diss.
3259 4707 3336 4744 ιιι.
3369 4691 3486 4746 Mo-

1904 4780 2187 4820 RATOBlUS.

1977 4836 2054 4905 (Ii)
2078 4834 2228 4905 Hunc
2255 4834 2400 4905 pium
2429 4831 2856 4905 Christianorum
2886 4845 3039 4905 usum
3068 4830 3385 4905 illustratum
3410 4829 3483 4881 in-

1905 4894 1995 4957 fra‘
2016 4894 2328 4971 reperies-in
2360 4910 2472 4956 not.
2500 4900 2564 4953 ad
2586 4918 2727 4955 vers.
2762 4904 2884 4956 515.
2907 4899 3057 4954 Nunc
3083 4898 3314 4954 sulliciat
3349 4894 3487 4952 Pru—

1905 4974 2119 5028 dentius
2146 4973 2199 5025 in
2225 4973 2427 5041 hymno
2453 4972 2512 5026 ὃ.
2543 4971 2817 5025 Laurentii
2844 4988 2857 5024 :

2126 5068 2364 5117 Videmus
2389 5067 2612 5115 illustres
2630 5067 2799 5115 domos

2151 5130 2287 5177 Scxu
2312 5142 2373 5176 ex
2405 5136 2613 5189 utroque
2638 5127 2830 5176 nobiles

2152 5190 2348 5238 Olferre
2374 5192 2496 5237 votis
2522 5194 2733 5251 pignora.

2149 5251 2535 5301 Clarissimorum
2560 5253 2789 5301 liberum.

2814 5311 3186 5366 MURATORIUS.

1972 5422 2043 5543 (εἰ
2074 5420 2173 5478 llic
2194 5423 2344 5478 locus
2375 5438 2535 5492 quam
2568 5422 2802 5475 maxime
2844 5426 3130 5488 corruptus
3174 5424 3289 5470 erat
3316 5432 3326 5466 :
3351 5427 3481 5495 nam

1988 5490 2015 5543 Β
2046 5502 2181 5543 urat.
2224 5494 2408 5543 codice
2438 5492 2693 5543 scriptum
2733 5499 2813 5543 est
2863 5489 3042 5541 Tincta
3072 5500 3244 5540 cantas
3274 5499 3479 5541 amma',

1896 5508 1952 5545 tn
1983 5489 2181 5545 Murat.
2224 5489 2408 5548 codice
2438 5492 2693 5561 scriptum
2733 5499 2827 5561 est,
2863 5489 3042 5561 Tincta
3072 5500 3244 5540 comas
3274 5489 3479 5561 animm,

1896 5570 1945 5613 et
1966 5563 2150 5614 mentis
2177 5573 2327 5630 caput
2352 5572 2504 5615 uncta
2529 5552 2767 5630 pudicum
2803 5560 3320 5630 Debereiquemquam
3342 5552 3483 5619 pluu-

1898 5631 2039 5694 dere,
2057 5638 2120 5710 ,ει
2163 5624 2438 5711 conﬁdere.
2490 5624 2675 5699 Itaque
2721 5631 2774 5683 in
2814 5646 2878 5707 eo
2907 5624 3348 5711 desiderabantur;
3374 5629 3483 5673 tros

1897 5709 1954 5757 ct
1980 5689 2363 5771 quinquaginta
2387 5689 2749 5769 versus-quos
2776 5698 2976 5769 primus
2996 5696 3050 5753 iu
3082 5692 3252 5747 lucem
3282 5689 3409 5744 edo.
