  <div class='ocr_page' id='page_1' title='image "/cluster/home/n/w/nwhite01/storage/ocr_20150623/61/hvd.32044054758685/293.png"; bbox 0 0 3990 6182; ppageno 0'>
   <div class='ocr_carea' id='block_1_1' title="bbox 1736 454 2040 525">
    <p class='ocr_par' dir='ltr' id='par_1_1' title="bbox 1736 454 2040 525">
     <span class='ocr_line' id='line_1_1' title="bbox 1736 454 2040 525; baseline -0.01 0"><span class='ocrx_word' id='word_1_1' title='bbox 1736 454 1855 525; x_wconf 82' lang='grc' dir='ltr'>[(ε).</span> <span class='ocrx_word' id='word_1_2' title='bbox 1888 455 2040 522; x_wconf 82' lang='lat' dir='ltr'><strong>cuius</strong></span> 
     </span>
    </p>
   </div>
   <div class='ocr_carea' id='block_1_2' title="bbox 678 542 2108 612">
    <p class='ocr_par' dir='ltr' id='par_1_2' title="bbox 678 542 2108 612">
     <span class='ocr_line' id='line_1_2' title="bbox 678 542 2108 612; baseline 0 -15"><span class='ocrx_word' id='word_1_3' title='bbox 678 542 852 597; x_wconf 81' lang='lat' dir='ltr'><strong>Haeret</strong></span> <span class='ocrx_word' id='word_1_4' title='bbox 880 556 1045 597; x_wconf 85' lang='lat' dir='ltr'><strong>ovans</strong></span> <span class='ocrx_word' id='word_1_5' title='bbox 1075 544 1225 597; x_wconf 90' lang='lat' dir='ltr'><strong>lateri</strong></span> <span class='ocrx_word' id='word_1_6' title='bbox 1247 558 1560 612; x_wconf 90' lang='lat' dir='ltr'><strong>germanum</strong></span> <span class='ocrx_word' id='word_1_7' title='bbox 1590 552 1747 598; x_wconf 89' lang='lat' dir='ltr'><strong>nacta</strong></span> <span class='ocrx_word' id='word_1_8' title='bbox 1778 546 2108 611; x_wconf 88' lang='lat' dir='ltr'><strong>magistrum.</strong></span> 
     </span>
    </p>
   </div>
   <div class='ocr_carea' id='block_1_3' title="bbox 678 634 1893 701">
    <p class='ocr_par' dir='ltr' id='par_1_3' title="bbox 678 634 1893 701">
     <span class='ocr_line' id='line_1_3' title="bbox 678 634 1893 701; baseline 0 -13"><span class='ocrx_word' id='word_1_9' title='bbox 678 634 807 701; x_wconf 79' lang='lat' dir='ltr'><strong>Qua:</strong></span> <span class='ocrx_word' id='word_1_10' title='bbox 835 637 991 689; x_wconf 89' lang='lat' dir='ltr'><strong>simul</strong></span> <span class='ocrx_word' id='word_1_11' title='bbox 1017 636 1248 689; x_wconf 65' lang='lat' dir='ltr'><strong>astricte</strong></span> <span class='ocrx_word' id='word_1_12' title='bbox 1267 635 1460 688; x_wconf 86' lang='lat' dir='ltr'><strong>divinis</strong></span> <span class='ocrx_word' id='word_1_13' title='bbox 1484 634 1697 688; x_wconf 91' lang='lat' dir='ltr'><strong>dotibus</strong></span> <span class='ocrx_word' id='word_1_14' title='bbox 1724 635 1893 688; x_wconf 70' lang='lat' dir='ltr'><strong>amba:</strong></span> 
     </span>
    </p>
   </div>
   <div class='ocr_carea' id='block_1_4' title="bbox 540 722 1903 792">
    <p class='ocr_par' dir='ltr' id='par_1_4' title="bbox 540 722 1903 792">
     <span class='ocr_line' id='line_1_4' title="bbox 540 722 1903 792; baseline -0.001 -13"><span class='ocrx_word' id='word_1_15' title='bbox 540 722 609 779; x_wconf 78' lang='grc'><strong>75</strong></span> <span class='ocrx_word' id='word_1_16' title='bbox 682 727 945 781; x_wconf 89' lang='lat' dir='ltr'><strong>Virtutum</strong></span> <span class='ocrx_word' id='word_1_17' title='bbox 977 728 1151 779; x_wconf 88' lang='lat' dir='ltr'><strong>varias</strong></span> <span class='ocrx_word' id='word_1_18' title='bbox 1181 734 1238 779; x_wconf 90' lang='lat' dir='ltr'><strong>ut</strong></span> <span class='ocrx_word' id='word_1_19' title='bbox 1267 727 1385 779; x_wconf 87' lang='lat' dir='ltr'><strong>viva</strong></span> <span class='ocrx_word' id='word_1_20' title='bbox 1418 726 1633 779; x_wconf 89' lang='lat' dir='ltr'><strong>monilia</strong></span> <span class='ocrx_word' id='word_1_21' title='bbox 1663 740 1903 792; x_wconf 87' lang='lat' dir='ltr'><strong>gemmas</strong></span> 
     </span>
    </p>
   </div>
   <div class='ocr_carea' id='block_1_5' title="bbox 680 818 1977 886">
    <p class='ocr_par' dir='ltr' id='par_1_5' title="bbox 680 818 1977 886">
     <span class='ocr_line' id='line_1_5' title="bbox 680 818 1977 886; baseline -0.002 -16"><span class='ocrx_word' id='word_1_22' title='bbox 680 818 945 872; x_wconf 73' lang='lat' dir='ltr'><strong>Mentibus</strong></span> <span class='ocrx_word' id='word_1_23' title='bbox 974 818 1199 872; x_wconf 76' lang='lat' dir='ltr'><strong>excultis</strong></span> <span class='ocrx_word' id='word_1_24' title='bbox 1225 818 1470 886; x_wconf 92' lang='lat' dir='ltr'><strong>specioso</strong></span> <span class='ocrx_word' id='word_1_25' title='bbox 1500 826 1719 885; x_wconf 79' lang='lat' dir='ltr'><strong>pectore</strong></span> <span class='ocrx_word' id='word_1_26' title='bbox 1746 823 1977 885; x_wconf 89' lang='lat' dir='ltr'><strong>gestant.</strong></span> 
     </span>
    </p>
   </div>
   <div class='ocr_carea' id='block_1_6' title="bbox 681 903 2115 977">
    <p class='ocr_par' dir='ltr' id='par_1_6' title="bbox 681 903 2115 977">
     <span class='ocr_line' id='line_1_6' title="bbox 681 903 2115 977; baseline -0.001 -18"><span class='ocrx_word' id='word_1_27' title='bbox 681 906 789 961; x_wconf 84' lang='lat' dir='ltr'><strong>Has</strong></span> <span class='ocrx_word' id='word_1_28' title='bbox 816 922 1100 977; x_wconf 84' lang='lat' dir='ltr'><strong>procerum</strong></span> <span class='ocrx_word' id='word_1_29' title='bbox 1130 906 1209 977; x_wconf 80' lang='grc' dir='ltr'><strong>(ά)</strong></span> <span class='ocrx_word' id='word_1_30' title='bbox 1233 921 1517 961; x_wconf 88' lang='lat' dir='ltr'><strong>numerosa</strong></span> <span class='ocrx_word' id='word_1_31' title='bbox 1538 906 1752 970; x_wconf 87' lang='lat' dir='ltr'><strong>cohors,</strong></span> <span class='ocrx_word' id='word_1_32' title='bbox 1780 914 1835 960; x_wconf 92' lang='lat' dir='ltr'><strong>et</strong></span> <span class='ocrx_word' id='word_1_33' title='bbox 1858 903 2115 960; x_wconf 90' lang='lat' dir='ltr'><strong>concolor</strong></span> 
     </span>
    </p>
   </div>
   <div class='ocr_carea' id='block_1_7' title="bbox 1910 996 2040 1067">
    <p class='ocr_par' dir='ltr' id='par_1_7' title="bbox 1910 996 2040 1067">
     <span class='ocr_line' id='line_1_7' title="bbox 1910 996 2040 1067; baseline 0.015 -20"><span class='ocrx_word' id='word_1_34' title='bbox 1910 996 2040 1067; x_wconf 89' lang='lat' dir='ltr'><strong>[uno</strong></span> 
     </span>
    </p>
   </div>
   <div class='ocr_carea' id='block_1_8' title="bbox 688 1086 2065 1154">
    <p class='ocr_par' dir='ltr' id='par_1_8' title="bbox 688 1086 2065 1154">
     <span class='ocr_line' id='line_1_8' title="bbox 688 1086 2065 1154; baseline -0.001 -14"><span class='ocrx_word' id='word_1_35' title='bbox 688 1086 893 1140; x_wconf 86' lang='lat' dir='ltr'><strong>Vellere</strong></span> <span class='ocrx_word' id='word_1_36' title='bbox 921 1087 1173 1154; x_wconf 76' lang='lat' dir='ltr'><strong>virginea:</strong></span> <span class='ocrx_word' id='word_1_37' title='bbox 1201 1088 1442 1154; x_wconf 89' lang='lat' dir='ltr'><strong>sequitur</strong></span> <span class='ocrx_word' id='word_1_38' title='bbox 1463 1101 1615 1141; x_wconf 87' lang='lat' dir='ltr'><strong>sacra</strong></span> <span class='ocrx_word' id='word_1_39' title='bbox 1639 1086 1791 1139; x_wconf 88' lang='lat' dir='ltr'><strong>turba</strong></span> <span class='ocrx_word' id='word_1_40' title='bbox 1814 1096 2065 1140; x_wconf 64' lang='lat' dir='ltr'><strong>catervae.</strong></span> 
     </span>
    </p>
   </div>
   <div class='ocr_carea' id='block_1_9' title="bbox 681 1177 2116 1247">
    <p class='ocr_par' dir='ltr' id='par_1_9' title="bbox 681 1177 2116 1247">
     <span class='ocr_line' id='line_1_9' title="bbox 681 1177 2116 1247; baseline -0.001 -14"><span class='ocrx_word' id='word_1_41' title='bbox 681 1177 998 1233; x_wconf 81' lang='lat' dir='ltr'><strong>Eunomiam</strong></span> <span class='ocrx_word' id='word_1_42' title='bbox 1044 1179 1171 1233; x_wconf 90' lang='lat' dir='ltr'><strong>hinc</strong></span> <span class='ocrx_word' id='word_1_43' title='bbox 1216 1179 1410 1233; x_wconf 87' lang='lat' dir='ltr'><strong>Melani</strong></span> <span class='ocrx_word' id='word_1_44' title='bbox 1456 1178 1670 1232; x_wconf 88' lang='lat' dir='ltr'><strong>doctam</strong></span> <span class='ocrx_word' id='word_1_45' title='bbox 1723 1179 1821 1233; x_wconf 89' lang='lat' dir='ltr'><strong>sub</strong></span> <span class='ocrx_word' id='word_1_46' title='bbox 1871 1178 2116 1247; x_wconf 87' lang='lat' dir='ltr'><strong>principe</strong></span> 
     </span>
    </p>
   </div>
   <div class='ocr_carea' id='block_1_10' title="bbox 1891 1272 2046 1343">
    <p class='ocr_par' dir='ltr' id='par_1_10' title="bbox 1891 1272 2046 1343">
     <span class='ocr_line' id='line_1_10' title="bbox 1891 1272 2046 1343; baseline 0.013 -20"><span class='ocrx_word' id='word_1_47' title='bbox 1891 1272 2046 1343; x_wconf 86' lang='lat' dir='ltr'><strong>[voce</strong></span> 
     </span>
    </p>
   </div>
   <div class='ocr_carea' id='block_1_11' title="bbox 538 1357 2117 1430">
    <p class='ocr_par' dir='ltr' id='par_1_11' title="bbox 538 1357 2117 1430">
     <span class='ocr_line' id='line_1_11' title="bbox 538 1357 2117 1430; baseline 0.001 -16"><span class='ocrx_word' id='word_1_48' title='bbox 538 1357 610 1416; x_wconf 87' lang='lat'><strong>80</strong></span> <span class='ocrx_word' id='word_1_49' title='bbox 681 1359 1024 1416; x_wconf 89' lang='lat' dir='ltr'><strong>Formantem</strong></span> <span class='ocrx_word' id='word_1_50' title='bbox 1064 1360 1292 1415; x_wconf 91' lang='lat' dir='ltr'><strong>modulis</strong></span> <span class='ocrx_word' id='word_1_51' title='bbox 1342 1362 1671 1430; x_wconf 80' lang='lat' dir='ltr'><strong>psalmorum</strong></span> <span class='ocrx_word' id='word_1_52' title='bbox 1726 1376 1850 1413; x_wconf 88' lang='lat' dir='ltr'><strong>vasa</strong></span> <span class='ocrx_word' id='word_1_53' title='bbox 1898 1362 1967 1430; x_wconf 91' lang='lat' dir='ltr'><strong>(e)</strong></span> <span class='ocrx_word' id='word_1_54' title='bbox 2000 1377 2117 1415; x_wconf 86' lang='lat' dir='ltr'><strong>mo-</strong></span> 
     </span>
    </p>
   </div>
   <div class='ocr_carea' id='block_1_12' title="bbox 1857 1451 2045 1522">
    <p class='ocr_par' dir='ltr' id='par_1_12' title="bbox 1857 1451 2045 1522">
     <span class='ocr_line' id='line_1_12' title="bbox 1857 1451 2045 1522; baseline 0.011 -19"><span class='ocrx_word' id='word_1_55' title='bbox 1857 1451 2045 1522; x_wconf 79' lang='lat' dir='ltr'><strong>[tlestis</strong></span> 
     </span>
    </p>
   </div>
   <div class='ocr_carea' id='block_1_13' title="bbox 683 1539 1987 1609">
    <p class='ocr_par' dir='ltr' id='par_1_13' title="bbox 683 1539 1987 1609">
     <span class='ocr_line' id='line_1_13' title="bbox 683 1539 1987 1609; baseline 0 -16"><span class='ocrx_word' id='word_1_56' title='bbox 683 1540 963 1595; x_wconf 81' lang='lat' dir='ltr'><strong>Auscultat</strong></span> <span class='ocrx_word' id='word_1_57' title='bbox 990 1540 1229 1609; x_wconf 78' lang='lat' dir='ltr'><strong>gaudens</strong></span> <span class='ocrx_word' id='word_1_58' title='bbox 1251 1540 1448 1594; x_wconf 90' lang='lat' dir='ltr'><strong>dilecto</strong></span> <span class='ocrx_word' id='word_1_59' title='bbox 1468 1539 1713 1594; x_wconf 88' lang='lat' dir='ltr'><strong>Christus</strong></span> <span class='ocrx_word' id='word_1_60' title='bbox 1743 1540 1795 1593; x_wconf 85' lang='lat' dir='ltr'><strong>in</strong></span> <span class='ocrx_word' id='word_1_61' title='bbox 1827 1554 1987 1607; x_wconf 88' lang='lat' dir='ltr'><strong>agno,</strong></span> 
     </span>
    </p>
   </div>
   <div class='ocr_carea' id='block_1_14' title="bbox 683 1631 2113 1701">
    <p class='ocr_par' dir='ltr' id='par_1_14' title="bbox 683 1631 2113 1701">
     <span class='ocr_line' id='line_1_14' title="bbox 683 1631 2113 1701; baseline 0 -16"><span class='ocrx_word' id='word_1_62' title='bbox 683 1631 839 1699; x_wconf 87' lang='lat' dir='ltr'><strong>Quod</strong></span> <span class='ocrx_word' id='word_1_63' title='bbox 868 1632 1179 1687; x_wconf 90' lang='lat' dir='ltr'><strong>modulante</strong></span> <span class='ocrx_word' id='word_1_64' title='bbox 1208 1632 1317 1686; x_wconf 89' lang='lat' dir='ltr'><strong>Deo</strong></span> <span class='ocrx_word' id='word_1_65' title='bbox 1346 1632 1658 1686; x_wconf 89' lang='lat' dir='ltr'><strong>benedictas</strong></span> <span class='ocrx_word' id='word_1_66' title='bbox 1698 1632 1914 1700; x_wconf 75' lang='lat' dir='ltr'><strong>larvula</strong></span> <span class='ocrx_word' id='word_1_67' title='bbox 1962 1632 2113 1701; x_wconf 87' lang='lat' dir='ltr'><strong>prin-</strong></span> 
     </span>
    </p>
   </div>
   <div class='ocr_carea' id='block_1_15' title="bbox 1794 1721 2041 1791">
    <p class='ocr_par' dir='ltr' id='par_1_15' title="bbox 1794 1721 2041 1791">
     <span class='ocr_line' id='line_1_15' title="bbox 1794 1721 2041 1791; baseline 0.004 -1"><span class='ocrx_word' id='word_1_68' title='bbox 1794 1721 1942 1790; x_wconf 69' lang='grc' dir='ltr'><strong>[ροβε</strong></span> <span class='ocrx_word' id='word_1_69' title='bbox 1972 1722 2041 1791; x_wconf 74' lang='grc' dir='ltr'><strong>(Ι)</strong></span> 
     </span>
    </p>
   </div>
   <div class='ocr_carea' id='block_1_16' title="bbox 677 1810 2004 1878">
    <p class='ocr_par' dir='ltr' id='par_1_16' title="bbox 677 1810 2004 1878">
     <span class='ocr_line' id='line_1_16' title="bbox 677 1810 2004 1878; baseline 0 -13"><span class='ocrx_word' id='word_1_70' title='bbox 677 1810 993 1865; x_wconf 86' lang='lat' dir='ltr'><strong>Sanctorum</strong></span> <span class='ocrx_word' id='word_1_71' title='bbox 1026 1812 1247 1865; x_wconf 89' lang='lat' dir='ltr'><strong>comites</strong></span> <span class='ocrx_word' id='word_1_72' title='bbox 1276 1819 1425 1865; x_wconf 88' lang='lat' dir='ltr'><strong>casto</strong></span> <span class='ocrx_word' id='word_1_73' title='bbox 1455 1819 1609 1878; x_wconf 81' lang='lat' dir='ltr'><strong>regat</strong></span> <span class='ocrx_word' id='word_1_74' title='bbox 1637 1827 1732 1865; x_wconf 90' lang='lat' dir='ltr'><strong>ore</strong></span> <span class='ocrx_word' id='word_1_75' title='bbox 1758 1812 2004 1865; x_wconf 86' lang='lat' dir='ltr'><strong>choreas.</strong></span> 
     </span>
    </p>
   </div>
   <div class='ocr_carea' id='block_1_17' title="bbox 679 1900 2008 1971">
    <p class='ocr_par' dir='ltr' id='par_1_17' title="bbox 679 1900 2008 1971">
     <span class='ocr_line' id='line_1_17' title="bbox 679 1900 2008 1971; baseline 0.002 -18"><span class='ocrx_word' id='word_1_76' title='bbox 679 1900 801 1955; x_wconf 63' lang='lat' dir='ltr'><strong>llaec</strong></span> <span class='ocrx_word' id='word_1_77' title='bbox 822 1902 980 1969; x_wconf 78' lang='lat' dir='ltr'><strong>igitur</strong></span> <span class='ocrx_word' id='word_1_78' title='bbox 1001 1902 1128 1954; x_wconf 93' lang='lat' dir='ltr'><strong>mihi</strong></span> <span class='ocrx_word' id='word_1_79' title='bbox 1164 1902 1241 1971; x_wconf 88' lang='lat' dir='ltr'><strong>(g)</strong></span> <span class='ocrx_word' id='word_1_80' title='bbox 1277 1902 1553 1955; x_wconf 80' lang='lat' dir='ltr'><strong>meditanti</strong></span> <span class='ocrx_word' id='word_1_81' title='bbox 1578 1917 1813 1970; x_wconf 89' lang='lat' dir='ltr'><strong>congrua</strong></span> <span class='ocrx_word' id='word_1_82' title='bbox 1839 1904 2008 1957; x_wconf 83' lang='lat' dir='ltr'><strong>suasit</strong></span> 
     </span>
    </p>
   </div>
   <div class='ocr_carea' id='block_1_18' title="bbox 540 1988 1902 2045">
    <p class='ocr_par' dir='ltr' id='par_1_18' title="bbox 540 1988 1902 2045">
     <span class='ocr_line' id='line_1_18' title="bbox 540 1988 1902 2045; baseline -0.001 0"><span class='ocrx_word' id='word_1_83' title='bbox 540 1988 613 2045; x_wconf 79' lang='lat'><strong>85</strong></span> <span class='ocrx_word' id='word_1_84' title='bbox 686 1990 868 2044; x_wconf 86' lang='lat' dir='ltr'><strong>Gratia</strong></span> <span class='ocrx_word' id='word_1_85' title='bbox 898 1991 1225 2045; x_wconf 87' lang='lat' dir='ltr'><strong>multimodis</strong></span> <span class='ocrx_word' id='word_1_86' title='bbox 1256 1991 1429 2044; x_wconf 91' lang='lat' dir='ltr'><strong>inluso</strong></span> <span class='ocrx_word' id='word_1_87' title='bbox 1455 1991 1694 2045; x_wconf 89' lang='lat' dir='ltr'><strong>carmine</strong></span> <span class='ocrx_word' id='word_1_88' title='bbox 1717 1992 1902 2043; x_wconf 73' lang='lat' dir='ltr'><strong>metris</strong></span> 
     </span>
    </p>
   </div>
   <div class='ocr_carea' id='block_1_19' title="bbox 677 2081 1951 2135">
    <p class='ocr_par' dir='ltr' id='par_1_19' title="bbox 677 2081 1951 2135">
     <span class='ocr_line' id='line_1_19' title="bbox 677 2081 1951 2135; baseline 0 0"><span class='ocrx_word' id='word_1_89' title='bbox 677 2082 995 2135; x_wconf 88' lang='lat' dir='ltr'><strong>Distinctum</strong></span> <span class='ocrx_word' id='word_1_90' title='bbox 1027 2082 1187 2135; x_wconf 88' lang='lat' dir='ltr'><strong>variis</strong></span> <span class='ocrx_word' id='word_1_91' title='bbox 1215 2081 1410 2134; x_wconf 89' lang='lat' dir='ltr'><strong>imitari</strong></span> <span class='ocrx_word' id='word_1_92' title='bbox 1443 2081 1665 2134; x_wconf 82' lang='lat' dir='ltr'><strong>ﬂoribus</strong></span> <span class='ocrx_word' id='word_1_93' title='bbox 1695 2082 1908 2135; x_wconf 87' lang='lat' dir='ltr'><strong>hortum</strong></span> <span class='ocrx_word' id='word_1_94' title='bbox 1939 2100 1951 2135; x_wconf 90' lang='lat'><strong>:</strong></span> 
     </span>
    </p>
   </div>
   <div class='ocr_carea' id='block_1_20' title="bbox 678 2170 1831 2239">
    <p class='ocr_par' dir='ltr' id='par_1_20' title="bbox 678 2170 1831 2239">
     <span class='ocr_line' id='line_1_20' title="bbox 678 2170 1831 2239; baseline -0.002 -14"><span class='ocrx_word' id='word_1_95' title='bbox 678 2171 826 2226; x_wconf 88' lang='lat' dir='ltr'><strong>Sicut</strong></span> <span class='ocrx_word' id='word_1_96' title='bbox 846 2172 1036 2225; x_wconf 74' lang='lat' dir='ltr'><strong>Felicis</strong></span> <span class='ocrx_word' id='word_1_97' title='bbox 1057 2172 1317 2238; x_wconf 81' lang='lat' dir='ltr'><strong>gremium</strong></span> <span class='ocrx_word' id='word_1_98' title='bbox 1346 2170 1539 2225; x_wconf 84' lang='lat' dir='ltr'><strong>ﬂorere</strong></span> <span class='ocrx_word' id='word_1_99' title='bbox 1571 2172 1831 2239; x_wconf 90' lang='lat' dir='ltr'><strong>repletum</strong></span> 
     </span>
    </p>
   </div>
   <div class='ocr_carea' id='block_1_21' title="bbox 679 2260 1966 2328">
    <p class='ocr_par' dir='ltr' id='par_1_21' title="bbox 679 2260 1966 2328">
     <span class='ocr_line' id='line_1_21' title="bbox 679 2260 1966 2328; baseline 0.001 -16"><span class='ocrx_word' id='word_1_100' title='bbox 679 2260 902 2315; x_wconf 91' lang='lat' dir='ltr'><strong>Lumine</strong></span> <span class='ocrx_word' id='word_1_101' title='bbox 932 2260 1144 2316; x_wconf 89' lang='lat' dir='ltr'><strong>diverso</strong></span> <span class='ocrx_word' id='word_1_102' title='bbox 1173 2262 1322 2328; x_wconf 91' lang='lat' dir='ltr'><strong>quasi</strong></span> <span class='ocrx_word' id='word_1_103' title='bbox 1354 2276 1445 2314; x_wconf 94' lang='lat' dir='ltr'><strong>rus</strong></span> <span class='ocrx_word' id='word_1_104' title='bbox 1466 2261 1701 2313; x_wconf 87' lang='lat' dir='ltr'><strong>admiror</strong></span> <span class='ocrx_word' id='word_1_105' title='bbox 1730 2261 1966 2328; x_wconf 82' lang='lat' dir='ltr'><strong>Opimum</strong></span> 
     </span>
    </p>
   </div>
   <div class='ocr_carea' id='block_1_22' title="bbox 678 2347 2040 2419">
    <p class='ocr_par' dir='ltr' id='par_1_22' title="bbox 678 2347 2040 2419">
     <span class='ocr_line' id='line_1_22' title="bbox 678 2347 2040 2419; baseline 0 -16"><span class='ocrx_word' id='word_1_106' title='bbox 678 2350 984 2419; x_wconf 88' lang='lat' dir='ltr'><strong>llospitibus</strong></span> <span class='ocrx_word' id='word_1_107' title='bbox 1014 2349 1191 2402; x_wconf 89' lang='lat' dir='ltr'><strong>multis</strong></span> <span class='ocrx_word' id='word_1_108' title='bbox 1213 2349 1263 2401; x_wconf 92' lang='lat' dir='ltr'><strong>iu</strong></span> <span class='ocrx_word' id='word_1_109' title='bbox 1286 2364 1406 2403; x_wconf 92' lang='lat' dir='ltr'><strong>cum</strong></span> <span class='ocrx_word' id='word_1_110' title='bbox 1437 2347 1651 2400; x_wconf 77' lang='lat' dir='ltr'><strong>Christo</strong></span> <span class='ocrx_word' id='word_1_111' title='bbox 1681 2348 1814 2401; x_wconf 90' lang='lat' dir='ltr'><strong>duce</strong></span> <span class='ocrx_word' id='word_1_112' title='bbox 1844 2349 2040 2415; x_wconf 85' lang='lat' dir='ltr'><strong>missis,</strong></span> 
     </span>
    </p>
   </div>
   <div class='ocr_carea' id='block_1_23' title="bbox 535 2439 1903 2509">
    <p class='ocr_par' dir='ltr' id='par_1_23' title="bbox 535 2439 1903 2509">
     <span class='ocr_line' id='line_1_23' title="bbox 535 2439 1903 2509; baseline -0.001 -12"><span class='ocrx_word' id='word_1_113' title='bbox 535 2443 604 2497; x_wconf 80' lang='lat'><strong>90</strong></span> <span class='ocrx_word' id='word_1_114' title='bbox 676 2442 945 2509; x_wconf 85' lang='lat' dir='ltr'><strong>Felicique</strong></span> <span class='ocrx_word' id='word_1_115' title='bbox 975 2441 1113 2509; x_wconf 88' lang='lat' dir='ltr'><strong>patri</strong></span> <span class='ocrx_word' id='word_1_116' title='bbox 1137 2440 1304 2493; x_wconf 84' lang='lat' dir='ltr'><strong>denso</strong></span> <span class='ocrx_word' id='word_1_117' title='bbox 1331 2439 1487 2493; x_wconf 90' lang='lat' dir='ltr'><strong>simul</strong></span> <span class='ocrx_word' id='word_1_118' title='bbox 1517 2440 1729 2504; x_wconf 79' lang='lat' dir='ltr'><strong>agmine</strong></span> <span class='ocrx_word' id='word_1_119' title='bbox 1765 2442 1903 2496; x_wconf 91' lang='lat' dir='ltr'><strong>natis</strong></span> 
     </span>
    </p>
   </div>
   <div class='ocr_carea' id='block_1_24' title="bbox 677 2530 1973 2600">
    <p class='ocr_par' dir='ltr' id='par_1_24' title="bbox 677 2530 1973 2600">
     <span class='ocr_line' id='line_1_24' title="bbox 677 2530 1973 2600; baseline 0.002 -16"><span class='ocrx_word' id='word_1_120' title='bbox 677 2531 1015 2600; x_wconf 85' lang='lat' dir='ltr'><strong>Pignoribus,</strong></span> <span class='ocrx_word' id='word_1_121' title='bbox 1043 2532 1219 2585; x_wconf 89' lang='lat' dir='ltr'><strong>subito</strong></span> <span class='ocrx_word' id='word_1_122' title='bbox 1252 2539 1309 2585; x_wconf 91' lang='lat' dir='ltr'><strong>ut</strong></span> <span class='ocrx_word' id='word_1_123' title='bbox 1339 2531 1467 2585; x_wconf 88' lang='lat' dir='ltr'><strong>totis</strong></span> <span class='ocrx_word' id='word_1_124' title='bbox 1490 2530 1792 2585; x_wconf 85' lang='lat' dir='ltr'><strong>habitacula</strong></span> <span class='ocrx_word' id='word_1_125' title='bbox 1823 2533 1973 2588; x_wconf 86' lang='lat' dir='ltr'><strong>cellis</strong></span> 
     </span>
    </p>
   </div>
   <div class='ocr_carea' id='block_1_25' title="bbox 615 2725 2112 2798">
    <p class='ocr_par' dir='ltr' id='par_1_25' title="bbox 615 2725 2112 2798">
     <span class='ocr_line' id='line_1_25' title="bbox 615 2725 2112 2798; baseline 0.002 -18"><span class='ocrx_word' id='word_1_126' title='bbox 615 2727 691 2798; x_wconf 91' lang='lat' dir='ltr'><strong>(a)</strong></span> <span class='ocrx_word' id='word_1_127' title='bbox 729 2725 895 2798; x_wconf 59' lang='lat' dir='ltr'><strong>Binan</strong></span> <span class='ocrx_word' id='word_1_128' title='bbox 940 2732 1308 2798; x_wconf 73' lang='lat' dir='ltr'><strong>memorantur</strong></span> <span class='ocrx_word' id='word_1_129' title='bbox 1374 2741 1403 2778; x_wconf 91' lang='lat' dir='ltr'><strong>a</strong></span> <span class='ocrx_word' id='word_1_130' title='bbox 1448 2726 2112 2798; x_wconf 19' lang='lat' dir='ltr'><strong>Avetustisﬂscriptoribus</strong></span> 
     </span>
    </p>
   </div>
   <div class='ocr_carea' id='block_1_26' title="bbox 533 2794 2112 2864">
    <p class='ocr_par' dir='ltr' id='par_1_26' title="bbox 533 2794 2112 2864">
     <span class='ocr_line' id='line_1_26' title="bbox 533 2794 2112 2864; baseline 0.002 -14"><span class='ocrx_word' id='word_1_131' title='bbox 533 2794 745 2851; x_wconf 70' lang='lat' dir='ltr'><strong>feniinre</strong></span> <span class='ocrx_word' id='word_1_132' title='bbox 799 2795 985 2850; x_wconf 91' lang='lat' dir='ltr'><strong>eodem</strong></span> <span class='ocrx_word' id='word_1_133' title='bbox 1022 2794 1264 2848; x_wconf 72' lang='lat' dir='ltr'><strong>Melania:</strong></span> <span class='ocrx_word' id='word_1_134' title='bbox 1318 2796 1531 2849; x_wconf 90' lang='lat' dir='ltr'><strong>nomine</strong></span> <span class='ocrx_word' id='word_1_135' title='bbox 1570 2794 1896 2864; x_wconf 61' lang='lat' dir='ltr'><strong>appellatai&#39;:</strong></span> <span class='ocrx_word' id='word_1_136' title='bbox 1944 2799 2112 2853; x_wconf 88' lang='lat' dir='ltr'><strong>altera</strong></span> 
     </span>
    </p>
   </div>
   <div class='ocr_carea' id='block_1_27' title="bbox 530 2864 2113 2933">
    <p class='ocr_par' dir='ltr' id='par_1_27' title="bbox 530 2864 2113 2933">
     <span class='ocr_line' id='line_1_27' title="bbox 530 2864 2113 2933; baseline 0.001 -13"><span class='ocrx_word' id='word_1_137' title='bbox 530 2868 713 2921; x_wconf 78' lang='lat' dir='ltr'><strong>senior</strong></span> <span class='ocrx_word' id='word_1_138' title='bbox 741 2866 954 2932; x_wconf 90' lang='lat' dir='ltr'><strong>dicitur,</strong></span> <span class='ocrx_word' id='word_1_139' title='bbox 990 2865 1173 2933; x_wconf 80' lang='lat' dir='ltr'><strong>junior</strong></span> <span class='ocrx_word' id='word_1_140' title='bbox 1213 2865 1401 2920; x_wconf 89' lang='lat' dir='ltr'><strong>altera.</strong></span> <span class='ocrx_word' id='word_1_141' title='bbox 1450 2864 1643 2918; x_wconf 90' lang='lat' dir='ltr'><strong>Senior</strong></span> <span class='ocrx_word' id='word_1_142' title='bbox 1666 2866 1881 2933; x_wconf 86' lang='lat' dir='ltr'><strong>quidem</strong></span> <span class='ocrx_word' id='word_1_143' title='bbox 1915 2868 1981 2920; x_wconf 93' lang='lat' dir='ltr'><strong>ab</strong></span> <span class='ocrx_word' id='word_1_144' title='bbox 2004 2868 2113 2922; x_wconf 88' lang='lat' dir='ltr'><strong>Au-</strong></span> 
     </span>
    </p>
   </div>
   <div class='ocr_carea' id='block_1_28' title="bbox 529 2933 2111 3004">
    <p class='ocr_par' dir='ltr' id='par_1_28' title="bbox 529 2933 2111 3004">
     <span class='ocr_line' id='line_1_28' title="bbox 529 2933 2111 3004; baseline 0.001 -14"><span class='ocrx_word' id='word_1_145' title='bbox 529 2936 742 3004; x_wconf 79' lang='lat' dir='ltr'><strong>gustino</strong></span> <span class='ocrx_word' id='word_1_146' title='bbox 773 2936 824 2989; x_wconf 94' lang='lat' dir='ltr'><strong>in</strong></span> <span class='ocrx_word' id='word_1_147' title='bbox 847 2935 1071 3004; x_wconf 83' lang='lat' dir='ltr'><strong>epistola</strong></span> <span class='ocrx_word' id='word_1_148' title='bbox 1099 2934 1168 3004; x_wconf 90' lang='lat' dir='ltr'><strong>ad</strong></span> <span class='ocrx_word' id='word_1_149' title='bbox 1197 2933 1475 2988; x_wconf 90' lang='lat' dir='ltr'><strong>Paulinum</strong></span> <span class='ocrx_word' id='word_1_150' title='bbox 1515 2942 1785 3002; x_wconf 91' lang='lat' dir='ltr'><strong>nostrum,</strong></span> <span class='ocrx_word' id='word_1_151' title='bbox 1816 2951 1846 2989; x_wconf 90' lang='lat' dir='ltr'><strong>a</strong></span> <span class='ocrx_word' id='word_1_152' title='bbox 1889 2934 2111 2992; x_wconf 91' lang='lat' dir='ltr'><strong>Paulino</strong></span> 
     </span>
    </p>
   </div>
   <div class='ocr_carea' id='block_1_29' title="bbox 529 3003 2109 3075">
    <p class='ocr_par' dir='ltr' id='par_1_29' title="bbox 529 3003 2109 3075">
     <span class='ocr_line' id='line_1_29' title="bbox 529 3003 2109 3075; baseline -0.001 -15"><span class='ocrx_word' id='word_1_153' title='bbox 529 3003 647 3075; x_wconf 89' lang='lat' dir='ltr'><strong>ipso</strong></span> <span class='ocrx_word' id='word_1_154' title='bbox 678 3006 727 3059; x_wconf 93' lang='lat' dir='ltr'><strong>in</strong></span> <span class='ocrx_word' id='word_1_155' title='bbox 758 3005 981 3075; x_wconf 66' lang='lat' dir='ltr'><strong>epistola</strong></span> <span class='ocrx_word' id='word_1_156' title='bbox 1014 3003 1080 3075; x_wconf 71' lang='lat'><strong>29</strong></span> <span class='ocrx_word' id='word_1_157' title='bbox 1112 3003 1177 3075; x_wconf 86' lang='lat' dir='ltr'><strong>ad</strong></span> <span class='ocrx_word' id='word_1_158' title='bbox 1210 3004 1488 3075; x_wconf 73' lang='lat' dir='ltr'><strong>$everum,</strong></span> <span class='ocrx_word' id='word_1_159' title='bbox 1519 3012 1697 3073; x_wconf 90' lang='lat' dir='ltr'><strong>atque,</strong></span> <span class='ocrx_word' id='word_1_160' title='bbox 1732 3014 1790 3059; x_wconf 90' lang='lat' dir='ltr'><strong>ut</strong></span> <span class='ocrx_word' id='word_1_161' title='bbox 1818 3005 1950 3060; x_wconf 88' lang='lat' dir='ltr'><strong>alios</strong></span> <span class='ocrx_word' id='word_1_162' title='bbox 1974 3022 2109 3075; x_wconf 75' lang='lat' dir='ltr'><strong>pnn-</strong></span> 
     </span>
    </p>
   </div>
   <div class='ocr_carea' id='block_1_30' title="bbox 531 3061 2178 3142">
    <p class='ocr_par' dir='ltr' id='par_1_30' title="bbox 531 3061 2178 3142">
     <span class='ocr_line' id='line_1_30' title="bbox 531 3061 2178 3142; baseline 0 -13"><span class='ocrx_word' id='word_1_163' title='bbox 531 3061 754 3139; x_wconf 75' lang='lat' dir='ltr'><strong>teream,</strong></span> <span class='ocrx_word' id='word_1_164' title='bbox 794 3061 827 3128; x_wconf 64' lang='grc' dir='ltr'>ξι</span> <span class='ocrx_word' id='word_1_165' title='bbox 862 3073 1101 3127; x_wconf 86' lang='lat' dir='ltr'><strong>Palladio</strong></span> <span class='ocrx_word' id='word_1_166' title='bbox 1125 3073 1177 3125; x_wconf 90' lang='lat' dir='ltr'><strong>in</strong></span> <span class='ocrx_word' id='word_1_167' title='bbox 1214 3061 1487 3128; x_wconf 44' lang='lat' dir='ltr'><strong>Lausiaca&#39;</strong></span> <span class='ocrx_word' id='word_1_168' title='bbox 1509 3061 1728 3129; x_wconf 65' lang='lat' dir='ltr'><strong>liisioria</strong></span> <span class='ocrx_word' id='word_1_169' title='bbox 1759 3061 2108 3142; x_wconf 58' lang='lat' dir='ltr'><strong>magnis&#39;lau-</strong></span> <span class='ocrx_word' id='word_1_170' title='bbox 2134 3061 2178 3122; x_wconf 69' lang='grc' dir='ltr'>Ο</span> 
     </span>
    </p>
   </div>
   <div class='ocr_carea' id='block_1_31' title="bbox 528 3142 2108 3209">
    <p class='ocr_par' dir='ltr' id='par_1_31' title="bbox 528 3142 2108 3209">
     <span class='ocr_line' id='line_1_31' title="bbox 528 3142 2108 3209; baseline -0.001 -10"><span class='ocrx_word' id='word_1_171' title='bbox 528 3146 684 3199; x_wconf 90' lang='lat' dir='ltr'><strong>dibus</strong></span> <span class='ocrx_word' id='word_1_172' title='bbox 728 3145 1015 3197; x_wconf 80' lang='lat' dir='ltr'><strong>extollitur.</strong></span> <span class='ocrx_word' id='word_1_173' title='bbox 1070 3142 1232 3197; x_wconf 89' lang='lat' dir='ltr'><strong>Filius</strong></span> <span class='ocrx_word' id='word_1_174' title='bbox 1276 3144 1473 3198; x_wconf 89' lang='lat' dir='ltr'><strong>celebri</strong></span> <span class='ocrx_word' id='word_1_175' title='bbox 1518 3144 1643 3197; x_wconf 91' lang='lat' dir='ltr'><strong>huic</strong></span> <span class='ocrx_word' id='word_1_176' title='bbox 1691 3153 1947 3198; x_wconf 66' lang='lat' dir='ltr'><strong>matronae</strong></span> <span class='ocrx_word' id='word_1_177' title='bbox 1991 3143 2108 3209; x_wconf 81' lang='lat' dir='ltr'><strong>fuit,</strong></span> 
     </span>
    </p>
   </div>
   <div class='ocr_carea' id='block_1_32' title="bbox 529 3210 2109 3282">
    <p class='ocr_par' dir='ltr' id='par_1_32' title="bbox 529 3210 2109 3282">
     <span class='ocr_line' id='line_1_32' title="bbox 529 3210 2109 3282; baseline 0 -15"><span class='ocrx_word' id='word_1_178' title='bbox 529 3229 685 3282; x_wconf 87' lang='lat' dir='ltr'><strong>quem</strong></span> <span class='ocrx_word' id='word_1_179' title='bbox 714 3213 1039 3265; x_wconf 88' lang='lat' dir='ltr'><strong>Publicolam</strong></span> <span class='ocrx_word' id='word_1_180' title='bbox 1066 3210 1363 3282; x_wconf 82' lang='lat' dir='ltr'><strong>Chiﬂletius</strong></span> <span class='ocrx_word' id='word_1_181' title='bbox 1387 3213 1626 3282; x_wconf 87' lang='lat' dir='ltr'><strong>nominat</strong></span> <span class='ocrx_word' id='word_1_182' title='bbox 1656 3231 1667 3263; x_wconf 90' lang='lat'>:</span> <span class='ocrx_word' id='word_1_183' title='bbox 1699 3228 1803 3280; x_wconf 90' lang='lat' dir='ltr'><strong>qua</strong></span> <span class='ocrx_word' id='word_1_184' title='bbox 1832 3213 1898 3267; x_wconf 93' lang='lat' dir='ltr'><strong>de</strong></span> <span class='ocrx_word' id='word_1_185' title='bbox 1928 3230 1985 3267; x_wconf 90' lang='lat' dir='ltr'><strong>re</strong></span> <span class='ocrx_word' id='word_1_186' title='bbox 2009 3216 2109 3270; x_wconf 87' lang='lat' dir='ltr'><strong>mi-</strong></span> 
     </span>
    </p>
   </div>
   <div class='ocr_carea' id='block_1_33' title="bbox 530 3281 2107 3349">
    <p class='ocr_par' dir='ltr' id='par_1_33' title="bbox 530 3281 2107 3349">
     <span class='ocr_line' id='line_1_33' title="bbox 530 3281 2107 3349; baseline 0.001 -15"><span class='ocrx_word' id='word_1_187' title='bbox 530 3281 677 3335; x_wconf 88' lang='lat' dir='ltr'><strong>ratus</strong></span> <span class='ocrx_word' id='word_1_188' title='bbox 706 3282 1043 3341; x_wconf 79' lang='lat' dir='ltr'><strong>Muratorius,</strong></span> <span class='ocrx_word' id='word_1_189' title='bbox 1075 3281 1262 3343; x_wconf 71' lang='lat' dir='ltr'><strong>nescio,</strong></span> <span class='ocrx_word' id='word_1_190' title='bbox 1306 3282 1475 3347; x_wconf 82' lang='lat' dir='ltr'><strong>inqu&#39;t</strong></span> <span class='ocrx_word' id='word_1_191' title='bbox 1498 3281 1650 3349; x_wconf 91' lang='lat' dir='ltr'><strong>(tom.</strong></span> <span class='ocrx_word' id='word_1_192' title='bbox 1685 3282 1702 3333; x_wconf 92' lang='grc' dir='ltr'><strong>Ι</strong></span> <span class='ocrx_word' id='word_1_193' title='bbox 1733 3282 1932 3335; x_wconf 85' lang='lat' dir='ltr'><strong>Anecd.</strong></span> <span class='ocrx_word' id='word_1_194' title='bbox 1969 3283 2107 3347; x_wconf 90' lang='lat' dir='ltr'><strong>Lat.,</strong></span> 
     </span>
    </p>
   </div>
   <div class='ocr_carea' id='block_1_34' title="bbox 530 3350 2108 3473">
    <p class='ocr_par' dir='ltr' id='par_1_34' title="bbox 530 3350 2108 3473">
     <span class='ocr_line' id='line_1_34' title="bbox 530 3350 2108 3473; baseline 0.003 -72"><span class='ocrx_word' id='word_1_195' title='bbox 530 3365 652 3431; x_wconf 75' lang='lat' dir='ltr'><strong>pag.</strong></span> <span class='ocrx_word' id='word_1_196' title='bbox 687 3350 830 3417; x_wconf 70' lang='grc'><strong>146),</strong></span> <span class='ocrx_word' id='word_1_197' title='bbox 860 3365 1075 3431; x_wconf 69' lang='lat' dir='ltr'><strong>quorum</strong></span> <span class='ocrx_word' id='word_1_198' title='bbox 1108 3350 1393 3401; x_wconf 85' lang='lat' dir='ltr'><strong>tabularum</strong></span> <span class='ocrx_word' id='word_1_199' title='bbox 1439 3352 1743 3403; x_wconf 69' lang='lat' dir='ltr'><strong>auctoritate</strong></span> <span class='ocrx_word' id='word_1_200' title='bbox 1773 3354 1931 3431; x_wconf 73' lang='lat' dir='ltr'><strong>fretus</strong></span> <span class='ocrx_word' id='word_1_201' title='bbox 1961 3350 2108 3473; x_wconf 55' lang='lat' dir='ltr'><strong>Chii“-</strong></span> 
     </span>
     <span class='ocr_line' id='line_1_35' title="bbox 532 3418 2108 3473; baseline 0.001 -1"><span class='ocrx_word' id='word_1_202' title='bbox 532 3421 701 3473; x_wconf 76' lang='lat' dir='ltr'><strong>Ilettua</strong></span> <span class='ocrx_word' id='word_1_203' title='bbox 733 3419 1053 3471; x_wconf 77' lang='lat' dir='ltr'><strong>Publicolam</strong></span> <span class='ocrx_word' id='word_1_204' title='bbox 1092 3434 1206 3470; x_wconf 83' lang='lat' dir='ltr'><strong>eum</strong></span> <span class='ocrx_word' id='word_1_205' title='bbox 1234 3420 1473 3473; x_wconf 79' lang='lat' dir='ltr'><strong>aunellet.</strong></span> <span class='ocrx_word' id='word_1_206' title='bbox 1506 3418 1574 3471; x_wconf 87' lang='lat' dir='ltr'><strong>At</strong></span> <span class='ocrx_word' id='word_1_207' title='bbox 1613 3434 1679 3473; x_wconf 79' lang='lat' dir='ltr'><strong>ex</strong></span> <span class='ocrx_word' id='word_1_208' title='bbox 1711 3418 1961 3473; x_wconf 74' lang='lat' dir='ltr'><strong>Lausnaca</strong></span> <span class='ocrx_word' id='word_1_209' title='bbox 1984 3420 2057 3473; x_wconf 86' lang='lat' dir='ltr'><strong>Pa</strong></span> <span class='ocrx_word' id='word_1_210' title='bbox 2082 3452 2108 3461; x_wconf 95' lang='lat'><strong>-</strong></span> 
     </span>
    </p>
   </div>
   <div class='ocr_carea' id='block_1_35' title="bbox 531 3418 2109 3541">
    <p class='ocr_par' dir='ltr' id='par_1_35' title="bbox 531 3418 2109 3541">
     <span class='ocr_line' id='line_1_36' title="bbox 531 3418 2109 3541; baseline 0.001 -70"><span class='ocrx_word' id='word_1_211' title='bbox 531 3420 701 3541; x_wconf 62' lang='lat' dir='ltr'><strong>{letiua</strong></span> <span class='ocrx_word' id='word_1_212' title='bbox 733 3419 1053 3471; x_wconf 85' lang='lat' dir='ltr'><strong>Publicolam</strong></span> <span class='ocrx_word' id='word_1_213' title='bbox 1092 3434 1206 3470; x_wconf 83' lang='lat' dir='ltr'><strong>eum</strong></span> <span class='ocrx_word' id='word_1_214' title='bbox 1234 3420 1473 3487; x_wconf 82' lang='lat' dir='ltr'><strong>appellet.</strong></span> <span class='ocrx_word' id='word_1_215' title='bbox 1506 3418 1574 3471; x_wconf 87' lang='lat' dir='ltr'><strong>At</strong></span> <span class='ocrx_word' id='word_1_216' title='bbox 1613 3434 1679 3473; x_wconf 79' lang='lat' dir='ltr'><strong>ex</strong></span> <span class='ocrx_word' id='word_1_217' title='bbox 1711 3418 1961 3475; x_wconf 82' lang='lat' dir='ltr'><strong>Lausiaca</strong></span> <span class='ocrx_word' id='word_1_218' title='bbox 1984 3418 2109 3475; x_wconf 86' lang='lat' dir='ltr'><strong>Pal-</strong></span> 
     </span>
     <span class='ocr_line' id='line_1_37' title="bbox 553 3485 2107 3541; baseline 0 0"><span class='ocrx_word' id='word_1_219' title='bbox 553 3485 656 3541; x_wconf 90' lang='lat' dir='ltr'><strong>adii</strong></span> <span class='ocrx_word' id='word_1_220' title='bbox 676 3487 908 3541; x_wconf 79' lang='lat' dir='ltr'><strong>Historia</strong></span> <span class='ocrx_word' id='word_1_221' title='bbox 939 3503 1132 3541; x_wconf 90' lang='lat' dir='ltr'><strong>nomen</strong></span> <span class='ocrx_word' id='word_1_222' title='bbox 1155 3488 1320 3541; x_wconf 88' lang='lat' dir='ltr'><strong>hocce</strong></span> <span class='ocrx_word' id='word_1_223' title='bbox 1340 3489 1731 3541; x_wconf 80' lang='lat' dir='ltr'><strong>deoromnsisse</strong></span> <span class='ocrx_word' id='word_1_224' title='bbox 1754 3489 1961 3541; x_wconf 87' lang='lat' dir='ltr'><strong>videtur</strong></span> <span class='ocrx_word' id='word_1_225' title='bbox 1984 3507 2107 3541; x_wconf 84' lang='lat' dir='ltr'><strong>ner-</strong></span> 
     </span>
    </p>
   </div>
   <div class='ocr_carea' id='block_1_36' title="bbox 553 3485 2107 3559">
    <p class='ocr_par' dir='ltr' id='par_1_36' title="bbox 553 3485 2107 3559">
     <span class='ocr_line' id='line_1_38' title="bbox 553 3485 2107 3559; baseline 0.003 -18"><span class='ocrx_word' id='word_1_226' title='bbox 553 3485 656 3542; x_wconf 90' lang='lat' dir='ltr'><strong>adii</strong></span> <span class='ocrx_word' id='word_1_227' title='bbox 676 3487 908 3543; x_wconf 79' lang='lat' dir='ltr'><strong>Historia</strong></span> <span class='ocrx_word' id='word_1_228' title='bbox 939 3503 1132 3559; x_wconf 87' lang='lat' dir='ltr'><strong>nomen</strong></span> <span class='ocrx_word' id='word_1_229' title='bbox 1155 3485 1320 3559; x_wconf 76' lang='lat' dir='ltr'><strong>hocce</strong></span> <span class='ocrx_word' id='word_1_230' title='bbox 1340 3489 1731 3559; x_wconf 82' lang='lat' dir='ltr'><strong>deprompsisse</strong></span> <span class='ocrx_word' id='word_1_231' title='bbox 1754 3489 1961 3559; x_wconf 85' lang='lat' dir='ltr'><strong>videtur</strong></span> <span class='ocrx_word' id='word_1_232' title='bbox 1984 3507 2107 3559; x_wconf 85' lang='lat' dir='ltr'><strong>per-</strong></span> 
     </span>
    </p>
   </div>
   <div class='ocr_carea' id='block_1_37' title="bbox 531 3557 2109 3614">
    <p class='ocr_par' dir='ltr' id='par_1_37' title="bbox 531 3557 2109 3614">
     <span class='ocr_line' id='line_1_39' title="bbox 531 3557 2109 3614; baseline 0.002 -4"><span class='ocrx_word' id='word_1_233' title='bbox 531 3559 772 3613; x_wconf 86' lang='lat' dir='ltr'><strong>eruditus</strong></span> <span class='ocrx_word' id='word_1_234' title='bbox 803 3559 889 3612; x_wconf 91' lang='lat' dir='ltr'><strong>ille</strong></span> <span class='ocrx_word' id='word_1_235' title='bbox 917 3558 999 3610; x_wconf 84' lang='lat' dir='ltr'><strong>vir</strong></span> <span class='ocrx_word' id='word_1_236' title='bbox 1030 3576 1043 3611; x_wconf 90' lang='lat'>:</span> <span class='ocrx_word' id='word_1_237' title='bbox 1078 3558 1163 3611; x_wconf 93' lang='lat' dir='ltr'><strong>ubi</strong></span> <span class='ocrx_word' id='word_1_238' title='bbox 1204 3557 1347 3610; x_wconf 89' lang='lat' dir='ltr'><strong>enim</strong></span> <span class='ocrx_word' id='word_1_239' title='bbox 1394 3557 1460 3612; x_wconf 93' lang='lat' dir='ltr'><strong>de</strong></span> <span class='ocrx_word' id='word_1_240' title='bbox 1510 3560 1722 3612; x_wconf 90' lang='lat' dir='ltr'><strong>seniore</strong></span> <span class='ocrx_word' id='word_1_241' title='bbox 1753 3559 1853 3613; x_wconf 90' lang='lat' dir='ltr'><strong>hac</strong></span> <span class='ocrx_word' id='word_1_242' title='bbox 1882 3557 2109 3614; x_wconf 81' lang='lat' dir='ltr'><strong>Melania</strong></span> 
     </span>
    </p>
   </div>
   <div class='ocr_carea' id='block_1_38' title="bbox 530 3626 2103 3698">
    <p class='ocr_par' dir='ltr' id='par_1_38' title="bbox 530 3626 2103 3698">
     <span class='ocr_line' id='line_1_40' title="bbox 530 3626 2103 3698; baseline 0.001 -18"><span class='ocrx_word' id='word_1_243' title='bbox 530 3626 795 3683; x_wconf 83' lang='lat' dir='ltr'><strong>Palladius</strong></span> <span class='ocrx_word' id='word_1_244' title='bbox 833 3642 1139 3698; x_wconf 86' lang='lat' dir='ltr'><strong>sermonem</strong></span> <span class='ocrx_word' id='word_1_245' title='bbox 1177 3626 1357 3689; x_wconf 87' lang='lat' dir='ltr'><strong>habet,</strong></span> <span class='ocrx_word' id='word_1_246' title='bbox 1401 3628 1512 3681; x_wconf 71' lang='lat' dir='ltr'><strong>hzcc</strong></span> <span class='ocrx_word' id='word_1_247' title='bbox 1550 3628 1731 3681; x_wconf 88' lang='lat' dir='ltr'><strong>scribit</strong></span> <span class='ocrx_word' id='word_1_248' title='bbox 1756 3632 1894 3698; x_wconf 88' lang='lat' dir='ltr'><strong>(cap.</strong></span> <span class='ocrx_word' id='word_1_249' title='bbox 1942 3628 2103 3689; x_wconf 84' lang='lat' dir='ltr'><strong>ll7):</strong></span> 
     </span>
    </p>
   </div>
   <div class='ocr_carea' id='block_1_39' title="bbox 529 3696 2104 3773">
    <p class='ocr_par' dir='ltr' id='par_1_39' title="bbox 529 3696 2104 3773">
     <span class='ocr_line' id='line_1_41' title="bbox 529 3696 2104 3773; baseline 0 -21"><span class='ocrx_word' id='word_1_250' title='bbox 529 3702 630 3773; x_wconf 46' lang='lat' dir='ltr'><strong>lini</strong></span> <span class='ocrx_word' id='word_1_251' title='bbox 654 3700 736 3754; x_wconf 75' lang='grc' dir='ltr'><strong>τὸν</strong></span> <span class='ocrx_word' id='word_1_252' title='bbox 762 3698 1043 3754; x_wconf 80' lang='grc' dir='ltr'><strong>Ποπλίκολα</strong></span> <span class='ocrx_word' id='word_1_253' title='bbox 1065 3696 1136 3773; x_wconf 29' lang='grc' dir='ltr'><strong>’δὲ</strong></span> <span class='ocrx_word' id='word_1_254' title='bbox 1174 3700 1291 3773; x_wconf 46' lang='grc' dir='ltr'><strong>υἱρν-</strong></span> <span class='ocrx_word' id='word_1_255' title='bbox 1322 3702 1675 3767; x_wconf 66' lang='grc' dir='ltr'><strong>κατηχήσασα</strong></span> <span class='ocrx_word' id='word_1_256' title='bbox 1722 3696 1827 3773; x_wconf 51' lang='grc' dir='ltr'><strong>τὸν.</strong></span> <span class='ocrx_word' id='word_1_257' title='bbox 1844 3696 2104 3773; x_wconf 52' lang='grc' dir='ltr'><strong>ἧκῲτερον,</strong></span> 
     </span>
    </p>
   </div>
   <div class='ocr_carea' id='block_1_40' title="bbox 529 3766 2109 3839">
    <p class='ocr_par' dir='ltr' id='par_1_40' title="bbox 529 3766 2109 3839">
     <span class='ocr_line' id='line_1_42' title="bbox 529 3766 2109 3839; baseline 0 -17"><span class='ocrx_word' id='word_1_258' title='bbox 529 3768 711 3839; x_wconf 66' lang='grc' dir='ltr'><strong>ἤγαγεν</strong></span> <span class='ocrx_word' id='word_1_259' title='bbox 738 3771 820 3823; x_wconf 84' lang='grc' dir='ltr'><strong>ἐπὶ</strong></span> <span class='ocrx_word' id='word_1_260' title='bbox 843 3774 931 3839; x_wconf 65' lang='grc' dir='ltr'><strong>τὴν</strong></span> <span class='ocrx_word' id='word_1_261' title='bbox 956 3768 1173 3839; x_wconf 51' lang='lat' dir='ltr'><strong>Sanguen;</strong></span> <span class='ocrx_word' id='word_1_262' title='bbox 1197 3807 1211 3839; x_wconf 77' lang='lat'><strong>,</strong></span> <span class='ocrx_word' id='word_1_263' title='bbox 1242 3767 1292 3819; x_wconf 89' lang='lat' dir='ltr'><strong>id</strong></span> <span class='ocrx_word' id='word_1_264' title='bbox 1321 3778 1435 3839; x_wconf 71' lang='lat' dir='ltr'><strong>est,</strong></span> <span class='ocrx_word' id='word_1_265' title='bbox 1456 3766 1462 3767; x_wconf 28' lang='grc' dir='ltr'>ί</span> <span class='ocrx_word' id='word_1_266' title='bbox 1480 3766 1592 3839; x_wconf 65' lang='lat' dir='ltr'><strong>cum</strong></span> <span class='ocrx_word' id='word_1_267' title='bbox 1637 3784 1754 3820; x_wconf 66' lang='lat' dir='ltr'><strong>vero</strong></span> <span class='ocrx_word' id='word_1_268' title='bbox 1787 3766 2109 3839; x_wconf 83' lang='lat' dir='ltr'><strong>Poplicolam</strong></span> 
     </span>
    </p>
   </div>
   <div class='ocr_carea' id='block_1_41' title="bbox 529 3835 2103 3916">
    <p class='ocr_par' dir='ltr' id='par_1_41' title="bbox 529 3835 2103 3916">
     <span class='ocr_line' id='line_1_43' title="bbox 529 3835 2103 3916; baseline 0.003 -29"><span class='ocrx_word' id='word_1_269' title='bbox 529 3835 782 3916; x_wconf 40' lang='lat' dir='ltr'><strong>inuitaret-rt</strong></span> <span class='ocrx_word' id='word_1_270' title='bbox 808 3838 975 3907; x_wconf 76' lang='lat' dir='ltr'><strong>ﬁlium</strong></span> <span class='ocrx_word' id='word_1_271' title='bbox 1018 3835 1333 3916; x_wconf 62' lang='lat' dir='ltr'><strong>Christiana}</strong></span> <span class='ocrx_word' id='word_1_272' title='bbox 1372 3836 1492 3916; x_wconf 77' lang='lat' dir='ltr'><strong>ﬁdei</strong></span> <span class='ocrx_word' id='word_1_273' title='bbox 1529 3839 1783 3916; x_wconf 65' lang='lat' dir='ltr'><strong>mysteriis</strong></span> <span class='ocrx_word' id='word_1_274' title='bbox 1814 3835 2103 3916; x_wconf 56' lang='lat' dir='ltr'><strong>imbuisset,</strong></span> 
     </span>
    </p>
   </div>
   <div class='ocr_carea' id='block_1_42' title="bbox 527 3904 2103 3975">
    <p class='ocr_par' dir='ltr' id='par_1_42' title="bbox 527 3904 2103 3975">
     <span class='ocr_line' id='line_1_44' title="bbox 527 3904 2103 3975; baseline 0.001 -17"><span class='ocrx_word' id='word_1_275' title='bbox 527 3904 581 3958; x_wconf 85' lang='lat' dir='ltr'><strong>in</strong></span> <span class='ocrx_word' id='word_1_276' title='bbox 607 3904 843 3975; x_wconf 68' lang='lat' dir='ltr'><strong>Siciliam</strong></span> <span class='ocrx_word' id='word_1_277' title='bbox 870 3923 985 3960; x_wconf 89' lang='lat' dir='ltr'><strong>eum</strong></span> <span class='ocrx_word' id='word_1_278' title='bbox 1009 3905 1175 3975; x_wconf 74' lang='lat' dir='ltr'><strong>duxit.</strong></span> <span class='ocrx_word' id='word_1_279' title='bbox 1219 3906 1459 3959; x_wconf 75' lang='lat' dir='ltr'><strong>Melania:</strong></span> <span class='ocrx_word' id='word_1_280' title='bbox 1488 3904 1615 3975; x_wconf 81' lang='lat' dir='ltr'><strong>ergo</strong></span> <span class='ocrx_word' id='word_1_281' title='bbox 1646 3907 1783 3962; x_wconf 84' lang='lat' dir='ltr'><strong>illius</strong></span> <span class='ocrx_word' id='word_1_282' title='bbox 1814 3904 2103 3975; x_wconf 90' lang='lat' dir='ltr'><strong>P0plicola,</strong></span> 
     </span>
    </p>
   </div>
   <div class='ocr_carea' id='block_1_43' title="bbox 527 3974 2107 4041">
    <p class='ocr_par' dir='ltr' id='par_1_43' title="bbox 527 3974 2107 4041">
     <span class='ocr_line' id='line_1_45' title="bbox 527 3974 2107 4041; baseline 0.001 -12"><span class='ocrx_word' id='word_1_283' title='bbox 527 3991 621 4029; x_wconf 84' lang='lat' dir='ltr'><strong>seu</strong></span> <span class='ocrx_word' id='word_1_284' title='bbox 663 3974 935 4031; x_wconf 88' lang='lat' dir='ltr'><strong>Publicola</strong></span> <span class='ocrx_word' id='word_1_285' title='bbox 978 3974 1362 4028; x_wconf 85' lang='lat' dir='ltr'><strong>nobilissimam</strong></span> <span class='ocrx_word' id='word_1_286' title='bbox 1406 3975 1657 4041; x_wconf 82' lang='lat' dir='ltr'><strong>juvenem</strong></span> <span class='ocrx_word' id='word_1_287' title='bbox 1699 3974 1939 4029; x_wconf 81' lang='lat' dir='ltr'><strong>Albinam</strong></span> <span class='ocrx_word' id='word_1_288' title='bbox 1973 3991 2107 4030; x_wconf 80' lang='lat' dir='ltr'><strong>uxo-</strong></span> 
     </span>
    </p>
   </div>
   <div class='ocr_carea' id='block_1_44' title="bbox 527 4042 2108 4112">
    <p class='ocr_par' dir='ltr' id='par_1_44' title="bbox 527 4042 2108 4112">
     <span class='ocr_line' id='line_1_46' title="bbox 527 4042 2108 4112; baseline 0.001 -14"><span class='ocrx_word' id='word_1_289' title='bbox 527 4060 641 4099; x_wconf 92' lang='lat' dir='ltr'><strong>rem</strong></span> <span class='ocrx_word' id='word_1_290' title='bbox 670 4046 838 4108; x_wconf 79' lang='lat' dir='ltr'><strong>duxit,</strong></span> <span class='ocrx_word' id='word_1_291' title='bbox 873 4045 1139 4110; x_wconf 87' lang='lat' dir='ltr'><strong>liliamque</strong></span> <span class='ocrx_word' id='word_1_292' title='bbox 1167 4060 1235 4098; x_wconf 81' lang='lat' dir='ltr'><strong>ex</strong></span> <span class='ocrx_word' id='word_1_293' title='bbox 1273 4059 1335 4097; x_wconf 90' lang='lat' dir='ltr'><strong>ea</strong></span> <span class='ocrx_word' id='word_1_294' title='bbox 1364 4044 1599 4112; x_wconf 65' lang='lat' dir='ltr'><strong>suscepit</strong></span> <span class='ocrx_word' id='word_1_295' title='bbox 1624 4043 1902 4112; x_wconf 89' lang='lat' dir='ltr'><strong>Melaniam</strong></span> <span class='ocrx_word' id='word_1_296' title='bbox 1928 4042 2108 4112; x_wconf 84' lang='lat' dir='ltr'><strong>junio-</strong></span> 
     </span>
    </p>
   </div>
   <div class='ocr_carea' id='block_1_45' title="bbox 527 4110 2107 4181">
    <p class='ocr_par' dir='ltr' id='par_1_45' title="bbox 527 4110 2107 4181">
     <span class='ocr_line' id='line_1_47' title="bbox 527 4110 2107 4181; baseline -0.001 -13"><span class='ocrx_word' id='word_1_297' title='bbox 527 4130 660 4179; x_wconf 87' lang='lat' dir='ltr'><strong>rem,</strong></span> <span class='ocrx_word' id='word_1_298' title='bbox 684 4114 750 4168; x_wconf 88' lang='lat' dir='ltr'><strong>de</strong></span> <span class='ocrx_word' id='word_1_299' title='bbox 768 4129 874 4181; x_wconf 89' lang='lat' dir='ltr'><strong>qua</strong></span> <span class='ocrx_word' id='word_1_300' title='bbox 902 4112 1005 4167; x_wconf 90' lang='lat' dir='ltr'><strong>hoc</strong></span> <span class='ocrx_word' id='word_1_301' title='bbox 1048 4112 1103 4164; x_wconf 88' lang='lat' dir='ltr'><strong>in</strong></span> <span class='ocrx_word' id='word_1_302' title='bbox 1136 4112 1255 4165; x_wconf 90' lang='lat' dir='ltr'><strong>loco</strong></span> <span class='ocrx_word' id='word_1_303' title='bbox 1284 4113 1516 4181; x_wconf 77' lang='lat' dir='ltr'><strong>loquitur</strong></span> <span class='ocrx_word' id='word_1_304' title='bbox 1546 4110 1818 4181; x_wconf 78' lang='lat' dir='ltr'><strong>Paulinus.</strong></span> <span class='ocrx_word' id='word_1_305' title='bbox 1848 4110 1980 4181; x_wconf 81' lang='lat' dir='ltr'><strong>Illud</strong></span> <span class='ocrx_word' id='word_1_306' title='bbox 2002 4115 2107 4167; x_wconf 87' lang='lat' dir='ltr'><strong>ita-</strong></span> 
     </span>
    </p>
   </div>
   <div class='ocr_carea' id='block_1_46' title="bbox 527 4178 2105 4251">
    <p class='ocr_par' dir='ltr' id='par_1_46' title="bbox 527 4178 2105 4251">
     <span class='ocr_line' id='line_1_48' title="bbox 527 4178 2105 4251; baseline 0.001 -16"><span class='ocrx_word' id='word_1_307' title='bbox 527 4198 631 4249; x_wconf 88' lang='lat' dir='ltr'><strong>que</strong></span> <span class='ocrx_word' id='word_1_308' title='bbox 650 4178 887 4251; x_wconf 78' lang='lat' dir='ltr'><strong>probare</strong></span> <span class='ocrx_word' id='word_1_309' title='bbox 914 4196 1020 4233; x_wconf 92' lang='lat' dir='ltr'><strong>non</strong></span> <span class='ocrx_word' id='word_1_310' title='bbox 1044 4195 1280 4251; x_wconf 75' lang='lat' dir='ltr'><strong>possum,</strong></span> <span class='ocrx_word' id='word_1_311' title='bbox 1309 4178 1451 4251; x_wconf 90' lang='lat' dir='ltr'><strong>quod</strong></span> <span class='ocrx_word' id='word_1_312' title='bbox 1491 4181 1736 4251; x_wconf 87' lang='lat' dir='ltr'><strong>monachi</strong></span> <span class='ocrx_word' id='word_1_313' title='bbox 1764 4180 1821 4251; x_wconf 75' lang='lat' dir='ltr'><strong>S.</strong></span> <span class='ocrx_word' id='word_1_314' title='bbox 1853 4180 2021 4236; x_wconf 88' lang='lat' dir='ltr'><strong>Mauri</strong></span> <span class='ocrx_word' id='word_1_315' title='bbox 2054 4184 2105 4237; x_wconf 90' lang='lat' dir='ltr'><strong>in</strong></span> 
     </span>
    </p>
   </div>
   <div class='ocr_carea' id='block_1_47' title="bbox 527 4248 2105 4320">
    <p class='ocr_par' dir='ltr' id='par_1_47' title="bbox 527 4248 2105 4320">
     <span class='ocr_line' id='line_1_49' title="bbox 527 4248 2105 4320; baseline 0.001 -17"><span class='ocrx_word' id='word_1_316' title='bbox 527 4248 961 4320; x_wconf 68' lang='lat' dir='ltr'><strong>adnotationibus</strong></span> <span class='ocrx_word' id='word_1_317' title='bbox 988 4248 1055 4303; x_wconf 91' lang='lat' dir='ltr'><strong>ad</strong></span> <span class='ocrx_word' id='word_1_318' title='bbox 1077 4248 1186 4320; x_wconf 59' lang='lat' dir='ltr'><strong>lib</strong></span> <span class='ocrx_word' id='word_1_319' title='bbox 1214 4248 1292 4320; x_wconf 45' lang='grc' dir='ltr'><strong>δεΔ</strong></span> <span class='ocrx_word' id='word_1_320' title='bbox 1320 4250 1597 4320; x_wconf 75' lang='lat' dir='ltr'><strong>Augustini</strong></span> <span class='ocrx_word' id='word_1_321' title='bbox 1630 4250 1909 4319; x_wconf 84' lang='lat' dir='ltr'><strong>epistolam</strong></span> <span class='ocrx_word' id='word_1_322' title='bbox 1938 4253 2105 4320; x_wconf 89' lang='lat' dir='ltr'><strong>scrip-</strong></span> 
     </span>
    </p>
   </div>
   <div class='ocr_carea' id='block_1_48' title="bbox 478 4316 2102 4387">
    <p class='ocr_par' dir='ltr' id='par_1_48' title="bbox 478 4316 2102 4387">
     <span class='ocr_line' id='line_1_50' title="bbox 478 4316 2102 4387; baseline 0.001 -13"><span class='ocrx_word' id='word_1_323' title='bbox 478 4352 482 4356; x_wconf 61' lang='grc' dir='ltr'><em>ι</em></span> <span class='ocrx_word' id='word_1_324' title='bbox 525 4328 729 4381; x_wconf 71' lang='lat' dir='ltr'><strong>serunt,</strong></span> <span class='ocrx_word' id='word_1_325' title='bbox 754 4319 993 4372; x_wconf 78' lang='lat' dir='ltr'><strong>Albinam</strong></span> <span class='ocrx_word' id='word_1_326' title='bbox 1013 4318 1218 4373; x_wconf 78' lang='lat' dir='ltr'><strong>scilicet</strong></span> <span class='ocrx_word' id='word_1_327' title='bbox 1241 4316 1483 4372; x_wconf 76' lang='lat' dir='ltr'><strong>Melania:</strong></span> <span class='ocrx_word' id='word_1_328' title='bbox 1500 4316 1715 4373; x_wconf 67' lang='lat' dir='ltr'><strong>senioris</strong></span> <span class='ocrx_word' id='word_1_329' title='bbox 1734 4321 1901 4387; x_wconf 80' lang='lat' dir='ltr'><strong>ﬁliam</strong></span> <span class='ocrx_word' id='word_1_330' title='bbox 1921 4316 2102 4376; x_wconf 75' lang='lat' dir='ltr'><strong>fuisse.</strong></span> 
     </span>
    </p>
   </div>
   <div class='ocr_carea' id='block_1_49' title="bbox 527 4387 2105 4459">
    <p class='ocr_par' dir='ltr' id='par_1_49' title="bbox 527 4387 2105 4459">
     <span class='ocr_line' id='line_1_51' title="bbox 527 4387 2105 4459; baseline 0.003 -19"><span class='ocrx_word' id='word_1_331' title='bbox 527 4388 660 4459; x_wconf 48' lang='lat' dir='ltr'><strong>liam</strong></span> <span class='ocrx_word' id='word_1_332' title='bbox 690 4387 957 4445; x_wconf 88' lang='lat' dir='ltr'><strong>Palladius</strong></span> <span class='ocrx_word' id='word_1_333' title='bbox 981 4404 1099 4459; x_wconf 93' lang='lat' dir='ltr'><strong>cap.</strong></span> <span class='ocrx_word' id='word_1_334' title='bbox 1145 4388 1251 4459; x_wconf 13' lang='lat' dir='ltr'><strong>H8,</strong></span> <span class='ocrx_word' id='word_1_335' title='bbox 1274 4388 1341 4443; x_wconf 92' lang='lat' dir='ltr'><strong>de</strong></span> <span class='ocrx_word' id='word_1_336' title='bbox 1369 4387 1593 4459; x_wconf 63' lang='lat' dir='ltr'><strong>Melania</strong></span> <span class='ocrx_word' id='word_1_337' title='bbox 1637 4390 1849 4444; x_wconf 88' lang='lat' dir='ltr'><strong>seniore</strong></span> <span class='ocrx_word' id='word_1_338' title='bbox 1880 4389 2105 4459; x_wconf 88' lang='lat' dir='ltr'><strong>loquens</strong></span> 
     </span>
    </p>
   </div>
   <div class='ocr_carea' id='block_1_50' title="bbox 526 4456 2107 4534">
    <p class='ocr_par' dir='ltr' id='par_1_50' title="bbox 526 4456 2107 4534">
     <span class='ocr_line' id='line_1_52' title="bbox 526 4456 2107 4534; baseline 0.002 -23"><span class='ocrx_word' id='word_1_339' title='bbox 526 4456 641 4534; x_wconf 70' lang='lat' dir='ltr'><strong>lucc</strong></span> <span class='ocrx_word' id='word_1_340' title='bbox 670 4459 855 4514; x_wconf 86' lang='lat' dir='ltr'><strong>scribit</strong></span> <span class='ocrx_word' id='word_1_341' title='bbox 886 4476 899 4511; x_wconf 85' lang='lat'><strong>:</strong></span> <span class='ocrx_word' id='word_1_342' title='bbox 930 4456 1208 4534; x_wconf 68' lang='grc' dir='ltr'><strong>Στηρῖξασα</strong></span> <span class='ocrx_word' id='word_1_343' title='bbox 1235 4458 1403 4534; x_wconf 57' lang='lat' dir='ltr'><strong>Sinni</strong></span> <span class='ocrx_word' id='word_1_344' title='bbox 1430 4465 1518 4534; x_wconf 55' lang='lat' dir='ltr'><strong>r133</strong></span> <span class='ocrx_word' id='word_1_345' title='bbox 1706 4461 1908 4534; x_wconf 60' lang='lat' dir='ltr'><strong>in&#39;yévm</strong></span> <span class='ocrx_word' id='word_1_346' title='bbox 1947 4456 2107 4514; x_wconf 63' lang='lat' dir='ltr'><strong>Mala:-</strong></span> 
     </span>
    </p>
   </div>
   <div class='ocr_carea' id='block_1_51' title="bbox 524 4527 2107 4603">
    <p class='ocr_par' dir='ltr' id='par_1_51' title="bbox 524 4527 2107 4603">
     <span class='ocr_line' id='line_1_53' title="bbox 524 4527 2107 4603; baseline 0 -22"><span class='ocrx_word' id='word_1_347' title='bbox 524 4532 635 4583; x_wconf 76' lang='grc' dir='ltr'><strong>νίαν</strong></span> <span class='ocrx_word' id='word_1_348' title='bbox 647 4535 745 4603; x_wconf 62' lang='grc' dir='ltr'><strong>Δτήν</strong></span> <span class='ocrx_word' id='word_1_349' title='bbox 771 4527 1133 4603; x_wconf 43' lang='lat' dir='ltr'><strong>anticipare-oua</strong></span> <span class='ocrx_word' id='word_1_350' title='bbox 1155 4538 1225 4603; x_wconf 73' lang='grc' dir='ltr'><strong>τῷ</strong></span> <span class='ocrx_word' id='word_1_351' title='bbox 1254 4532 1411 4589; x_wconf 73' lang='grc' dir='ltr'><strong>αὐτῆς</strong></span> <span class='ocrx_word' id='word_1_352' title='bbox 1433 4527 1573 4603; x_wconf 59' lang='grc' dir='ltr'><strong>ἀγδρὶ</strong></span> <span class='ocrx_word' id='word_1_353' title='bbox 1610 4527 1839 4599; x_wconf 66' lang='grc' dir='ltr'><strong>Πινιάνῲ”</strong></span> <span class='ocrx_word' id='word_1_354' title='bbox 1870 4534 2107 4603; x_wconf 52' lang='lat' dir='ltr'><strong>nugax»;-</strong></span> 
     </span>
    </p>
   </div>
   <div class='ocr_carea' id='block_1_52' title="bbox 525 4597 2106 4670">
    <p class='ocr_par' dir='ltr' id='par_1_52' title="bbox 525 4597 2106 4670">
     <span class='ocr_line' id='line_1_54' title="bbox 525 4597 2106 4670; baseline 0.004 -17"><span class='ocrx_word' id='word_1_355' title='bbox 525 4620 613 4653; x_wconf 79' lang='grc' dir='ltr'><strong>σεν</strong></span> <span class='ocrx_word' id='word_1_356' title='bbox 642 4598 693 4654; x_wconf 69' lang='grc' dir='ltr'><strong>δὲ</strong></span> <span class='ocrx_word' id='word_1_357' title='bbox 720 4605 804 4654; x_wconf 81' lang='grc' dir='ltr'><strong>καὶ</strong></span> <span class='ocrx_word' id='word_1_358' title='bbox 829 4597 1051 4655; x_wconf 69' lang='grc' dir='ltr'><strong>’Δλϐίναν</strong></span> <span class='ocrx_word' id='word_1_359' title='bbox 1083 4607 1180 4670; x_wconf 63' lang='grc' dir='ltr'><strong>τ’ήῖ</strong></span> <span class='ocrx_word' id='word_1_360' title='bbox 1201 4597 1393 4660; x_wconf 58' lang='grc' dir='ltr'><strong>εαυτῆς·</strong></span> <span class='ocrx_word' id='word_1_361' title='bbox 1419 4597 1632 4670; x_wconf 62' lang='grc' dir='ltr'><strong>νύμᾲδηνν</strong></span> <span class='ocrx_word' id='word_1_362' title='bbox 1660 4597 1876 4670; x_wconf 64' lang='grc' dir='ltr'><strong>γυναῖκα</strong></span> <span class='ocrx_word' id='word_1_363' title='bbox 1919 4597 1971 4653; x_wconf 69' lang='grc' dir='ltr'><strong>δέ</strong></span> <span class='ocrx_word' id='word_1_364' title='bbox 2003 4597 2106 4653; x_wconf 61' lang='grc' dir='ltr'><strong>⁷⁸ξοιῖ</strong></span> 
     </span>
    </p>
   </div>
   <div class='ocr_carea' id='block_1_53' title="bbox 522 4667 2107 4737">
    <p class='ocr_par' dir='ltr' id='par_1_53' title="bbox 522 4667 2107 4737">
     <span class='ocr_line' id='line_1_55' title="bbox 522 4667 2107 4737; baseline -0.001 -15"><span class='ocrx_word' id='word_1_365' title='bbox 522 4671 638 4724; x_wconf 71' lang='grc' dir='ltr'><strong>νεοῦ</strong></span> <span class='ocrx_word' id='word_1_366' title='bbox 664 4673 837 4730; x_wconf 76' lang='grc' dir='ltr'><strong>αὐτῆς.</strong></span> <span class='ocrx_word' id='word_1_367' title='bbox 867 4670 972 4725; x_wconf 88' lang='lat' dir='ltr'><strong>hoc</strong></span> <span class='ocrx_word' id='word_1_368' title='bbox 999 4678 1080 4724; x_wconf 88' lang='lat' dir='ltr'><strong>est</strong></span> <span class='ocrx_word' id='word_1_369' title='bbox 1104 4687 1115 4721; x_wconf 90' lang='lat'>:</span> <span class='ocrx_word' id='word_1_370' title='bbox 1144 4667 1311 4733; x_wconf 81' lang='lat' dir='ltr'><strong>Quum</strong></span> <span class='ocrx_word' id='word_1_371' title='bbox 1340 4678 1507 4721; x_wconf 83' lang='lat' dir='ltr'><strong>autem</strong></span> <span class='ocrx_word' id='word_1_372' title='bbox 1527 4667 1888 4737; x_wconf 15' lang='lat' dir='ltr'><strong>suam‘quoque</strong></span> <span class='ocrx_word' id='word_1_373' title='bbox 1906 4676 2107 4736; x_wconf 84' lang='lat' dir='ltr'><strong>neptem</strong></span> 
     </span>
    </p>
   </div>
   <div class='ocr_carea' id='block_1_54' title="bbox 522 4735 2107 4809">
    <p class='ocr_par' dir='ltr' id='par_1_54' title="bbox 522 4735 2107 4809">
     <span class='ocr_line' id='line_1_56' title="bbox 522 4735 2107 4809; baseline -0.001 -19"><span class='ocrx_word' id='word_1_374' title='bbox 522 4738 779 4809; x_wconf 69' lang='lat' dir='ltr'><strong>iuniorem</strong></span> <span class='ocrx_word' id='word_1_375' title='bbox 809 4739 1094 4794; x_wconf 79' lang='lat' dir='ltr'><strong>Melanium</strong></span> <span class='ocrx_word' id='word_1_376' title='bbox 1120 4755 1225 4792; x_wconf 89' lang='lat' dir='ltr'><strong>una</strong></span> <span class='ocrx_word' id='word_1_377' title='bbox 1250 4755 1364 4792; x_wconf 90' lang='lat' dir='ltr'><strong>cum</strong></span> <span class='ocrx_word' id='word_1_378' title='bbox 1391 4738 1501 4807; x_wconf 77' lang='lat' dir='ltr'><strong>ejus</strong></span> <span class='ocrx_word' id='word_1_379' title='bbox 1532 4738 1651 4809; x_wconf 71' lang='lat' dir='ltr'><strong>viro</strong></span> <span class='ocrx_word' id='word_1_380' title='bbox 1664 4735 1889 4809; x_wconf 72' lang='lat' dir='ltr'><strong>Piniano</strong></span> <span class='ocrx_word' id='word_1_381' title='bbox 1914 4735 2107 4809; x_wconf 76' lang='lat' dir='ltr'><strong>conﬁr-</strong></span> 
     </span>
    </p>
   </div>
   <div class='ocr_carea' id='block_1_55' title="bbox 522 4807 2109 4877">
    <p class='ocr_par' dir='ltr' id='par_1_55' title="bbox 522 4807 2109 4877">
     <span class='ocr_line' id='line_1_57' title="bbox 522 4807 2109 4877; baseline 0.001 -17"><span class='ocrx_word' id='word_1_382' title='bbox 522 4807 733 4871; x_wconf 71' lang='lat' dir='ltr'><strong>mouet,</strong></span> <span class='ocrx_word' id='word_1_383' title='bbox 764 4809 1003 4863; x_wconf 82' lang='lat' dir='ltr'><strong>Albinam</strong></span> <span class='ocrx_word' id='word_1_384' title='bbox 1027 4811 1183 4863; x_wconf 86' lang='lat' dir='ltr'><strong>etiam</strong></span> <span class='ocrx_word' id='word_1_385' title='bbox 1208 4824 1393 4862; x_wconf 88' lang='lat' dir='ltr'><strong>nurum</strong></span> <span class='ocrx_word' id='word_1_386' title='bbox 1418 4823 1587 4877; x_wconf 72' lang='lat' dir='ltr'><strong>suam,</strong></span> <span class='ocrx_word' id='word_1_387' title='bbox 1617 4807 1858 4877; x_wconf 24' lang='lat' dir='ltr'><strong>ﬁlii‘gero</strong></span> <span class='ocrx_word' id='word_1_388' title='bbox 1882 4807 1961 4860; x_wconf 77' lang='lat' dir='ltr'><strong>sui</strong></span> <span class='ocrx_word' id='word_1_389' title='bbox 1984 4823 2109 4877; x_wconf 62' lang='lat' dir='ltr'><strong>uxo-</strong></span> 
     </span>
    </p>
   </div>
   <div class='ocr_carea' id='block_1_56' title="bbox 523 4874 2107 4947">
    <p class='ocr_par' dir='ltr' id='par_1_56' title="bbox 523 4874 2107 4947">
     <span class='ocr_line' id='line_1_58' title="bbox 523 4874 2107 4947; baseline 0.001 -19"><span class='ocrx_word' id='word_1_390' title='bbox 523 4893 631 4947; x_wconf 76' lang='lat' dir='ltr'><strong>rem</strong></span> <span class='ocrx_word' id='word_1_391' title='bbox 661 4878 780 4931; x_wconf 86' lang='lat' dir='ltr'><strong>tidei</strong></span> <span class='ocrx_word' id='word_1_392' title='bbox 810 4880 1066 4947; x_wconf 71' lang='lat' dir='ltr'><strong>mysteriis</strong></span> <span class='ocrx_word' id='word_1_393' title='bbox 1109 4878 1306 4931; x_wconf 81' lang='lat' dir='ltr'><strong>imbuit.</strong></span> <span class='ocrx_word' id='word_1_394' title='bbox 1351 4876 1455 4931; x_wconf 85' lang='lat' dir='ltr'><strong>Sed</strong></span> <span class='ocrx_word' id='word_1_395' title='bbox 1502 4884 1562 4929; x_wconf 94' lang='lat' dir='ltr'><strong>ut</strong></span> <span class='ocrx_word' id='word_1_396' title='bbox 1601 4874 1667 4947; x_wconf 85' lang='lat' dir='ltr'><strong>ad</strong></span> <span class='ocrx_word' id='word_1_397' title='bbox 1713 4874 1996 4929; x_wconf 86' lang='lat' dir='ltr'><strong>Melaniam</strong></span> <span class='ocrx_word' id='word_1_398' title='bbox 2020 4876 2107 4943; x_wconf 83' lang='lat' dir='ltr'><strong>ju-</strong></span> 
     </span>
    </p>
   </div>
   <div class='ocr_carea' id='block_1_57' title="bbox 525 4946 2110 5012">
    <p class='ocr_par' dir='ltr' id='par_1_57' title="bbox 525 4946 2110 5012">
     <span class='ocr_line' id='line_1_59' title="bbox 525 4946 2110 5012; baseline 0.002 -14"><span class='ocrx_word' id='word_1_399' title='bbox 525 4946 730 4999; x_wconf 88' lang='lat' dir='ltr'><strong>niorem</strong></span> <span class='ocrx_word' id='word_1_400' title='bbox 753 4946 1010 5012; x_wconf 87' lang='lat' dir='ltr'><strong>revertar,</strong></span> <span class='ocrx_word' id='word_1_401' title='bbox 1042 4964 1105 5002; x_wconf 90' lang='lat' dir='ltr'><strong>ea</strong></span> <span class='ocrx_word' id='word_1_402' title='bbox 1129 4948 1267 5001; x_wconf 92' lang='lat' dir='ltr'><strong>inter</strong></span> <span class='ocrx_word' id='word_1_403' title='bbox 1292 4954 1506 5001; x_wconf 89' lang='lat' dir='ltr'><strong>sanctas</strong></span> <span class='ocrx_word' id='word_1_404' title='bbox 1528 4946 1779 5001; x_wconf 89' lang='lat' dir='ltr'><strong>mulieres</strong></span> <span class='ocrx_word' id='word_1_405' title='bbox 1799 4952 2110 5001; x_wconf 88' lang='lat' dir='ltr'><strong>numeratur</strong></span> 
     </span>
    </p>
   </div>
   <div class='ocr_carea' id='block_1_58' title="bbox 526 5013 2108 5085">
    <p class='ocr_par' dir='ltr' id='par_1_58' title="bbox 526 5013 2108 5085">
     <span class='ocr_line' id='line_1_60' title="bbox 526 5013 2108 5085; baseline 0.002 -19"><span class='ocrx_word' id='word_1_406' title='bbox 526 5014 584 5085; x_wconf 85' lang='lat' dir='ltr'><strong>in</strong></span> <span class='ocrx_word' id='word_1_407' title='bbox 619 5013 997 5085; x_wconf 85' lang='lat' dir='ltr'><strong>Martyrologio</strong></span> <span class='ocrx_word' id='word_1_408' title='bbox 1038 5017 1301 5085; x_wconf 82' lang='lat' dir='ltr'><strong>Romano.</strong></span> <span class='ocrx_word' id='word_1_409' title='bbox 1348 5017 1391 5069; x_wconf 83' lang='lat' dir='ltr'><strong>A</strong></span> <span class='ocrx_word' id='word_1_410' title='bbox 1412 5016 1637 5071; x_wconf 84' lang='lat' dir='ltr'><strong>vetustis</strong></span> <span class='ocrx_word' id='word_1_411' title='bbox 1665 5024 1843 5085; x_wconf 84' lang='lat' dir='ltr'><strong>autem</strong></span> <span class='ocrx_word' id='word_1_412' title='bbox 1875 5015 2108 5083; x_wconf 85' lang='lat' dir='ltr'><strong>scripto-</strong></span> 
     </span>
    </p>
   </div>
   <div class='ocr_carea' id='block_1_59' title="bbox 523 5084 2113 5148">
    <p class='ocr_par' dir='ltr' id='par_1_59' title="bbox 523 5084 2113 5148">
     <span class='ocr_line' id='line_1_61' title="bbox 523 5084 2113 5148; baseline 0.001 -13"><span class='ocrx_word' id='word_1_413' title='bbox 523 5084 673 5138; x_wconf 87' lang='lat' dir='ltr'><strong>ribus</strong></span> <span class='ocrx_word' id='word_1_414' title='bbox 722 5084 881 5139; x_wconf 87' lang='lat' dir='ltr'><strong>modo</strong></span> <span class='ocrx_word' id='word_1_415' title='bbox 936 5086 1162 5141; x_wconf 82' lang='lat' dir='ltr'><strong>Melania</strong></span> <span class='ocrx_word' id='word_1_416' title='bbox 1214 5084 1425 5147; x_wconf 91' lang='lat' dir='ltr'><strong>dicitur.</strong></span> <span class='ocrx_word' id='word_1_417' title='bbox 1480 5085 1642 5139; x_wconf 88' lang='lat' dir='ltr'><strong>modo</strong></span> <span class='ocrx_word' id='word_1_418' title='bbox 1697 5084 2009 5148; x_wconf 85' lang='lat' dir='ltr'><strong>Melanium,</strong></span> <span class='ocrx_word' id='word_1_419' title='bbox 2056 5091 2113 5137; x_wconf 92' lang='lat' dir='ltr'><strong>et</strong></span> 
     </span>
    </p>
   </div>
   <div class='ocr_carea' id='block_1_60' title="bbox 523 5152 2107 5226">
    <p class='ocr_par' dir='ltr' id='par_1_60' title="bbox 523 5152 2107 5226">
     <span class='ocr_line' id='line_1_62' title="bbox 523 5152 2107 5226; baseline 0 -20"><span class='ocrx_word' id='word_1_420' title='bbox 523 5152 988 5226; x_wconf 46' lang='lat' dir='ltr'><strong>(incognitum-tow</strong></span> <span class='ocrx_word' id='word_1_421' title='bbox 1016 5174 1028 5209; x_wconf 88' lang='lat'><strong>:</strong></span> <span class='ocrx_word' id='word_1_422' title='bbox 1062 5164 1121 5210; x_wconf 88' lang='lat' dir='ltr'><strong>ut</strong></span> <span class='ocrx_word' id='word_1_423' title='bbox 1155 5154 1464 5226; x_wconf 79' lang='lat' dir='ltr'><strong>Glycerium.</strong></span> <span class='ocrx_word' id='word_1_424' title='bbox 1503 5154 1766 5211; x_wconf 86' lang='lat' dir='ltr'><strong>Dorcium.</strong></span> <span class='ocrx_word' id='word_1_425' title='bbox 1805 5154 2107 5226; x_wconf 68' lang='lat' dir='ltr'><strong>Philotium,</strong></span> 
     </span>
    </p>
   </div>
   <div class='ocr_carea' id='block_1_61' title="bbox 524 5220 2112 5294">
    <p class='ocr_par' dir='ltr' id='par_1_61' title="bbox 524 5220 2112 5294">
     <span class='ocr_line' id='line_1_63' title="bbox 524 5220 2112 5294; baseline 0.001 -19"><span class='ocrx_word' id='word_1_426' title='bbox 524 5220 881 5294; x_wconf 72' lang='lat' dir='ltr'><strong>Eustochium,</strong></span> <span class='ocrx_word' id='word_1_427' title='bbox 912 5241 1135 5294; x_wconf 87' lang='lat' dir='ltr'><strong>quarum</strong></span> <span class='ocrx_word' id='word_1_428' title='bbox 1160 5220 1475 5280; x_wconf 77' lang='lat' dir='ltr'><strong>feminarum</strong></span> <span class='ocrx_word' id='word_1_429' title='bbox 1501 5226 1716 5277; x_wconf 87' lang='lat' dir='ltr'><strong>nomina</strong></span> <span class='ocrx_word' id='word_1_430' title='bbox 1742 5226 1883 5291; x_wconf 85' lang='lat' dir='ltr'><strong>apud</strong></span> <span class='ocrx_word' id='word_1_431' title='bbox 1912 5223 2112 5294; x_wconf 78' lang='lat' dir='ltr'><strong>Teren-</strong></span> 
     </span>
    </p>
   </div>
   <div class='ocr_carea' id='block_1_62' title="bbox 522 5293 2114 5363">
    <p class='ocr_par' dir='ltr' id='par_1_62' title="bbox 522 5293 2114 5363">
     <span class='ocr_line' id='line_1_64' title="bbox 522 5293 2114 5363; baseline -0.001 -16"><span class='ocrx_word' id='word_1_432' title='bbox 522 5293 681 5363; x_wconf 89' lang='lat' dir='ltr'><strong>tium,</strong></span> <span class='ocrx_word' id='word_1_433' title='bbox 712 5293 952 5362; x_wconf 86' lang='lat' dir='ltr'><strong>aliosque</strong></span> <span class='ocrx_word' id='word_1_434' title='bbox 979 5296 1266 5363; x_wconf 89' lang='lat' dir='ltr'><strong>scriptores</strong></span> <span class='ocrx_word' id='word_1_435' title='bbox 1312 5302 1629 5363; x_wconf 76' lang='lat' dir='ltr'><strong>occurrunt.</strong></span> <span class='ocrx_word' id='word_1_436' title='bbox 1666 5294 1736 5346; x_wconf 82' lang='lat' dir='ltr'><strong>At</strong></span> <span class='ocrx_word' id='word_1_437' title='bbox 1773 5307 1965 5347; x_wconf 91' lang='lat' dir='ltr'><strong>nomen</strong></span> <span class='ocrx_word' id='word_1_438' title='bbox 1999 5293 2114 5346; x_wconf 81' lang='lat' dir='ltr'><strong>Me-</strong></span> 
     </span>
    </p>
   </div>
   <div class='ocr_carea' id='block_1_63' title="bbox 524 5362 2114 5433">
    <p class='ocr_par' dir='ltr' id='par_1_63' title="bbox 524 5362 2114 5433">
     <span class='ocr_line' id='line_1_65' title="bbox 524 5362 2114 5433; baseline 0.001 -18"><span class='ocrx_word' id='word_1_439' title='bbox 524 5362 717 5433; x_wconf 74' lang='lat' dir='ltr'><strong>lanius,</strong></span> <span class='ocrx_word' id='word_1_440' title='bbox 754 5368 899 5433; x_wconf 90' lang='lat' dir='ltr'><strong>quod</strong></span> <span class='ocrx_word' id='word_1_441' title='bbox 927 5366 977 5418; x_wconf 92' lang='lat' dir='ltr'><strong>in</strong></span> <span class='ocrx_word' id='word_1_442' title='bbox 1008 5362 1445 5419; x_wconf 86' lang='lat' dir='ltr'><strong>adnotationibus</strong></span> <span class='ocrx_word' id='word_1_443' title='bbox 1474 5362 1542 5415; x_wconf 89' lang='lat' dir='ltr'><strong>ad</strong></span> <span class='ocrx_word' id='word_1_444' title='bbox 1571 5362 1639 5415; x_wconf 72' lang='grc'>44</span> <span class='ocrx_word' id='word_1_445' title='bbox 1678 5363 1881 5417; x_wconf 89' lang='lat' dir='ltr'><strong>Paulini</strong></span> <span class='ocrx_word' id='word_1_446' title='bbox 1912 5363 2114 5433; x_wconf 60' lang='lat' dir='ltr'><strong>episto-</strong></span> 
     </span>
    </p>
   </div>
   <div class='ocr_carea' id='block_1_64' title="bbox 523 5431 2116 5505">
    <p class='ocr_par' dir='ltr' id='par_1_64' title="bbox 523 5431 2116 5505">
     <span class='ocr_line' id='line_1_66' title="bbox 523 5431 2116 5505; baseline -0.001 -19"><span class='ocrx_word' id='word_1_447' title='bbox 523 5431 633 5486; x_wconf 86' lang='lat' dir='ltr'><strong>lam</strong></span> <span class='ocrx_word' id='word_1_448' title='bbox 662 5431 927 5505; x_wconf 72' lang='lat' dir='ltr'><strong>meinorat</strong></span> <span class='ocrx_word' id='word_1_449' title='bbox 952 5434 1290 5505; x_wconf 83' lang='lat' dir='ltr'><strong>Rosveydus,</strong></span> <span class='ocrx_word' id='word_1_450' title='bbox 1320 5433 1745 5505; x_wconf 73' lang='lat' dir='ltr'><strong>commentitium</strong></span> <span class='ocrx_word' id='word_1_451' title='bbox 1783 5432 2007 5505; x_wconf 76' lang='lat' dir='ltr'><strong>videtur.</strong></span> <span class='ocrx_word' id='word_1_452' title='bbox 2037 5431 2116 5505; x_wconf 65' lang='grc' dir='ltr'><strong>ΒΧ</strong></span> 
     </span>
    </p>
   </div>
   <div class='ocr_carea' id='block_1_65' title="bbox 522 5501 2114 5573">
    <p class='ocr_par' dir='ltr' id='par_1_65' title="bbox 522 5501 2114 5573">
     <span class='ocr_line' id='line_1_67' title="bbox 522 5501 2114 5573; baseline -0.003 -16"><span class='ocrx_word' id='word_1_453' title='bbox 522 5504 744 5573; x_wconf 67' lang='lat' dir='ltr'><strong>nomine</strong></span> <span class='ocrx_word' id='word_1_454' title='bbox 767 5503 1053 5557; x_wconf 80' lang='lat' dir='ltr'><strong>Melanium</strong></span> <span class='ocrx_word' id='word_1_455' title='bbox 1082 5501 1369 5572; x_wconf 82' lang='lat' dir='ltr'><strong>genitivum</strong></span> <span class='ocrx_word' id='word_1_456' title='bbox 1393 5501 1591 5573; x_wconf 80' lang='lat' dir='ltr'><strong>Melani</strong></span> <span class='ocrx_word' id='word_1_457' title='bbox 1618 5502 1864 5573; x_wconf 66' lang='lat' dir='ltr'><strong>ell&#39;ormat</strong></span> <span class='ocrx_word' id='word_1_458' title='bbox 1907 5502 2011 5573; x_wconf 75' lang='lat' dir='ltr'><strong>hoc</strong></span> <span class='ocrx_word' id='word_1_459' title='bbox 2062 5501 2114 5573; x_wconf 84' lang='lat' dir='ltr'><strong>in</strong></span> 
     </span>
    </p>
   </div>
   <div class='ocr_carea' id='block_1_66' title="bbox 524 5569 2119 5645">
    <p class='ocr_par' dir='ltr' id='par_1_66' title="bbox 524 5569 2119 5645">
     <span class='ocr_line' id='line_1_68' title="bbox 524 5569 2119 5645; baseline -0.001 -22"><span class='ocrx_word' id='word_1_460' title='bbox 524 5570 647 5627; x_wconf 89' lang='lat' dir='ltr'><strong>loco</strong></span> <span class='ocrx_word' id='word_1_461' title='bbox 677 5571 930 5645; x_wconf 72' lang='lat' dir='ltr'><strong>Paulinus</strong></span> <span class='ocrx_word' id='word_1_462' title='bbox 953 5569 1162 5645; x_wconf 61' lang='lat' dir='ltr'><strong>veteres</strong></span> <span class='ocrx_word' id='word_1_463' title='bbox 1180 5571 1638 5645; x_wconf 81' lang='lat' dir='ltr'><strong>poetasimitatus,</strong></span> <span class='ocrx_word' id='word_1_464' title='bbox 1671 5569 1818 5645; x_wconf 84' lang='lat' dir='ltr'><strong>apud</strong></span> <span class='ocrx_word' id='word_1_465' title='bbox 1836 5585 1973 5645; x_wconf 79' lang='lat' dir='ltr'><strong>quos</strong></span> <span class='ocrx_word' id='word_1_466' title='bbox 1995 5569 2119 5637; x_wconf 88' lang='lat' dir='ltr'><strong>legi-</strong></span> 
     </span>
    </p>
   </div>
   <div class='ocr_carea' id='block_1_67' title="bbox 524 5641 2113 5715">
    <p class='ocr_par' dir='ltr' id='par_1_67' title="bbox 524 5641 2113 5715">
     <span class='ocr_line' id='line_1_69' title="bbox 524 5641 2113 5715; baseline -0.001 -19"><span class='ocrx_word' id='word_1_467' title='bbox 524 5656 645 5697; x_wconf 77' lang='lat' dir='ltr'><strong>mus</strong></span> <span class='ocrx_word' id='word_1_468' title='bbox 678 5642 889 5715; x_wconf 79' lang='lat' dir='ltr'><strong>beneﬁci</strong></span> <span class='ocrx_word' id='word_1_469' title='bbox 950 5659 1049 5714; x_wconf 91' lang='lat' dir='ltr'><strong>pro</strong></span> <span class='ocrx_word' id='word_1_470' title='bbox 1078 5641 1307 5714; x_wconf 73' lang='lat' dir='ltr'><strong>beneﬁcii</strong></span> <span class='ocrx_word' id='word_1_471' title='bbox 1331 5682 1345 5711; x_wconf 87' lang='lat'><strong>,</strong></span> <span class='ocrx_word' id='word_1_472' title='bbox 1379 5641 1551 5712; x_wconf 82' lang='lat' dir='ltr'><strong>ingeni</strong></span> <span class='ocrx_word' id='word_1_473' title='bbox 1589 5656 1687 5711; x_wconf 90' lang='lat' dir='ltr'><strong>pro</strong></span> <span class='ocrx_word' id='word_1_474' title='bbox 1726 5641 1954 5708; x_wconf 81' lang='lat' dir='ltr'><strong>ingenii,</strong></span> <span class='ocrx_word' id='word_1_475' title='bbox 2008 5646 2113 5695; x_wconf 87' lang='lat' dir='ltr'><strong>etc.</strong></span> 
     </span>
    </p>
   </div>
   <div class='ocr_carea' id='block_1_68' title="bbox 1494 249 2852 308">
    <p class='ocr_par' dir='ltr' id='par_1_68' title="bbox 1494 249 2852 308">
     <span class='ocr_line' id='line_1_70' title="bbox 1494 249 2852 308; baseline 0.001 -1"><span class='ocrx_word' id='word_1_476' title='bbox 1494 252 1547 308; x_wconf 90' lang='lat' dir='ltr'><strong>S.</strong></span> <span class='ocrx_word' id='word_1_477' title='bbox 1590 250 1859 306; x_wconf 71' lang='lat' dir='ltr'><strong>PAULlNl</strong></span> <span class='ocrx_word' id='word_1_478' title='bbox 1891 249 2137 304; x_wconf 69' lang='lat' dir='ltr'><strong>NOLANI</strong></span> <span class='ocrx_word' id='word_1_479' title='bbox 2176 249 2477 308; x_wconf 78' lang='lat' dir='ltr'><strong>EPISCOPI</strong></span> <span class='ocrx_word' id='word_1_480' title='bbox 2515 251 2852 308; x_wconf 76' lang='lat' dir='ltr'><strong>POEMATA.</strong></span> 
     </span>
    </p>
   </div>
   <div class='ocr_carea' id='block_1_69' title="bbox 676 362 2233 435">
    <p class='ocr_par' dir='ltr' id='par_1_69' title="bbox 676 362 2233 435">
     <span class='ocr_line' id='line_1_71' title="bbox 676 362 2233 435; baseline -0.001 -18"><span class='ocrx_word' id='word_1_481' title='bbox 676 362 800 420; x_wconf 69' lang='lat' dir='ltr'><strong>lianc</strong></span> <span class='ocrx_word' id='word_1_482' title='bbox 827 363 1020 419; x_wconf 90' lang='lat' dir='ltr'><strong>Melani</strong></span> <span class='ocrx_word' id='word_1_483' title='bbox 1043 363 1120 435; x_wconf 91' lang='lat' dir='ltr'><strong>(a)</strong></span> <span class='ocrx_word' id='word_1_484' title='bbox 1150 377 1306 419; x_wconf 89' lang='lat' dir='ltr'><strong>soror</strong></span> <span class='ocrx_word' id='word_1_485' title='bbox 1326 370 1407 417; x_wconf 88' lang='lat' dir='ltr'><strong>est</strong></span> <span class='ocrx_word' id='word_1_486' title='bbox 1436 363 1509 434; x_wconf 91' lang='lat' dir='ltr'><strong>(b)</strong></span> <span class='ocrx_word' id='word_1_487' title='bbox 1538 363 1715 427; x_wconf 89' lang='lat' dir='ltr'><strong>simul,</strong></span> <span class='ocrx_word' id='word_1_488' title='bbox 1740 372 1795 416; x_wconf 89' lang='lat' dir='ltr'><strong>et</strong></span> <span class='ocrx_word' id='word_1_489' title='bbox 1822 363 1972 432; x_wconf 86' lang='lat' dir='ltr'><strong>quasi</strong></span> <span class='ocrx_word' id='word_1_490' title='bbox 2002 362 2107 415; x_wconf 85' lang='lat' dir='ltr'><strong>tilia</strong></span> <span class='ocrx_word' id='word_1_491' title='bbox 2137 366 2186 425; x_wconf 79' lang='grc' dir='ltr'>Α</span> <span class='ocrx_word' id='word_1_492' title='bbox 2230 414 2233 415; x_wconf 30' lang='grc' dir='ltr'><em>ν</em></span> 
     </span>
    </p>
   </div>
   <div class='ocr_carea' id='block_1_70' title="bbox 3668 261 3767 316">
    <p class='ocr_par' dir='ltr' id='par_1_70' title="bbox 3668 261 3767 316">
     <span class='ocr_line' id='line_1_72' title="bbox 3668 261 3767 316; baseline 0.02 -3"><span class='ocrx_word' id='word_1_493' title='bbox 3668 261 3767 316; x_wconf 73' lang='grc' dir='ltr'><strong>ὕῗϐ</strong></span> 
     </span>
    </p>
   </div>
   <div class='ocr_carea' id='block_1_71' title="bbox 2353 363 3551 429">
    <p class='ocr_par' dir='ltr' id='par_1_71' title="bbox 2353 363 3551 429">
     <span class='ocr_line' id='line_1_73' title="bbox 2353 363 3551 429; baseline 0.008 -12"><span class='ocrx_word' id='word_1_494' title='bbox 2353 363 2457 418; x_wconf 91' lang='lat' dir='ltr'><strong>Per</strong></span> <span class='ocrx_word' id='word_1_495' title='bbox 2486 365 2617 419; x_wconf 83' lang='lat' dir='ltr'><strong>lines</strong></span> <span class='ocrx_word' id='word_1_496' title='bbox 2643 368 2874 420; x_wconf 84' lang='lat' dir='ltr'><strong>crevisse</strong></span> <span class='ocrx_word' id='word_1_497' title='bbox 2904 383 3049 429; x_wconf 89' lang='lat' dir='ltr'><strong>suos,</strong></span> <span class='ocrx_word' id='word_1_498' title='bbox 3081 377 3136 422; x_wconf 89' lang='lat' dir='ltr'><strong>et</strong></span> <span class='ocrx_word' id='word_1_499' title='bbox 3161 371 3340 424; x_wconf 87' lang='lat' dir='ltr'><strong>sobria</strong></span> <span class='ocrx_word' id='word_1_500' title='bbox 3372 380 3551 427; x_wconf 82' lang='lat' dir='ltr'><strong>castos</strong></span> 
     </span>
    </p>
   </div>
   <div class='ocr_carea' id='block_1_72' title="bbox 2356 454 3745 532">
    <p class='ocr_par' dir='ltr' id='par_1_72' title="bbox 2356 454 3745 532">
     <span class='ocr_line' id='line_1_74' title="bbox 2356 454 3745 532; baseline 0.007 -25"><span class='ocrx_word' id='word_1_501' title='bbox 2356 454 2517 509; x_wconf 88' lang='lat' dir='ltr'><strong>Tecta</strong></span> <span class='ocrx_word' id='word_1_502' title='bbox 2548 472 2742 511; x_wconf 89' lang='lat' dir='ltr'><strong>sonare</strong></span> <span class='ocrx_word' id='word_1_503' title='bbox 2772 458 2965 512; x_wconf 87' lang='lat' dir='ltr'><strong>modos</strong></span> <span class='ocrx_word' id='word_1_504' title='bbox 2994 460 3208 512; x_wconf 87' lang='lat' dir='ltr'><strong>tandem</strong></span> <span class='ocrx_word' id='word_1_505' title='bbox 3240 462 3340 514; x_wconf 89' lang='lat' dir='ltr'><strong>sibi</strong></span> <span class='ocrx_word' id='word_1_506' title='bbox 3372 466 3593 516; x_wconf 79' lang='lat' dir='ltr'><strong>vocibus</strong></span> <span class='ocrx_word' id='word_1_507' title='bbox 3613 463 3745 532; x_wconf 84' lang='lat' dir='ltr'><strong>aptis</strong></span> 
     </span>
    </p>
   </div>
   <div class='ocr_carea' id='block_1_73' title="bbox 2352 541 3679 620">
    <p class='ocr_par' dir='ltr' id='par_1_73' title="bbox 2352 541 3679 620">
     <span class='ocr_line' id='line_1_75' title="bbox 2352 541 3679 620; baseline 0.008 -22"><span class='ocrx_word' id='word_1_508' title='bbox 2352 541 2611 607; x_wconf 80' lang='lat' dir='ltr'><strong>Gaudeat,</strong></span> <span class='ocrx_word' id='word_1_509' title='bbox 2636 547 2989 616; x_wconf 83' lang='lat' dir='ltr'><strong>hospitiisque</strong></span> <span class='ocrx_word' id='word_1_510' title='bbox 3013 551 3125 602; x_wconf 90' lang='lat' dir='ltr'><strong>suis</strong></span> <span class='ocrx_word' id='word_1_511' title='bbox 3146 559 3201 605; x_wconf 92' lang='lat' dir='ltr'><strong>et</strong></span> <span class='ocrx_word' id='word_1_512' title='bbox 3229 568 3475 620; x_wconf 77' lang='lat' dir='ltr'><strong>corpore.</strong></span> <span class='ocrx_word' id='word_1_513' title='bbox 3508 563 3564 606; x_wconf 88' lang='lat' dir='ltr'><strong>et</strong></span> <span class='ocrx_word' id='word_1_514' title='bbox 3589 569 3679 608; x_wconf 78' lang='lat' dir='ltr'><strong>ore</strong></span> 
     </span>
    </p>
   </div>
   <div class='ocr_carea' id='block_1_74' title="bbox 2212 634 3573 705">
    <p class='ocr_par' dir='ltr' id='par_1_74' title="bbox 2212 634 3573 705">
     <span class='ocr_line' id='line_1_76' title="bbox 2212 634 3573 705; baseline 0.003 -18"><span class='ocrx_word' id='word_1_515' title='bbox 2212 634 2281 687; x_wconf 78' lang='grc'><strong>95</strong></span> <span class='ocrx_word' id='word_1_516' title='bbox 2354 635 2471 704; x_wconf 87' lang='lat' dir='ltr'><strong>Ipse</strong></span> <span class='ocrx_word' id='word_1_517' title='bbox 2498 637 2616 689; x_wconf 91' lang='lat' dir='ltr'><strong>sinu</strong></span> <span class='ocrx_word' id='word_1_518' title='bbox 2647 638 2807 705; x_wconf 92' lang='lat' dir='ltr'><strong>pleno</strong></span> <span class='ocrx_word' id='word_1_519' title='bbox 2836 637 3027 705; x_wconf 81' lang='lat' dir='ltr'><strong>dignos</strong></span> <span class='ocrx_word' id='word_1_520' title='bbox 3056 640 3281 693; x_wconf 87' lang='lat' dir='ltr'><strong>miretur</strong></span> <span class='ocrx_word' id='word_1_521' title='bbox 3308 641 3573 701; x_wconf 81' lang='lat' dir='ltr'><strong>alumnos,</strong></span> 
     </span>
    </p>
   </div>
   <div class='ocr_carea' id='block_1_75' title="bbox 2354 728 3583 801">
    <p class='ocr_par' dir='ltr' id='par_1_75' title="bbox 2354 728 3583 801">
     <span class='ocr_line' id='line_1_77' title="bbox 2354 728 3583 801; baseline 0.002 -20"><span class='ocrx_word' id='word_1_522' title='bbox 2354 728 2417 781; x_wconf 89' lang='lat' dir='ltr'><strong>Et</strong></span> <span class='ocrx_word' id='word_1_523' title='bbox 2444 730 2642 782; x_wconf 89' lang='lat' dir='ltr'><strong>virtute</strong></span> <span class='ocrx_word' id='word_1_524' title='bbox 2671 744 2828 797; x_wconf 89' lang='lat' dir='ltr'><strong>pares</strong></span> <span class='ocrx_word' id='word_1_525' title='bbox 2856 732 3061 783; x_wconf 89' lang='lat' dir='ltr'><strong>animas</strong></span> <span class='ocrx_word' id='word_1_526' title='bbox 3088 731 3140 784; x_wconf 91' lang='lat' dir='ltr'><strong>in</strong></span> <span class='ocrx_word' id='word_1_527' title='bbox 3171 732 3384 801; x_wconf 88' lang='lat' dir='ltr'><strong>dispare</strong></span> <span class='ocrx_word' id='word_1_528' title='bbox 3412 749 3544 787; x_wconf 81' lang='lat' dir='ltr'><strong>sexu</strong></span> <span class='ocrx_word' id='word_1_529' title='bbox 3571 751 3583 784; x_wconf 93' lang='lat'>:</span> 
     </span>
    </p>
   </div>
   <div class='ocr_carea' id='block_1_76' title="bbox 2356 820 3647 893">
    <p class='ocr_par' dir='ltr' id='par_1_76' title="bbox 2356 820 3647 893">
     <span class='ocr_line' id='line_1_78' title="bbox 2356 820 3647 893; baseline 0.002 -21"><span class='ocrx_word' id='word_1_530' title='bbox 2356 820 2508 873; x_wconf 93' lang='lat' dir='ltr'><strong>Sicut</strong></span> <span class='ocrx_word' id='word_1_531' title='bbox 2537 821 2797 873; x_wconf 80' lang='lat' dir='ltr'><strong>olivarum</strong></span> <span class='ocrx_word' id='word_1_532' title='bbox 2829 820 3060 875; x_wconf 83' lang='lat' dir='ltr'><strong>fecundo</strong></span> <span class='ocrx_word' id='word_1_533' title='bbox 3083 823 3134 875; x_wconf 90' lang='lat' dir='ltr'><strong>in</strong></span> <span class='ocrx_word' id='word_1_534' title='bbox 3162 824 3301 877; x_wconf 91' lang='lat' dir='ltr'><strong>colle</strong></span> <span class='ocrx_word' id='word_1_535' title='bbox 3330 824 3541 878; x_wconf 83' lang='lat' dir='ltr'><strong>novella</strong></span> <span class='ocrx_word' id='word_1_536' title='bbox 3572 824 3647 893; x_wconf 70' lang='lat' dir='ltr'><strong>(li)</strong></span> 
     </span>
    </p>
   </div>
   <div class='ocr_carea' id='block_1_77' title="bbox 2353 909 3615 978">
    <p class='ocr_par' dir='ltr' id='par_1_77' title="bbox 2353 909 3615 978">
     <span class='ocr_line' id='line_1_79' title="bbox 2353 909 3615 978; baseline 0.002 -16"><span class='ocrx_word' id='word_1_537' title='bbox 2353 909 2591 963; x_wconf 68' lang='lat' dir='ltr'><strong>Laetatur</strong></span> <span class='ocrx_word' id='word_1_538' title='bbox 2616 909 2798 963; x_wconf 88' lang='lat' dir='ltr'><strong>senior</strong></span> <span class='ocrx_word' id='word_1_539' title='bbox 2826 910 2887 978; x_wconf 89' lang='lat' dir='ltr'><strong>(i)</strong></span> <span class='ocrx_word' id='word_1_540' title='bbox 2918 910 3097 964; x_wconf 91' lang='lat' dir='ltr'><strong>divino</strong></span> <span class='ocrx_word' id='word_1_541' title='bbox 3126 926 3155 964; x_wconf 91' lang='lat' dir='ltr'><strong>a</strong></span> <span class='ocrx_word' id='word_1_542' title='bbox 3186 912 3392 965; x_wconf 90' lang='lat' dir='ltr'><strong>semine</strong></span> <span class='ocrx_word' id='word_1_543' title='bbox 3417 912 3615 965; x_wconf 90' lang='lat' dir='ltr'><strong>Christi</strong></span> 
     </span>
    </p>
   </div>
   <div class='ocr_carea' id='block_1_78' title="bbox 2358 1001 3612 1056">
    <p class='ocr_par' dir='ltr' id='par_1_78' title="bbox 2358 1001 3612 1056">
     <span class='ocr_line' id='line_1_80' title="bbox 2358 1001 3612 1056; baseline 0.002 -4"><span class='ocrx_word' id='word_1_544' title='bbox 2358 1001 2629 1054; x_wconf 89' lang='lat' dir='ltr'><strong>Plantator</strong></span> <span class='ocrx_word' id='word_1_545' title='bbox 2662 1015 2887 1054; x_wconf 87' lang='lat' dir='ltr'><strong>cernens</strong></span> <span class='ocrx_word' id='word_1_546' title='bbox 2917 1002 3054 1055; x_wconf 89' lang='lat' dir='ltr'><strong>inter</strong></span> <span class='ocrx_word' id='word_1_547' title='bbox 3082 1018 3175 1055; x_wconf 90' lang='lat' dir='ltr'><strong>sua</strong></span> <span class='ocrx_word' id='word_1_548' title='bbox 3214 1018 3339 1056; x_wconf 89' lang='lat' dir='ltr'><strong>rura</strong></span> <span class='ocrx_word' id='word_1_549' title='bbox 3368 1003 3612 1056; x_wconf 91' lang='lat' dir='ltr'><strong>colonos.</strong></span> 
     </span>
    </p>
   </div>
   <div class='ocr_carea' id='block_1_79' title="bbox 2216 1087 3679 1159">
    <p class='ocr_par' dir='ltr' id='par_1_79' title="bbox 2216 1087 3679 1159">
     <span class='ocr_line' id='line_1_81' title="bbox 2216 1087 3679 1159; baseline 0.002 -19"><span class='ocrx_word' id='word_1_550' title='bbox 2216 1087 2317 1141; x_wconf 75' lang='grc' dir='ltr'><strong>ιθθ</strong></span> <span class='ocrx_word' id='word_1_551' title='bbox 2356 1089 2570 1141; x_wconf 87' lang='lat' dir='ltr'><strong>Floreat</strong></span> <span class='ocrx_word' id='word_1_552' title='bbox 2596 1102 2722 1154; x_wconf 84' lang='lat' dir='ltr'><strong>ergo</strong></span> <span class='ocrx_word' id='word_1_553' title='bbox 2754 1105 2893 1141; x_wconf 92' lang='lat' dir='ltr'><strong>novo</strong></span> <span class='ocrx_word' id='word_1_554' title='bbox 2923 1090 3050 1142; x_wconf 91' lang='lat' dir='ltr'><strong>mihi</strong></span> <span class='ocrx_word' id='word_1_555' title='bbox 3072 1092 3323 1143; x_wconf 87' lang='lat' dir='ltr'><strong>carminis</strong></span> <span class='ocrx_word' id='word_1_556' title='bbox 3352 1106 3474 1143; x_wconf 84' lang='lat' dir='ltr'><strong>area</strong></span> <span class='ocrx_word' id='word_1_557' title='bbox 3507 1100 3679 1159; x_wconf 89' lang='lat' dir='ltr'><strong>prato,</strong></span> 
     </span>
    </p>
   </div>
   <div class='ocr_carea' id='block_1_80' title="bbox 2356 1176 3782 1246">
    <p class='ocr_par' dir='ltr' id='par_1_80' title="bbox 2356 1176 3782 1246">
     <span class='ocr_line' id='line_1_82' title="bbox 2356 1176 3782 1246; baseline 0.002 -16"><span class='ocrx_word' id='word_1_558' title='bbox 2356 1177 2625 1230; x_wconf 87' lang='lat' dir='ltr'><strong>Laudibus</strong></span> <span class='ocrx_word' id='word_1_559' title='bbox 2655 1185 2709 1229; x_wconf 93' lang='lat' dir='ltr'><strong>et</strong></span> <span class='ocrx_word' id='word_1_560' title='bbox 2748 1176 2979 1243; x_wconf 86' lang='lat' dir='ltr'><strong>Domini,</strong></span> <span class='ocrx_word' id='word_1_561' title='bbox 3009 1178 3098 1246; x_wconf 89' lang='lat' dir='ltr'><strong>qui</strong></span> <span class='ocrx_word' id='word_1_562' title='bbox 3135 1178 3379 1232; x_wconf 89' lang='lat' dir='ltr'><strong>conditor</strong></span> <span class='ocrx_word' id='word_1_563' title='bbox 3407 1180 3535 1244; x_wconf 90' lang='lat' dir='ltr'><strong>oris,</strong></span> <span class='ocrx_word' id='word_1_564' title='bbox 3571 1187 3625 1233; x_wconf 90' lang='lat' dir='ltr'><strong>et</strong></span> <span class='ocrx_word' id='word_1_565' title='bbox 3659 1179 3782 1234; x_wconf 78' lang='lat' dir='ltr'><strong>artis</strong></span> 
     </span>
    </p>
   </div>
   <div class='ocr_carea' id='block_1_81' title="bbox 2355 1266 3784 1337">
    <p class='ocr_par' dir='ltr' id='par_1_81' title="bbox 2355 1266 3784 1337">
     <span class='ocr_line' id='line_1_83' title="bbox 2355 1266 3784 1337; baseline 0.001 -15"><span class='ocrx_word' id='word_1_566' title='bbox 2355 1267 2669 1322; x_wconf 90' lang='lat' dir='ltr'><strong>Omnimode</strong></span> <span class='ocrx_word' id='word_1_567' title='bbox 2714 1276 2833 1332; x_wconf 90' lang='lat' dir='ltr'><strong>est,</strong></span> <span class='ocrx_word' id='word_1_568' title='bbox 2889 1268 3039 1322; x_wconf 88' lang='lat' dir='ltr'><strong>vario</strong></span> <span class='ocrx_word' id='word_1_569' title='bbox 3086 1266 3344 1323; x_wconf 86' lang='lat' dir='ltr'><strong>famulans</strong></span> <span class='ocrx_word' id='word_1_570' title='bbox 3397 1269 3533 1337; x_wconf 91' lang='lat' dir='ltr'><strong>pede</strong></span> <span class='ocrx_word' id='word_1_571' title='bbox 3586 1270 3784 1323; x_wconf 87' lang='lat' dir='ltr'><strong>musica</strong></span> 
     </span>
    </p>
   </div>
   <div class='ocr_carea' id='block_1_82' title="bbox 3476 1361 3713 1432">
    <p class='ocr_par' dir='ltr' id='par_1_82' title="bbox 3476 1361 3713 1432">
     <span class='ocr_line' id='line_1_84' title="bbox 3476 1361 3713 1432; baseline -0.008 -18"><span class='ocrx_word' id='word_1_572' title='bbox 3476 1361 3493 1432; x_wconf 92' lang='lat'>[</span> <span class='ocrx_word' id='word_1_573' title='bbox 3516 1368 3713 1413; x_wconf 88' lang='lat' dir='ltr'><strong>currat.</strong></span> 
     </span>
    </p>
   </div>
   <div class='ocr_carea' id='block_1_83' title="bbox 2357 1448 3635 1518">
    <p class='ocr_par' dir='ltr' id='par_1_83' title="bbox 2357 1448 3635 1518">
     <span class='ocr_line' id='line_1_85' title="bbox 2357 1448 3635 1518; baseline -0.002 -14"><span class='ocrx_word' id='word_1_574' title='bbox 2357 1450 2578 1518; x_wconf 85' lang='lat' dir='ltr'><strong>Jamque</strong></span> <span class='ocrx_word' id='word_1_575' title='bbox 2608 1448 2910 1502; x_wconf 82' lang='lat' dir='ltr'><strong>intertextis</strong></span> <span class='ocrx_word' id='word_1_576' title='bbox 2939 1449 3121 1516; x_wconf 86' lang='lat' dir='ltr'><strong>elegus</strong></span> <span class='ocrx_word' id='word_1_577' title='bbox 3141 1450 3393 1504; x_wconf 89' lang='lat' dir='ltr'><strong>succedat</strong></span> <span class='ocrx_word' id='word_1_578' title='bbox 3422 1451 3635 1516; x_wconf 82' lang='lat' dir='ltr'><strong>iambis,</strong></span> 
     </span>
    </p>
   </div>
   <div class='ocr_carea' id='block_1_84' title="bbox 2351 1537 3649 1608">
    <p class='ocr_par' dir='ltr' id='par_1_84' title="bbox 2351 1537 3649 1608">
     <span class='ocr_line' id='line_1_86' title="bbox 2351 1537 3649 1608; baseline -0.001 -14"><span class='ocrx_word' id='word_1_579' title='bbox 2351 1541 2432 1595; x_wconf 88' lang='lat' dir='ltr'><strong>Sit</strong></span> <span class='ocrx_word' id='word_1_580' title='bbox 2458 1548 2618 1608; x_wconf 88' lang='lat' dir='ltr'><strong>caput</strong></span> <span class='ocrx_word' id='word_1_581' title='bbox 2647 1540 2863 1604; x_wconf 79' lang='lat' dir='ltr'><strong>herous,</strong></span> <span class='ocrx_word' id='word_1_582' title='bbox 2895 1537 3403 1607; x_wconf 80' lang='lat' dir='ltr'><strong>fundamentumque</strong></span> <span class='ocrx_word' id='word_1_583' title='bbox 3443 1540 3649 1594; x_wconf 91' lang='lat' dir='ltr'><strong>libello.</strong></span> 
     </span>
    </p>
   </div>
   <div class='ocr_carea' id='block_1_85' title="bbox 2424 1627 3624 1699">
    <p class='ocr_par' dir='ltr' id='par_1_85' title="bbox 2424 1627 3624 1699">
     <span class='ocr_line' id='line_1_87' title="bbox 2424 1627 3624 1699; baseline 0.002 -18"><span class='ocrx_word' id='word_1_584' title='bbox 2424 1628 2598 1682; x_wconf 90' lang='lat' dir='ltr'><strong>Castis</strong></span> <span class='ocrx_word' id='word_1_585' title='bbox 2626 1628 2691 1697; x_wconf 82' lang='lat' dir='ltr'><strong>(j)</strong></span> <span class='ocrx_word' id='word_1_586' title='bbox 2723 1627 2957 1693; x_wconf 87' lang='lat' dir='ltr'><strong>agendus</strong></span> <span class='ocrx_word' id='word_1_587' title='bbox 2985 1628 3212 1695; x_wconf 90' lang='lat' dir='ltr'><strong>gaudiis,</strong></span> <span class='ocrx_word' id='word_1_588' title='bbox 3245 1636 3299 1682; x_wconf 87' lang='lat' dir='ltr'><strong>et</strong></span> <span class='ocrx_word' id='word_1_589' title='bbox 3326 1630 3515 1683; x_wconf 89' lang='lat' dir='ltr'><strong>hostiis</strong></span> <span class='ocrx_word' id='word_1_590' title='bbox 3544 1630 3624 1699; x_wconf 75' lang='lat' dir='ltr'><strong>(lt)</strong></span> 
     </span>
    </p>
   </div>
   <div class='ocr_carea' id='block_1_86' title="bbox 2430 1717 3385 1773">
    <p class='ocr_par' dir='ltr' id='par_1_86' title="bbox 2430 1717 3385 1773">
     <span class='ocr_line' id='line_1_88' title="bbox 2430 1717 3385 1773; baseline 0.001 -2"><span class='ocrx_word' id='word_1_591' title='bbox 2430 1719 2553 1773; x_wconf 91' lang='lat' dir='ltr'><strong>Dies</strong></span> <span class='ocrx_word' id='word_1_592' title='bbox 2571 1717 2777 1771; x_wconf 83' lang='lat' dir='ltr'><strong>refulsit</strong></span> <span class='ocrx_word' id='word_1_593' title='bbox 2805 1718 2963 1772; x_wconf 88' lang='lat' dir='ltr'><strong>laude</strong></span> <span class='ocrx_word' id='word_1_594' title='bbox 2992 1718 3184 1772; x_wconf 88' lang='lat' dir='ltr'><strong>Felicis</strong></span> <span class='ocrx_word' id='word_1_595' title='bbox 3212 1733 3385 1772; x_wconf 89' lang='lat' dir='ltr'><strong>sacer.</strong></span> 
     </span>
    </p>
   </div>
   <div class='ocr_carea' id='block_1_87' title="bbox 2432 1808 3550 1875">
    <p class='ocr_par' dir='ltr' id='par_1_87' title="bbox 2432 1808 3550 1875">
     <span class='ocr_line' id='line_1_89' title="bbox 2432 1808 3550 1875; baseline 0.003 -13"><span class='ocrx_word' id='word_1_596' title='bbox 2432 1809 2584 1875; x_wconf 86' lang='lat' dir='ltr'><strong>Quod</strong></span> <span class='ocrx_word' id='word_1_597' title='bbox 2614 1808 2769 1862; x_wconf 91' lang='lat' dir='ltr'><strong>laude</strong></span> <span class='ocrx_word' id='word_1_598' title='bbox 2797 1808 2926 1873; x_wconf 80' lang='lat' dir='ltr'><strong>dixi,</strong></span> <span class='ocrx_word' id='word_1_599' title='bbox 2954 1816 3128 1863; x_wconf 89' lang='lat' dir='ltr'><strong>morte</strong></span> <span class='ocrx_word' id='word_1_600' title='bbox 3150 1808 3349 1863; x_wconf 90' lang='lat' dir='ltr'><strong>dictum</strong></span> <span class='ocrx_word' id='word_1_601' title='bbox 3370 1809 3550 1875; x_wconf 89' lang='lat' dir='ltr'><strong>dicite,</strong></span> 
     </span>
    </p>
   </div>
   <div class='ocr_carea' id='block_1_88' title="bbox 2432 1897 3566 1966">
    <p class='ocr_par' dir='ltr' id='par_1_88' title="bbox 2432 1897 3566 1966">
     <span class='ocr_line' id='line_1_90' title="bbox 2432 1897 3566 1966; baseline 0.004 -16"><span class='ocrx_word' id='word_1_602' title='bbox 2432 1898 2567 1963; x_wconf 83' lang='lat' dir='ltr'><strong>Quia</strong></span> <span class='ocrx_word' id='word_1_603' title='bbox 2590 1912 2734 1951; x_wconf 86' lang='lat' dir='ltr'><strong>mors</strong></span> <span class='ocrx_word' id='word_1_604' title='bbox 2762 1897 3103 1966; x_wconf 86' lang='lat' dir='ltr'><strong>piorumjure</strong></span> <span class='ocrx_word' id='word_1_605' title='bbox 3122 1898 3238 1953; x_wconf 87' lang='lat' dir='ltr'><strong>laus</strong></span> <span class='ocrx_word' id='word_1_606' title='bbox 3266 1900 3566 1963; x_wconf 83' lang='lat' dir='ltr'><strong>vocabitur,</strong></span> 
     </span>
    </p>
   </div>
   <div class='ocr_carea' id='block_1_89' title="bbox 2428 1988 3557 2061">
    <p class='ocr_par' dir='ltr' id='par_1_89' title="bbox 2428 1988 3557 2061">
     <span class='ocr_line' id='line_1_91' title="bbox 2428 1988 3557 2061; baseline 0.002 -18"><span class='ocrx_word' id='word_1_607' title='bbox 2428 1990 2667 2045; x_wconf 86' lang='lat' dir='ltr'><strong>Pretiosa</strong></span> <span class='ocrx_word' id='word_1_608' title='bbox 2690 1991 2915 2044; x_wconf 92' lang='lat' dir='ltr'><strong>Domino</strong></span> <span class='ocrx_word' id='word_1_609' title='bbox 2942 2005 3061 2058; x_wconf 71' lang='lat' dir='ltr'><strong>qua:</strong></span> <span class='ocrx_word' id='word_1_610' title='bbox 3090 1988 3200 2045; x_wconf 90' lang='lat' dir='ltr'><strong>Deo</strong></span> <span class='ocrx_word' id='word_1_611' title='bbox 3229 1992 3557 2061; x_wconf 88' lang='lat' dir='ltr'><strong>rependitur.</strong></span> 
     </span>
    </p>
   </div>
   <div class='ocr_carea' id='block_1_90' title="bbox 2428 2078 3503 2148">
    <p class='ocr_par' dir='ltr' id='par_1_90' title="bbox 2428 2078 3503 2148">
     <span class='ocr_line' id='line_1_92' title="bbox 2428 2078 3503 2148; baseline 0.002 -15"><span class='ocrx_word' id='word_1_612' title='bbox 2428 2080 2577 2133; x_wconf 88' lang='lat' dir='ltr'><strong>Unde</strong></span> <span class='ocrx_word' id='word_1_613' title='bbox 2602 2091 2655 2133; x_wconf 84' lang='lat' dir='ltr'><strong>et</strong></span> <span class='ocrx_word' id='word_1_614' title='bbox 2684 2078 2943 2148; x_wconf 86' lang='lat' dir='ltr'><strong>propheta</strong></span> <span class='ocrx_word' id='word_1_615' title='bbox 2973 2079 3099 2132; x_wconf 89' lang='lat' dir='ltr'><strong>dicit</strong></span> <span class='ocrx_word' id='word_1_616' title='bbox 3122 2079 3175 2132; x_wconf 90' lang='lat' dir='ltr'><strong>in</strong></span> <span class='ocrx_word' id='word_1_617' title='bbox 3195 2081 3360 2135; x_wconf 89' lang='lat' dir='ltr'><strong>verbo</strong></span> <span class='ocrx_word' id='word_1_618' title='bbox 3390 2081 3503 2146; x_wconf 91' lang='lat' dir='ltr'><strong>Dei,</strong></span> 
     </span>
    </p>
   </div>
   <div class='ocr_carea' id='block_1_91' title="bbox 2426 2170 3576 2239">
    <p class='ocr_par' dir='ltr' id='par_1_91' title="bbox 2426 2170 3576 2239">
     <span class='ocr_line' id='line_1_93' title="bbox 2426 2170 3576 2239; baseline 0.002 -15"><span class='ocrx_word' id='word_1_619' title='bbox 2426 2171 2557 2224; x_wconf 71' lang='lat' dir='ltr'><strong>Vita:</strong></span> <span class='ocrx_word' id='word_1_620' title='bbox 2584 2171 2818 2239; x_wconf 72' lang='lat' dir='ltr'><strong>probata:</strong></span> <span class='ocrx_word' id='word_1_621' title='bbox 2850 2170 2911 2239; x_wconf 92' lang='lat' dir='ltr'><strong>(l)</strong></span> <span class='ocrx_word' id='word_1_622' title='bbox 2944 2171 2995 2222; x_wconf 88' lang='lat' dir='ltr'><strong>in</strong></span> <span class='ocrx_word' id='word_1_623' title='bbox 3028 2171 3173 2223; x_wconf 77' lang='lat' dir='ltr'><strong>exitu</strong></span> <span class='ocrx_word' id='word_1_624' title='bbox 3201 2170 3409 2225; x_wconf 90' lang='lat' dir='ltr'><strong>laudem</strong></span> <span class='ocrx_word' id='word_1_625' title='bbox 3440 2172 3576 2226; x_wconf 90' lang='lat' dir='ltr'><strong>dari.</strong></span> 
     </span>
    </p>
   </div>
   <div class='ocr_carea' id='block_1_92' title="bbox 2422 2260 3615 2329">
    <p class='ocr_par' dir='ltr' id='par_1_92' title="bbox 2422 2260 3615 2329">
     <span class='ocr_line' id='line_1_94' title="bbox 2422 2260 3615 2329; baseline 0.003 -16"><span class='ocrx_word' id='word_1_626' title='bbox 2422 2260 2489 2313; x_wconf 85' lang='lat' dir='ltr'><strong>Et</strong></span> <span class='ocrx_word' id='word_1_627' title='bbox 2516 2270 2641 2315; x_wconf 89' lang='lat' dir='ltr'><strong>ante</strong></span> <span class='ocrx_word' id='word_1_628' title='bbox 2669 2268 2895 2313; x_wconf 90' lang='lat' dir='ltr'><strong>mortem</strong></span> <span class='ocrx_word' id='word_1_629' title='bbox 2922 2260 3318 2329; x_wconf 61' lang='lat' dir='ltr'><strong>praedicandum</strong></span> <span class='ocrx_word' id='word_1_630' title='bbox 3344 2263 3615 2317; x_wconf 88' lang='lat' dir='ltr'><strong>nemiuem</strong></span> 
     </span>
    </p>
   </div>
   <div class='ocr_carea' id='block_1_93' title="bbox 2431 2350 3646 2421">
    <p class='ocr_par' dir='ltr' id='par_1_93' title="bbox 2431 2350 3646 2421">
     <span class='ocr_line' id='line_1_95' title="bbox 2431 2350 3646 2421; baseline 0.003 -16"><span class='ocrx_word' id='word_1_631' title='bbox 2431 2352 2735 2406; x_wconf 89' lang='lat' dir='ltr'><strong>Salomonis</strong></span> <span class='ocrx_word' id='word_1_632' title='bbox 2764 2367 2857 2406; x_wconf 93' lang='lat' dir='ltr'><strong>ore</strong></span> <span class='ocrx_word' id='word_1_633' title='bbox 2887 2350 2979 2421; x_wconf 92' lang='lat' dir='ltr'><strong>(m)</strong></span> <span class='ocrx_word' id='word_1_634' title='bbox 3009 2367 3187 2408; x_wconf 90' lang='lat' dir='ltr'><strong>sermo</strong></span> <span class='ocrx_word' id='word_1_635' title='bbox 3216 2354 3425 2407; x_wconf 84' lang='lat' dir='ltr'><strong>divinus</strong></span> <span class='ocrx_word' id='word_1_636' title='bbox 3455 2353 3646 2417; x_wconf 86' lang='lat' dir='ltr'><strong>docet,</strong></span> 
     </span>
    </p>
   </div>
   <div class='ocr_carea' id='block_1_94' title="bbox 2423 2443 3777 2515">
    <p class='ocr_par' dir='ltr' id='par_1_94' title="bbox 2423 2443 3777 2515">
     <span class='ocr_line' id='line_1_96' title="bbox 2423 2443 3777 2515; baseline 0.005 -19"><span class='ocrx_word' id='word_1_637' title='bbox 2423 2443 2707 2497; x_wconf 89' lang='lat' dir='ltr'><strong>Landanda</strong></span> <span class='ocrx_word' id='word_1_638' title='bbox 2736 2443 2979 2512; x_wconf 89' lang='lat' dir='ltr'><strong>quamvis</strong></span> <span class='ocrx_word' id='word_1_639' title='bbox 3006 2443 3217 2512; x_wconf 91' lang='lat' dir='ltr'><strong>quidam</strong></span> <span class='ocrx_word' id='word_1_640' title='bbox 3248 2444 3298 2498; x_wconf 92' lang='lat' dir='ltr'><strong>in</strong></span> <span class='ocrx_word' id='word_1_641' title='bbox 3322 2445 3421 2499; x_wconf 92' lang='lat' dir='ltr'><strong>hac</strong></span> <span class='ocrx_word' id='word_1_642' title='bbox 3442 2446 3552 2499; x_wconf 88' lang='lat' dir='ltr'><strong>vita</strong></span> <span class='ocrx_word' id='word_1_643' title='bbox 3578 2459 3777 2515; x_wconf 85' lang='lat' dir='ltr'><strong>gerant</strong></span> 
     </span>
    </p>
   </div>
   <div class='ocr_carea' id='block_1_95' title="bbox 2424 2533 3552 2602">
    <p class='ocr_par' dir='ltr' id='par_1_95' title="bbox 2424 2533 3552 2602">
     <span class='ocr_line' id='line_1_97' title="bbox 2424 2533 3552 2602; baseline 0.003 -15"><span class='ocrx_word' id='word_1_644' title='bbox 2424 2533 2532 2589; x_wconf 88' lang='lat' dir='ltr'><strong>Nec</strong></span> <span class='ocrx_word' id='word_1_645' title='bbox 2560 2533 2727 2601; x_wconf 88' lang='lat' dir='ltr'><strong>possit</strong></span> <span class='ocrx_word' id='word_1_646' title='bbox 2752 2533 2899 2599; x_wconf 80' lang='lat' dir='ltr'><strong>alibi,</strong></span> <span class='ocrx_word' id='word_1_647' title='bbox 2921 2548 3082 2602; x_wconf 89' lang='lat' dir='ltr'><strong>quam</strong></span> <span class='ocrx_word' id='word_1_648' title='bbox 3111 2534 3210 2587; x_wconf 91' lang='lat' dir='ltr'><strong>sub</strong></span> <span class='ocrx_word' id='word_1_649' title='bbox 3239 2534 3342 2589; x_wconf 83' lang='lat' dir='ltr'><strong>isto</strong></span> <span class='ocrx_word' id='word_1_650' title='bbox 3369 2536 3552 2590; x_wconf 87' lang='lat' dir='ltr'><strong>seculo</strong></span> 
     </span>
    </p>
   </div>
   <div class='ocr_carea' id='block_1_96' title="bbox 2214 1627 2315 1682">
    <p class='ocr_par' dir='ltr' id='par_1_96' title="bbox 2214 1627 2315 1682">
     <span class='ocr_line' id='line_1_98' title="bbox 2214 1627 2315 1682; baseline 0.02 -2"><span class='ocrx_word' id='word_1_651' title='bbox 2214 1627 2315 1682; x_wconf 74' lang='grc'><strong>105</strong></span> 
     </span>
    </p>
   </div>
   <div class='ocr_carea' id='block_1_97' title="bbox 2218 2081 2319 2134">
    <p class='ocr_par' dir='ltr' id='par_1_97' title="bbox 2218 2081 2319 2134">
     <span class='ocr_line' id='line_1_99' title="bbox 2218 2081 2319 2134; baseline 0.01 -1"><span class='ocrx_word' id='word_1_652' title='bbox 2218 2081 2319 2134; x_wconf 78' lang='grc'><strong>110</strong></span> 
     </span>
    </p>
   </div>
   <div class='ocr_carea' id='block_1_98' title="bbox 2216 2534 2317 2588">
    <p class='ocr_par' dir='ltr' id='par_1_98' title="bbox 2216 2534 2317 2588">
     <span class='ocr_line' id='line_1_100' title="bbox 2216 2534 2317 2588; baseline 0 -1"><span class='ocrx_word' id='word_1_653' title='bbox 2216 2534 2317 2588; x_wconf 73' lang='grc'><strong>115</strong></span> 
     </span>
    </p>
   </div>
   <div class='ocr_carea' id='block_1_99' title="bbox 2285 2724 3791 2803">
    <p class='ocr_par' dir='ltr' id='par_1_99' title="bbox 2285 2724 3791 2803">
     <span class='ocr_line' id='line_1_101' title="bbox 2285 2724 3791 2803; baseline -0.001 -24"><span class='ocrx_word' id='word_1_654' title='bbox 2285 2728 2359 2797; x_wconf 93' lang='lat' dir='ltr'><strong>(b)</strong></span> <span class='ocrx_word' id='word_1_655' title='bbox 2390 2726 2627 2803; x_wconf 65' lang='lat' dir='ltr'><strong>Melania;</strong></span> <span class='ocrx_word' id='word_1_656' title='bbox 2652 2724 2879 2803; x_wconf 68' lang='lat' dir='ltr'><strong>juninris</strong></span> <span class='ocrx_word' id='word_1_657' title='bbox 2920 2742 3074 2803; x_wconf 81' lang='lat' dir='ltr'><strong>soror</strong></span> <span class='ocrx_word' id='word_1_658' title='bbox 3100 2741 3350 2803; x_wconf 82' lang='lat' dir='ltr'><strong>germana</strong></span> <span class='ocrx_word' id='word_1_659' title='bbox 3382 2746 3489 2783; x_wconf 91' lang='lat' dir='ltr'><strong>non</strong></span> <span class='ocrx_word' id='word_1_660' title='bbox 3532 2730 3628 2803; x_wconf 80' lang='lat' dir='ltr'><strong>fuit</strong></span> <span class='ocrx_word' id='word_1_661' title='bbox 3659 2750 3791 2803; x_wconf 81' lang='lat' dir='ltr'><strong>pm.</strong></span> 
     </span>
    </p>
   </div>
   <div class='ocr_carea' id='block_1_100' title="bbox 2214 2795 3796 2858">
    <p class='ocr_par' dir='ltr' id='par_1_100' title="bbox 2214 2795 3796 2858">
     <span class='ocr_line' id='line_1_102' title="bbox 2214 2795 3796 2858; baseline 0.006 -9"><span class='ocrx_word' id='word_1_662' title='bbox 2214 2795 2354 2851; x_wconf 72' lang='lat' dir='ltr'><strong>lecto</strong></span> <span class='ocrx_word' id='word_1_663' title='bbox 2400 2796 2657 2849; x_wconf 89' lang='lat' dir='ltr'><strong>Eunomia</strong></span> <span class='ocrx_word' id='word_1_664' title='bbox 2701 2813 2713 2847; x_wconf 91' lang='lat'><strong>:</strong></span> <span class='ocrx_word' id='word_1_665' title='bbox 2764 2795 3037 2849; x_wconf 70' lang='lat' dir='ltr'><strong>Eunomia:</strong></span> <span class='ocrx_word' id='word_1_666' title='bbox 3086 2798 3226 2850; x_wconf 90' lang='lat' dir='ltr'><strong>enim</strong></span> <span class='ocrx_word' id='word_1_667' title='bbox 3275 2811 3526 2858; x_wconf 85' lang='lat' dir='ltr'><strong>parentes</strong></span> <span class='ocrx_word' id='word_1_668' title='bbox 3573 2795 3796 2858; x_wconf 59' lang='lat' dir='ltr'><strong>l&#39;ue&#39;runt</strong></span> 
     </span>
    </p>
   </div>
   <div class='ocr_carea' id='block_1_101' title="bbox 2215 2865 3799 2934">
    <p class='ocr_par' dir='ltr' id='par_1_101' title="bbox 2215 2865 3799 2934">
     <span class='ocr_line' id='line_1_103' title="bbox 2215 2865 3799 2934; baseline 0.004 -15"><span class='ocrx_word' id='word_1_669' title='bbox 2215 2865 2436 2920; x_wconf 76' lang='lat' dir='ltr'><strong>Tlll‘CillS</strong></span> <span class='ocrx_word' id='word_1_670' title='bbox 2476 2865 2829 2934; x_wconf 88' lang='lat' dir='ltr'><strong>Apronianus,</strong></span> <span class='ocrx_word' id='word_1_671' title='bbox 2871 2872 2926 2919; x_wconf 86' lang='lat' dir='ltr'><strong>et</strong></span> <span class='ocrx_word' id='word_1_672' title='bbox 2964 2865 3156 2918; x_wconf 82' lang='lat' dir='ltr'><strong>Avita:</strong></span> <span class='ocrx_word' id='word_1_673' title='bbox 3189 2865 3427 2921; x_wconf 66' lang='lat' dir='ltr'><strong>Melania:</strong></span> <span class='ocrx_word' id='word_1_674' title='bbox 3457 2884 3583 2922; x_wconf 89' lang='lat' dir='ltr'><strong>vero</strong></span> <span class='ocrx_word' id='word_1_675' title='bbox 3608 2869 3799 2926; x_wconf 76' lang='lat' dir='ltr'><strong>Publi~</strong></span> 
     </span>
    </p>
   </div>
   <div class='ocr_carea' id='block_1_102' title="bbox 2213 2934 3800 3005">
    <p class='ocr_par' dir='ltr' id='par_1_102' title="bbox 2213 2934 3800 3005">
     <span class='ocr_line' id='line_1_104' title="bbox 2213 2934 3800 3005; baseline 0.003 -16"><span class='ocrx_word' id='word_1_676' title='bbox 2213 2936 2331 2990; x_wconf 88' lang='lat' dir='ltr'><strong>cola</strong></span> <span class='ocrx_word' id='word_1_677' title='bbox 2356 2934 2595 3005; x_wconf 79' lang='lat' dir='ltr'><strong>Melaniae</strong></span> <span class='ocrx_word' id='word_1_678' title='bbox 2621 2934 2848 2989; x_wconf 87' lang='lat' dir='ltr'><strong>senioris</strong></span> <span class='ocrx_word' id='word_1_679' title='bbox 2878 2934 3045 3005; x_wconf 64' lang='lat' dir='ltr'><strong>titius,</strong></span> <span class='ocrx_word' id='word_1_680' title='bbox 3064 2935 3356 3005; x_wconf 84' lang='lat' dir='ltr'><strong>etAlbina.</strong></span> <span class='ocrx_word' id='word_1_681' title='bbox 3397 2936 3581 3005; x_wconf 89' lang='lat' dir='ltr'><strong>Itaque</strong></span> <span class='ocrx_word' id='word_1_682' title='bbox 3604 2938 3800 2995; x_wconf 82' lang='lat' dir='ltr'><strong>Euno-</strong></span> 
     </span>
    </p>
   </div>
   <div class='ocr_carea' id='block_1_103' title="bbox 2215 3002 3800 3078">
    <p class='ocr_par' dir='ltr' id='par_1_103' title="bbox 2215 3002 3800 3078">
     <span class='ocr_line' id='line_1_105' title="bbox 2215 3002 3800 3078; baseline 0.004 -21"><span class='ocrx_word' id='word_1_683' title='bbox 2215 3006 2374 3078; x_wconf 85' lang='lat' dir='ltr'><strong>iniam</strong></span> <span class='ocrx_word' id='word_1_684' title='bbox 2408 3002 2647 3058; x_wconf 67' lang='lat' dir='ltr'><strong>Melaniae</strong></span> <span class='ocrx_word' id='word_1_685' title='bbox 2674 3019 2971 3078; x_wconf 85' lang='lat' dir='ltr'><strong>s_or_orem_a</strong></span> <span class='ocrx_word' id='word_1_686' title='bbox 3017 3002 3239 3078; x_wconf 72' lang='lat' dir='ltr'><strong>Paulino</strong></span> <span class='ocrx_word' id='word_1_687' title='bbox 3267 3006 3369 3078; x_wconf 89' lang='lat' dir='ltr'><strong>dici</strong></span> <span class='ocrx_word' id='word_1_688' title='bbox 3405 3002 3615 3076; x_wconf 78' lang='lat' dir='ltr'><strong>Opinor,</strong></span> <span class='ocrx_word' id='word_1_689' title='bbox 3648 3010 3800 3078; x_wconf 82' lang='lat' dir='ltr'><strong>quod</strong></span> 
     </span>
    </p>
   </div>
   <div class='ocr_carea' id='block_1_104' title="bbox 2212 3072 3802 3138">
    <p class='ocr_par' dir='ltr' id='par_1_104' title="bbox 2212 3072 3802 3138">
     <span class='ocr_line' id='line_1_106' title="bbox 2212 3072 3802 3138; baseline 0.005 -13"><span class='ocrx_word' id='word_1_690' title='bbox 2212 3074 2328 3138; x_wconf 73' lang='lat' dir='ltr'><strong>ejus</strong></span> <span class='ocrx_word' id='word_1_691' title='bbox 2356 3082 2497 3128; x_wconf 87' lang='lat' dir='ltr'><strong>esset</strong></span> <span class='ocrx_word' id='word_1_692' title='bbox 2523 3074 2863 3128; x_wconf 88' lang='lat' dir='ltr'><strong>consobrina.</strong></span> <span class='ocrx_word' id='word_1_693' title='bbox 2906 3073 3181 3128; x_wconf 64' lang='lat' dir='ltr'><strong>Eunomia:</strong></span> <span class='ocrx_word' id='word_1_694' title='bbox 3220 3077 3363 3130; x_wconf 91' lang='lat' dir='ltr'><strong>enim</strong></span> <span class='ocrx_word' id='word_1_695' title='bbox 3410 3072 3583 3130; x_wconf 81' lang='lat' dir='ltr'><strong>mater</strong></span> <span class='ocrx_word' id='word_1_696' title='bbox 3635 3072 3802 3133; x_wconf 63' lang='lat' dir='ltr'><strong>A&#39;vita</strong></span> 
     </span>
    </p>
   </div>
   <div class='ocr_carea' id='block_1_105' title="bbox 2212 3142 3804 3206">
    <p class='ocr_par' dir='ltr' id='par_1_105' title="bbox 2212 3142 3804 3206">
     <span class='ocr_line' id='line_1_107' title="bbox 2212 3142 3804 3206; baseline 0.004 -10"><span class='ocrx_word' id='word_1_697' title='bbox 2212 3142 2453 3197; x_wconf 74' lang='lat' dir='ltr'><strong>Melania:</strong></span> <span class='ocrx_word' id='word_1_698' title='bbox 2498 3144 2725 3197; x_wconf 82' lang='lat' dir='ltr'><strong>senioris</strong></span> <span class='ocrx_word' id='word_1_699' title='bbox 2772 3158 2927 3197; x_wconf 89' lang='lat' dir='ltr'><strong>soror</strong></span> <span class='ocrx_word' id='word_1_700' title='bbox 2969 3142 3106 3206; x_wconf 83' lang='lat' dir='ltr'><strong>fuit,</strong></span> <span class='ocrx_word' id='word_1_701' title='bbox 3150 3153 3207 3197; x_wconf 91' lang='lat' dir='ltr'><strong>ut</strong></span> <span class='ocrx_word' id='word_1_702' title='bbox 3255 3152 3482 3199; x_wconf 81' lang='lat' dir='ltr'><strong>testatur</strong></span> <span class='ocrx_word' id='word_1_703' title='bbox 3520 3144 3804 3203; x_wconf 85' lang='lat' dir='ltr'><strong>Palladius</strong></span> 
     </span>
    </p>
   </div>
   <div class='ocr_carea' id='block_1_106' title="bbox 2210 3210 3802 3282">
    <p class='ocr_par' dir='ltr' id='par_1_106' title="bbox 2210 3210 3802 3282">
     <span class='ocr_line' id='line_1_108' title="bbox 2210 3210 3802 3282; baseline 0.004 -15"><span class='ocrx_word' id='word_1_704' title='bbox 2210 3230 2328 3282; x_wconf 89' lang='lat' dir='ltr'><strong>cap.</strong></span> <span class='ocrx_word' id='word_1_705' title='bbox 2362 3212 2489 3274; x_wconf 73' lang='lat'><strong>“8;</strong></span> <span class='ocrx_word' id='word_1_706' title='bbox 2522 3212 2749 3267; x_wconf 86' lang='lat' dir='ltr'><strong>Melania</strong></span> <span class='ocrx_word' id='word_1_707' title='bbox 2779 3228 2907 3282; x_wconf 84' lang='lat' dir='ltr'><strong>vero</strong></span> <span class='ocrx_word' id='word_1_708' title='bbox 2931 3210 3378 3282; x_wconf 27' lang='lat' dir='ltr'><strong>seniorAMelanite</strong></span> <span class='ocrx_word' id='word_1_709' title='bbox 3393 3214 3621 3282; x_wconf 87' lang='lat' dir='ltr'><strong>junioris</strong></span> <span class='ocrx_word' id='word_1_710' title='bbox 3650 3219 3802 3273; x_wconf 84' lang='lat' dir='ltr'><strong>avia.</strong></span> 
     </span>
    </p>
   </div>
   <div class='ocr_carea' id='block_1_107' title="bbox 2284 3279 3804 3355">
    <p class='ocr_par' dir='ltr' id='par_1_107' title="bbox 2284 3279 3804 3355">
     <span class='ocr_line' id='line_1_109' title="bbox 2284 3279 3804 3355; baseline 0.005 -20"><span class='ocrx_word' id='word_1_711' title='bbox 2284 3279 2357 3352; x_wconf 78' lang='grc' dir='ltr'><strong>(ο)</strong></span> <span class='ocrx_word' id='word_1_712' title='bbox 2389 3282 2525 3355; x_wconf 77' lang='lat' dir='ltr'><strong>Quia</strong></span> <span class='ocrx_word' id='word_1_713' title='bbox 2565 3282 2773 3336; x_wconf 88' lang='lat' dir='ltr'><strong>scilicet</strong></span> <span class='ocrx_word' id='word_1_714' title='bbox 2808 3280 3071 3338; x_wconf 83' lang='lat' dir='ltr'><strong>Eunomia</strong></span> <span class='ocrx_word' id='word_1_715' title='bbox 3114 3279 3356 3339; x_wconf 66' lang='lat' dir='ltr'><strong>Melania:</strong></span> <span class='ocrx_word' id='word_1_716' title='bbox 3391 3279 3542 3353; x_wconf 79' lang='lat' dir='ltr'><strong>quasi</strong></span> <span class='ocrx_word' id='word_1_717' title='bbox 3580 3288 3804 3355; x_wconf 82' lang='lat' dir='ltr'><strong>parenti</strong></span> 
     </span>
    </p>
   </div>
   <div class='ocr_carea' id='block_1_108' title="bbox 2210 3352 2767 3406">
    <p class='ocr_par' dir='ltr' id='par_1_108' title="bbox 2210 3352 2767 3406">
     <span class='ocr_line' id='line_1_110' title="bbox 2210 3352 2767 3406; baseline -0.004 -1"><span class='ocrx_word' id='word_1_718' title='bbox 2210 3352 2354 3406; x_wconf 84' lang='lat' dir='ltr'><strong>dicto</strong></span> <span class='ocrx_word' id='word_1_719' title='bbox 2383 3353 2615 3406; x_wconf 85' lang='lat' dir='ltr'><strong>audiens.</strong></span> <span class='ocrx_word' id='word_1_720' title='bbox 2634 3358 2767 3404; x_wconf 89' lang='lat' dir='ltr'><strong>erat.</strong></span> 
     </span>
    </p>
   </div>
   <div class='ocr_carea' id='block_1_109' title="bbox 2286 3419 3799 3491">
    <p class='ocr_par' dir='ltr' id='par_1_109' title="bbox 2286 3419 3799 3491">
     <span class='ocr_line' id='line_1_111' title="bbox 2286 3419 3799 3491; baseline 0.004 -18"><span class='ocrx_word' id='word_1_721' title='bbox 2286 3422 2363 3491; x_wconf 79' lang='grc' dir='ltr'><strong>(ά)</strong></span> <span class='ocrx_word' id='word_1_722' title='bbox 2396 3420 2651 3491; x_wconf 62' lang='lat' dir='ltr'><strong>Proceres</strong></span> <span class='ocrx_word' id='word_1_723' title='bbox 2666 3430 2823 3491; x_wconf 77' lang='lat' dir='ltr'><strong>vocat</strong></span> <span class='ocrx_word' id='word_1_724' title='bbox 2851 3420 3111 3491; x_wconf 73' lang='lat' dir='ltr'><strong>Paulinus</strong></span> <span class='ocrx_word' id='word_1_725' title='bbox 3141 3419 3453 3491; x_wconf 84' lang='lat' dir='ltr'><strong>Pinianum,</strong></span> <span class='ocrx_word' id='word_1_726' title='bbox 3488 3420 3799 3489; x_wconf 67' lang='lat' dir='ltr'><strong>Emilium,</strong></span> 
     </span>
    </p>
   </div>
   <div class='ocr_carea' id='block_1_110' title="bbox 2210 3489 3805 3561">
    <p class='ocr_par' dir='ltr' id='par_1_110' title="bbox 2210 3489 3805 3561">
     <span class='ocr_line' id='line_1_112' title="bbox 2210 3489 3805 3561; baseline 0.004 -19"><span class='ocrx_word' id='word_1_727' title='bbox 2210 3489 2450 3561; x_wconf 78' lang='lat' dir='ltr'><strong>aliosque</strong></span> <span class='ocrx_word' id='word_1_728' title='bbox 2490 3492 2581 3558; x_wconf 89' lang='lat' dir='ltr'><strong>qui</strong></span> <span class='ocrx_word' id='word_1_729' title='bbox 2610 3489 2755 3561; x_wconf 68' lang='lat' dir='ltr'><strong>Nola:</strong></span> <span class='ocrx_word' id='word_1_730' title='bbox 2796 3506 2900 3545; x_wconf 89' lang='lat' dir='ltr'><strong>una</strong></span> <span class='ocrx_word' id='word_1_731' title='bbox 2937 3506 3059 3545; x_wconf 88' lang='lat' dir='ltr'><strong>cum</strong></span> <span class='ocrx_word' id='word_1_732' title='bbox 3087 3489 3309 3545; x_wconf 87' lang='lat' dir='ltr'><strong>Paulino</strong></span> <span class='ocrx_word' id='word_1_733' title='bbox 3351 3491 3469 3561; x_wconf 87' lang='lat' dir='ltr'><strong>ipso</strong></span> <span class='ocrx_word' id='word_1_734' title='bbox 3513 3496 3805 3551; x_wconf 80' lang='lat' dir='ltr'><strong>sanctissi-</strong></span> 
     </span>
    </p>
   </div>
   <div class='ocr_carea' id='block_1_111' title="bbox 2210 3559 2840 3614">
    <p class='ocr_par' dir='ltr' id='par_1_111' title="bbox 2210 3559 2840 3614">
     <span class='ocr_line' id='line_1_113' title="bbox 2210 3559 2840 3614; baseline 0.005 -3"><span class='ocrx_word' id='word_1_735' title='bbox 2210 3575 2351 3612; x_wconf 87' lang='lat' dir='ltr'><strong>mam</strong></span> <span class='ocrx_word' id='word_1_736' title='bbox 2381 3560 2543 3612; x_wconf 88' lang='lat' dir='ltr'><strong>vitam</strong></span> <span class='ocrx_word' id='word_1_737' title='bbox 2570 3559 2840 3614; x_wconf 89' lang='lat' dir='ltr'><strong>vivebant.</strong></span> 
     </span>
    </p>
   </div>
   <div class='ocr_carea' id='block_1_112' title="bbox 2285 3627 3805 3700">
    <p class='ocr_par' dir='ltr' id='par_1_112' title="bbox 2285 3627 3805 3700">
     <span class='ocr_line' id='line_1_114' title="bbox 2285 3627 3805 3700; baseline 0.004 -20"><span class='ocrx_word' id='word_1_738' title='bbox 2285 3628 2353 3696; x_wconf 78' lang='lat' dir='ltr'><strong>(e)</strong></span> <span class='ocrx_word' id='word_1_739' title='bbox 2388 3627 2698 3700; x_wconf 31' lang='lat' dir='ltr'><strong>PncApculis</strong></span> <span class='ocrx_word' id='word_1_740' title='bbox 2726 3628 2972 3682; x_wconf 82' lang='lat' dir='ltr'><strong>habuisse</strong></span> <span class='ocrx_word' id='word_1_741' title='bbox 2988 3629 3197 3700; x_wconf 76' lang='lat' dir='ltr'><strong>videtur</strong></span> <span class='ocrx_word' id='word_1_742' title='bbox 3219 3627 3471 3684; x_wconf 80' lang='lat' dir='ltr'><strong>Paulinus</strong></span> <span class='ocrx_word' id='word_1_743' title='bbox 3490 3629 3626 3684; x_wconf 85' lang='lat' dir='ltr'><strong>illud</strong></span> <span class='ocrx_word' id='word_1_744' title='bbox 3652 3633 3805 3700; x_wconf 85' lang='lat' dir='ltr'><strong>psal-</strong></span> 
     </span>
    </p>
   </div>
   <div class='ocr_carea' id='block_1_113' title="bbox 2210 3696 3806 3770">
    <p class='ocr_par' dir='ltr' id='par_1_113' title="bbox 2210 3696 3806 3770">
     <span class='ocr_line' id='line_1_115' title="bbox 2210 3696 3806 3770; baseline 0.004 -20"><span class='ocrx_word' id='word_1_745' title='bbox 2210 3698 2279 3750; x_wconf 92' lang='lat' dir='ltr'><strong>mi</strong></span> <span class='ocrx_word' id='word_1_746' title='bbox 2304 3710 2411 3770; x_wconf 70' lang='lat' dir='ltr'><strong>txx</strong></span> <span class='ocrx_word' id='word_1_747' title='bbox 2440 3716 2451 3749; x_wconf 93' lang='lat'>:</span> <span class='ocrx_word' id='word_1_748' title='bbox 2487 3696 2627 3750; x_wconf 84' lang='lat' dir='ltr'><strong>Nam</strong></span> <span class='ocrx_word' id='word_1_749' title='bbox 2655 3706 2704 3750; x_wconf 86' lang='lat' dir='ltr'><strong>et</strong></span> <span class='ocrx_word' id='word_1_750' title='bbox 2744 3715 2837 3768; x_wconf 88' lang='lat' dir='ltr'><strong>ego</strong></span> <span class='ocrx_word' id='word_1_751' title='bbox 2883 3698 3163 3767; x_wconf 80' lang='lat' dir='ltr'><strong>confitebor</strong></span> <span class='ocrx_word' id='word_1_752' title='bbox 3200 3700 3311 3765; x_wconf 87' lang='lat' dir='ltr'><strong>tibi,</strong></span> <span class='ocrx_word' id='word_1_753' title='bbox 3356 3702 3410 3753; x_wconf 89' lang='lat' dir='ltr'><strong>in</strong></span> <span class='ocrx_word' id='word_1_754' title='bbox 3440 3700 3576 3753; x_wconf 69' lang='lat' dir='ltr'><strong>varia</strong></span> <span class='ocrx_word' id='word_1_755' title='bbox 3606 3696 3806 3770; x_wconf 63' lang='lat' dir='ltr'><strong>pialmi</strong></span> 
     </span>
    </p>
   </div>
   <div class='ocr_carea' id='block_1_114' title="bbox 2209 3769 2658 3820">
    <p class='ocr_par' dir='ltr' id='par_1_114' title="bbox 2209 3769 2658 3820">
     <span class='ocr_line' id='line_1_116' title="bbox 2209 3769 2658 3820; baseline 0.002 -1"><span class='ocrx_word' id='word_1_756' title='bbox 2209 3769 2472 3819; x_wconf 72' lang='lat' dir='ltr'><strong>veritatem</strong></span> <span class='ocrx_word' id='word_1_757' title='bbox 2500 3778 2658 3820; x_wconf 86' lang='lat' dir='ltr'><strong>tuam.</strong></span> 
     </span>
    </p>
   </div>
   <div class='ocr_carea' id='block_1_115' title="bbox 2280 3835 3803 3917">
    <p class='ocr_par' dir='ltr' id='par_1_115' title="bbox 2280 3835 3803 3917">
     <span class='ocr_line' id='line_1_117' title="bbox 2280 3835 3803 3917; baseline 0.003 -30"><span class='ocrx_word' id='word_1_758' title='bbox 2280 3836 2350 3905; x_wconf 68' lang='grc' dir='ltr'><strong>(ί)</strong></span> <span class='ocrx_word' id='word_1_759' title='bbox 2382 3835 2553 3917; x_wconf 79' lang='lat' dir='ltr'><strong>Quum</strong></span> <span class='ocrx_word' id='word_1_760' title='bbox 2595 3836 2699 3888; x_wconf 92' lang='lat' dir='ltr'><strong>hoc</strong></span> <span class='ocrx_word' id='word_1_761' title='bbox 2734 3848 2963 3917; x_wconf 76' lang='lat' dir='ltr'><strong>carmen</strong></span> <span class='ocrx_word' id='word_1_762' title='bbox 2988 3837 3200 3917; x_wconf 72' lang='lat' dir='ltr'><strong>scripsit</strong></span> <span class='ocrx_word' id='word_1_763' title='bbox 3226 3835 3516 3917; x_wconf 72' lang='lat' dir='ltr'><strong>Paulinus.</strong></span> <span class='ocrx_word' id='word_1_764' title='bbox 3552 3836 3803 3917; x_wconf 53' lang='lat' dir='ltr'><strong>Melania</strong></span> 
     </span>
    </p>
   </div>
   <div class='ocr_carea' id='block_1_116' title="bbox 2208 3905 3805 3972">
    <p class='ocr_par' dir='ltr' id='par_1_116' title="bbox 2208 3905 3805 3972">
     <span class='ocr_line' id='line_1_118' title="bbox 2208 3905 3805 3972; baseline 0.004 -15"><span class='ocrx_word' id='word_1_765' title='bbox 2208 3920 2378 3959; x_wconf 89' lang='lat' dir='ltr'><strong>annos</strong></span> <span class='ocrx_word' id='word_1_766' title='bbox 2404 3906 2616 3959; x_wconf 88' lang='lat' dir='ltr'><strong>circiter</strong></span> <span class='ocrx_word' id='word_1_767' title='bbox 2654 3913 2885 3971; x_wconf 88' lang='lat' dir='ltr'><strong>quatuor</strong></span> <span class='ocrx_word' id='word_1_768' title='bbox 2917 3913 2972 3958; x_wconf 89' lang='lat' dir='ltr'><strong>et</strong></span> <span class='ocrx_word' id='word_1_769' title='bbox 3008 3905 3190 3972; x_wconf 80' lang='lat' dir='ltr'><strong>viginti</strong></span> <span class='ocrx_word' id='word_1_770' title='bbox 3223 3912 3343 3958; x_wconf 83' lang='lat' dir='ltr'><strong>nata</strong></span> <span class='ocrx_word' id='word_1_771' title='bbox 3372 3915 3509 3960; x_wconf 87' lang='lat' dir='ltr'><strong>erat.</strong></span> <span class='ocrx_word' id='word_1_772' title='bbox 3549 3905 3687 3961; x_wconf 86' lang='lat' dir='ltr'><strong>Orta</strong></span> <span class='ocrx_word' id='word_1_773' title='bbox 3722 3918 3805 3963; x_wconf 66' lang='lat' dir='ltr'><strong>est</strong></span> 
     </span>
    </p>
   </div>
   <div class='ocr_carea' id='block_1_117' title="bbox 2208 3972 3807 4041">
    <p class='ocr_par' dir='ltr' id='par_1_117' title="bbox 2208 3972 3807 4041">
     <span class='ocr_line' id='line_1_119' title="bbox 2208 3972 3807 4041; baseline 0.003 -14"><span class='ocrx_word' id='word_1_774' title='bbox 2208 3974 2349 4027; x_wconf 89' lang='lat' dir='ltr'><strong>enim</strong></span> <span class='ocrx_word' id='word_1_775' title='bbox 2371 3990 2515 4027; x_wconf 90' lang='lat' dir='ltr'><strong>anno</strong></span> <span class='ocrx_word' id='word_1_776' title='bbox 2540 3974 2754 4028; x_wconf 87' lang='lat' dir='ltr'><strong>circiter</strong></span> <span class='ocrx_word' id='word_1_777' title='bbox 2776 3972 2896 4036; x_wconf 69' lang='lat'><strong>382,</strong></span> <span class='ocrx_word' id='word_1_778' title='bbox 2923 3982 2979 4026; x_wconf 92' lang='lat' dir='ltr'><strong>ut</strong></span> <span class='ocrx_word' id='word_1_779' title='bbox 3000 3976 3191 4041; x_wconf 89' lang='lat' dir='ltr'><strong>probat</strong></span> <span class='ocrx_word' id='word_1_780' title='bbox 3214 3974 3585 4029; x_wconf 77' lang='lat' dir='ltr'><strong>‘l‘illemontius</strong></span> <span class='ocrx_word' id='word_1_781' title='bbox 3608 3994 3620 4027; x_wconf 93' lang='lat'>:</span> <span class='ocrx_word' id='word_1_782' title='bbox 3653 3978 3807 4033; x_wconf 87' lang='lat' dir='ltr'><strong>istud</strong></span> 
     </span>
    </p>
   </div>
   <div class='ocr_carea' id='block_1_118' title="bbox 2208 4042 3803 4109">
    <p class='ocr_par' dir='ltr' id='par_1_118' title="bbox 2208 4042 3803 4109">
     <span class='ocr_line' id='line_1_120' title="bbox 2208 4042 3803 4109; baseline 0.004 -14"><span class='ocrx_word' id='word_1_783' title='bbox 2208 4051 2384 4096; x_wconf 80' lang='lat' dir='ltr'><strong>autem</strong></span> <span class='ocrx_word' id='word_1_784' title='bbox 2415 4058 2631 4097; x_wconf 85' lang='lat' dir='ltr'><strong>carmen</strong></span> <span class='ocrx_word' id='word_1_785' title='bbox 2658 4042 2902 4096; x_wconf 89' lang='lat' dir='ltr'><strong>recitavit</strong></span> <span class='ocrx_word' id='word_1_786' title='bbox 2930 4043 3179 4099; x_wconf 87' lang='lat' dir='ltr'><strong>Paulinus</strong></span> <span class='ocrx_word' id='word_1_787' title='bbox 3200 4060 3341 4097; x_wconf 89' lang='lat' dir='ltr'><strong>anno</strong></span> <span class='ocrx_word' id='word_1_788' title='bbox 3372 4044 3495 4109; x_wconf 67' lang='lat'><strong>406,</strong></span> <span class='ocrx_word' id='word_1_789' title='bbox 3520 4054 3579 4098; x_wconf 91' lang='lat' dir='ltr'><strong>ut</strong></span> <span class='ocrx_word' id='word_1_790' title='bbox 3605 4057 3772 4101; x_wconf 86' lang='lat' dir='ltr'><strong>osten</strong></span> <span class='ocrx_word' id='word_1_791' title='bbox 3791 4078 3803 4088; x_wconf 93' lang='lat'><strong>-</strong></span> 
     </span>
    </p>
   </div>
   <div class='ocr_carea' id='block_1_119' title="bbox 2207 4110 2651 4167">
    <p class='ocr_par' dir='ltr' id='par_1_119' title="bbox 2207 4110 2651 4167">
     <span class='ocr_line' id='line_1_121' title="bbox 2207 4110 2651 4167; baseline 0.002 -2"><span class='ocrx_word' id='word_1_792' title='bbox 2207 4112 2285 4165; x_wconf 90' lang='lat' dir='ltr'><strong>dit</strong></span> <span class='ocrx_word' id='word_1_793' title='bbox 2305 4110 2651 4167; x_wconf 86' lang='lat' dir='ltr'><strong>Muratorius.</strong></span> 
     </span>
    </p>
   </div>
   <div class='ocr_carea' id='block_1_120' title="bbox 2213 4179 3803 4303">
    <p class='ocr_par' dir='ltr' id='par_1_120' title="bbox 2213 4179 3803 4303">
     <span class='ocr_line' id='line_1_122' title="bbox 2213 4179 3803 4303; baseline -0.008 -66"><span class='ocrx_word' id='word_1_794' title='bbox 2213 4181 2359 4303; x_wconf 40' lang='lat' dir='ltr'><strong>dig:</strong></span> <span class='ocrx_word' id='word_1_795' title='bbox 2395 4179 2493 4236; x_wconf 89' lang='lat' dir='ltr'><strong>Hic</strong></span> <span class='ocrx_word' id='word_1_796' title='bbox 2532 4196 2717 4236; x_wconf 89' lang='lat' dir='ltr'><strong>versus</strong></span> <span class='ocrx_word' id='word_1_797' title='bbox 2767 4181 3142 4236; x_wconf 88' lang='lat' dir='ltr'><strong>emendatione</strong></span> <span class='ocrx_word' id='word_1_798' title='bbox 3190 4181 3428 4249; x_wconf 84' lang='lat' dir='ltr'><strong>indiget:</strong></span> <span class='ocrx_word' id='word_1_799' title='bbox 3461 4196 3586 4235; x_wconf 88' lang='lat' dir='ltr'><strong>nam</strong></span> <span class='ocrx_word' id='word_1_800' title='bbox 3640 4184 3803 4239; x_wconf 85' lang='lat' dir='ltr'><strong>clau-</strong></span> 
     </span>
     <span class='ocr_line' id='line_1_123' title="bbox 2254 4266 2379 4303; baseline 0 0"><span class='ocrx_word' id='word_1_801' title='bbox 2254 4266 2331 4303; x_wconf 85' lang='lat' dir='ltr'><strong>ica</strong></span> <span class='ocrx_word' id='word_1_802' title='bbox 2365 4290 2379 4303; x_wconf 94' lang='lat'><strong>.</strong></span> 
     </span>
    </p>
   </div>
   <div class='ocr_carea' id='block_1_121' title="bbox 2254 4259 2379 4304">
    <p class='ocr_par' dir='ltr' id='par_1_121' title="bbox 2254 4259 2379 4304">
     <span class='ocr_line' id='line_1_124' title="bbox 2254 4259 2379 4304; baseline 0.008 -1"><span class='ocrx_word' id='word_1_803' title='bbox 2254 4259 2379 4304; x_wconf 87' lang='lat' dir='ltr'><strong>icat.</strong></span> 
     </span>
    </p>
   </div>
   <div class='ocr_carea' id='block_1_122' title="bbox 2278 4318 3806 4391">
    <p class='ocr_par' dir='ltr' id='par_1_122' title="bbox 2278 4318 3806 4391">
     <span class='ocr_line' id='line_1_125' title="bbox 2278 4318 3806 4391; baseline 0.005 -19"><span class='ocrx_word' id='word_1_804' title='bbox 2278 4320 2355 4389; x_wconf 71' lang='grc' dir='ltr'><strong>(ἡ)</strong></span> <span class='ocrx_word' id='word_1_805' title='bbox 2387 4318 2613 4391; x_wconf 65' lang='lat' dir='ltr'><strong>Lgcutio</strong></span> <span class='ocrx_word' id='word_1_806' title='bbox 2637 4335 2703 4375; x_wconf 79' lang='lat' dir='ltr'><strong>ex</strong></span> <span class='ocrx_word' id='word_1_807' title='bbox 2726 4319 2933 4389; x_wconf 89' lang='lat' dir='ltr'><strong>psalmo</strong></span> <span class='ocrx_word' id='word_1_808' title='bbox 2958 4335 3137 4391; x_wconf 73' lang='lat' dir='ltr'><strong>cum</strong></span> <span class='ocrx_word' id='word_1_809' title='bbox 3162 4320 3466 4390; x_wconf 86' lang='lat' dir='ltr'><strong>desumpta,</strong></span> <span class='ocrx_word' id='word_1_810' title='bbox 3497 4320 3552 4375; x_wconf 89' lang='lat' dir='ltr'><strong>in</strong></span> <span class='ocrx_word' id='word_1_811' title='bbox 3574 4335 3692 4391; x_wconf 89' lang='lat' dir='ltr'><strong>quo</strong></span> <span class='ocrx_word' id='word_1_812' title='bbox 3720 4323 3806 4379; x_wconf 83' lang='lat' dir='ltr'><strong>le-</strong></span> 
     </span>
    </p>
   </div>
   <div class='ocr_carea' id='block_1_123' title="bbox 2138 4388 3341 4473">
    <p class='ocr_par' dir='ltr' id='par_1_123' title="bbox 2138 4388 3341 4473">
     <span class='ocr_line' id='line_1_126' title="bbox 2138 4388 3341 4473; baseline -0.001 -30"><span class='ocrx_word' id='word_1_813' title='bbox 2138 4412 2187 4473; x_wconf 79' lang='lat' dir='ltr'><strong>D</strong></span> <span class='ocrx_word' id='word_1_814' title='bbox 2211 4388 2351 4473; x_wconf 69' lang='lat' dir='ltr'><strong>gitur</strong></span> <span class='ocrx_word' id='word_1_815' title='bbox 2376 4388 2551 4473; x_wconf 54' lang='lat' dir='ltr'><strong>:nFilii</strong></span> <span class='ocrx_word' id='word_1_816' title='bbox 2582 4393 2653 4443; x_wconf 89' lang='lat' dir='ltr'><strong>tui</strong></span> <span class='ocrx_word' id='word_1_817' title='bbox 2677 4388 3341 4473; x_wconf 32' lang='lat' dir='ltr'><strong>sieut‘no-venlltenoliparum.</strong></span> 
     </span>
    </p>
   </div>
   <div class='ocr_carea' id='block_1_124' title="bbox 2288 4459 3800 4528">
    <p class='ocr_par' dir='ltr' id='par_1_124' title="bbox 2288 4459 3800 4528">
     <span class='ocr_line' id='line_1_127' title="bbox 2288 4459 3800 4528; baseline 0.003 -16"><span class='ocrx_word' id='word_1_818' title='bbox 2288 4460 2350 4528; x_wconf 91' lang='lat' dir='ltr'><strong>(i)</strong></span> <span class='ocrx_word' id='word_1_819' title='bbox 2381 4459 2650 4514; x_wconf 88' lang='lat' dir='ltr'><strong>Seniorem</strong></span> <span class='ocrx_word' id='word_1_820' title='bbox 2679 4459 2913 4528; x_wconf 89' lang='lat' dir='ltr'><strong>appellat</strong></span> <span class='ocrx_word' id='word_1_821' title='bbox 2940 4459 2996 4513; x_wconf 90' lang='lat' dir='ltr'><strong>S.</strong></span> <span class='ocrx_word' id='word_1_822' title='bbox 3048 4459 3301 4523; x_wconf 83' lang='lat' dir='ltr'><strong>Felicem,</strong></span> <span class='ocrx_word' id='word_1_823' title='bbox 3332 4474 3491 4528; x_wconf 88' lang='lat' dir='ltr'><strong>quem</strong></span> <span class='ocrx_word' id='word_1_824' title='bbox 3522 4474 3703 4515; x_wconf 85' lang='lat' dir='ltr'><strong>carm.</strong></span> <span class='ocrx_word' id='word_1_825' title='bbox 3740 4462 3800 4516; x_wconf 81' lang='grc' dir='ltr'>Η</span> 
     </span>
    </p>
   </div>
   <div class='ocr_carea' id='block_1_125' title="bbox 2212 4528 3804 4603">
    <p class='ocr_par' dir='ltr' id='par_1_125' title="bbox 2212 4528 3804 4603">
     <span class='ocr_line' id='line_1_128' title="bbox 2212 4528 3804 4603; baseline 0.001 -21"><span class='ocrx_word' id='word_1_826' title='bbox 2212 4529 2561 4603; x_wconf 66' lang='lat' dir='ltr'><strong>presbyterum</strong></span> <span class='ocrx_word' id='word_1_827' title='bbox 2584 4537 2899 4593; x_wconf 86' lang='lat' dir='ltr'><strong>vocaverat;</strong></span> <span class='ocrx_word' id='word_1_828' title='bbox 2948 4528 3299 4603; x_wconf 70' lang='grc' dir='ltr'><strong>πρεσϐύτερος</strong></span> <span class='ocrx_word' id='word_1_829' title='bbox 3324 4529 3466 4583; x_wconf 89' lang='lat' dir='ltr'><strong>enim</strong></span> <span class='ocrx_word' id='word_1_830' title='bbox 3496 4528 3693 4585; x_wconf 79' lang='lat' dir='ltr'><strong>Latine</strong></span> <span class='ocrx_word' id='word_1_831' title='bbox 3717 4547 3804 4585; x_wconf 73' lang='lat' dir='ltr'><strong>ae-</strong></span> 
     </span>
    </p>
   </div>
   <div class='ocr_carea' id='block_1_126' title="bbox 2213 4598 2570 4653">
    <p class='ocr_par' dir='ltr' id='par_1_126' title="bbox 2213 4598 2570 4653">
     <span class='ocr_line' id='line_1_129' title="bbox 2213 4598 2570 4653; baseline 0.003 -1"><span class='ocrx_word' id='word_1_832' title='bbox 2213 4601 2330 4653; x_wconf 88' lang='lat' dir='ltr'><strong>nior</strong></span> <span class='ocrx_word' id='word_1_833' title='bbox 2358 4598 2570 4653; x_wconf 89' lang='lat' dir='ltr'><strong>dicitur.</strong></span> 
     </span>
    </p>
   </div>
   <div class='ocr_carea' id='block_1_127' title="bbox 2284 4664 3803 4738">
    <p class='ocr_par' dir='ltr' id='par_1_127' title="bbox 2284 4664 3803 4738">
     <span class='ocr_line' id='line_1_130' title="bbox 2284 4664 3803 4738; baseline 0.003 -20"><span class='ocrx_word' id='word_1_834' title='bbox 2284 4669 2350 4738; x_wconf 83' lang='lat' dir='ltr'><strong>(j)</strong></span> <span class='ocrx_word' id='word_1_835' title='bbox 2380 4667 2518 4738; x_wconf 87' lang='lat' dir='ltr'><strong>Ante</strong></span> <span class='ocrx_word' id='word_1_836' title='bbox 2564 4668 2962 4738; x_wconf 74' lang='lat' dir='ltr'><strong>h_nnc_yersum</strong></span> <span class='ocrx_word' id='word_1_837' title='bbox 2997 4666 3062 4738; x_wconf 74' lang='lat' dir='ltr'><strong>in</strong></span> <span class='ocrx_word' id='word_1_838' title='bbox 3109 4674 3295 4738; x_wconf 73' lang='lat' dir='ltr'><strong>nostro</strong></span> <span class='ocrx_word' id='word_1_839' title='bbox 3333 4664 3536 4738; x_wconf 82' lang='lat' dir='ltr'><strong>codice</strong></span> <span class='ocrx_word' id='word_1_840' title='bbox 3556 4666 3767 4735; x_wconf 77' lang='lat' dir='ltr'><strong>legitur</strong></span> <span class='ocrx_word' id='word_1_841' title='bbox 3790 4709 3803 4722; x_wconf 91' lang='lat'><strong>.</strong></span> 
     </span>
    </p>
   </div>
   <div class='ocr_carea' id='block_1_128' title="bbox 2216 4734 3803 4806">
    <p class='ocr_par' dir='ltr' id='par_1_128' title="bbox 2216 4734 3803 4806">
     <span class='ocr_line' id='line_1_131' title="bbox 2216 4734 3803 4806; baseline 0 -16"><span class='ocrx_word' id='word_1_842' title='bbox 2216 4734 2408 4806; x_wconf 65' lang='lat' dir='ltr'><strong>Incipit</strong></span> <span class='ocrx_word' id='word_1_843' title='bbox 2427 4737 2555 4791; x_wconf 88' lang='lat' dir='ltr'><strong>liber</strong></span> <span class='ocrx_word' id='word_1_844' title='bbox 2580 4734 2790 4801; x_wconf 80' lang='lat' dir='ltr'><strong><em>XIIII,</em></strong></span> <span class='ocrx_word' id='word_1_845' title='bbox 2814 4735 2966 4804; x_wconf 90' lang='lat' dir='ltr'><strong>quasi</strong></span> <span class='ocrx_word' id='word_1_846' title='bbox 2996 4736 3083 4789; x_wconf 88' lang='lat' dir='ltr'><strong>hic</strong></span> <span class='ocrx_word' id='word_1_847' title='bbox 3111 4735 3250 4789; x_wconf 89' lang='lat' dir='ltr'><strong>aliud</strong></span> <span class='ocrx_word' id='word_1_848' title='bbox 3280 4748 3495 4806; x_wconf 83' lang='lat' dir='ltr'><strong>carmen</strong></span> <span class='ocrx_word' id='word_1_849' title='bbox 3525 4734 3757 4806; x_wconf 84' lang='lat' dir='ltr'><strong>incipiat</strong></span> <span class='ocrx_word' id='word_1_850' title='bbox 3789 4754 3803 4790; x_wconf 88' lang='lat'><strong>:</strong></span> 
     </span>
    </p>
   </div>
   <div class='ocr_carea' id='block_1_129' title="bbox 2211 4804 3797 4875">
    <p class='ocr_par' dir='ltr' id='par_1_129' title="bbox 2211 4804 3797 4875">
     <span class='ocr_line' id='line_1_132' title="bbox 2211 4804 3797 4875; baseline -0.001 -15"><span class='ocrx_word' id='word_1_851' title='bbox 2211 4804 2357 4875; x_wconf 87' lang='lat' dir='ltr'><strong>quod</strong></span> <span class='ocrx_word' id='word_1_852' title='bbox 2386 4814 2562 4861; x_wconf 89' lang='lat' dir='ltr'><strong>tamen</strong></span> <span class='ocrx_word' id='word_1_853' title='bbox 2585 4806 2774 4859; x_wconf 80' lang='lat' dir='ltr'><strong>falsum</strong></span> <span class='ocrx_word' id='word_1_854' title='bbox 2803 4820 2921 4859; x_wconf 88' lang='lat' dir='ltr'><strong>esse</strong></span> <span class='ocrx_word' id='word_1_855' title='bbox 2949 4813 3163 4859; x_wconf 86' lang='lat' dir='ltr'><strong>constat</strong></span> <span class='ocrx_word' id='word_1_856' title='bbox 3182 4820 3248 4859; x_wconf 79' lang='lat' dir='ltr'><strong>ex</strong></span> <span class='ocrx_word' id='word_1_857' title='bbox 3281 4804 3651 4873; x_wconf 79' lang='lat' dir='ltr'><strong>superioribus</strong></span> <span class='ocrx_word' id='word_1_858' title='bbox 3672 4821 3797 4859; x_wconf 81' lang='lat' dir='ltr'><strong>ver-</strong></span> 
     </span>
    </p>
   </div>
   <div class='ocr_carea' id='block_1_130' title="bbox 2211 4875 2718 4929">
    <p class='ocr_par' dir='ltr' id='par_1_130' title="bbox 2211 4875 2718 4929">
     <span class='ocr_line' id='line_1_133' title="bbox 2211 4875 2718 4929; baseline -0.006 0"><span class='ocrx_word' id='word_1_859' title='bbox 2211 4877 2357 4929; x_wconf 85' lang='lat' dir='ltr'><strong>sibus</strong></span> <span class='ocrx_word' id='word_1_860' title='bbox 2386 4875 2487 4929; x_wconf 81' lang='grc'><strong>105</strong></span> <span class='ocrx_word' id='word_1_861' title='bbox 2513 4884 2569 4929; x_wconf 87' lang='lat' dir='ltr'><strong>et</strong></span> <span class='ocrx_word' id='word_1_862' title='bbox 2597 4875 2718 4928; x_wconf 74' lang='grc'><strong>104.</strong></span> 
     </span>
    </p>
   </div>
   <div class='ocr_carea' id='block_1_131' title="bbox 2241 4940 3805 5068">
    <p class='ocr_par' dir='ltr' id='par_1_131' title="bbox 2241 4940 3805 5068">
     <span class='ocr_line' id='line_1_134' title="bbox 2241 4940 3805 5068; baseline -0.002 -70"><span class='ocrx_word' id='word_1_863' title='bbox 2241 4944 2590 5068; x_wconf 48' lang='lat' dir='ltr'><strong>hglgsggitiis</strong></span> <span class='ocrx_word' id='word_1_864' title='bbox 2615 4943 2787 4998; x_wconf 85' lang='lat' dir='ltr'><strong>laudis</strong></span> <span class='ocrx_word' id='word_1_865' title='bbox 2816 4943 3039 5008; x_wconf 87' lang='lat' dir='ltr'><strong>scilicet,</strong></span> <span class='ocrx_word' id='word_1_866' title='bbox 3070 4943 3156 4997; x_wconf 86' lang='lat' dir='ltr'><strong>vel</strong></span> <span class='ocrx_word' id='word_1_867' title='bbox 3192 4942 3374 5012; x_wconf 87' lang='lat' dir='ltr'><strong>potius</strong></span> <span class='ocrx_word' id='word_1_868' title='bbox 3401 4940 3681 4997; x_wconf 79' lang='lat' dir='ltr'><strong>sacriﬁciis</strong></span> <span class='ocrx_word' id='word_1_869' title='bbox 3707 4958 3805 4996; x_wconf 82' lang='lat' dir='ltr'><strong>eu-</strong></span> 
     </span>
    </p>
   </div>
   <div class='ocr_carea' id='block_1_132' title="bbox 2209 5014 2531 5069">
    <p class='ocr_par' dir='ltr' id='par_1_132' title="bbox 2209 5014 2531 5069">
     <span class='ocr_line' id='line_1_135' title="bbox 2209 5014 2531 5069; baseline -0.006 0"><span class='ocrx_word' id='word_1_870' title='bbox 2209 5014 2531 5069; x_wconf 88' lang='lat' dir='ltr'><strong>charisticis.</strong></span> 
     </span>
    </p>
   </div>
   <div class='ocr_carea' id='block_1_133' title="bbox 2288 5077 3800 5153">
    <p class='ocr_par' dir='ltr' id='par_1_133' title="bbox 2288 5077 3800 5153">
     <span class='ocr_line' id='line_1_136' title="bbox 2288 5077 3800 5153; baseline -0.003 -16"><span class='ocrx_word' id='word_1_871' title='bbox 2288 5084 2350 5153; x_wconf 93' lang='lat' dir='ltr'><strong>(l)</strong></span> <span class='ocrx_word' id='word_1_872' title='bbox 2394 5082 2682 5153; x_wconf 70' lang='lat' dir='ltr'><strong>Respicere</strong></span> <span class='ocrx_word' id='word_1_873' title='bbox 2720 5080 2931 5135; x_wconf 87' lang='lat' dir='ltr'><strong>videtur</strong></span> <span class='ocrx_word' id='word_1_874' title='bbox 2972 5079 3224 5134; x_wconf 89' lang='lat' dir='ltr'><strong>Paulinus</strong></span> <span class='ocrx_word' id='word_1_875' title='bbox 3266 5078 3395 5153; x_wconf 84' lang='lat' dir='ltr'><strong>illnd</strong></span> <span class='ocrx_word' id='word_1_876' title='bbox 3442 5077 3627 5153; x_wconf 72' lang='lat' dir='ltr'><strong>Tobiae</strong></span> <span class='ocrx_word' id='word_1_877' title='bbox 3652 5078 3800 5153; x_wconf 77' lang='lat' dir='ltr'><strong>(cap.</strong></span> 
     </span>
    </p>
   </div>
   <div class='ocr_carea' id='block_1_134' title="bbox 2209 5147 3804 5221">
    <p class='ocr_par' dir='ltr' id='par_1_134' title="bbox 2209 5147 3804 5221">
     <span class='ocr_line' id='line_1_137' title="bbox 2209 5147 3804 5221; baseline -0.004 -15"><span class='ocrx_word' id='word_1_878' title='bbox 2209 5147 2460 5215; x_wconf 41' lang='lat' dir='ltr'><strong>tu,&#39;vers.</strong></span> <span class='ocrx_word' id='word_1_879' title='bbox 2495 5147 2548 5221; x_wconf 73' lang='grc' dir='ltr'><strong>Ι)</strong></span> <span class='ocrx_word' id='word_1_880' title='bbox 2578 5169 2591 5204; x_wconf 88' lang='lat'><strong>:</strong></span> <span class='ocrx_word' id='word_1_881' title='bbox 2626 5149 2737 5205; x_wconf 79' lang='lat' dir='ltr'><strong>Hoc</strong></span> <span class='ocrx_word' id='word_1_882' title='bbox 2762 5160 2933 5203; x_wconf 84' lang='lat' dir='ltr'><strong>autem</strong></span> <span class='ocrx_word' id='word_1_883' title='bbox 2961 5168 3052 5217; x_wconf 87' lang='lat' dir='ltr'><strong>pro</strong></span> <span class='ocrx_word' id='word_1_884' title='bbox 3083 5158 3229 5221; x_wconf 59' lang='lat' dir='ltr'><strong>certo</strong></span> <span class='ocrx_word' id='word_1_885' title='bbox 3262 5147 3411 5221; x_wconf 81' lang='lat' dir='ltr'><strong>habet</strong></span> <span class='ocrx_word' id='word_1_886' title='bbox 3438 5149 3609 5201; x_wconf 75' lang='lat' dir='ltr'><strong>omnis</strong></span> <span class='ocrx_word' id='word_1_887' title='bbox 3636 5150 3727 5218; x_wconf 72' lang='lat' dir='ltr'><strong>qui</strong></span> <span class='ocrx_word' id='word_1_888' title='bbox 3758 5157 3804 5199; x_wconf 83' lang='lat' dir='ltr'><strong>te</strong></span> 
     </span>
    </p>
   </div>
   <div class='ocr_carea' id='block_1_135' title="bbox 2214 5207 3802 5291">
    <p class='ocr_par' dir='ltr' id='par_1_135' title="bbox 2214 5207 3802 5291">
     <span class='ocr_line' id='line_1_138' title="bbox 2214 5207 3802 5291; baseline -0.004 -16"><span class='ocrx_word' id='word_1_889' title='bbox 2214 5207 2355 5285; x_wconf 77' lang='lat' dir='ltr'><strong>colit,</strong></span> <span class='ocrx_word' id='word_1_890' title='bbox 2386 5207 2660 5289; x_wconf 56' lang='lat' dir='ltr'><strong>quod&#39;vita</strong></span> <span class='ocrx_word' id='word_1_891' title='bbox 2698 5222 2827 5291; x_wconf 79' lang='lat' dir='ltr'><strong>ejus,</strong></span> <span class='ocrx_word' id='word_1_892' title='bbox 2866 5221 2911 5273; x_wconf 75' lang='lat' dir='ltr'><strong>si</strong></span> <span class='ocrx_word' id='word_1_893' title='bbox 2948 5207 3000 5272; x_wconf 80' lang='lat' dir='ltr'><strong>in</strong></span> <span class='ocrx_word' id='word_1_894' title='bbox 3030 5207 3332 5286; x_wconf 78' lang='lat' dir='ltr'><strong>probatione</strong></span> <span class='ocrx_word' id='word_1_895' title='bbox 3372 5220 3544 5288; x_wconf 78' lang='lat' dir='ltr'><strong>fuerit,</strong></span> <span class='ocrx_word' id='word_1_896' title='bbox 3576 5207 3802 5269; x_wconf 57' lang='lat' dir='ltr'><strong>coionao</strong></span> 
     </span>
    </p>
   </div>
   <div class='ocr_carea' id='block_1_136' title="bbox 2217 5292 2371 5344">
    <p class='ocr_par' dir='ltr' id='par_1_136' title="bbox 2217 5292 2371 5344">
     <span class='ocr_line' id='line_1_139' title="bbox 2217 5292 2371 5344; baseline 0.006 -2"><span class='ocrx_word' id='word_1_897' title='bbox 2217 5292 2371 5344; x_wconf 79' lang='lat' dir='ltr'><strong>bitur.</strong></span> 
     </span>
    </p>
   </div>
   <div class='ocr_carea' id='block_1_137' title="bbox 2289 5353 3799 5429">
    <p class='ocr_par' dir='ltr' id='par_1_137' title="bbox 2289 5353 3799 5429">
     <span class='ocr_line' id='line_1_140' title="bbox 2289 5353 3799 5429; baseline -0.006 -15"><span class='ocrx_word' id='word_1_898' title='bbox 2289 5358 2661 5429; x_wconf 14' lang='lat' dir='ltr'><strong>(m)7Respicit</strong></span> <span class='ocrx_word' id='word_1_899' title='bbox 2698 5355 2949 5410; x_wconf 84' lang='lat' dir='ltr'><strong>Paulinus</strong></span> <span class='ocrx_word' id='word_1_900' title='bbox 2983 5357 3113 5429; x_wconf 84' lang='lat' dir='ltr'><strong>illud</strong></span> <span class='ocrx_word' id='word_1_901' title='bbox 3147 5353 3505 5429; x_wconf 78' lang='lat' dir='ltr'><strong>Ecclesiastici</strong></span> <span class='ocrx_word' id='word_1_902' title='bbox 3528 5354 3669 5422; x_wconf 90' lang='lat' dir='ltr'><strong>(cap.</strong></span> <span class='ocrx_word' id='word_1_903' title='bbox 3722 5369 3799 5411; x_wconf 75' lang='grc' dir='ltr'><strong>ιι,</strong></span> 
     </span>
    </p>
   </div>
   <div class='ocr_carea' id='block_1_138' title="bbox 2217 5424 3799 5509">
    <p class='ocr_par' dir='ltr' id='par_1_138' title="bbox 2217 5424 3799 5509">
     <span class='ocr_line' id='line_1_141' title="bbox 2217 5424 3799 5509; baseline -0.007 -27"><span class='ocrx_word' id='word_1_904' title='bbox 2217 5424 2373 5484; x_wconf 54' lang='grc' dir='ltr'><strong>νεὲεζ</strong></span> <span class='ocrx_word' id='word_1_905' title='bbox 2516 5424 2692 5481; x_wconf 56' lang='lat' dir='ltr'><strong>{Ante</strong></span> <span class='ocrx_word' id='word_1_906' title='bbox 2731 5438 2945 5507; x_wconf 69' lang='lat' dir='ltr'><strong>mortem</strong></span> <span class='ocrx_word' id='word_1_907' title='bbox 2962 5442 3050 5509; x_wconf 59' lang='lat' dir='ltr'><strong>&quot;ne</strong></span> <span class='ocrx_word' id='word_1_908' title='bbox 3067 5495 3079 5509; x_wconf 47' lang='grc' dir='ltr'><strong>Ι</strong></span> <span class='ocrx_word' id='word_1_909' title='bbox 3094 5425 3270 5506; x_wconf 66' lang='lat' dir='ltr'><strong>laudes</strong></span> <span class='ocrx_word' id='word_1_910' title='bbox 3318 5424 3799 5509; x_wconf 39' lang='lat' dir='ltr'><strong>hominennqmzn-</strong></span> 
     </span>
    </p>
   </div>
   <div class='ocr_carea' id='block_1_139' title="bbox 2264 5490 3800 5562">
    <p class='ocr_par' dir='ltr' id='par_1_139' title="bbox 2264 5490 3800 5562">
     <span class='ocr_line' id='line_1_142' title="bbox 2264 5490 3800 5562; baseline -0.005 -12"><span class='ocrx_word' id='word_1_911' title='bbox 2264 5514 2389 5551; x_wconf 80' lang='lat' dir='ltr'><strong>tam.</strong></span> <span class='ocrx_word' id='word_1_912' title='bbox 2418 5490 2634 5551; x_wconf 88' lang='lat' dir='ltr'><strong>Librum</strong></span> <span class='ocrx_word' id='word_1_913' title='bbox 2664 5498 2804 5549; x_wconf 89' lang='lat' dir='ltr'><strong>enim</strong></span> <span class='ocrx_word' id='word_1_914' title='bbox 2834 5496 2924 5562; x_wconf 91' lang='lat' dir='ltr'><strong>qui</strong></span> <span class='ocrx_word' id='word_1_915' title='bbox 2954 5494 3344 5562; x_wconf 67' lang='lat' dir='ltr'><strong>Ecclesiastigua</strong></span> <span class='ocrx_word' id='word_1_916' title='bbox 3373 5490 3681 5545; x_wconf 87' lang='lat' dir='ltr'><strong>inscribitur</strong></span> <span class='ocrx_word' id='word_1_917' title='bbox 3696 5490 3800 5562; x_wconf 72' lang='lat' dir='ltr'><strong>Sa-</strong></span> 
     </span>
    </p>
   </div>
   <div class='ocr_carea' id='block_1_140' title="bbox 2239 5560 3801 5634">
    <p class='ocr_par' dir='ltr' id='par_1_140' title="bbox 2239 5560 3801 5634">
     <span class='ocr_line' id='line_1_143' title="bbox 2239 5560 3801 5634; baseline -0.004 -14"><span class='ocrx_word' id='word_1_918' title='bbox 2239 5560 2419 5621; x_wconf 86' lang='lat' dir='ltr'><strong>omoni</strong></span> <span class='ocrx_word' id='word_1_919' title='bbox 2447 5567 2742 5619; x_wconf 86' lang='lat' dir='ltr'><strong>tribuerunt</strong></span> <span class='ocrx_word' id='word_1_920' title='bbox 2770 5560 2949 5634; x_wconf 78' lang='lat' dir='ltr'><strong>plures</strong></span> <span class='ocrx_word' id='word_1_921' title='bbox 2976 5562 3226 5634; x_wconf 76' lang='lat' dir='ltr'><strong>Ecclesia:</strong></span> <span class='ocrx_word' id='word_1_922' title='bbox 3256 5560 3465 5625; x_wconf 86' lang='lat' dir='ltr'><strong>Patres,</strong></span> <span class='ocrx_word' id='word_1_923' title='bbox 3492 5560 3741 5630; x_wconf 79' lang='lat' dir='ltr'><strong>quamvis</strong></span> <span class='ocrx_word' id='word_1_924' title='bbox 3765 5571 3801 5614; x_wconf 83' lang='lat' dir='ltr'><strong>a</strong></span> 
     </span>
    </p>
   </div>
   <div class='ocr_carea' id='block_1_141' title="bbox 2220 5631 3244 5702">
    <p class='ocr_par' dir='ltr' id='par_1_141' title="bbox 2220 5631 3244 5702">
     <span class='ocr_line' id='line_1_144' title="bbox 2220 5631 3244 5702; baseline -0.01 -8"><span class='ocrx_word' id='word_1_925' title='bbox 2220 5639 2345 5693; x_wconf 77' lang='lat' dir='ltr'><strong>lcsu</strong></span> <span class='ocrx_word' id='word_1_926' title='bbox 2365 5635 2570 5692; x_wconf 87' lang='lat' dir='ltr'><strong>Sirachi</strong></span> <span class='ocrx_word' id='word_1_927' title='bbox 2600 5634 2708 5693; x_wconf 87' lang='lat' dir='ltr'><strong>lilio</strong></span> <span class='ocrx_word' id='word_1_928' title='bbox 2737 5631 2966 5702; x_wconf 75' lang='lat' dir='ltr'><strong>scriptus</strong></span> <span class='ocrx_word' id='word_1_929' title='bbox 2987 5631 3244 5687; x_wconf 79' lang='lat' dir='ltr'><strong>videatur.</strong></span> 
     </span>
    </p>
   </div>
  </div>
