3990 6182
229 308 337 361 577

410 424 552 479 Laus
576 422 885 493 prmparari,
916 435 1034 491 qua:
1058 421 1300 477 canenda
1332 422 1383 475 in
1409 420 1555 476 exitu
1584 431 1685 475 est.

407 518 513 573 Sed
535 516 719 581 credo,
747 516 1002 584 quoniam
1033 523 1146 569 tota
1183 530 1270 569 res
1299 516 1420 569 vita:
1450 516 1605 571 istius

404 604 651 661 Fluitans
677 614 732 659 et
750 620 947 673 auceps
974 604 1179 659 lubrico
1206 603 1407 673 pendet
1431 613 1591 669 statu,

412 695 677 763 Brevique
706 704 941 748 nostram
964 695 1125 748 vertit
1151 702 1364 748 (etatem
1392 703 1531 756 rota,

208 787 305 840 1‘20
407 785 768 853 Surgensque,
797 783 1099 849 cadensque
1126 798 1223 851 per
1249 782 1549 835 salebrosas
1573 782 1706 845 vias,

416 876 619 942 Quibus
641 874 800 940 hujus
822 875 919 928 αξνί
942 889 1129 927 cursus
1155 871 1501 942 explicandus
1529 880 1611 927 est
1635 890 1648 925 :

420 966 623 1019 lccirco
657 980 759 1018 nos
780 964 1028 1031 magistra
1054 963 1389 1032 providentia

416 1053 618 1119 Monet,
645 1062 771 1107 ante
802 1052 959 1121 finem
988 1068 1087 1107 nec
1114 1053 1234 1116 sibi,
1257 1068 1355 1107 nec
1379 1053 1530 1107 alteri
1563 1054 1639 1124 (a)

416 1142 623 1197 Debere
645 1128 965 1212 quemquam
995 1142 1269 1210 plaudere,
1300 1151 1354 1195 et
1380 1141 1674 1205 confidere.

417 1231 669 1298 Quamvis
698 1232 924 1285 honesta
955 1239 1133 1285 rectus
1161 1230 1372 1284 incedat
1395 1231 1500 1296 via,

418 1322 616 1375 Tamen
648 1320 838 1372 timere
863 1334 1077 1387 semper
1104 1317 1361 1372 offensam
1394 1319 1566 1387 pedis,

428 1410 608 1464 Donec
630 1408 863 1479 peractis
886 1422 1054 1475 usque
1085 1416 1281 1461 metam
1309 1408 1551 1461 cursibus

421 1496 656 1551 Palmam
687 1497 865 1567 petitae
890 1497 1310 1565 comprehendat
1338 1497 1539 1564 glorim.

421 1587 598 1654 Quare
617 1588 805 1641 beatos
831 1595 1093 1657 martyras
1123 1586 1195 1656 (ὁ)
1214 1627 1229 1650 ,
1260 1603 1395 1656 quos
1417 1588 1609 1641 extulit

422 1677 659 1733 Perfecta
686 1678 853 1732 virtus
890 1678 941 1730 iu
971 1693 1225 1732 coronam
1254 1679 1478 1733 caelitem

421 1769 584 1823 Justis
611 1768 834 1822 honoris
860 1768 1025 1822 debiti
1051 1769 1329 1837 praeconiis

426 1858 779 1931 517-518
824 1856 1169 1912 Celebramus
1216 1874 1403 1913 omnes
1460 1876 1558 1915 nos
1598 1874 1785 1914 eorum

1489 1949 1505 2020 [
1519 1948 1718 2019 posteri

426 2037 771 2095 Confessione
798 2034 1083 2090 Christiani
1111 2036 1362 2103 nominis,

429 2130 630 2196 Quibus
659 2127 879 2200 profuso
908 2128 1166 2195 sanguine
1194 2128 1263 2183 ob
1289 2137 1531 2182 sanctam
1561 2128 1717 2184 fidem

426 2220 861 2275 Prosemiuarunt
890 2217 1051 2285 frugis
1078 2225 1290 2271 interna:
1318 2218 1537 2284 bonum,

428 2310 496 2366 Ut
517 2310 562 2364 si
591 2309 923 2363 ambulemus
952 2316 1243 2377 martyrum
1268 2307 1523 2375 vestigiis,

428 2398 651 2452 Par-ibus
677 2399 749 2469 (c)
775 2404 1057 2466 parentum
1085 2394 1421 2464 perfruamur
1442 2395 1689 2463 praemiis.

430 2488 563 2543 Hinc
590 2500 719 2556 ergo
747 2486 963 2549 sanctis,
1001 2485 1113 2539 sive
1140 2484 1551 2549 confessoribus,

427 2581 533 2636 Seu
564 2580 642 2650 (d)
672 2577 997 2633 consecratis
1023 2578 1271 2646 passione
1296 2576 1523 2630 testibus
1552 2575 1622 2646 (e)

217 2674 328 2729 NO
436 2672 557 2725 Dies
582 2677 821 2725 sacratos
849 2668 915 2738 (ι’)
936 2708 951 2735 ,
982 2669 1036 2721 in
1064 2668 1255 2735 quibus
1293 2667 1459 2721 functi
1484 2667 1626 2722 diem

433 2761 673 2817 Mortalis
698 2759 797 2813 aevi
824 2767 997 2813 morte
1027 2758 1174 2812 vitali
1203 2773 1357 2813 suum

426 2854 503 2907 De
530 2853 652 2907 labe
676 2848 859 2905 mundi
886 2848 1209 2903 transierunt
1235 2846 1306 2901 ad
1336 2848 1524 2915 Deum,

212 1679 315 1735 150

215 2222 323 2277 135

282 3011 362 3081 (a)
393 3007 493 3063 Hic
516 3006 766 3081 desinunt
800 3010 908 3081 tres
936 3013 991 3081 e_t
1025 3000 1405 3071 quinquaginta
1427 3016 1633 3069 versus,
1659 3017 1795 3072 quos

214 3072 498 3137 ex'n'ostro
527 3076 711 3131 codice
736 3072 996 3142 supplevi.

283 3126 1026 3220 (iifiiiriifébdéi'habei
1076 3148 1370 3209 martyres:
1419 3148 1602 3194 noster
1648 3158 1789 3194 mar-
1816 3126 1862 3187 C

216 3230 378 3273 turos.

239 3238 572 3359 Nostri
601 3281 801 3359 codicis
824 3280 1110 3359 lectionem
1149 3285 1362 3359 secutus
1399 3294 1515 3334 sum
1540 3295 1553 3332 :
1585 3294 1708 3333 nam
1737 3281 1791 3335 in

218 3348 493 3412 “aratorii
523 3351 708 3407 codice
735 3349 991 3418 scriptum
1013 3348 1302 3418 estpartis.

283 3427 364 3495 (ι)
394 3423 530 3477 Mur.
564 3416 914 3495 codexhabet
938 3418 1058 3471 sive.
1090 3416 1158 3495 At
1191 3416 1469 3495 legendum
1488 3425 1570 3471 est
1598 3433 1707 3483 seu,
1736 3426 1794 3495 ut

215 3485 298 3552 est
319 3485 375 3550 in
410 3502 597 3546 nostro
635 3488 854 3544 codice:
880 3487 1016 3541 banc
1052 3486 1195 3539 enim
1230 3485 1511 3541 lectionem
1553 3489 1795 3555 exposcit

325 3562 372 3617 ri
408 3562 563 3615 ratio.

219 3574 372 3703 “iter;
390 3574 604 3705 $22139
626 3624 834 3705 Graece,
877 3622 1078 3705 Latine
1108 3623 1244 3677 testis
1273 3622 1492 3705 dicitur.
1524 3623 1797 3705 Frequen-

218 3692 319 3759 tius
345 3692 550 3754 'tauien
574 3692 850 3764 'usurpata
896 3710 1013 3764 vox
1040 3692 1246 3764 Grieca.
1293 3692 1522 3764 August.
1560 3692 1661 3748 lib.
1688 3709 1796 3749 xxtt

217 3780 409 3829 contra
434 3768 641 3828 Faust.,
671 3762 789 3833 cap.
816 3764 902 3827 76,
928 3762 1085 3831 hujus
1108 3762 1336 3833 nominis
1356 3762 1796 3830 signiﬁcationem

218 3840 487 3910 expressit
519 3836 667 3910 :_Per
686 3832 932 3910 quorum,
974 3833 1076 3910 _ait,
1112 3832 1480 3910 confessiones,
1511 3833 1793 3910 passiones,

218 3922 264 3964 et
287 3901 496 3963 'mortes
536 3906 628 3958 hoc
677 3901 781 3956 L’eo
816 3902 1008 3971 placuit
1044 3901 1299 3971 attestari,
1320 3901 1592 3971 martyres
1621 3901 1799 3971 appel-

220 3922 264 3964 ει
300 3918 496 3963 mortes
536 3918 628 3958 hoc
677 3918 781 3956 uec
816 3918 1008 3970 ptacuu
1044 3918 1299 3961 auesran,
1343 3918 1479 3953 mari
1515 3918 1592 3955 rus
1621 3918 1795 3971 appet-

220 3983 417 4047 lantur,
447 3976 531 4047 qui
563 3972 747 4026 Latine
776 3979 923 4025 testes
947 3970 1203 4047 dicantur.
1232 3967 1417 4047 Isidor.
1446 3918 1533 4023 MK.
1560 3985 1649 4047 vn,
1675 3986 1795 4038 cap.

222 4019 1112 4113 ῒῐξῗήάιῑένῑξῖεζξέέξξίξᾱειξ
1126 4019 1649 4113 ’ὸὸξέιὶίήήὲῴιὶῖἀιίίὶῗ
1674 4019 1798 4113 ,ξξδλ

221 4127 329 4187 pter
357 4107 708 4170 testimonium
746 4107 936 4162 Christi
973 4109 1238 4177 passiones
1279 4107 1645 4163 sustinuerunt.
1688 4107 1803 4163 Μυ-

225 4198 509 4241 υτοκιυε.

293 4258 361 4326 (f)
374 4254 571 4326 _Qua_m
600 4246 798 4326 apertis
819 4246 919 4326 hic
932 4246 1107 4326 verbis
1134 4245 1342 4326 doceat,
1368 4244 1565 4326 laudet,
1594 4261 1657 4300 ac
1681 4262 1801 4326 sua.

225 4314 357 4379 deat
374 4314 649 4376 Paulinus
683 4316 847 4371 festos
868 4314 984 4371 dies
1013 4316 1065 4369 in
1094 4322 1400 4369 sanctorum
1427 4316 1685 4369 honorem
1717 4318 1803 4371 in-

224 4395 461 4454 stitutos,
487 4391 648 4445 etiam
670 4386 826 4467 lippis
829 4393 1011 4467 patet.
1041 4384 1098 4438 Id
1122 4383 1466 4467 alibintetligit,
1508 4384 1804 4467 bic__ple.nis

225 4451 455 4517 testatur
502 4451 774 4513 encOIiiiis.
829 4451 1016 4508 Totius
1064 4468 1192 4508 vero
1230 4451 1482 4509 Ecclesiae
1529 4451 1803 4510 catholica:

226 4532 433 4587 calculo
458 4541 625 4598 quum
663 4525 750 4598 hic
778 4524 906 4598 pius
939 4523 1431 4598 oliuiprobaretui;
1447 4539 1593 4591 usus,
1633 4526 1805 4598 ίῃιριι-

229 4602 417 4655 denter
452 4591 637 4652 tamen
673 4591 937 4647 Lutherus
980 4593 1032 4646 in
1071 4592 1252 4647 libello
1292 4591 1359 4645 de
1391 4591 1570 4647 Form.
1604 4591 1750 4649 miss.
1788 4615 1801 4649 :

231 4668 499 4728 Omnium,
538 4666 960 4736 ait,_sanctart£m
990 4664 1121 4733 festa
1148 4677 1357 4736 prorsus
1386 4663 1689 4736 abroganda
1711 4681 1806 4736 pu-

234 4749 417 4792 tamus.
450 4736 521 4790 Et
550 4735 603 4788 in
640 4732 731 4787 lib.
777 4732 845 4786 de
881 4732 1107 4786 Cmrem.
1151 4735 1281 4784 eccl.
1328 4732 1573 4787 servan'il.
1603 4751 1615 4785 :
1645 4732 1806 4788 Festa

231 4818 526 4861 sanctorum
574 4803 629 4873 in
669 4804 955 4855 universum
993 4800 1325 4873 aboleantur.
1359 4801 1457 4873 Cui
1505 4818 1613 4873 no_u
1655 4806 1807 4873 pauci

232 4874 553 4931 heterodoxi
576 4872 706 4925 dant
742 4872 1108 4941 manunnNos
1131 4869 1379 4925 catholici
1408 4886 1527 4925 cum
1563 4869 1802 4941 Paulino,

233 4947 560 5013 reliquisque
598 4941 797 4995 sanctis
835 4938 1080 5013 Patribus
1108 4941 1440 5013 sentientes,
1471 4956 1621 5013 sacra
1661 4938 1808 5013 celeé

234 5010 507 5068 brabimus
544 5019 850 5066 sanctorum
891 5010 1064 5075 feSta;
1105 5010 1181 5064 illi
1224 5024 1352 5063 vero
1394 5010 1529 5063 duce
1574 5010 1811 5069 Luthero

235 5084 472 5137 contenti
493 5095 690 5136 novam
709 5077 936 5133 credulis
956 5080 1302 5134 venditabant
1330 5080 1667 5135 sententiam.
1695 5082 1811 5138 Mu-

236 5165 516 5207 ιΑτοιιιυε.

306 5224 382 5293 (g)
415 5220 552 5275 Alibi
582 5219 851 5273 innuimus
892 5218 949 5273 8.
978 5217 1210 5273 Felicem
1238 5219 1684 5293 mart_yrio_vit_am
1706 5237 1813 5276 non

236 5289 674 5355 consummasse;
706 5303 769 5343 ac
804 5297 1088 5357 prepterea
1118 5296 1341 5342 vocatur
1369 5289 1467 5342 iste
1504 5289 1556 5342 in
1585 5290 1703 5344 Nat.
1737 5306 1812 5356 xi,

237 5304 674 5355 consummase;
706 5304 769 5343 ac
804 5304 1088 5409 propterea
1118 5304 1341 5342 vocatur
1369 5304 1467 5342 iste
1504 5304 1556 5342 tn
1585 5304 1703 5344 nat.
1737 5306 1810 5356 xt,

237 5357 422 5429 Etogio
449 5369 666 5428 martyr,
694 5365 750 5411 et
771 5373 805 5429 _a
830 5356 899 5411 ibi
927 5357 1038 5429 sine
1078 5358 1328 5429 sanggine
1356 5367 1572 5429 martyr.
1590 5428 1593 5429 ν
1610 5360 1665 5414 In
1704 5358 1810 5414 Na-

238 5424 486 5481 tali'vero
522 5424 731 5483 vt'haac
768 5427 881 5496 ipsa
918 5427 1064 5480 canit
1098 5424 1388 5481 de'Fclice
1419 5427 1471 5481 in
1494 5424 1694 5485 ccelum
1721 5443 1811 5485 as-

238 5507 436 5551 sumto.

357 5585 480 5635 Tum
504 5588 648 5635 nivea
673 5598 863 5635 sacrum
884 5592 1024 5647 caput
1046 5597 1285 5635 ornavere
1309 5599 1509 5647 corona,

357 5647 459 5707 Sed
481 5657 645 5696 tamen
667 5653 719 5695 et
741 5659 930 5695 roseam
946 5646 1104 5695 Pater
1126 5648 1324 5703 addidit.
1351 5646 1506 5697 indice
1526 5649 1739 5707 Christo,

360 5706 719 5769 Purpureoque
741 5708 908 5757 habitu
932 5708 1100 5758 niveos
1121 5708 1385 5770 duplicavit
1409 5712 1631 5772 amictus,

1612 306 1845 361 POEMA
1886 305 2017 361 XXI.

1806 430 1853 483 Α

1812 1772 1861 1832 ὓ

1834 4483 1883 4541 D

3355 306 3460 361 578

2093 418 2281 489 Populi
2313 418 2500 474 fideles
2525 420 2735 489 gaudiis
2752 418 3081 473 solemnibus

2093 508 2310 564 Honore
2336 508 2535 563 Christi
2562 511 2895 579 gratulantes
2916 509 3190 567 excolunt.

2094 599 2164 654 Ut
2184 600 2284 654 iste
2311 603 2480 657 sancti
2510 616 2644 671 pace
2674 601 2862 656 Felicis
2887 601 3023 666 dies,

2096 691 2214 756 Quo
2242 693 2433 745 clausit
2462 693 2590 747 olim
2619 696 2861 762 corporis
2890 694 3052 746 vitam
3081 708 3247 748 senex

2090 779 2457 836 Confessionis
2486 792 2610 838 ante
2639 783 2853 838 functus
2880 784 3079 853 praelia,

2092 870 2196 925 Sed
2227 871 2506 925 incruento
2535 882 2880 930 consecratus
2909 876 3057 929 exitu

2097 956 2227 1011 Post
2253 959 2392 1013 bella
2422 961 2594 1014 victor
2620 963 2767 1029 pacis
2790 972 3093 1031 assumptus
3115 964 3203 1017 die

2095 1046 2337 1102 Vocante
2364 1048 2579 1103 Christo
2610 1051 2761 1118 liquit
2788 1052 3031 1105 exultans
3061 1053 3304 1118 humum,

2094 1135 2162 1190 Et
2190 1138 2241 1191 in
2263 1154 2523 1208 supernas
2553 1142 2835 1194 transitum
2864 1141 2989 1195 fecit
3015 1142 3224 1208 domos,

2091 1225 2207 1280 Non
2237 1227 2583 1282 defraudatus
2611 1244 2641 1282 a
2665 1245 2864 1284 corona
2892 1232 3141 1299 martyris
3165 1233 3261 1301 (g),

2095 1314 2230 1381 Quia
2258 1318 2523 1385 passionis
2551 1326 2731 1372 mente
2760 1330 2941 1372 votum
2973 1329 3231 1387 gesserat.

1882 598 1987 652 145

1886 1045 1989 1100 150

2098 1404 2231 1459 Nam
2254 1421 2393 1475 szepe
2417 1421 2643 1474 agonem
2675 1408 2829 1461 miles
2856 1408 3075 1462 intravit
3096 1417 3308 1477 potens,

2098 1495 2360 1565 Victoque
2387 1512 2601 1566 semper
2628 1498 2783 1551 hoste
2808 1498 3085 1551 confessor
3118 1499 3255 1553 redit
3283 1500 3357 1569 (Ii)
3382 1518 3395 1553 :

2098 1586 2205 1642 Sed
2233 1597 2531 1657 prmparata
2560 1598 2741 1643 mente
2778 1598 3065 1644 contentus
3092 1590 3231 1644 Deus

2099 1678 2342 1732 Servavit
2372 1679 2537 1743 illum,
2565 1696 2668 1733 non
2696 1695 2949 1734 coronam
2972 1682 3222 1751 martyris

2098 1769 2324 1837 Negans,
2355 1770 2449 1823 sed
2476 1770 2676 1825 addens
2709 1778 2763 1824 et
2787 1786 3043 1824 coronam
3084 1773 3334 1826 antistitis
3363 1772 3420 1841 (ε’

2102 1858 2172 1913 Ut
2194 1860 2471 1914 incruento
2500 1860 2729 1928 palmam
2756 1860 2979 1929 adeptus
3008 1860 3191 1928 praelia

2098 1950 2166 2003 Et
2195 1951 2418 2019 prmliati
2441 1950 2739 2018 possideret
2766 1950 3042 2019 praemium

2105 2039 2469 2095 Confessionis
2496 2049 2823 2109 purpurante
2847 2040 3049 2107 laurea,

2100 2130 2352 2199 Vittaque
2382 2130 2529 2199 pacis
2558 2129 2611 2182 in
2637 2128 2932 2182 sacerdotis
2961 2130 3097 2182 stola

2099 2220 2397 2275 Redimitus
2424 2220 2563 2274 idem
2586 2220 2671 2273 bis
2697 2227 2983 2273 coronatus
3012 2219 3147 2273 foret

2103 2311 2416 2377 Confessor,
2448 2319 2607 2379 atque
2635 2309 2914 2380 presbyter
2941 2308 3089 2363 Felix
3126 2308 3237 2364 Dei.

2102 2402 2201 2457 Hic
2229 2415 2380 2469 ergo,
2403 2402 2541 2456 votis
2565 2401 2629 2470 (j)
2657 2414 2816 2469 quem
2846 2400 3131 2454 recolimus
3158 2400 3347 2454 annuis
3365 2402 3466 2471 (lt),

2103 2493 2221 2549 Non
2250 2501 2333 2548 est
2361 2491 2567 2561 agonis,
2599 2490 2693 2545 sed
2723 2490 3007 2560 sepultura:
3035 2489 3167 2554 dies,

2104 2587 2222 2655 Quo
2244 2592 2493 2655 separata
2518 2583 2586 2636 ab
2610 2582 2835 2636 invicem
2862 2581 3157 2635 substantia

2100 2679 2305 2733 Anima:
2333 2676 2406 2747 (Ι)
2435 2674 2633 2729 volavit
2674 2672 2741 2727 ad
2780 2671 2948 2727 Deum
2974 2712 2990 2737 ,
3035 2672 3087 2725 in
3120 2680 3316 2726 terram
3344 2686 3471 2727 caro

2105 2768 2340 2823 Reversa
2371 2765 2575 2819 tumulo
2602 2763 2907 2831 conquievit
2933 2761 3136 2816 abdita.

2103 2857 2170 2911 Et
2190 2857 2380 2911 merito
2408 2854 2606 2910 sanctis
2628 2853 2727 2906 iste
2756 2852 2947 2905 natalis
2976 2851 3090 2905 dies
3118 2852 3213 2921 (ni)

1889 1950 1992 2006 160

1893 2405 1997 2458 165

1894 2858 1997 2913 170

2019 3011 2155 3071 Quod
2181 3010 2367 3058 meritis
2382 3013 2652 3071 utrumque
2677 3005 2851 3071 decus.
2872 3002 2990 3071 Nam
3018 3002 3169 3071 lucila
3194 3004 3374 3071 βιιωςιι

2019 3064 2161 3122 Serta
2186 3072 2320 3133 quasi
2347 3069 2536 3133 placido
2559 3064 2824 3133 translatus
2842 3066 2887 3111 in
2912 3064 3095 3133 aethera
3121 3064 3273 3119 letho,

2016 3134 2115 3181 Sed
2142 3127 2320 3180 méruit
2342 3127 2529 3190 pariter
2553 3128 2687 3190 quasi
2712 3128 2826 3174 caesi
2852 3127 3069 3186 martyris
3088 3134 3291 3182 ostrum,

2020 3197 2109 3252 Qui
2132 3189 2378 3242 confessor
2401 3189 2523 3239 obit.

2814 3247 3186 3302 Munnontus.

1967 3342 2044 3412 (Ii)
2074 3342 2332 3412 Marator.
2361 3338 2531 3412 codex
2559 3337 2719 3412 habet
2747 3337 2930 3412 rediit;
2962 3344 3145 3390 noster
3165 3335 3470 3412 vero_re(_tit.

1966 3403 2038 3494 (θ’
2074 3410 2202 3494 ,ρῳ-θ
2245 3411 2384 3463 hanc
2431 3408 2482 3461 in
2522 3408 2673 3494 cmlis
2719 3407 3237 3494 adeptusrcorouam
3269 3403 3427 3494 ⁵ῐῗςξῑὶκ
3455 3445 3474 3472 ,

1893 3474 2019 3551 quia
2046 3482 2279 3551 oblatam
2294 3484 2592 3551 respuet-at
2631 3476 2681 3551 in
2706 3476 2900 3551 terris.
2949 3474 3287 3551 Exposcebat
3325 3474 3473 3551 illum

1932 3550 2124 3620 opulus
2146 3557 2273 3620 post
2290 3547 2347 3601 8.
2380 3541 2595 3620 Maximi
2630 3545 2835 3620 obitum
2865 3544 2917 3597 in
2951 3544 3276 3607 antistitem;
3301 3550 3357 3595 at
3380 3541 3470 3595 ille

1932 3568 2124 3620 opulus
2146 3568 2268 3618 pOSt
2290 3568 2347 3601 δ.
2380 3568 2595 3599 maxum
2630 3568 2742 3598 υυιι

1895 3568 2045 3691 {sunt
2070 3617 2278 3673 Paulini
2305 3616 2466 3671 verba
2496 3613 2615 3667 Nat.
2644 3615 2699 3679 v;
2729 3630 2742 3664 :

2426 3703 2573 3751 Velut
2599 3702 2845 3760 indignus,
2874 3712 2968 3747 non
2993 3700 3141 3748 audet
3164 3700 3349 3746 honore

2020 3765 2281 3820 (rescere,
2308 3769 2615 3823 testaturque
2637 3759 2743 3823 seni
2768 3773 2910 3821 mage
2934 3762 3098 3823 debita
3124 3759 3318 3817 Quinto.

2021 3826 2152 3887 Ergo
2175 3818 2277 3873 sub
2291 3825 2381 3871 hoc
2406 3841 2416 3868 I
2437 3818 2548 3887 tiaui
2576 3818 2714 3887 Felix
2734 3818 2960 3887 antistite
2985 3821 3106 3868 vixit

2023 3878 2302 3947 Presbyter,
2329 3891 2381 3932 et
2402 3885 2560 3931 crevit
2583 3882 2790 3938 meritis,
2814 3882 2896 3942 qui
2921 3894 3151 3929 crescere
3174 3878 3298 3928 sede

2022 3947 2205 3997 Noluit.

2820 4002 3191 4056 MURATORIUS.

1974 4117 2037 4188 (j)
2062 4116 2118 4171 S.
2152 4113 2315 4193 Felici
2355 4128 2510 4193 s_acer
2556 4111 2676 4193 dies
2704 4111 2931 4193 postrid.
2966 4110 3052 4193 id.
3081 4110 3201 4193 ξειῃ.
3234 4108 3477 4193 celebra-

1903 4180 2485 4256 turI'quemadmodum
2516 4182 2678 4236 etiam
2706 4180 2821 4236 ievo
2850 4180 3056 4236 Paulini
3076 4180 3289 4236 factum.
3312 4180 3479 4234 Wau-

1902 4257 2129 4312 delbert.
2155 4254 2303 4308 testis
2329 4251 2536 4306 accedit
2560 4270 2571 4303 :

2027 4344 2901 4420 Qu'ml‘993“;?l.fl"8‘!“§“'_‘?°952‘
2914 4342 3098 4420 F3132?!
3119 4339 3481 4420 ‘I‘lﬁh'wda‘

2027 4403 2148 4457 Esse
2170 4407 2320 4465 diem,
2347 4403 2488 4454 Felix
2512 4417 2671 4461 sacer,
2699 4411 2750 4453 et
2772 4406 3020 4465 cpnfe‘ssor
3042 4404 3263 4451 honorat.

2793 4463 3162 4519 MURATORIUS.

1909 4626 1943 4681 Β
1981 4557 2057 4681 ξε)
2086 4555 2377 4609 Emendavi
2405 4569 2472 4609 ex
2499 4563 2687 4610 nostro
2710 4554 2895 4609 codice
2920 4570 2933 4605 :
2954 4568 3075 4607 nam
3096 4552 3291 4607 Murat.
3312 4554 3485 4609 codex

1948 4642 1978 4680 a
2017 4635 2073 4680 et
2100 4642 2289 4679 annus.

1948 4635 2073 4680 abet
2100 4642 2289 4679 annus.

1981 4697 2057 4765 (ι)
2089 4695 2223 4748 Mur.
2249 4694 2418 4749 codex
2447 4694 2609 4747 habet
2629 4696 2810 4765 anima
2832 4709 2850 4746 :
2872 4699 2928 4746 at
2956 4691 3235 4759 legendum
3264 4699 3347 4747 est
3372 4693 3487 4746 σηε-

1908 4763 2026 4829 mw,
2042 4763 2109 4819 ut
2134 4772 2217 4818 est
2238 4765 2291 4817 in
2323 4771 2511 4819 nostro
2539 4763 2749 4817 codice.

1982 4839 2075 4905 (τη)
2104 4833 2258 4905 Apud
2286 4834 2534 4905 antiquos
2561 4832 2818 4905 familiare
2888 4830 2987 4905 fuit
3013 4830 3152 4885 diem
3182 4840 3489 4905 sanctorum

1982 4849 2075 4905 im)
2104 4849 2258 4955 Apuu
2286 4849 2534 4901 antiquos
2561 4849 2818 4886 iamutare
2888 4849 2987 4885 ruit
3013 4849 3152 4885 mem
3182 4849 3489 4887 sanctorum

1910 4913 2153 4961 emortua
2176 4918 2260 4956 em
2302 4901 2512 4956 Natalis
2560 4902 2776 4970 nomine
2822 4902 3124 4970 exprimere
3139 4938 3154 4962 .
3202 4902 3328 4969 quia
3376 4909 3489 4956 tum

1911 4975 2048 5031 cmlo
2076 4987 2263 5028 revera
2284 4973 2659 5027 nascebantur.
2686 4969 2879 5025 Noster
2897 4969 3055 5024 vates
3084 4969 3203 5024 Nat.
3236 4986 3313 5037 ιιι,

2034 5064 2179 5113 Venit
2206 5064 2331 5113 festa
2354 5064 2464 5111 dies
2486 5062 2632 5125 caelo,
2656 5064 2981 5112 celeberrima
3007 5062 3173 5121 terris,

2037 5125 2255 5175 Natalem
2281 5125 2454 5173 Felicis
2478 5138 2650 5182 agens,
2677 5138 2771 5185 qua
2798 5135 3002 5184 corpore
3028 5126 3173 5170 terris

2036 5188 2240 5244 Occidit,
2266 5196 2319 5234 et
2339 5185 2530 5235 Christo
2552 5184 2748 5246 superis
2773 5193 2853 5234 est
2875 5193 3015 5232 natus
3038 5185 3084 5231 in
3108 5184 3268 5232 astris.

1916 5288 1973 5345 S.
2007 5289 2228 5356 August.
2260 5302 2423 5341 serm.
2457 5286 2523 5340 10
2549 5287 2616 5356 de
2651 5288 2867 5349 sanctis,
2914 5301 3009 5341 seu
3047 5283 3495 5356 quisquamplius

1917 5368 1997 5413 est
2026 5352 2164 5411 illius
2211 5364 2417 5422 auctor,
2467 5355 2713 5411 eamdem
2751 5356 2955 5425 profert
2992 5352 3256 5410 rationem
3288 5372 3300 5407 :
3330 5352 3496 5425 Digne

1914 5428 2140 5481 natalem
2167 5428 2381 5497 istorum
2426 5426 2658 5491 colimus,
2715 5424 2840 5497 quos
2888 5424 3080 5478 beatius
3130 5432 3337 5497 eterna
3382 5424 3497 5473 vita!

1913 5498 2132 5551 mundus
2178 5496 2367 5567 ediditj
2420 5512 2597 5567 quam_
2618 5493 2807 5567 mundo
2855 5493 3496 5567 materngrmn_visc_erum

1950 5577 2089 5619 artus
2106 5566 2297 5637 edidit.
2327 5559 2882 5637 Euseb.__Gallicanth,
2914 5578 3008 5618 seu
3036 5560 3316 5637 Caesarius,
3340 5559 3489 5612 hom.

1950 5585 2089 5619 αηιη
2118 5585 2297 5619 eatatt.
2327 5585 2522 5619 Lusco.
2560 5585 2882 5627 υἱίΙΙΙοδηυδ,
2914 5585 3008 5618 seu
3036 5585 3316 5622 υπδειινιιιθ,
3340 5585 3489 5612 "Ulli.

1912 5585 1986 5707 ἕῦΔ
2005 5636 2073 5689 de
2100 5635 2157 5689 8.
2188 5633 2421 5707 Genesio
2455 5651 2467 5686 :
2501 5626 2773 5707 B'eatorum
2798 5642 3080 5707 martyrum
3108 5629 3373 5707 passiones
3404 5644 3497 5707 nis.-

1914 5704 2041 5759 tales
2068 5719 2304 5759 vocamus
2334 5704 2460 5770 dies,
2489 5705 2693 5775 quando
2721 5719 2806 5758 eos
2836 5696 3069 5770 martyrii
3096 5696 3217 5766 t'ita,
3246 5705 3296 5752 et
3319 5696 3500 5769 gloria
