4006 6182
564 299 668 356 579

767 405 1011 471 Notatur,
1035 406 1087 459 in
1119 418 1225 472 quo
1254 403 1371 472 lege
1410 402 1573 457 functi
1605 418 1798 456 eamea

769 492 1106 545 Mortalitatis
1133 499 1400 545 exuuntur
1428 490 1682 551 vinculis,

772 581 1118 652 519-520
1163 578 1229 632 Et
1272 580 1324 633 in
1371 592 1600 647 superna
1634 590 1797 644 regna
1844 584 2134 630 nascuntur

1884 663 2026 734 [Deo
2046 703 2061 727 ,

770 756 1069 823 Secumque
1097 756 1271 808 iaztam
1294 769 1444 823 spem
1473 753 1782 820 resurgendi
1812 752 2007 807 ferunt.

771 844 882 914 Ego
910 859 1121 911 semper
1148 845 1306 897 istum
1343 844 1419 897 sic
1449 843 1704 897 honoravi
1731 843 1892 906 diem,

776 935 942 1003 Magis
968 935 1107 988 hunc
1136 943 1380 1002 putarem
1410 941 1466 986 ut
1493 948 1611 987 esse
1640 934 1871 987 natalem
1899 933 2061 996 mihi,

779 1028 948 1091 Quam
978 1040 1084 1093 quo
1106 1024 1319 1079 fuissem
1351 1033 1504 1077 natus
1533 1025 1586 1077 in
1614 1038 1821 1078 cassum
1844 1023 1949 1076 die.

777 1114 1058 1182 Lugendus
1082 1112 1156 1183 (a)
1187 1113 1386 1165 etenim
1415 1120 1498 1165 est
1527 1112 1613 1165 ille
1638 1110 1848 1177 dignius
1877 1109 1951 1179 (ὁ)
1974 1109 2103 1162 mihi

778 1207 919 1269 Dies,
951 1206 1003 1257 in
1035 1204 1176 1257 istud
1207 1204 1277 1272 (c)
1303 1218 1410 1271 quo
1439 1211 1650 1257 creatus
1673 1202 1911 1256 seculum

774 1292 1034 1347 Peccator
1060 1300 1213 1344 utero
1241 1290 1555 1358 peccatricis
1575 1289 1749 1343 excidi

776 1378 1082 1446 Conceptus
1106 1379 1234 1431 atris
1261 1392 1329 1430 ex
1360 1376 1747 1444 iniquitatibus.

784 1467 852 1521 Ut
875 1467 986 1535 jam
1017 1475 1296 1521 nocentem
1328 1472 1538 1532 pareret
1563 1479 1648 1518 me
1676 1471 1850 1518 mater
1876 1478 2012 1517 mea.

778 1557 1089 1611 Haledictus
1114 1570 1241 1623 ergo
1273 1556 1349 1626 (tl)
1374 1556 1442 1610 sit
1469 1554 1582 1610 dies
1612 1571 1718 1625 quo
1747 1570 1864 1609 sum
1892 1554 2054 1609 miser

782 1646 861 1699 Ad
890 1645 1195 1712 iniquitates
1224 1659 1289 1698 ex
1324 1645 1518 1711 iniquis
1546 1644 1739 1698 editus.

780 1735 1096 1789 Benedictus
1119 1735 1218 1787 iste
1247 1733 1334 1798 sit,
1363 1732 1564 1786 Natalis
1593 1739 1647 1785 et
1676 1731 1826 1795 mihi,

783 1824 900 1890 Quo
929 1823 1056 1877 mihi
1088 1831 1341 1891 patronus
1371 1829 1525 1874 natus
1554 1819 1608 1873 in
1636 1818 1936 1873 ceciestibus

786 1913 935 1967 Felix
965 1910 1032 1965 ad
1060 1912 1201 1964 illam
1231 1918 1451 1964 exortus
1480 1916 1561 1962 est
1596 1907 1911 1976 potentiam,

778 2004 893 2069 Qua
922 2018 1008 2056 me
1039 2003 1237 2055 valeret
1264 2001 1392 2054 faece
1418 2008 1697 2069 purgatqu
1722 2013 1843 2051 mea

571 847 667 900 1ῗὸ

574 1295 671 1348 180

576 1737 676 1791 185

784 2097 991 2150 Laxare
1021 2096 1089 2162 (el
1113 2096 1318 2159 vinclis,
1350 2102 1405 2148 et
1437 2093 1771 2161 redemptum
1800 2090 2077 2145 absolvere
2164 2088 2169 2091 ’

785 2189 861 2241 De
890 2189 1130 2240 luctuosa
1159 2195 1332 2238 morte
1359 2183 1552 2236 natalis
1572 2182 1698 2236 mei.

788 2276 985 2328 Eadem
1017 2272 1081 2343 (ί)
1112 2270 1337 2324 recurrit
1362 2285 1454 2322 seu
1476 2284 1571 2338 per
1592 2269 1707 2321 haec
1732 2266 1938 2320 cunctis
1965 2263 2080 2318 dies

791 2368 925 2421 Acto
948 2381 1041 2435 per
1060 2365 1243 2418 orbem
1280 2362 1493 2416 circulis
1521 2375 1661 2413 anno
1688 2359 1796 2412 suis
1827 2374 1840 2409 :

788 2458 983 2512 Verum
1013 2454 1299 2524 quotannis
1327 2453 1611 2505 innovante
1631 2449 1800 2517 gratia

789 2545 1158 2599 Diversitatem
1184 2555 1478 2600 munerum,
1507 2552 1626 2606 quae
1653 2537 1745 2591 dat
1765 2550 1862 2591 suo

581 2193 680 2245 I90

576 2695 871 2765 ﬁdentium
923 2693 1109 2765 ingerit
1147 2692 1325 2765 morti,
1342 2691 1534 2765 Δςιρῖιιιῇε
1575 2688 1872 2765 wtertiitatit:
1886 2685 1993 2765 llis
2021 2684 2156 2765 adde

584 2753 795 2821 Petrum
817 2753 1060 2833 Chrysbl.
1078 2776 1238 2833 serm_.
1250 2753 1388 2833 "1‘29",
1418 2759 1586 2833 Delet.
1609 2757 1809 2833 de‘div.
1959 2753 2154 2833 capnfi,

584 2834 814 2889 Amalar.
842 2824 1027 2893 libftv,
1059 2846 1177 2899 cap.
1209 2828 1296 2899 55,
1338 2829 1405 2899 de
1434 2826 1787 2899 Eccl.70llic.,
1822 2826 2024 2899 {labat}:
2058 2824 2153 2876 lib.

584 2921 618 2959 ιι
640 2904 705 2957 de
732 2902 903 2957 Instit.
928 2902 1078 2963 cler.,
1102 2893 1219 2968 cap.
1238 2898 1326 2965 45,
1351 2896 1552 2968 Honor.
1575 2894 1941 2968 Augujodun.
2080 2908 2155 2956 ιιι,

584 2989 703 3042 cap.
731 2972 815 3042 fl,
866 2970 1040 3042 Albin.
1080 2962 1369 3022 comment.
1411 2966 1465 3019 in
1510 2962 1707 3042 Jebat],
1734 2962 2157 3042 Evang._lib._vt,

585 3030 699 3110 cap.
732 3030 821 3104 38,
855 3039 1225 3110 aliosque_non
1269 3050 1487 3105 paucos.
1528 3034 1605 3088 De
1656 3034 1740 3087 his
1785 3031 2005 3087 consule
2051 3030 2162 3083 dis-

585 3105 716 3165 sert.
746 3125 851 3171 xix,
884 3105 1039 3161 infra.
1071 3105 1435 3159 MURATORIUS.

657 3178 733 3246 (a)
766 3167 1125 3246 ,Mur.codex
1174 3174 1427 3246 mendose
1471 3171 1634 3225 habet
1673 3168 1953 3239 legendus:
1980 3167 2159 3234 itaque

587 3242 870 3300 emendavi
898 3259 962 3295 ex
1001 3248 1189 3294 nostro
1218 3242 1418 3295 codice.

659 3312 735 3382 (ὁ)
768 3312 958 3382 Murat.
984 3310 1152 3382 codex
1184 3310 1341 3382 habet
1362 3308 1542 3376 dignus
1565 3322 1582 3359 :
1609 3307 1787 3382 itaque
1813 3319 1998 3359 versus
2022 3302 2161 3382 apud

589 3374 1019 3436 cum'claudicat.
1045 3376 1348 3443 Legendum
1377 3374 1459 3429 est
1482 3389 1609 3442 ergo
1629 3375 1852 3443 dignius,
1875 3388 1981 3441 quo
2003 3374 2163 3427 modo

590 3448 1075 3517 Iegitur_in_uostro
1105 3445 1309 3517 codice.

662 3510 745 3588 (c)
776 3514 841 3588 [ﬁt
872 3514 1005 3588 Mur.
1037 3515 1228 3588 codex,
1256 3522 1311 3567 et
1346 3519 1529 3588 uoster
1554 3510 1715 3564 habet
1740 3511 1914 3563 istum.

660 3578 737 3657 id}
775 3585 831 3638 S.
862 3582 1053 3657 Jo_bum
1082 3583 1320 3657 imitatur
1376 3582 1480 3635 diei
1516 3588 1819 3657 qua__natus
1846 3586 1960 3657 erat
2008 3578 2167 3657 male:

586 3648 874 3709 dicentem.
908 3651 1102 3705 Prmter
1130 3651 1413 3718 Urigcnem
1441 3648 1555 3715 (seu
1581 3649 1713 3702 alius
1741 3649 1828 3701 ille
1855 3649 1923 3701 sit
1951 3648 2162 3718 auctor)

591 3725 682 3777 lib.
714 3738 769 3777 tu
806 3722 859 3774 in
905 3720 1005 3774 Job
1035 3716 1325 3775 audiendus
1352 3720 1408 3774 S.
1441 3719 1728 3785 Gregorius
1755 3718 1845 3771 lib.
1872 3732 1923 3770 IV
1952 3716 2164 3778 Moral.,

591 3808 707 3860 cap.
740 3792 791 3856 '1,
819 3789 938 3843 Jobi
966 3790 1128 3860 verba
1168 3790 1458 3858 explicans,
1500 3797 1659 3860 atque
1696 3788 1768 3839 ita
1799 3785 2160 3860 concludens:

592 3854 729 3924 Quid
754 3854 830 3929 est
850 3875 971 3929 ergo
997 3854 1401 3929 dieinatiin'tatis
1426 3854 1744 3929 maledicere,
1771 3856 1870 3929 nisi
1892 3863 2065 3929 aperte
2088 3854 2167 3905 di-

594 3945 727 3982 cere:
750 3928 870 3997 D_ies
897 3926 1252 3997 mutabilitatis
1275 3935 1465 3997 pereat,
1484 3935 1531 3977 et
1551 3926 1659 3997 dies
1674 3926 1979 3997 internuntia
1995 3938 2165 3997 erum-

629 3998 726 4050 at.’
763 3994 920 4050 Juvat
962 3995 1122 4049 etiam
1164 3990 1426 4049 adducere
1470 3994 1634 4047 verba
1674 3992 1900 4061 Philippi
1941 3993 1993 4044 in
2024 3990 2167 4061 hunc

614 4081 790 4120 ocum.
828 4062 1103 4130 Philippus
1146 4063 1245 4117 iste
1272 4062 1546 4116 Gennadio
1596 4058 1955 4130 memoratus,
2004 4058 2164 4130 a_c__S.

603 4079 790 4120 locum.
829 4079 962 4116 rum
1007 4079 1103 4130 pus
1146 4079 1245 4117 me
1272 4079 1546 4116 uennamo
1596 4079 1955 4123 memoratus,
2004 4079 2066 4112 ac
2107 4079 2164 4111 δ.

603 4132 915 4201 Hieronymi
950 4079 1236 4201 discipulus
1280 4129 1811 4201 commentariumjn
1853 4127 1952 4201 Job
1979 4126 2166 4201 edidit,

595 4216 752 4269 quem
787 4195 938 4253 nobis
962 4195 1151 4269 infesta
1170 4199 1550 4269 pactaseripuit.
1582 4196 1832 4269 Quzedam
1865 4196 2002 4269 illius
2027 4195 2167 4262 frag-

595 4264 774 4323 menta
812 4282 879 4320 ex
919 4267 1274 4320 vetustissimo
1314 4264 1649 4319 bibliotheca:
1691 4264 2051 4318 Ambrosiana:
2080 4279 2170 4317 co-

595 4338 713 4391 dice
727 4336 1005 4390 Saxonicis
1024 4335 1423 4390 characteribus
1442 4341 1661 4388 exarato
1685 4335 1737 4386 iu
1759 4334 1976 4400 reliquis
1997 4333 2170 4385 Anec-

595 4407 845 4459 dotorum
866 4403 1014 4457 libris
1033 4402 1345 4473 producam,
1374 4418 1596 4472 quorum
1619 4418 1778 4455 unum
1808 4404 1859 4456 in
1889 4404 2131 4473 prmsenti

596 4475 846 4528 omittere
868 4473 993 4527 nolo
1018 4469 1298 4536 (Quidam,
1322 4469 1416 4540 ait,
1439 4473 1615 4525 dicunt
1635 4481 1861 4539 tempora
1891 4469 2102 4540 nativita

597 4544 854 4605 humane,
884 4544 1003 4612 quia
1032 4537 1411 4612 praeterierunt,
1434 4558 1537 4596 non
1566 4557 1713 4612 posse
1735 4537 1997 4592 'maledici.
2030 4537 2174 4590 Certe

598 4628 663 4664 ea:
688 4609 942 4681 superﬂuo
972 4609 1367 4673 maledicuntur,
1396 4613 1515 4681 quia
1555 4609 1658 4663 suis
1681 4609 1801 4681 jam
1821 4617 1936 4661 sunt
1969 4615 2175 4681 peracta

601 4676 996 4733 trameuriibus.
1040 4681 1222 4735 Sancti
1263 4676 1431 4735 autern
1467 4680 1635 4747 inﬂati
1676 4676 1860 4747 Spiritu
1898 4676 2174 4744 prophetia

601 4749 910 4800 maledicunt
936 4750 1071 4801 diem
1096 4752 1377 4803 nativitatis
1404 4746 1655 4807 humanae,
1688 4746 1820 4815 quod
1847 4747 2047 4815 quidem
2072 4755 2179 4796 non‘

602 4818 713 4869 sine
754 4818 1080 4888 tribulatione
1124 4836 1220 4872 sua
1261 4816 1787 4888 faciuntrsentiunh
1804 4816 1985 4888 quippe
2032 4815 2089 4888 in
2124 4828 2178 4864 se

605 4885 958 4955 rompatiendo
1004 4890 1178 4955 generi
1220 4882 1445 4955 humano
1490 4884 1695 4954 justitia
1746 4882 1843 4936 Dei
1880 4884 2178 4935 sententiam

604 4954 782 5006 mortis
810 4954 1045 5015 inlatam,
1078 4963 1182 5008 etc.
1214 4954 1578 5007 Muuxronws.

678 5033 746 5100 te)
785 5029 977 5084 Noster
1017 5030 1187 5084 codex
1233 5032 1393 5085 habet
1436 5032 1666 5083 laxatum
1693 5046 1710 5082 :
1741 5043 1859 5100 qua:
1904 5028 2063 5100 lectio
2097 5033 2181 5081 est

606 5096 864 5153 mendosa
890 5116 902 5150 :
935 5099 1114 5166 itaque
1142 5100 1417 5153 emendavi
1442 5100 1716 5153 excodice
1745 5096 2039 5150 Muratorii.

680 5176 746 5245 (ι’)
777 5175 890 5229 Duo
915 5176 1001 5229 isti
1024 5191 1228 5245 versus,
1251 5191 1443 5245 nempe
1474 5176 1573 5228 190
1601 5186 1653 5229 et
1677 5176 1797 5239 191,
1829 5177 1883 5229 in
1918 5176 2052 5228 Mur.
2082 5190 2178 5229 co-

609 5244 727 5297 dice
758 5245 966 5298 inverso
993 5244 1179 5299 ordine
1207 5244 1452 5312 leguntur
1489 5245 1540 5296 in
1578 5246 1719 5298 hunc
1765 5245 1981 5299 modum
2009 5262 2020 5295 :
2054 5245 2179 5297 Acta

608 5330 700 5383 per
727 5312 898 5365 orbem
924 5313 1126 5383 circulis
1165 5330 1301 5366 anno
1339 5315 1445 5366 suis
1489 5312 1685 5365 Eadem
1720 5314 1938 5367 recurrit
1984 5328 2187 5378 semper

611 5381 717 5435 liwc
754 5383 946 5434 cunctis
977 5381 1104 5434 dies.

684 5459 757 5527 (g)
787 5457 949 5525 Igitur
977 5473 1118 5511 anno
1148 5457 1247 5511 406
1274 5457 1458 5512 Nolam
1490 5466 1826 5512 concesserat
1852 5469 2037 5514 sancta
2071 5458 2187 5513 ltec

613 5526 972 5580 Romanorum
1003 5527 1214 5589 cohors.
1247 5527 1610 5585 Munuonms.

684 5597 760 5664 (Ιι)
792 5595 924 5649 Mur.
956 5595 1086 5651 Cod.
1120 5596 1279 5649 habet
1316 5599 1501 5649 creavit
1532 5614 1547 5649 :
1580 5604 1760 5663 uoster
1790 5612 1914 5653 vero
1933 5614 2172 5660 crearat:

613 5678 730 5729 qua:
758 5664 915 5720 lectio
937 5664 1063 5719 mihi
1094 5666 1259 5739 magis
1282 5665 1480 5735 placet.

1508 296 1547 349 S
1604 293 1871 348 PAULlNl
1910 292 2152 348 NOLANI
2192 294 2489 351 EPISCOPI
2531 294 2870 350 PUEMATA.

2156 414 2203 469 Α
2236 404 2332 459 I95

2237 848 2341 903 900

2179 1756 2223 1814 Β
2247 1735 2352 1789 ι210

2185 3103 2233 3164 C

2109 4416 2171 4521 li:
2203 4443 2246 4499 Ι)

2438 406 2681 461 Christus
2708 405 2896 467 sodali,
2939 403 3103 457 donet
3131 410 3189 456 ut
3216 401 3364 456 Felix
3393 400 3545 466 mihi,

2454 495 2707 561 Mutatur,
2739 504 2793 549 et
2822 510 2925 547 non
2947 495 3057 562 ipsa
3085 508 3202 561 quae
3223 492 3427 546 cunctis
3451 490 3618 551 venit,

2446 590 2637 644 Varias
2669 602 2907 642 meorum
2935 588 3227 641 carminum
3255 599 3445 638 causas
3473 583 3671 636 ferens.

2448 677 2733 731 Videamus
2761 690 2907 742 ergo,
2939 675 3065 742 quid
3093 674 3224 727 mihi
3252 673 3357 727 hoc
3376 687 3517 724 anno
3542 683 3740 723 novum

2448 752 2717 823 Attulerit,
2753 762 2891 816 unde
2913 762 3133 815 vocibus
3164 774 3378 813 vernem
3407 758 3581 811 novis.

2449 849 2564 903 Non
2594 851 2680 903 ibo
2710 850 2884 915 longe,
2916 864 3015 903 nec
3043 847 3227 916 procul
3253 861 3459 900 sumam
3482 843 3616 897 mihi

2451 936 2725 991 Praeterita
2755 946 3015 1004 tempore,
3049 944 3138 988 aut
3167 935 3298 987 locis
3325 931 3591 986 absentia.

2451 1024 2680 1085 Adsunt,
2713 1031 2962 1076 tenentur
2990 1024 3101 1091 ipsa
3129 1022 3270 1075 dona
3290 1019 3534 1074 cominus
3560 1035 3577 1071 :

2456 1113 2658 1167 Videtis
2684 1128 2871 1167 omnes
2897 1126 3114 1165 munera
3144 1107 3249 1164 hoc
3274 1125 3416 1162 anno
3444 1109 3569 1161 data
3597 1106 3671 1177 (g)

2459 1200 2624 1255 Nobis
2653 1202 2703 1254 in
2735 1216 2839 1254 uno
2865 1200 3049 1266 juncta
3075 1198 3266 1251 Felicis
3293 1197 3414 1250 sinu

2456 1289 2715 1357 Mancipia
2745 1286 2965 1347 Christi,
2999 1286 3201 1339 nobiles
3232 1293 3386 1338 terra:
3416 1283 3582 1352 prius,

2428 1376 2601 1433 Nunc
2627 1393 2755 1432 vero
2783 1377 2914 1431 caelo
2942 1376 3237 1429 destinatos
3267 1374 3492 1435 incolas,

2451 1467 2596 1533 Quos
2623 1466 2865 1520 Christus
2894 1464 3038 1533 ipse,
3069 1463 3159 1531 qui
3189 1469 3400 1515 crearat
3430 1462 3506 1531 (Ιι)
3535 1460 3743 1520 divites,

2454 1557 2567 1610 Hoc
2586 1554 2897 1624 pauperavit
2921 1551 2988 1621 (i)
3019 1549 3222 1613 seculo,
3255 1550 3306 1600 in
3338 1562 3563 1613 regnum
3588 1556 3645 1599 ut
3665 1560 3807 1601 suum

2459 1644 2678 1698 Terreni
2703 1640 2922 1696 honoris
2950 1653 3074 1692 arce
3101 1636 3338 1704 dejectos
3364 1635 3545 1688 vehat.

2458 1734 2825 1803 Apronianum
2849 1728 2915 1798 (j)
2940 1726 3143 1780 Turcia:
3170 1724 3339 1791 gentis
3354 1723 3539 1783 decus,

2459 1822 2641 1875 {Etate
2663 1833 2883 1889 puerum
2913 1816 2988 1885 (k)
3013 1813 3255 1868 sensibus
3278 1808 3453 1865 carnis
3478 1824 3687 1872 senem,

2464 1912 2641 1966 Veteri
2671 1918 2911 1977 togarum
2944 1906 3174 1959 nobilem
3199 1902 3468 1971 prosapia,

2462 2000 2565 2054 Sed
2594 1998 2877 2053 clariorem
2905 1994 3207 2047 Christiano
3234 1991 3471 2053 nomine,

2459 2089 2561 2156 Qui
2590 2088 2659 2158 (ι)
2686 2086 2848 2139 mixta
2877 2083 3090 2147 veteris,
3114 2089 3170 2135 et
3196 2080 3319 2134 novi
3348 2085 3497 2133 ortus
3517 2077 3686 2145 gloria

2250 2182 2355 2236 9l5
2462 2177 2808 2250 521-522
2843 2173 3007 2227 Vetus
3054 2177 3135 2224 est
3183 2176 3401 2223 senator
3448 2168 3631 2230 curiae,
3675 2162 3821 2217 Chri-

3294 2256 3384 2327 [sti
3419 2256 3512 2326 (ni)
3540 2270 3730 2319 novus,

2464 2353 2599 2407 lluic
2626 2351 2950 2421 propinquat
2978 2347 3154 2401 socius
3180 2345 3370 2413 aequali
3396 2344 3547 2412 jugo.

2469 2440 2606 2495 ΛΕγο
2632 2441 2807 2497 minor
2835 2446 2916 2492 est
2943 2437 3018 2507 (n)
3062 2434 3311 2488 Pinianus
3340 2435 3436 2502 (ο),
3470 2448 3571 2501 par
3600 2432 3720 2497 lide,

2470 2532 2532 2585 Et
2560 2533 2673 2601 ipse
2701 2531 2877 2600 prisco
2904 2528 3159 2595 sanguine
3183 2526 3401 2580 illustris
3428 2540 3598 2596 puer,

2330 2686 2403 2753 (i)
2435 2682 2735 2753 Pauperarc
2756 2681 3100 2753 Aest__inopem
3131 2678 3324 2734 facere.
3367 2679 3503 2753 Vox__
3524 2674 3828 2736 melioribus

2260 2748 2419 2808 etiam
2442 2748 2567 2806 nota
2598 2751 2817 2804 Latinis.
2846 2748 3033 2803 Horat.
3062 2764 3098 2801 ιι
3126 2763 3310 2813 serm.,
3340 2757 3442 2802 sat.
3472 2748 3506 2800 5

2386 2842 2440 2891 Et
2453 2844 2571 2900 ipiet
2593 2842 2749 2900 quivis
2770 2837 2936 2887 oculos
2958 2838 3078 2886 mihi
3104 2840 3269 2900 citius,
3294 2850 3439 2900 quam
3461 2844 3515 2888 te

2385 2904 2689 2954 Ωυιιιειιιιιιιιι
2712 2912 2848 2949 cassa
2873 2911 2995 2949 nuce
3021 2908 3284 2961 pauperet.

2266 3007 2439 3062 Plaut.
2471 3006 2526 3060 in
2553 3002 2745 3059 Pseud.
2776 3001 2844 3056 20
2876 3019 2890 3054 :

2963 3088 3083 3138 Nam
3109 3090 3225 3138 boni
3250 3090 3341 3139 viri

2571 3152 2649 3201 Me
2673 3157 2957 3213 pauperant,
2986 3152 3189 3211 improbi
3213 3152 3364 3200 alunt.

2262 3255 2518 3310 Eamdem
2543 3269 2731 3309 vocem
2762 3254 2813 3307 in
2842 3252 2950 3306 Mil.
2974 3251 3119 3321 Glor.
3139 3251 3354 3320 repetit.
3378 3250 3655 3307 Cbromat.
3680 3252 3833 3321 Aqui-

2264 3327 2449 3379 leiens.
2481 3324 2715 3392 episcop.
2745 3324 2892 3375 hom.
2923 3321 2959 3373 2
2989 3319 3134 3392 :_t_2ui
3165 3319 3218 3372 se
3261 3336 3416 3373 causa
3460 3319 3748 3392 religionis
3770 3323 3829 3375 ait

2261 3394 2382 3464 ﬁdei
2410 3390 2580 3464 seculo
2609 3398 2976 3464 pauperorum.
3006 3390 3376 3464 Munxroalus.

2336 3463 2409 3532 (j)
2445 3458 2635 3532 Noster
2662 3458 2847 3532 cddex_
2866 3459 3115 3512 mendose
3144 3458 3303 3511 habet
3328 3459 3736 3527 Approniannnt.
3761 3488 3821 3507 .—

2263 3528 2459 3586 Dewillo
2491 3533 2542 3584 in
2574 3530 2700 3583 diss.
2733 3546 2768 3582 ι.
2801 3528 3169 3581 Mimnermus.
3748 3590 3751 3591 ν

2337 3602 2419 3677 (Ιι)Δ
2447 3600 2665 3654 Summa
2694 3599 2909 3664 dignum
2937 3606 3031 3677 est
3066 3596 3545 3677 animadversione,
3562 3597 3724 3677 “quid
3749 3596 3825 3650 hic

2265 3664 2487 3725 Turcius
2523 3683 2648 3738 puer
2690 3672 3051 3738 nuncupetur‘;
3100 3664 3233 3738 infra
3275 3666 3415 3738 enim
3450 3667 3524 3717 ait
3561 3664 3824 3738 Piniannm

2267 3739 2459 3793 Turcio
2488 3732 2646 3790 nitate
2672 3732 2931 3787 minorem
2969 3732 3149 3786 fuisse.
3192 3734 3261 3786 At
3290 3732 3540 3787 Pinianus
3582 3735 3720 3788 circa
3746 3747 3825 3785 an.

2266 3809 2364 3862 Ch.
2393 3806 2494 3858 400
2521 3806 2866 3872 trigesimum,
2899 3810 2953 3855 et
2980 3802 3120 3869 quod
3159 3802 3409 3872 excurrit,
3446 3803 3575 3872 vitae
3609 3819 3715 3858 sum
3740 3817 3826 3872 aa-_

2266 3892 2391 3929 num
2421 3868 2629 3941 agebat.
2654 3872 2825 3941 Quum
2845 3872 2986 3941 enim
3012 3879 3198 3925 auctor
3223 3873 3340 3924 vita:
3359 3869 3417 3923 S.
3442 3868 3826 3941 Melani'uapnd

2267 3939 2478 3999 Surium
2500 3942 2585 3996 die
2614 3942 2675 3995 '51
2708 3940 2829 3995 Jan.
2859 3939 3137 3992 Pinianum
3169 3949 3373 3995 asserat
3394 3954 3498 3992 una
3526 3955 3652 3994 cum
3677 3939 3827 3993 Mela-

2267 4016 2354 4066 nia
2386 4013 2493 4065 Dco
2520 4012 2900 4066 continentiam
2929 4009 3157 4071 vovisse,
3192 4002 3316 4061 dum
3361 4008 3435 4060 illi
3472 4010 3651 4063 :etatis
3677 4021 3828 4062 annus

2268 4082 2337 4136 9.4
2364 4088 2690 4142 excurreret,
2727 4087 2887 4145 atque
2916 4077 2968 4130 id
3007 4091 3094 4129 an.
3124 4078 3272 4131 Dom.
3305 4074 3408 4129 599
3434 4079 3737 4145 contigerit,
3765 4075 3827 4129 uti

2269 4150 2477 4204 ostendi
2507 4150 2557 4202 in
2585 4148 2806 4206 Diss.vt,
2829 4146 3110 4202 manifesto
3137 4146 3421 4213 colligitur,
3446 4145 3725 4199 Pinianum
3750 4160 3828 4196 an.

2269 4218 2391 4282 406,
2439 4217 2711 4285 trigesimo
2757 4214 3041 4285 saltemin
3082 4227 3223 4267 anno
3262 4216 3436 4268 astatis
3473 4217 3827 4268 constitutum.

2270 4288 2445 4352 Quare
2471 4284 2631 4355 quum
2655 4284 2877 4338 Turcius
2905 4284 3064 4355 etiam
3093 4299 3217 4347 puer
3250 4291 3489 4355 vocetur,
3515 4285 3643 4355 quia
3667 4291 3828 4355 tamen

2272 4349 2549 4409 Pinianu'm
2578 4361 2735 4407 aetate
2758 4353 3278 4421 pinecellebat._pueri
3304 4349 3623 4421 vocabulum
3652 4367 3681 4405 a
3706 4349 3829 4403 Pan.

2274 4427 2379 4477 lino
2409 4422 2715 4491 aniplillcari
2739 4413 3022 4491 admodum
3042 4413 3269 4491 videtur.
3302 4413 3399 4491 ilic
3428 4421 3545 4491 ipse,
3564 4418 3827 4473 Pinianuiu

2274 4492 2428 4555 infra,
2460 4488 2724 4545 Jllianum
2755 4492 2806 4543 in
2848 4489 2962 4557 ejus
2991 4488 3233 4557 epithal.,
3266 4498 3320 4541 et
3349 4488 3645 4542 Honorium
3677 4491 3828 4557 impej

2273 4552 2525 4623 ratorem,
2570 4561 2692 4613 dum
2731 4552 2899 4612 annus
2945 4552 3114 4610 astatis
3150 4552 3434 4623 vigesimus
3468 4552 3829 4611 secundus'illi

2273 4629 2433 4696 foret,
2462 4629 2650 4682 eodem
2680 4630 2823 4696 pueri
2864 4627 3179 4696 cognomine
3207 4624 3387 4696 allicit.
3424 4625 3479 4696 Id
3509 4627 3721 4693 quidem
3751 4638 3829 4677 ne~

2274 4692 2494 4761 scio,'an
2527 4692 2996 4750 usum'obtinuerit
3033 4694 3171 4762 apud
3205 4692 3415 4749 Grzecos
3445 4692 3727 4749 Laiinosve
3746 4708 3829 4762 au-

2275 4776 2485 4829 ctores;
2517 4766 2610 4821 sed
2641 4767 2692 4818 in
2722 4765 2888 4818 sacris
2915 4761 3095 4816 Bibliis
3127 4764 3447 4831 quandoque
3486 4765 3633 4831 pueri
3660 4761 3829 4831 appel-

2277 4836 2454 4887 lantur
2481 4836 2517 4889 ii
2569 4836 2657 4902 qui
2705 4834 3009 4902 virilitatem
3061 4831 3185 4902 jam
3225 4832 3467 4902 attigere.
3498 4831 3829 4902 Crediderim,

2278 4903 2455 4957 l‘orsau
2479 4900 2613 4956 hanc
2641 4918 2829 4956 vocem
2858 4918 2887 4954 a
2912 4901 3133 4954 Paulino
3158 4900 3225 4952 de
3254 4901 3318 4953 iis
3346 4901 3605 4968 usurpari,
3636 4901 3724 4968 qui
3744 4913 3829 4968 nu:

2317 4989 2376 5024 er
2403 4974 2719 5039 baptismum
2770 4972 3156 5038 suscepissent;
3206 4969 3281 5021 ait
3320 4964 3548 5023 enim-in
3573 4964 3669 5037 ep:
3689 4968 3753 5039 36_
3774 4964 3829 5020 ad

2280 4988 2376 5092 per
2403 4988 2719 5039 oapusmuzu
2770 4988 3156 5038 suscepissent;
3206 4988 3281 5021 au
3320 4988 3460 5023 enim
3496 4988 3548 5022 in
3573 4988 3660 5037 ep.
3689 4988 3750 5021 oo
3774 4988 3828 5020 au

2307 5040 2563 5094 lacarium
2594 5039 2659 5092 de
2695 5055 2823 5093 sene
2868 5039 3097 5105 quodam
3126 5048 3371 5091 recenter
3400 5038 3666 5105 baptizato
3692 5036 3828 5088 :Jam

2283 5108 2335 5160 in
2364 5120 2589 5162 extrema
2619 5109 2783 5162 (etatis
2832 5104 3033 5160 senecta
3086 5123 3227 5174 puer,
3275 5115 3324 5158 et
3365 5104 3557 5159 malitia
3583 5104 3827 5174 parvulus,

2281 5193 2383 5229 non
2412 5179 2574 5230 solum
2603 5179 2804 5246 gratim,
2841 5177 2929 5230 sed
2964 5188 3011 5229 et
3046 5170 3222 5227 mentis
3251 5177 3524 5245 infantiam
3550 5170 3697 5244 gerit.
3734 5170 3829 5224 Mu-

2283 5260 2560 5297 RATORH'S.

2357 5294 2647 5383 ((i)—Noster
2675 5313 2843 5383 codex
2872 5313 3034 5366 habet
3059 5328 3175 5382 quo.
3208 5311 3275 5362 At
3295 5294 3489 5363 Muratt
3517 5310 3635 5364 cod.
3665 5310 3828 5365 lectio-

2283 5382 2417 5436 nem
2433 5383 2583 5436 senui
2610 5382 2792 5433 malui.

2354 5453 2447 5519 (in)
2482 5446 2612 5501 Mur.
2646 5450 2812 5503 codex
2842 5449 2999 5502 habet
3038 5446 3279 5511 Christo;
3310 5454 3494 5500 noster
3522 5446 3722 5499 Christi.

2352 5528 2429 5595 (n)
2462 5526 2661 5581 Vocula
2689 5538 2763 5579 est
2785 5528 2967 5581 deerat
2994 5528 3043 5579 in
3070 5525 3202 5577 Mur.
3226 5525 3442 5595 codice;
3470 5526 3643 5595 itaque
3668 5534 3831 5575 versus

2278 5587 2628 5649 claudicabat.
2662 5596 2791 5647 Eam
2822 5597 2994 5648 addidi
3024 5612 3086 5649 ex
3120 5603 3299 5647 nostro
3329 5587 3531 5647 codice.

2353 5666 2424 5733 (ο)
2458 5664 2513 5718 ιιι
2546 5674 2727 5721 nostro
2750 5664 2937 5719 codice
2973 5663 3225 5718 mendose
3247 5664 3501 5727 scriptum
3523 5669 3604 5716 est
3623 5659 3826 5714 Pinnia-
