3990 6182
264 303 355 357 581

258 504 358 559 220
466 508 712 566 Valerius
738 514 827 567 ille
858 514 927 581 (e)
951 514 1218 568 consulari
1248 524 1534 570 stemmate

470 597 680 653 Primus
701 601 906 657 Latinis
934 618 1128 657 nomen
1160 604 1213 657 in
1243 603 1392 658 fastis
1421 612 1631 669 tenens,

467 685 639 752 Quem
670 688 840 743 Roma
870 691 1033 759 pulsis
1062 693 1276 759 regibus
1305 692 1470 746 Bruto
1496 694 1719 759 addidit,

467 773 642 829 Valeri
674 778 835 831 modo
859 779 1015 847 hujus
1046 780 1333 834 Christiani
1364 783 1601 837 consulis

466 860 650 930 Longe
679 872 973 919 retrorsum
995 868 1207 934 generis
1230 876 1417 922 auctor
1446 869 1681 927 ultimus.

465 948 510 1002 Ο
532 966 666 1005 vena
695 952 820 1006 felix
848 953 859 1004 !
892 953 985 1007 ille
1013 956 1199 1021 gentili
1224 957 1350 1011 licet

468 1037 662 1093 Errore
686 1040 763 1110 (ά)
797 1040 1008 1096 functus
1033 1044 1137 1098 hoc
1162 1060 1270 1099 sua:
1296 1047 1476 1116 stirpis
1497 1049 1698 1104 bonum

462 1126 578 1180 Non
607 1129 786 1197 capiat
806 1136 925 1183 atro
948 1146 1155 1186 mersus
1184 1134 1375 1189 inferni
1406 1137 1555 1204 lacu;

468 1213 574 1269 Sed
595 1232 693 1271 nos
722 1216 866 1270 ﬁdeli
894 1228 1215 1276 contuentes
1236 1223 1437 1278 lumine

468 1301 777 1371 Rctroacta,
809 1306 893 1359 vel
924 1311 1205 1375 praesentia
1237 1311 1455 1366 humani
1484 1321 1658 1369 status

459 1390 715 1445 Miramur
741 1408 906 1463 opera
937 1396 1231 1451 conditoris
1258 1399 1444 1465 ardui,

462 1476 529 1531 Et
554 1491 882 1548 praeparatos
909 1498 939 1536 a
970 1487 1191 1540 vetustis
1218 1488 1414 1543 seculis

459 1567 872 1625 Successionum
897 1574 1242 1644 mysticarum
1271 1579 1427 1634 lineis

469 1654 593 1712 Pios
623 1659 695 1728 (e)
722 1668 996 1730 stupemus
1026 1664 1310 1734 impiorum
1340 1667 1495 1724 filios.

460 1741 660 1800 Tamen
683 1746 736 1799 in
766 1750 1004 1804 tenebris
1034 1742 1316 1821 impiarum
1347 1767 1606 1813 mentium

471 1830 626 1888 Lucis
655 1834 896 1891 videmus
922 1838 1182 1894 emicasse
1210 1844 1415 1898 semina

471 1921 527 1975 In
548 1930 790 1993 tempore
819 1926 935 1995 ipso
962 1931 1135 1984 noctis
1161 1934 1391 2001 antiqua:
1414 1936 1550 2001 sitis,

458 2013 660 2079 Quibus
691 2018 915 2085 probata
946 2022 963 2084 (
981 2018 1026 2090 f)
1056 2023 1351 2088 quamlibet
1377 2028 1660 2094 gentilibus

460 2100 625 2169 Mens,
653 2113 709 2158 et
726 2106 972 2161 voluntas
993 2108 1109 2176 lege
1131 2119 1336 2166 naturae
1357 2114 1477 2169 fuit.

465 2192 598 2248 Hinc
626 2195 679 2248 in
708 2196 1026 2265 quibusdam
1055 2216 1196 2254 nunc
1220 2218 1406 2258 eorum
1433 2209 1666 2274 posteris

459 2284 712 2340 Veterum
740 2287 966 2343 subinde
988 2305 1126 2344 vena
1156 2294 1445 2361 respondet
1472 2306 1683 2366 patrum
1709 2317 1723 2366 ;

467 2377 535 2433 Ut
563 2380 651 2434 ille
671 2380 942 2449 quondam
972 2380 1181 2437 Piniani
1203 2400 1344 2441 nunc
1375 2389 1480 2442 mei

459 2469 660 2523 Auctor
680 2485 963 2539 supremus
988 2472 1039 2525 in
1066 2473 1369 2529 libertatem
1400 2479 1511 2532 suis

462 2555 586 2610 Post
612 2571 775 2625 regna
801 2558 933 2613 dura
964 2559 1041 2631 (g)
1071 2561 1405 2618 vindicandis
1433 2567 1636 2621 civibus

461 2643 651 2700 Lectus
682 2646 757 2717 (h)
790 2649 999 2717 nepotis
1026 2648 1181 2717 hujus
1202 2660 1378 2705 ortum
1409 2657 1659 2722 praetulit,

457 2732 559 2800 Qui
585 2743 763 2790 mente
790 2738 929 2791 avita
956 2754 1286 2808 persequens
1306 2744 1613 2810 superbiam

461 2821 679 2879 Potiore
707 2840 867 2882 causa
905 2828 1217 2882 servitutem
1246 2829 1450 2898 depulit

458 2913 507 2967 A
532 2914 821 2984 semetipso
851 2918 1094 2986 corporis
1124 2918 1297 2973 victor
1324 2920 1424 2984 sui,

456 2999 723 3072 Pulsoque
744 3017 911 3072 regno
929 3004 1131 3061 diaboli
1154 3021 1186 3062 e
1213 3008 1470 3063 membris
1496 3011 1608 3065 suis

251 946 357 999 3'25

252 1388 353 1442 250

241 2283 353 2337 2ξο

236 2731 351 2785 215

1684 311 1915 366 ΡΟΕΜΑ
1953 311 2091 367 XXI.

472 419 529 473 in
560 422 807 491 principe
842 422 981 478 Urbe
1006 425 1082 493 (a)
1112 427 1351 478 consulis
1393 416 1722 495 primigenus
1753 429 1851 502 ib).
1884 437 1929 492 Α

3433 334 3539 388 53⁸3

2170 430 2287 483 1am
2318 431 2542 500 spiritali
2567 447 2700 502 pace
2725 437 2929 503 peccati
2953 438 3138 509 jugum

1950 514 2054 568 250
2160 517 2358 572 Fidelis
2386 521 2577 574 anima:
2604 530 2751 576 casta
2777 524 2995 579 libertas
3018 531 3162 593 terit,

2158 603 2227 657 Et
2255 605 2306 658 in
2336 607 2439 661 hoc
2467 610 2704 676 parentis
2733 611 2931 680 aliquid
2958 614 3097 669 illius
3126 617 3289 673 refert

2160 692 2299 747 Puer
2323 696 2425 749 iste
2451 696 2646 751 Christi
2673 702 3008 756 consulatum
3032 706 3288 774 militans,

2157 782 2507 855 523-525
2534 786 2688 852 Quod
2715 789 3005 847 liberandis
3032 798 3317 853 consulens
3341 818 3532 859 munus

3318 907 3462 958 plum

2156 957 2560 1030 Redemptionis
2588 980 2753 1033 opere
2779 967 2849 1037 (ἱ)
2874 969 3149 1039 dispensat
3175 889 3310 1031 Dcon

2152 1046 2323 1103 Prisci
2351 1052 2590 1119 parentis
2610 1056 2890 1110 aemulator
2917 1060 3201 1131 hactenus,

2155 1137 2309 1202 Quod
2340 1140 2595 1195 servitute
2624 1143 2815 1197 liberat
2844 1146 3194 1219 domesticos,

2154 1224 2223 1280 Ut
2252 1228 2340 1281 ille
2369 1229 2535 1285 cives.
2564 1229 2668 1284 Sed
2699 1233 2840 1301 quod
2872 1234 2962 1287 ille
2986 1249 3225 1303 gesserat

2162 1316 2219 1369 In
2252 1317 2393 1372 Urbe
2422 1328 2476 1373 et
2499 1336 2600 1374 una
2627 1322 2711 1389 (j),
2735 1330 2790 1375 et
2810 1325 3029 1390 parvula
3054 1326 3127 1397 (Ir)
3152 1329 3336 1395 primis
3357 1334 3527 1391 adhuc

2152 1404 2338 1459 Romae
2366 1408 2463 1461 sub
2492 1410 2664 1474 annis,
2699 1411 2785 1464 hic
2815 1412 2976 1466 modo
3006 1414 3058 1467 in
3089 1418 3270 1472 multis
3295 1423 3405 1488 agit

2148 1492 2371 1549 Diverso
2395 1496 2447 1547 in
2473 1497 2603 1550 orbe
2632 1500 2935 1555 constitutis
2963 1502 3206 1568 urbibus,

2151 1582 2353 1638 Passim
2381 1585 2643 1655 benignus
2672 1596 2729 1643 et
2754 1590 2885 1655 suis,
2918 1600 2973 1645 et
2998 1595 3217 1649 exteris.

2147 1670 2281 1725 Nam
2312 1674 2602 1730 liberorum
2634 1677 2707 1749 (Ι)
2737 1680 2980 1747 plurimis
3016 1686 3316 1743 cervicibus

2148 1759 2352 1814 Servile
2380 1764 2581 1818 sanctis
2609 1766 2800 1834 Opibus
2829 1770 3049 1837 expellit
3070 1772 3279 1841 jugum,

1940 1042 2045 1096 255

1936 1489 2041 1543 260

2148 1848 2293 1913 Quos
2320 1864 2429 1903 aere
2456 1852 2664 1907 vinctos
2694 1855 2747 1907 in
2786 1858 3020 1912 tenebris
3047 1864 3279 1916 carceris

2145 1941 2387 1996 Absolvit
2415 1960 2547 1999 auro
2574 1946 2641 2000 de
2668 1956 2857 2003 catena
2885 1949 3127 2009 femoris.

2148 2028 2257 2083 Hos
2278 2044 2406 2096 ergo
2430 2031 2579 2085 Felix
2611 2034 2665 2086 in
2688 2050 2786 2088 suo
2816 2037 2934 2090 sinu
2957 2039 3166 2095 abditos

2144 2116 2428 2173 Mandante
2449 2120 2660 2175 Christo
2690 2124 2929 2179 condidit
2959 2130 3114 2182 tectis
3142 2131 3273 2199 suis,

2142 2204 2457 2276 Mecumque
2486 2211 2712 2279 sumpsit
2738 2214 3093 2282 sempiternos
3115 2219 3373 2288 hospites.

2146 2292 2238 2347 llis
2268 2310 2407 2350 nunc
2436 2298 2701 2366 utrimque
2730 2299 2882 2355 lzetus
2906 2303 3240 2371 adjutoribus

1930 2380 2036 2433 “270
2141 2382 2322 2437 Trium
2354 2385 2452 2439 sub
2480 2402 2584 2440 una
2615 2403 2748 2442 voce
2778 2400 2960 2445 votum
2991 2394 3199 2460 dedico,

2153 2471 2267 2526 Uno
2289 2473 2540 2543 loquente
2556 2477 2743 2546 spiritu
2770 2479 2821 2531 in
2851 2479 3047 2535 aﬂ‘ectu
3072 2485 3230 2537 trium
3257 2485 3373 2555 (m).

2073 2561 2404 2629 Magniticate
2435 2564 2601 2618 Deum
2632 2581 2864 2634 mecum,
2896 2576 2950 2622 et
2978 2572 3247 2638 sapientes
3276 2574 3514 2631 honestis

2155 2690 2161 2696 .
2213 2650 2502 2707 Unanimes
2522 2655 2674 2721 pueri
2706 2656 2913 2723 psallite
2938 2661 3284 2716 carminibus.

2077 2736 2144 2791 Ut
2172 2738 2506 2794 decachorda
2536 2751 2730 2796 sonent
2760 2746 2926 2812 pulsis
2946 2750 3200 2814 psalteria
3230 2755 3426 2821 nervis,

2214 2831 2282 2884 Et
2311 2834 2526 2901 paribus
2547 2844 2740 2889 coeant
2768 2837 2982 2892 dissona
3013 2840 3098 2895 fila
3130 2845 3319 2901 modis.

2074 2919 2164 2973 Sic
2184 2920 2270 2988 pia
2296 2922 2570 2989 compagis
2598 2932 2794 2977 nostras
2818 2927 3028 2981 testudo
3056 2932 3299 2997 resultet,

2214 3004 2507 3077 Tamquam
2538 3027 2643 3067 uno
2674 3012 2868 3082 triplex
2892 3015 3069 3084 lingua
3097 3027 3254 3075 sonet
3279 3023 3444 3079 labio.

1936 1938 2039 1991 265

1932 2830 2038 2883 275

237 3169 355 3207 nus.
378 3152 543 3207 --De
563 3154 667 3210 hoc
692 3155 883 3212 illustri
911 3158 1026 3215 viro
1050 3159 1186 3216 infra
1209 3161 1431 3217 consule
1465 3163 1593 3220 diss.
1619 3182 1691 3220 vl.
1715 3166 1830 3224 Mu-
1856 3128 1901 3194 Ο
1934 3138 2089 3224 Βθῖη·
2122 3141 2260 3224 {Lua
2287 3143 2473 3196 scrib“
2498 3162 2510 3195 ³
2531 3143 2762 3224 ,δίῗηίεδν
2804 3165 2917 3224 qu.“
2944 3149 3138 3224 ,ίθθεηὶ
3161 3169 3264 3224 ⁷³οη
3308 3156 3510 3223 "abem-

238 3238 534 3277 BATOI’JUS.

308 3293 395 3415 ω
452 3291 559 3345 Cur
604 3294 878 3349 consulem
930 3297 985 3350 in
1036 3296 1173 3353 Urbe
1212 3302 1465 3371 principe,
1494 3304 1742 3360 nimirum
1774 3309 1828 3364 in

308 3380 312 3390 ι
424 3360 617 3415 Roma.
647 3365 843 3415 vocat?
872 3366 952 3415 An
982 3367 1106 3415 alihi
1132 3376 1243 3415 tum
1277 3374 1532 3415 [ρωποι-ῖς
1559 3377 1805 3415 ρηηα..ιοα

235 3360 398 3441 Urbe
424 3360 617 3427 Roma,
647 3365 843 3441 vocat?
862 3366 953 3441 _An
982 3367 1109 3441 alibi
1132 3360 1244 3441 tum
1277 3360 1532 3441 temporis
1559 3360 1825 3441 consules,

234 3440 295 3484 ut
328 3430 401 3514 ad
432 3445 617 3514 eorum
641 3431 1036 3514 distinctionem
1066 3434 1222 3514 Urbis
1249 3430 1454 3514 nomen
1474 3442 1634 3514 fuerit
1660 3430 1802 3514 appo

233 3498 521 3574 nendum?
547 3497 624 3553 ita
643 3517 801 3574 sane.
826 3504 904 3558 Ad
933 3506 1234 3574 exemplum
1264 3507 1419 3564 Urbis
1440 3511 1494 3565 in
1523 3497 1828 3570 civitatibus

230 3568 455 3648 imperii
497 3571 915 3651 pmclarissimis
957 3568 1201 3651 consules
1238 3579 1569 3651 vocabantur
1590 3568 1824 3651 supremi

232 3638 601 3708 magistratus.
635 3639 928 3708 Burdigalae
965 3645 1285 3700 constitutos
1315 3650 1566 3705 consules
1602 3638 1701 3707 nos
1728 3638 1826 3708 do;

233 3709 347 3761 cuit
376 3707 646 3763 Ausonius
672 3709 739 3764 de
766 3710 907 3765 Clar.
942 3710 1072 3767 Urb.
1107 3713 1160 3768 in
1191 3713 1326 3770 ﬁne:

360 3797 871 3872 Qiligodiurdigalam,
899 3800 1092 3872 ilomam
1116 3804 1382 3872 colo,rivi_s
1404 3808 1451 3855 in
1476 3808 1567 3872 hac
1590 3823 1719 3872 sum,

362 3856 541 3906 Consul
565 3861 610 3908 tn
633 3856 881 3911 ambabus.
910 3862 1055 3912 Cunze
1081 3865 1177 3921 hic,
1202 3856 1264 3913 ibi
1288 3866 1407 3915 sella
1430 3856 1629 3920 curulis.

232 3936 755 4017 Exhibet_G_ruterus
783 3949 1003 4017 _s_eptem
1050 3942 1423 4017 inscriptiones
1465 3963 1588 4017 pag.
1637 3950 1741 4004 429
1768 3960 1825 4008 et

232 4022 353 4078 seq.
390 4007 452 4080 [ί.
483 4006 684 4080 Licinio
712 4006 920 4063 cuidam
950 4012 1169 4078 positas,
1200 4006 1289 4080 qui
1325 4023 1406 4069 ter
1427 4006 1613 4074 consul
1638 4006 1821 4077 Barci;

232 4076 383 4131 none
414 4076 604 4158 fuerat.
629 4076 965 4158 Memoratur
985 4080 1168 4158 itidem
1198 4076 1337 4151 apud
1368 4084 1518 4158 illum
1540 4104 1660 4158 pag.
1692 4090 1817 4155 551,

232 4161 391 4219 num.
425 4144 480 4209 5,
510 4147 972 4219 aliu_s‘inueolouia
998 4144 1293 4219 Astigitana
1337 4156 1522 4210 consul
1542 4144 1637 4212 ’γιυ
1655 4144 1820 4214 Allius

231 4213 555 4295 ειριηπεκε.
604 4215 693 4270 Sic
740 4213 1259 4295 Sidonius_Apollin.
1302 4224 1490 4295 consul
1522 4213 1819 4295 appellatus

231 4281 355 4343 fuit,
388 4299 550 4368 quum
580 4299 766 4339 revera
798 4285 849 4339 in
874 4287 1046 4355 patria
1072 4281 1166 4341 sua
1193 4296 1401 4346 tantum
1426 4292 1530 4349 hoc
1554 4281 1819 4368 peregerit

230 4367 452 4406 munus.
484 4352 852 4409 Munuomns.

305 4424 389 4499 (ὁ)
416 4421 607 4499 Νρειςς
630 4424 806 4499 codex
840 4424 1105 4499 mendose
1121 4427 1284 4499 habet
1305 4431 1460 4498 primi
1488 4434 1706 4499 genitus.

1933 3210 2325 3292 uaturaliter‘ea
2375 3214 2651 3292 quwnlfgis
2665 3210 3074 3292 funtlfaciunt.
3108 3221 3417 3292 S_.7August.
3450 3210 3515 3283 de

1929 3278 2072 3363 Spir.
2103 3288 2159 3333 et
2186 3278 2465 3363 Li.t.,_cap.
2497 3278 2642 3363 Siet
2663 3278 2951 3363 ‘28,.aliqua
2975 3278 3365 3363 abintidelilrus
3387 3278 3517 3363 ope:

1930 3364 1990 3402 ra
2040 3349 2185 3433 bona
2225 3350 2338 3433 ﬁeri
2391 3349 2601 3433 asserit,
2652 3349 2900 3433 additque
2949 3359 3232 3433 rationein,
3264 3349 3517 3433 quianon

1928 3434 2087 3498 argue
2114 3420 2328 3498 adedit}
2369 3424 2545 3498 anima
2567 3424 2791 3476 humana
2814 3420 3010 3498 'imago
3058 3427 3159 3483 Dei
3206 3420 3518 3488 terrenarum

1928 3435 1961 3470 u
2058 3436 2087 3472 e
2114 3435 2245 3473 aaeo
2274 3438 2328 3474 ιη
2369 3438 2545 3476 annua
2567 3435 2791 3476 humana
2836 3435 3010 3498 imago
3058 3435 3159 3483 Dei
3206 3442 3518 3488 terrenarum

1928 3435 2209 3556 aﬂuctuum
2237 3489 2351 3543 labe
2378 3492 2566 3545 detrita
2594 3502 2685 3552 est,
2719 3504 2776 3544 ut
2802 3496 2943 3549 nulla
2972 3499 3025 3550 in
3075 3514 3135 3551 ea
3183 3501 3313 3552 velut
3352 3503 3517 3555 linea-
3556 3533 3558 3536 ν

1927 3566 2099 3611 menta
2143 3563 2539 3628 permanserint.
2576 3560 2711 3615 Ilinc
2749 3561 3000 3618 Paulinus
3054 3565 3106 3620 in
3157 3566 3396 3624 Ethnicis
3443 3572 3516 3627 ait

1928 3628 2171 3703 quaedam
2200 3629 2851 3703 lucis_emicasse_semina,
2885 3634 3068 3702 eisque
3096 3646 3379 3703 propterea
3410 3639 3511 3691 ali-

1967 3710 2087 3748 uam
2126 3696 2178 3749 in
2207 3699 2388 3750 seculo
2418 3699 2741 3766 mercedem,
2771 3713 2936 3766 quum
2978 3696 3269 3757 secundum
3314 3714 3514 3760 natum

1967 3710 2087 3748 uam
2126 3712 2178 3749 In
2207 3709 2388 3750 seculo
2418 3709 2741 3763 mercedem,
2771 3713 2936 3766 quum
2978 3709 3269 3757 secundum
3314 3714 3513 3760 naturm

1926 3709 2247 3818 documenta
2276 3773 2586 3832 operantur,
2618 3781 2646 3817 a
2680 3765 2788 3818 Deo
2833 3783 3142 3823 concessam
3169 3775 3513 3830 consentiunt

1927 3831 2169 3900 plerique
2204 3831 2470 3887 auctores.
2501 3832 2872 3889 Munnomus.

1998 3910 2074 3981 (g)
2106 3909 2219 3991 H_oc
2245 3919 2327 3964 est
2353 3918 2482 3991 post
2519 3910 2710 3991 durum
2751 3927 2938 3980 regum
2971 3914 3274 3986 imperium,
3318 3923 3511 3991 quibus

1926 3976 2094 4032 Roma
2120 3980 2209 4033 diu
2238 3976 2511 4049 paruerat.
2543 3976 2912 4038 Munnonfus.

1997 4056 2073 4126 (Ιι)
2104 4057 2296 4112 Noster
2334 4058 2504 4112 codex
2546 4058 2707 4113 habet
2751 4060 2902 4125 lecti;
2943 4059 3079 4114 Mur.
3108 4077 3238 4119 vero
3259 4066 3406 4132 cod.,
3436 4068 3510 4124 le-
3594 4134 3609 4143 _

2098 4195 2155 4250 in
2199 4194 2469 4270 Murator._
2498 4196 2687 4270 εορίοθ
2730 4196 3060 4270 ιρείιυτκορε
3080 4216 3097 4253 ³
3123 4215 3231 4270 quo
3269 4206 3428 4260 "mdo
3463 4208 3508 4263 Si

1922 4263 2181 4346 legamus,
2213 4281 2401 4345 versus
2422 4266 2705 4346 claudicat.
2740 4263 3042 4337 Légenduin
3066 4263 3157 4325 est
3182 4287 3310 4341 ergo
3333 4292 3507 4346 opere,

1922 4343 1980 4389 ut
2008 4334 2199 4403 legitur
2229 4335 2281 4387 in
2310 4342 2493 4389 nostro
2519 4335 2724 4390 codice.

1991 4412 2077 4487 (j)_
2097 4410 2287 4487 Florus
2316 4412 2408 4487 lib.
2440 4427 2477 4475 ι,
2504 4428 2621 4487 cap.
2656 4412 2731 4487 9,_
2754 4420 3007 4487 enarrata
3048 4432 3233 4487 regum
3264 4420 3331 4474 ab
3364 4420 3508 4477 Urbe

300 4481 382 4560 (ε)
444 4489 506 4566 P.
551 4490 794 4566 Valerius
838 4481 1815 4566 postea_Poplicola:“cogiiom'eh'tum
1843 4492 1894 4550 Ῑ)
1919 4481 2234 4566 "Palam?"
2276 4483 2349 4535 im
2388 4482 2625 4566 mult"?
2654 4500 2666 4534 ⁵
2700 4481 2855 4535 Lib"
2888 4485 3013 4566 Ῑαῖη,
3042 4481 3160 4566 “7;?
3187 4504 3306 4556 Pop'
3353 4489 3503 4566 ἕξοντι·

230 4561 634 4631 αὐθρῑυεᾼίηῑειξ
653 4561 1119 4631 primos—consules
1145 4561 1453 4622 numeratus
1472 4561 1596 4623 fuit.
1622 4571 1695 4625 Ita
1720 4589 1817 4628 nos

230 4628 429 4706 omnes
460 4628 577 4683 fasti
605 4628 1048 4706 docent,_Livius.
1092 4633 1409 4691 Plutarchus
1443 4638 1496 4692 in
1533 4639 1649 4706 ejus
1672 4642 1815 4703 Vita,

230 4697 489 4774 §igonius
521 4700 790 4774 et_reliqui
822 4699 1083 4774 Romanae
1124 4706 1412 4774 scriptores
1449 4697 1703 4764 historiae.
1768 4697 1817 4767 is

230 4766 462 4837 Brutum
511 4766 771 4837 collegam
822 4770 997 4825 hostili
1054 4766 1365 4829 transfixum
1412 4776 1563 4831 hasta
1610 4766 1819 4837 publice

232 4835 496 4910 laudavit,
534 4835 789 4910 legesque
832 4840 884 4893 in
939 4842 1121 4910 populi
1166 4843 1400 4899 favorem
1440 4835 1695 4902 condidit.
1739 4835 1818 4904 Ex

228 4905 392 4978 istius
421 4906 618 4978 familia
645 4905 897 4978 Pinianus
917 4905 1203 4978 prodierat.
1235 4912 1601 4970 Munnomus.

300 4974 387 5046 (d)
418 4974 466 5046 at
475 4976 692 5031 uratorii
709 4977 877 5031 codex
888 4974 1047 5033 habet
1057 4988 1270 5046 terrore;
1289 4992 1473 5039 noster
1481 4999 1609 5038 vero
1622 5002 1813 5040 errore.

310 5043 386 5122 te)
418 5043 709 5122 Emendavi
738 5061 805 5122 ex
830 5056 1030 5122 _nostro
1059 5043 1288 5104 codice:
1317 5068 1440 5106 nam
1469 5054 1611 5122 apud
1633 5053 1815 5110 Mura-

229 5114 713 5189 toriummendose
742 5115 1074 5189 legiturpost
1115 5127 1391 5189 stupemus,
1423 5114 1528 5177 etc'.

299 5180 569 5262 (n‘Acris.
604 5183 743 5262 inter
774 5180 1079 5262 Pelagiana:
1118 5202 1182 5242 ac
1198 5180 1536 5245 'Jansenianze
1576 5191 1814 5246 historia:

230 5251 527 5328 scriptores
556 5251 835 5328 intercedit
854 5251 1115 5328 quaestio,
1149 5271 1343 5328 nempe
1381 5271 1559 5317 utrum
1595 5263 1809 5328 gentili-

230 5318 332 5399 bus
361 5319 478 5399 solo
507 5328 711 5374 natura:
739 5318 938 5399 lumine
967 5318 1166 5378 bonum
1195 5318 1408 5399 aliquod
1436 5345 1570 5397 opus
1596 5318 1810 5399 patrare

231 5386 465 5456 licuerit,
495 5404 565 5443 an
591 5392 939 5467 vero_omnia
973 5406 1158 5467 eorum
1200 5386 1339 5467 facta
1374 5386 1569 5467 nomen
1597 5386 1812 5467 'peccati

231 5466 586 5535 mererentur.
631 5458 707 5535 De
731 5459 1032 5535 huiusmodi
1070 5465 1365 5535 quastione
1407 5458 1662 5535 legendus
1699 5483 1813 5521 ma-

232 5537 386 5599 gnus
426 5524 976 5599 Augustinigcl'ypeus
1019 5524 1284 5598 et'gloria
1322 5533 1435 5588 Em.
1459 5524 1717 5599 VNorisius
1760 5537 1813 5590 in

233 5545 366 5587 gnus
427 5545 707 5592 augusum
758 5545 842 5598 ely
882 5545 976 5583 eus
1019 5545 1073 5583 et
1118 5545 1284 5598 gloria
1322 5545 1435 5588 Em.
1481 5545 1717 5599 Norisius
1760 5545 1809 5590 in

233 5589 489 5647 Vindiciis
520 5596 797 5661 Augustin.
834 5545 878 5717 ἕ
906 5598 960 5663 4,
1004 5600 1196 5654 Conct.
1231 5603 1366 5671 disp.
1417 5603 1442 5655 1
1501 5606 1567 5660 de
1594 5606 1809 5661 Necess.

233 5663 432 5717 gratim.
464 5672 598 5717 seet.
635 5663 684 5717 5.
711 5674 810 5717 art.
874 5707 887 5717 .
919 5666 1122 5717 Maced.
1146 5670 1198 5717 in
1228 5671 1318 5717 lib-
1343 5672 1549 5717 adirem
1579 5674 1805 5717 Πρινίη.-

232 5663 432 5738 gratia},
464 5672 598 5738 seet:
635 5663 684 5738 5_,
711 5674 810 5717 art.
836 5663 888 5729 5,
919 5666 1122 5738 Maced.
1146 5670 1198 5722 in
1227 5663 1550 5727 libfadvers.
1579 5674 1808 5738 Calvin.,

236 5730 428 5799 aliique
454 5732 667 5803 plurimi
698 5737 1117 5803 praestantissimi
1145 5739 1397 5810 theologi.
1432 5742 1720 5811 Apostolus
1746 5730 1814 5798 ad

1925 4551 2092 4621 prima
2121 4551 2361 4628 aduersus
2397 4559 2600 4628 exteros
2635 4567 2781 4604 arma
2822 4551 2915 4628 pro
2955 4551 3196 4608 libertate
3235 4551 3507 4628 corripuit,

1924 4620 2045 4673 mox
2072 4638 2165 4691 pro
2192 4621 2398 4695 ﬁnibus,
2432 4620 2617 4695 deinde
2642 4636 2741 4695 pro
2758 4622 2929 4684 sociis,
2964 4632 3067 4675 tum
3100 4641 3194 4693 pro
3232 4620 3418 4695 gloria,
3459 4620 3507 4682 et

1923 4691 2156 4770 imperio,
2189 4690 2559 4770 lacessentibus
2599 4691 2803 4770 assidue
2838 4690 3201 4770 usquequaque
3232 4690 3505 4770 ﬁnitimis;

1923 4758 2107 4829 quippe
2135 4775 2249 4812 cum
2275 4761 2432 4828 patrii
2460 4760 2559 4813 soli
2588 4758 2733 4829 gleba
2759 4759 2903 4829 nulla
2921 4758 3080 4828 esset,
3108 4758 3198 4817 sed
3218 4758 3392 4819 statim
3414 4758 3507 4821 ho;

1924 4827 2040 4905 stiie
2060 4827 2374 4905 pomaeriunz,
2399 4827 2691 4905 medius—que
2715 4830 2851 4881 inter
2869 4827 3077 4905 Latium
3097 4843 3147 4886 et
3170 4833 3358 4905 Tuscos
3379 4852 3506 4905 qua-

1922 4899 1968 4971 si
1993 4898 2050 4949 in
2078 4898 2296 4966 quodam
2318 4898 2447 4971 biqio
2470 4899 2767 4963 collocatus,
2798 4900 3032 4954 omnibus
3056 4904 3216 4971 portis
3236 4904 3290 4957 in
3311 4898 3505 4960 hostem

1923 4967 2222 5030 incurreret,
2246 4976 2349 5021 etc.
2378 4966 2748 5022 Muanomvs.

1995 5035 2072 5104 (k)
2097 5035 2292 5090 Noster
2319 5038 2490 5091 codex
2512 5038 2673 5091 habet
2700 5045 2749 5090 et
2775 5053 2881 5090 una
2909 5041 3144 5108 parvula.

1992 5113 2074 5187 (l)_
2100 5112 2385 5187 Emendavi
2413 5130 2480 5187 e35
2510 5124 2696 5187 nostro
2706 5115 2937 5187 i‘codice.
2971 5117 3123 5187 Apud
3153 5117 3501 5175 Muratorium

1918 5183 2175 5237 mendose
2205 5183 2397 5249 legitur
2426 5182 2567 5236 Nam
2598 5192 2645 5237 et
2678 5183 2995 5251 libertorum,
3021 5182 3135 5242 'etc.
3167 5219 3237 5230 —
3266 5188 3499 5245 Consule

1918 5251 2048 5305 diss.
2087 5268 2158 5305 γι.
2190 5251 2558 5307 Munnomus.

1987 5329 2083 5399 (ηπ)
2107 5329 2299 5383 Cetera
2331 5331 2382 5383 in
2414 5339 2598 5385 nostro
2629 5330 2813 5385 codice
2836 5330 3241 5399 desiderantur.
3274 5336 3350 5391 Ac
3392 5337 3494 5391 do-

1915 5398 2131 5453 lendum
2159 5414 2287 5453 sane
2317 5408 2397 5453 est
2420 5400 2561 5467 quod
2592 5399 2791 5468 Lippus
2832 5398 3090 5457 Platesins
3130 5413 3299 5458 totum
3333 5409 3497 5460 hocce

1917 5483 2133 5522 carmen
2161 5484 2268 5523 non
2292 5470 2633 5538 exscripserit
2660 5488 2672 5521 :
2704 5470 2855 5537 plura
2902 5473 3042 5525 enim
3077 5473 3177 5525 alia
3208 5475 3396 5527 menda
3428 5475 3496 5527 il-

1916 5539 2019 5591 lius
2048 5552 2150 5605 ope
2179 5552 2480 5607 expungere
2520 5539 2706 5593 liceret
2742 5554 2861 5606 qua:
2907 5539 2959 5591 in
2996 5540 3267 5593 Muratorii
3309 5544 3495 5597 codice

1917 5608 2273 5687 reperiuntur.
2292 5608 2580 5662 ——Abhinc
2601 5608 2667 5662 ad
2689 5608 3044 5692 tinemuusque
3075 5610 3340 5690 carminis.
3376 5611 3492 5692 Mu-

1918 5677 2102 5729 ratorii
2133 5684 2337 5750 textum
2366 5686 2420 5731 et
2459 5686 2644 5750 notas,
2683 5677 2984 5750 quas__illins
3020 5677 3235 5732 nomine
3271 5680 3467 5750 signari

1914 5744 2024 5813 jam
2048 5746 2233 5808 inutile
2263 5746 2420 5815 foret,
2450 5743 2776 5802 exhibemus.
2813 5743 2963 5798 Emr.
