3990 6182
330 278 433 335 585
1760 285 1891 343 POE

2031 284 2165 344 XXI.

467 389 647 446 Prima
691 399 916 463 parente
961 392 1159 451 Christi
1216 397 1317 454 sub
1371 398 1587 453 nomine
1629 413 1905 453 murmura
1934 406 1980 462 Α

1605 490 1799 562 [solvit
1818 530 1833 555 ,

604 573 673 628 Et
700 574 913 631 Domini
941 593 1136 633 nomen
1161 579 1331 649 prima
1361 579 1571 649 loquela
1604 579 1721 632 fuit.

320 662 422 716 3‘20
456 661 683 732 Jamque
723 675 947 735 parente
970 668 1081 723 Deo
1109 669 1287 736 regnis
1314 667 1621 723 coelestibus
1645 675 1796 722 ortus

603 754 827 813 Sidereo
852 759 1050 828 pariter
1076 760 1311 825 nomine,
1343 767 1398 815 et
1420 775 1514 815 ore
1542 760 1723 814 micat.

459 844 614 901 Hunc
632 862 875 916 puerum,
901 858 955 903 et
976 848 1194 905 fratrem
1216 850 1341 905 fecit
1364 851 1449 921 pia
1472 852 1643 919 gratia
1668 850 1828 920 patri,

601 935 732 991 Nam
753 939 955 1006 pariter
981 949 1168 995 sancto
1192 939 1408 995 ﬂumine
1443 951 1567 995 sunt
1590 942 1777 1010 geniti.

452 1026 599 1093 Quos
625 1036 816 1083 natura
845 1030 1011 1098 gradu
1039 1030 1319 1097 diviserat,
1352 1033 1451 1087 hos
1479 1033 1620 1087 Deus
1648 1035 1793 1091 almo

596 1116 815 1172 Munere
844 1132 1130 1187 germanos
1160 1120 1213 1174 in
1241 1136 1338 1175 sua
1367 1135 1531 1190 regna
1553 1122 1733 1177 vehet.

453 1207 596 1276 Ergo
624 1223 817 1262 novem
843 1211 1024 1264 cuncti
1052 1211 1198 1267 socia
1228 1227 1349 1267 cum
1371 1213 1521 1282 prole
1548 1221 1822 1281 parentes,

601 1293 826 1352 Pectore
846 1297 1100 1353 concordi
1119 1300 1285 1354 simus
1312 1308 1372 1354 ut
1399 1316 1503 1355 una
1532 1301 1751 1372 chelys;

451 1382 650 1442 Omnes
670 1402 738 1441 ex
764 1388 919 1443 nobis
946 1385 1226 1460 cytharam
1252 1389 1513 1446 faciamus
1546 1391 1601 1445 in
1622 1407 1788 1447 unum

599 1477 830 1534 Carmen
856 1478 1081 1535 diversis
1108 1481 1464 1550 compositam
1499 1480 1711 1538 ﬁdibus.

302 1567 412 1623 330
450 1566 701 1624 Emilius
724 1568 903 1624 veniat
920 1569 1177 1625 decimus.
1210 1570 1362 1627 Tunc
1385 1568 1616 1643 denique
1643 1572 1803 1643 pleno

587 1656 850 1713 Concinet
876 1659 931 1713 in
960 1660 1116 1716 nobis
1139 1660 1365 1733 mystica
1394 1662 1484 1717 lex
1511 1665 1783 1719 numero.’

447 1747 564 1806 Hoc
590 1750 789 1806 etenim
816 1752 1026 1807 numeri
1056 1751 1111 1807 in
1132 1752 1326 1823 capite,
1360 1753 1416 1808 in
1446 1754 1711 1811 testudine
1735 1756 1887 1826 pacis
1918 1761 1964 1820 B

586 1839 719 1895 Viva
744 1840 1076 1896 salutiferum
1104 1842 1305 1897 chorda
1334 1842 1583 1912 loquetur
1609 1860 1761 1915 opus.

442 1928 581 1986 lluic
618 1931 852 2003 cytharze
895 1932 1158 2003 plectrum
1204 1932 1356 1989 Felix
1402 1934 1524 1989 erit.
1570 1934 1687 1991 Hoc
1728 1936 1889 1993 deca-

668 2090 673 2093 g
1540 2024 1821 2097 [chordam

590 2109 832 2168 Christus
860 2128 1029 2168 ovans
1049 2113 1323 2184 cytharam
1348 2114 1561 2183 pectine
1595 2116 1885 2184 percutiet.

444 2198 575 2266 Quae
601 2202 821 2272 cythara
850 2202 904 2256 in
934 2204 1088 2258 nobis
1108 2201 1323 2257 Christo
1344 2202 1654 2259 modulante
1674 2204 1891 2260 sonabit

299 2294 461 2366 527
496 2323 523 2334 ·
563 2294 727 2366 528
792 2294 1015 2351 Plenam
1089 2292 1341 2366 perfectis
1405 2294 1651 2352 sensibus
1706 2311 1887 2352 armo-

1702 2390 1887 2463 [niam.

3489 297 3593 356 588

2150 422 2357 489 Omnia,
2387 430 2664 494 praesentis
2692 430 2811 484 vita:
2840 444 2974 499 rem,
3005 449 3263 507 spemque
3288 436 3483 494 futura:

2151 510 2281 577 Quae
2308 514 2541 582 pariunt,
2570 517 2666 571 tibi
2695 533 2781 573 me
2808 523 3028 579 memini
3055 524 3271 593 debere,
3309 530 3395 583 cui
3428 545 3517 587 me

2007 600 2109 656 550
2146 601 2465 672 Mancipium
2492 606 2677 675 primis
2706 608 2924 666 donavit
2950 611 3194 671 Christus
3213 619 3281 673 ab
3305 620 3477 675 annis.

2147 692 2205 748 Si
2232 694 2363 749 mihi
2391 695 2654 753 ﬂumineis
2682 699 2927 759 facundia
2954 716 3197 763 curreret
3223 711 3408 777 undis,

2143 781 2353 851 Oraque
2374 786 2519 841 mille
2542 786 2718 843 forent
2744 796 2986 849 centenis
3009 808 3237 865 persona
3263 800 3477 869 linguis,

2145 873 2310 929 Forte
2330 891 2432 931 nec
2453 878 2535 933 his
2567 881 2759 949 opibus
2780 885 2995 941 conlato
3024 886 3173 945 fonte
3195 891 3425 948 refertus

2144 962 2332 1019 Omnia
2359 966 2551 1023 Felicis
2575 985 2889 1039 percurrere
2921 994 3141 1034 munera
3168 997 3406 1051 possem,

2002 1052 2106 1110 355
2142 1053 2351 1119 Quanta
2378 1071 2477 1112 suo
2502 1058 2755 1122 Dominus
2784 1063 3002 1121 donavit
3022 1068 3267 1125 Christus
3293 1074 3491 1139 amico,

2142 1142 2206 1198 Et
2232 1145 2362 1199 mihi
2385 1147 2662 1204 confessor
2682 1151 2882 1209 famulo
2912 1160 3201 1215 transfudit
3236 1164 3473 1219 alumno.

2139 1234 2269 1300 Qum
2293 1236 2489 1306 quibus
2517 1248 2643 1294 ante
2670 1239 2839 1296 feram
2868 1245 3024 1302 donis
3048 1249 3279 1317 diversa,
3301 1252 3397 1308 sed
3412 1256 3579 1321 mquis

2139 1325 2371 1383 Grandia
2393 1330 2726 1399 ponderibus
2747 1349 3075 1394 concurrunt
3094 1343 3281 1407 multa,
3294 1359 3393 1399 nec
3413 1360 3479 1399 ex
3496 1346 3579 1400 his

2137 1417 2276 1484 Quid
2298 1422 2475 1490 potius
2502 1439 2806 1483 memorare
2829 1428 3023 1498 legam,
3039 1428 3343 1487 discernere
3354 1434 3576 1502 possim.

1996 1503 2098 1559 360
2133 1507 2327 1565 Judicii
2357 1511 2526 1570 facilis
2545 1515 2830 1573 discrimen
2849 1520 3004 1589 copia
3028 1520 3226 1575 turbat.

2134 1599 2192 1654 Si
2215 1604 2384 1670 prima
2411 1614 2664 1674 repetens
2691 1610 2759 1664 ab
2789 1611 2997 1679 origine
3035 1620 3229 1667 cuncta
3273 1614 3569 1681 revolvam,

2130 1691 2259 1757 Qua:
2280 1694 2481 1762 pietate
2508 1698 2625 1765 pari
2655 1699 2805 1754 vario
2830 1700 2959 1753 mihi
2989 1702 3231 1769 prmstitit
3256 1718 3395 1769 sevo,

2134 1781 2273 1837 Ante
2298 1798 2492 1852 queam
2517 1788 2710 1856 capitis
2750 1790 2953 1858 proprii
2997 1806 3286 1847 numerare
3328 1794 3572 1863 capillos,

2132 1872 2303 1938 Quam
2336 1884 2423 1929 tua
2447 1877 2588 1932 circa
2616 1893 2723 1945 me,
2753 1878 2903 1935 Felix
2930 1882 3092 1946 bone,
3116 1882 3255 1937 dona
3278 1882 3499 1939 referre.

1992 1960 2097 2015 565
2134 1961 2214 2016 Tu
2243 1965 2374 2019 mihi
2403 1967 2704 2035 crelestum,
2736 1970 2781 2023 si
2810 1984 3024 2038 possem
3058 1970 3356 2041 adtingere,
3390 1988 3569 2028 rerum

2132 2050 2310 2108 Prima
2338 2056 2628 2112 salutiferis
2653 2057 2830 2126 iecisti
2859 2061 3065 2115 semina
3088 2063 3284 2117 causis.

2131 2145 2266 2199 Nam
2302 2163 2435 2217 puer
2474 2150 2713 2205 occiduis
2739 2148 3016 2207 Gallorum
3058 2153 3313 2209 advectus
3342 2156 3410 2210 ab
3435 2156 3566 2221 oris,

2134 2234 2206 2289 Ut
2234 2238 2461 2306 primum
2492 2240 2644 2308 tetigi
2666 2241 2874 2311 trepido
2904 2251 2997 2296 tua
3022 2244 3206 2298 limina
3231 2259 3440 2314 gressu,

2133 2325 2452 2382 Admiranda
2481 2328 2667 2384 videns
2692 2342 2916 2400 operum
2943 2332 3266 2388 documenta
3290 2348 3567 2391 sacrorum

1988 2413 2095 2469 370
2131 2413 2236 2470 Pro
2266 2414 2469 2472 foribus
2495 2415 2702 2473 fervere
2730 2420 2856 2487 tuis,
2887 2420 2977 2476 ubi
3015 2438 3247 2491 corpore
3273 2424 3496 2481 humato

311 1115 416 1171 525

298 2108 412 2166 335

438 2489 530 2546 Sic
553 2504 661 2560 pax
688 2495 874 2543 nostra
904 2486 1016 2542 Deo
1046 2485 1176 2541 totis
1197 2484 1268 2542 sit
1290 2499 1529 2541 consona
1559 2484 1727 2552 ﬁbris,

652 2580 831 2634 Simus
859 2586 919 2632 ut
944 2577 1079 2632 uniti
1103 2590 1353 2647 corpore,
1384 2582 1585 2640 mente,
1616 2575 1767 2631 Fide.

297 2670 410 2726 340
448 2670 594 2726 Talis
620 2670 767 2727 enim
795 2669 1073 2740 cytharam
1114 2667 1317 2723 sanctis
1355 2666 1519 2723 homo
1548 2666 1756 2753 legibus
1781 2666 1886 2723 im-

1752 2758 1774 2831 [
1776 2758 1888 2831 plet

652 2860 910 2916 Omnibus
954 2860 1021 2915 ad
1046 2860 1213 2914 vitam
1252 2858 1584 2929 compositus
1623 2853 1881 2911 numeris.

438 2950 604 3021 Cujus
623 2951 733 3006 vita
760 2964 926 3006 sacrm
953 2949 1249 3005 concordat
1276 2948 1343 3004 ad
1371 2947 1551 3003 omnia
1579 2945 1706 3013 legi,

648 3041 834 3097 Omnis
845 3041 989 3095 enim
1015 3041 1230 3110 inrupto
1247 3038 1459 3092 ﬂamine
1474 3034 1675 3092 chorda
1699 3040 1876 3090 canet.

440 3134 591 3188 Nunc
612 3131 679 3186 ad
707 3140 783 3199 te,
812 3129 1118 3185 venerande
1139 3109 1344 3200 parens
1362 3168 1376 3194 ,
1404 3135 1606 3181 azterne
1628 3132 1878 3196 patrone,
1907 3109 1950 3170 C

296 3222 406 3280 3.55
441 3223 734 3292 Susceptor
757 3235 929 3285 meus,
952 3229 1007 3275 et
1033 3219 1247 3275 Christo
1268 3218 1545 3275 carissime
1566 3216 1739 3281 Felix,

439 3312 721 3369 Cratiﬂcas
748 3327 905 3367 verso
933 3311 1162 3366 referam
1195 3324 1448 3365 sermone
1476 3307 1737 3377 loquelas.

441 3406 604 3459 Multa
625 3404 755 3459 mihi
782 3403 943 3459 variis
966 3402 1195 3457 tribuisti
1222 3416 1445 3456 munera
1475 3400 1662 3464 donis;

366 3588 437 3642 ν.
460 3586 584 3641 518.
618 3586 843 3640 Parente
863 3584 1073 3638 Christi.
1095 3580 1199 3636 Pro
1223 3582 1411 3635 Christi
1433 3577 1649 3635 nomine
1667 3577 1761 3633 Dei
1784 3593 1885 3633 no—

301 3675 425 3716 men
446 3673 671 3729 repono.
701 3655 810 3711 Sed
840 3655 977 3708 infra
1000 3653 1261 3721 repetitur
1287 3670 1298 3704 :

425 3759 633 3820 Jamque
658 3760 861 3817 parente
887 3753 1013 3802 Deo.

368 3850 437 3906 V.
471 3847 593 3903 521.
644 3846 876 3901 Siderea.
932 3841 1173 3897 Asterius
1227 3841 1294 3894 ab
1340 3848 1501 3904 astro,
1540 3839 1644 3893 hoc
1685 3848 1768 3892 est
1812 3838 1885 3890 si-

301 3923 423 3975 dere
477 3917 781 3998 dedueitur;
831 3914 954 3969 hinc
996 3928 1179 3967 nomen
1217 3912 1472 3965 sidereum
1517 3907 1729 3963 Asterio
1766 3920 1886 3962 esse

301 3991 559 4045 Paulinus
581 3991 677 4043 ait.

370 4060 438 4113 γ.
472 4057 593 4112 526.
627 4055 994 4127 Ejgodnovenz.
1023 4050 1158 4127 Vide
1187 4047 1337 4127 praef.
1367 4048 1434 4103 ad
1457 4048 1563 4127 hoc
1595 4062 1809 4127 poema.

366 4130 439 4183 Ὺ.
471 4128 595 4181 550.
621 4119 891 4178 ΑΞὶηἱιὶιιδ.
923 4124 999 4177 De
1028 4122 1131 4178 isto
1160 4119 1420 4191 prolixam
1442 4119 1883 4187 disceptationem

304 4200 471 4255 habes
494 4198 628 4250 Diss.
653 4212 764 4249 vui.

369 4269 438 4324 Ὗ.
469 4266 589 4321 544.
608 4263 763 4318 Nunc
789 4262 858 4315 ad
887 4271 952 4316 te.
970 4260 1239 4337 Dnngalus
1260 4259 1311 4313 in
1340 4272 1584 4337 respons.
1609 4255 1677 4310 ad
1695 4254 1882 4337 Claud.

305 4340 524 4393 Taurin.
557 4337 656 4389 bos
683 4348 871 4389 versus
900 4348 966 4387 ex
1004 4327 1178 4385 Natali
1209 4345 1295 4383 xxv
1335 4329 1483 4392 citat,
1517 4327 1758 4395 aliosque
1801 4327 1886 4378 iti-

306 4410 424 4464 dem
446 4424 516 4462 ex
543 4404 733 4460 eodem
754 4402 936 4480 Natali
980 4400 1397 4480 sedecerpsisse
1421 4398 1637 4480 fatetur,
1664 4395 1759 4480 qui
1805 4404 1885 4480 ta-

307 4494 423 4533 men
455 4490 645 4531 omnes
672 4473 870 4528 codicis
892 4472 1062 4525 nostri
1082 4467 1344 4524 beneﬁcio
1372 4467 1437 4520 ad
1461 4481 1625 4520 unum
1653 4473 1708 4519 et
1728 4479 1879 4518 eum-
1912 4473 1960 4532 ι)

307 4548 425 4601 dem
456 4546 703 4599 Natalem
735 4559 825 4597 xui
854 4542 1125 4611 pertinere
1141 4539 1543 4611 dignoscuntur.
1574 4533 1705 4611 lude
1732 4541 1882 4587 ortus

306 4632 476 4679 error,
528 4612 810 4667 Paulinum
856 4604 1169 4683 quindecim
1203 4604 1431 4683 Natales
1497 4604 1878 4683 elucubrasse,

306 4674 473 4755 quum
496 4684 669 4755 solum
699 4674 1114 4755 quattuordecim
1134 4677 1309 4755 potius
1339 4678 1446 4755 sint
1474 4674 1774 4755 reputandi.

377 4755 439 4810 V.
467 4752 591 4808 551.
624 4754 684 4807 Si
702 4745 826 4805 mihi
855 4745 1497 4823 ﬂumineisﬁCelebrior-es
1518 4748 1884 4823 poetaspoeta

310 4834 490 4880 noster
518 4823 780 4889 imitatur,
810 4810 901 4891 qui
938 4816 1245 4889 hujusmodi
1271 4815 1452 4871 verbis
1478 4810 1605 4868 sunt
1643 4810 1744 4867 usi.
1770 4810 1883 4865 lio-

309 4910 488 4949 merus
512 4912 525 4949 Ξ

378 4995 489 5050 Οὐδ’
511 4991 799 5077 εξμξιξέκα
820 4992 908 5061 μέν
931 4989 1200 5077 ﬁdicen:
1215 4984 1337 5040 δέκα
1352 4984 1415 5073 ᾗέ
1437 4984 1652 5071 crepa?
1683 4977 1780 5036 εἷεν
1799 5023 1815 5048 ,

375 5073 511 5123 Φωνή
539 5054 584 5120 δ’
618 5054 885 5139 ἆρῤηκτὸς,
912 5054 1128 5129 χάλκεον
1149 5056 1200 5111 δέ
1230 5077 1316 5126 μοι
1344 5054 1466 5128 ἧτορ
1492 5055 1637 5110 ἐνείη.

316 5163 486 5236 Neque
506 5166 552 5217 si
580 5161 705 5236 mihi
728 5160 1119 5236 decemliiagua:
1140 5156 1365 5236 quidem,
1386 5156 1653 5236 et
1681 5169 1776 5235 ora
1808 5169 1891 5236 es-

312 5225 442 5301 sent,
466 5250 563 5289 vos:
589 5225 1029 5301 etiinfrangibilis',
1048 5225 1236 5282 meum
1257 5234 1305 5280 et
1325 5225 1449 5279 mihi
1477 5232 1652 5295 pectus
1679 5225 1888 5278 inesset.

315 5299 495 5373 Virgil.
518 5319 572 5357 v1
602 5299 816 5354 Eneid.
845 5299 859 5351 ξ

433 5401 535 5508 lgor)
561 5399 674 5448 mihi
698 5397 739 5445 si
760 5397 939 5458 linguae
961 5404 1154 5447 centum
1177 5396 1291 5456 sint,
1318 5406 1501 5457 oraque
1528 5401 1745 5453 centum,

477 5474 622 5508 errea
646 5472 760 5507 vox.

477 5474 622 5510 errea
646 5472 735 5507 νοι
745 5492 760 5507 .

318 5552 465 5609 Ovid.
495 5555 589 5609 lib.
623 5551 849 5615 ITrist.,
885 5550 1020 5617 eleg.
1056 5548 1109 5614 4,
1158 5545 1321 5603 Silius
1364 5548 1454 5602 lib.
1489 5564 1563 5609 ix,
1603 5543 1883 5617 Claudian.

322 5625 374 5677 in
410 5624 604 5691 Paneg.
636 5621 818 5691 Olybr.
839 5613 897 5673 et
942 5613 1121 5683 Proh,
1176 5627 1231 5691 et
1258 5618 1347 5671 alii
1375 5618 1639 5691 cecinere.
1671 5613 1884 5691 Persius

323 5702 513 5757 tamen,
543 5685 644 5747 sat.
679 5685 731 5755 ὅ,
763 5690 905 5743 hunc
921 5704 1124 5743 morem
1154 5688 1333 5743 ridere
1358 5687 1586 5751 videtur,
1607 5685 1882 5753 inquiens:
1928 5756 1937 5764 κ

601 5785 872 5843 ΡΔΤΒΟΙ..
921 5781 1081 5839 LXI.

2128 2507 2423 2574 Clauderis,
2448 2517 2503 2563 et
2532 2511 2740 2566 meritis
2764 2511 2871 2566 late
2898 2510 3211 2569 diﬂunderis
3243 2515 3386 2580 altis,

2130 2598 2270 2655 Toto
2298 2602 2463 2656 corde
2489 2600 2675 2657 Fidem
2703 2602 2868 2657 divini
2897 2605 3131 2662 nominis
3160 2605 3335 2673 hausi,

2128 2691 2295 2761 Inque
2325 2701 2416 2748 tuo
2439 2693 2681 2761 gaudens
2706 2695 2950 2751 adamavi
2979 2696 3179 2753 lumine
3198 2695 3488 2752 Christum.

2131 2781 2208 2837 Te
2227 2782 2372 2838 Duce
2399 2781 2715 2853 fascigerum
2742 2785 2881 2853 gessi
2906 2786 3192 2855 primaevus
3211 2787 3493 2851 honorem,

1987 2873 2092 2929 375
2129 2871 2314 2943 Teque
2351 2888 2529 2929 meam
2572 2872 2891 2931 moderante
2927 2891 3166 2945 manum,
3196 2887 3445 2933 servante
3472 2894 3563 2934 sa-

3352 2968 3563 3040 [lutem,

2126 3054 2298 3110 Purus
2325 3055 2392 3109 ab
2420 3055 2639 3111 humani
2666 3056 2939 3125 sanguinis
2963 3057 3269 3114 discrimine
3298 3060 3491 3114 mansi.

2126 3146 2278 3203 Tunc
2301 3148 2461 3203 etiam
2489 3148 2836 3218 primm.......
2862 3150 3115 3205 libamina
3143 3151 3322 3206 barbae

2125 3239 2479 3312 529-530
2517 3239 2654 3296 Ante
2712 3248 2862 3295 tuum
2908 3241 3120 3307 solium,
3149 3242 3302 3310 quasi
3344 3250 3397 3297 te
3441 3257 3562 3298 car-

2666 3392 2667 3397 η
3085 3332 3290 3407 [pente,
3321 3334 3564 3400 totondi;

2124 3421 2244 3478 Jam
2274 3431 2398 3477 tunc
2425 3423 2699 3492 praemisso
2730 3437 2827 3492 per
2852 3423 3116 3480 honorem
3150 3424 3375 3495 pignore
3418 3424 3563 3480 sedis

2110 3596 2313 3658 Vatibus
2334 3596 2413 3645 hic
2438 3609 2541 3658 mos
2565 3601 2642 3645 est
2665 3602 2860 3645 centum
2884 3596 2977 3645 sibi
3006 3608 3211 3658 poscere
3234 3608 3400 3656 voces,

2108 3657 2315 3706 Centum
2339 3669 2440 3717 ora,
2462 3664 2514 3705 et
2532 3656 2723 3718 linguas
2741 3665 2911 3717 optare
2934 3658 2983 3705 in
3002 3656 3212 3705 carmina
3233 3664 3449 3706 centum.

2058 3737 2122 3791 V.
2155 3734 2279 3790 567.
2324 3735 2464 3788 Nam
2486 3753 2628 3803 puer.
2679 3736 2816 3791 Sunt
2859 3737 3035 3804 quiin
3077 3736 3294 3790 dubium
3337 3751 3565 3793 revoca-

1985 3815 2130 3869 runt,
2162 3821 2230 3858 an
2260 3804 2511 3858 Paulinus
2542 3806 2594 3858 in
2619 3806 2900 3872 Aquitania
2932 3820 3096 3859 cunas
3125 3806 3285 3860 fuerit
3309 3808 3563 3873 sortitus;

1986 3876 2081 3931 sed
2124 3883 2319 3997 praeter
2353 3874 2485 3927 alias
2514 3876 2862 3929 auctoritates
2884 3875 2937 3929 id
2966 3875 3297 3944 evincentes,
3324 3890 3393 3931 en
3422 3876 3565 3931 idem

1987 3954 2153 3997 astrui
2181 3960 2261 3997 ur.

1987 3954 2261 4000 astruitur.

2111 4034 2230 4083 Nam
2257 4046 2379 4095 puer
2400 4034 2613 4083 occiduis
2634 4033 2880 4083 Gallorum
2902 4035 3134 4085 advectus
3159 4034 3219 4082 ab
3242 4036 3357 4084 oris.

1988 4117 2240 4171 Paulinus
2265 4130 2395 4196 ergo
2420 4131 2573 4170 suum
2615 4116 2755 4186 apud
2780 4115 2964 4171 Gallos
3000 4125 3176 4171 ortum
3207 4117 3390 4171 traxit.
3422 4115 3567 4172 Infra

1989 4201 2203 4257 quoque
2231 4196 2489 4240 asseritur
2521 4204 2533 4237 :

2112 4279 2470 4340 'l‘erevocante
2494 4275 2583 4326 soli
2607 4276 2846 4340 quondam
2872 4276 3099 4340 genitalis
3122 4277 3181 4325 ad
3205 4290 3336 4327 oram

2113 4337 2342 4389 Sollicitis
2365 4340 2506 4387 matri
2531 4337 2639 4386 sum
2662 4337 2904 4388 redditus.

1992 4420 2115 4475 Haec
2142 4420 2207 4475 de
2236 4435 2296 4475 se
2326 4422 2442 4489 ipso
2461 4420 2512 4473 in
2534 4418 2759 4474 Galliam
2790 4419 3031 4489 profecto
3059 4419 3417 4488 loquitur,ubi
3438 4435 3573 4489 pra:-

1986 4499 2134 4544 terea
2181 4491 2391 4551 innuit,
2444 4499 2719 4559 parentem
2760 4506 2920 4559 suam
2963 4490 3124 4543 etiam
3181 4498 3290 4541 tum
3340 4489 3394 4542 in
3434 4492 3574 4559 vivis

1987 4561 2179 4627 egisse.
2213 4560 2370 4614 Addit
2396 4556 2474 4623 se,
2508 4560 2633 4613 licet
2675 4560 2727 4611 in
2759 4558 3009 4627 Hispania
3057 4566 3377 4624 morantem,
3419 4556 3571 4611 Galla

1988 4638 2165 4683 tamen
2196 4640 2360 4683 mente
2389 4630 2603 4682 vixisse.
2636 4629 2885 4681 Ceterum
2916 4626 3103 4680 Nolam
3134 4642 3191 4680 se
3233 4627 3408 4695 adhuc
3436 4641 3572 4695 puu-

1989 4715 2105 4752 rum
2135 4699 2463 4753 concessisse
2491 4699 2735 4766 superius
2765 4699 2959 4750 iterum
3003 4704 3229 4751 testatus
3256 4707 3339 4750 est
3388 4694 3572 4749 Pauli-

1990 4783 2108 4834 nus,
2134 4768 2190 4822 S.
2224 4767 2455 4823 Felicem
2480 4769 2551 4821 ita
2581 4768 2858 4834 alloquens
2892 4783 2904 4817 :

2980 4856 3085 4907 Tibi
3112 4870 3190 4906 me

2115 4920 2186 4970 γε
2212 4921 2404 4981 ιεὶρὶιιιιι
2430 4920 2595 4982 primis
2618 4919 2814 4968 donavit
2838 4917 3053 4969 Christus
3079 4920 3139 4966 ab
3165 4919 3317 4965 annis.

2065 5023 2125 5074 V.
2155 5022 2275 5075 574.
2305 5022 2374 5075 Te
2400 5023 2544 5075 Duce
2550 5024 2890 5144 Ιςαδεὶςιενιιιη.
2923 5023 2997 5076 De
3032 5022 3311 5077 consulatu
3338 5017 3395 5077 S.
3427 5022 3570 5077 Pau-

2065 5094 2085 5144 _i
2119 5094 2323 5144 orulixe
2349 5095 2430 5144 eui
2462 5093 2514 5144 in
2598 5092 2687 5144 iss.
2720 5109 2792 5144 ιιι.

1996 5094 2085 5146 lini
2119 5094 2430 5161 prolixeiegi
2462 5093 2514 5145 in
2550 5092 2687 5147 Diss.
2720 5109 2792 5145 ιιι.

2068 5160 2129 5215 ν.
2163 5161 2283 5214 576.
2320 5160 2489 5214 Purus
2519 5162 2581 5213 ab
2621 5163 2851 5215 humani.
2881 5160 3109 5215 Carmen
3155 5162 3568 5225 emendandum,

1997 5247 2059 5286 ac
2086 5232 2357 5302 sanguinis
2380 5230 2697 5302 vocabulum
2728 5239 2819 5283 aut
2847 5230 3164 5295 tollendum,
3192 5239 3285 5285 aut
3321 5231 3376 5285 in
3397 5238 3571 5285 metro

1995 5298 2449 5369 anteponendum.
2487 5298 2725 5354 Placeret

2120 5391 2279 5437 Purus
2302 5390 2363 5436 ab
2386 5388 2610 5436 humanae
2634 5389 2778 5435 caedis
2798 5388 3080 5437 discriminc
3105 5388 3274 5439 mansi.

2065 5472 2129 5526 V.
2162 5473 2283 5526 377.
2319 5471 2459 5524 Tunc
2488 5472 2639 5523 etiam
2669 5473 2865 5539 primm.
2894 5469 2997 5524 Pes
3027 5470 3076 5523 in
3107 5485 3262 5524 versu
3293 5467 3569 5522 desidera-

1995 5554 2100 5597 tur.
2136 5541 2240 5595 Aut
2267 5541 2505 5610 epitheto
2534 5541 2695 5610 igitur
2718 5539 3135 5610 libaminaisuut
3158 5540 3446 5610 jungenda,
3474 5548 3571 5610 aut

1996 5611 2122 5681 quid
2150 5609 2765 5681 aliud’interponendum
2785 5609 3015 5681 exempli
3045 5624 3222 5681 causa,
3258 5609 3398 5681 Tum;
3419 5609 3571 5681 etiam

1990 5676 2193 5753 ﬁrimw,
2222 5690 2276 5734 ut
2304 5697 2410 5735 mos
2435 5676 2527 5746 est,
2561 5679 2809 5734 libamina
2834 5676 3024 5733 barbw.
3054 5676 3168 5732 Mos
3190 5676 3425 5747 antiquis
3447 5677 3570 5747 fuit,

3018 5766 3091 5828 19
