3990 6182
261 304 368 362 589
1685 290 1871 352 POEM.

1852 292 1912 348 IA
1949 288 2082 346 XXI.
2600 356 2606 361 _
3436 279 3541 340 590

399 412 481 467 Tu
512 426 634 467 mea
678 410 837 477 colla,
869 418 1040 481 pater,
1072 409 1248 479 gladio
1272 448 1286 474 ,
1330 407 1652 479 patrimonia
1688 405 1842 460 Fisco
1876 408 1925 465 Α
2096 399 2343 464 Nomina,
2364 398 2624 454 translato
2652 396 2896 453 mortalis
2924 396 3147 468 originis
3175 404 3320 462 ortu,

253 505 360 560 420
396 503 623 569 Eximis,
636 507 693 558 et
713 499 929 557 Christo
948 500 1178 556 Domino
1200 515 1343 565 mea,
1365 512 1561 567 meque
1580 509 1847 557 reservas.
2096 489 2271 545 Deleri
2300 488 2467 543 facies
2497 488 2676 554 morti,
2709 489 3035 559 transcripta
3074 490 3253 548 saluti.

399 594 535 650 Nam
556 607 665 662 quo
690 590 917 648 consilio
946 591 1108 646 rebus
1128 589 1400 661 capitique
1425 603 1547 643 meo
1577 595 1706 640 tunc
2093 581 2232 649 Quid
2253 581 2427 636 simile
2455 581 2542 636 his
2569 580 2751 647 habui,
2768 596 2893 636 cum
2922 581 3128 637 diceret
3149 598 3270 640 esse
3292 593 3535 651 senator,

400 684 650 740 Christus
669 698 831 753 opem
856 682 1058 747 tulerit,
1078 680 1275 737 Felicis
1301 694 1430 735 cura
1459 684 1711 748 potenter
2095 670 2449 745 533-534
2477 669 2666 738 Qualia
2696 687 2840 727 nunc
2864 671 2986 728 istic
3008 671 3207 743 habeo,
3235 687 3360 730 cum
3388 675 3542 731 dicor

400 774 666 840 Adfuerit,
697 773 881 829 docuit
904 787 1086 827 rerum
1111 778 1237 842 post
1264 771 1440 825 exitus
1468 770 1677 837 ingens,
3274 764 3542 836 [egenusi

399 863 520 931 Quo
543 870 749 919 mutata
776 877 897 917 mea
925 869 1009 916 est
1029 876 1168 926 sors,
1190 868 1246 916 et
1272 860 1539 915 sententia
1567 858 1707 923 vitm,
1955 855 2057 907 400
2095 852 2237 909 Ecce
2261 853 2393 907 mihi
2417 867 2517 923 per
2544 861 2628 909 tot
2647 854 2919 909 benedicti
2947 856 3200 928 martyris
3220 857 3394 923 aulas,

253 952 360 1008 425
399 952 698 1023 Abjurante
727 950 833 1005 ﬁde
856 948 1149 1013 mundum,
1181 950 1547 1020 patriamque,
1599 946 1850 1001 domum-
2096 942 2165 997 Et
2188 943 2377 1013 spatiis
2402 944 2630 1014 amplas,
2662 954 2719 1000 et
2740 945 3065 1002 culminibus
3083 946 3366 1018 sublimes,

1700 1036 1848 1107 [que,
2093 1032 2163 1088 Et
2186 1034 2395 1089 necavis
2419 1033 2528 1090 alte
2552 1035 2896 1104 laquearibus
2922 1037 3258 1108 ambitiosas,

403 1133 624 1189 Prodita
652 1132 879 1187 diversis
899 1130 1009 1201 egit
1035 1131 1358 1186 commercia
1388 1128 1570 1195 terris,
2097 1122 2339 1193 lnriguas
2367 1131 2425 1179 et
2447 1125 2620 1193 aquis,
2654 1133 2710 1181 et
2737 1128 3033 1197 porticibus
3054 1130 3357 1200 redimitas,

405 1222 844 1291 Portandamque
870 1236 1090 1277 crucem
1115 1220 1387 1276 distractis
1411 1219 1662 1274 omnibus
1701 1217 1851 1273 emit.
2102 1212 2365 1284 Undique,
2434 1215 2640 1291 ubique
2709 1216 2891 1283 simul,
2918 1218 3300 1291 quodcumque
3320 1236 3417 1293 per
3439 1222 3541 1279 ista

410 1316 521 1371 Res
544 1316 710 1385 igitur
735 1322 895 1369 terra:
922 1312 1076 1383 regni
1107 1313 1341 1368 calestis
1368 1311 1499 1366 emit
1526 1325 1711 1380 spem;
3374 1313 3542 1386 [beati

405 1405 543 1475 Spes
571 1404 771 1461 etenim
800 1402 924 1459 ﬁdei
951 1403 1132 1460 carnis
1156 1418 1216 1457 re
1238 1400 1447 1457 fortior.
1473 1400 1599 1455 Haec
1623 1412 1748 1471 Spes
1957 1391 2063 1447 465
2096 1392 2326 1449 Nomine
2353 1392 2552 1451 Felicis
2582 1395 2798 1464 colitur,
2826 1399 3151 1464 celebratur,
3184 1401 3432 1470 habetur,

257 1496 368 1553 450
410 1495 770 1566 Perpetuam,
815 1508 936 1563 qua:
979 1495 1106 1549 nixa
1136 1493 1247 1549 Deo
1276 1500 1377 1557 est,
1426 1507 1540 1547 rem
1582 1489 1852 1561 parturit;
2098 1485 2358 1543 Omnibus
2399 1487 2455 1544 in
2496 1488 2689 1561 spatiis
2715 1489 2910 1547 domus
2946 1500 3032 1547 est
3058 1508 3201 1549 mea.
3244 1493 3356 1551 Nec
3392 1496 3544 1553 locus

1668 1579 1746 1650 [at
1771 1594 1858 1633 res
3384 1586 3544 1659 [ullus

408 1674 622 1732 Caroea
649 1674 927 1732 caelestem
967 1673 1185 1745 perimit
1214 1687 1399 1742 spem;
1432 1684 1552 1741 qua:
1594 1678 1772 1723 tamen
1802 1675 1858 1723 et
2103 1664 2332 1723 Edibus
2352 1668 2495 1726 illius
2514 1670 2854 1741 conjunctus,
2876 1680 2933 1728 et
2952 1672 3143 1730 insitus
3163 1684 3360 1747 exstat,

1721 1758 1857 1830 [rem
1889 1780 1935 1839 Β
2103 1755 2205 1823 Qui
2229 1756 2361 1812 mihi
2404 1775 2514 1815 non
2542 1762 2697 1831 quasi
2727 1776 2816 1818 res
2860 1772 3048 1834 pateat
3084 1780 3225 1821 mea.
3275 1766 3383 1824 Sed
3410 1770 3543 1839 quid

409 1856 470 1913 Si
493 1864 713 1927 superet
733 1856 987 1912 vincente
1006 1852 1130 1921 ﬁde,
1154 1870 1261 1908 non
1284 1852 1531 1923 protinus
1550 1848 1743 1911 aufert,
3334 1859 3412 1933 [in
3439 1860 3544 1919 ista

407 1947 519 2003 Sed
546 1948 687 2003 bene
714 1956 977 2002 mutatam
1009 1944 1193 2002 divino
1214 1945 1336 2014 jure
1364 1942 1656 2006 reformat,
2100 1938 2322 1996 Munere
2348 1956 2435 1995 me
2450 1941 2673 2011 jactem,
2706 1944 2752 1999 si
2773 1959 2890 2000 rem
2919 1945 3114 2003 Felicis
3141 1950 3309 2005 amati

409 2037 490 2093 De
510 2036 683 2107 fragili
710 2045 967 2092 mternam
994 2034 1256 2098 referens,
1291 2033 1556 2101 terrisque
1592 2038 1855 2085 remotam
1960 2029 2064 2084 470
2102 2031 2307 2087 Visibili
2338 2033 2574 2103 lapidum
2596 2042 2741 2091 tecto
2769 2039 3091 2094 vernaculus
3120 2040 3320 2111 hospes

258 2126 371 2185 4'55
408 2128 470 2184 In
496 2129 646 2185 cu-lis
669 2137 929 2194 statuens,
961 2128 1052 2183 ubi
1083 2126 1216 2182 ﬁdus
1241 2126 1441 2181 credita
1465 2134 1648 2180 custos
2103 2119 2449 2177 Possideam?
2492 2122 2711 2190 Quanto
2759 2126 2880 2195 plus
2923 2136 3007 2182 est
3034 2129 3187 2195 mihi,
3216 2130 3363 2200 quod
3408 2133 3541 2193 mihi

408 2220 659 2279 Christus
701 2222 899 2287 habet;
943 2234 1121 2290 neque
1166 2229 1371 2273 tantum
1408 2218 1531 2281 isto,
1563 2231 1671 2286 quo
1708 2230 1857 2269 sum-
3371 2223 3543 2297 [Felix

1492 2307 1645 2381 [serit
1670 2306 1856 2369 istinc,
2103 2304 2221 2375 lpse
2244 2306 2340 2360 Dei
2370 2306 2512 2362 dono
2539 2309 2729 2364 domus
2757 2320 2859 2377 est,
2903 2312 2955 2366 in
2985 2328 3093 2382 quo
3122 2329 3241 2370 mea
3268 2316 3415 2372 vivat

412 2403 729 2474 Depositum
762 2418 989 2458 numero
1019 2410 1221 2466 servat,
1249 2399 1344 2455 sed
1374 2398 1753 2468 multiplicato,
2104 2394 2246 2459 Vita,
2277 2395 2499 2451 domum
2526 2398 2689 2454 nullis
2717 2400 2984 2470 lapsurain
3006 2405 3250 2474 possidet
3276 2408 3473 2464 annis?

420 2494 537 2559 His,
564 2495 658 2564 qui
682 2494 1030 2560 crediderint,
1056 2493 1343 2548 commissa
1374 2491 1576 2546 talenta
1602 2487 1863 2559 rependet
2102 2488 2236 2544 Nam
2265 2489 2410 2558 quod
2432 2489 2626 2546 Felicis
2653 2491 2845 2547 domus
2869 2501 2926 2549 et
2943 2510 3065 2551 mea
3086 2497 3157 2551 sit
3182 2496 3396 2565 domus,
3426 2498 3543 2570 ipso

419 2584 669 2650 anore,
702 2599 870 2655 seque
896 2583 1240 2639 credentibus
1261 2582 1462 2637 efliciet
1490 2596 1623 2636 rem.
1965 2580 2071 2636 475
2105 2580 2458 2637 Permittente
2477 2584 2561 2638 sui
2588 2584 2765 2639 licitas
2793 2585 2922 2641 mihi
2939 2586 3077 2655 juris
3105 2587 3366 2656 habenas,

263 2675 384 2731 440
425 2674 496 2730 Et
519 2689 637 2745 qua:
665 2690 756 2733 res
776 2676 880 2730 hac
902 2689 963 2729 re
991 2671 1191 2744 poterit
1214 2671 1505 2743 pretiosior
1534 2671 1688 2725 esse?
2106 2672 2201 2730 llis
2220 2673 2381 2730 etiam
2410 2674 2604 2745 probat
2622 2674 2812 2732 oiliciis
2840 2677 3063 2734 audacia
3084 2689 3294 2749 nostra,

424 2764 486 2821 Si
511 2772 659 2821 totus
684 2763 918 2819 mundus
944 2762 1077 2817 mihi
1102 2777 1190 2817 res
1208 2762 1421 2831 ρι’ὶναιει
1441 2759 1652 2825 fuisset.
2107 2764 2331 2835 Hospita
2357 2765 2503 2835 quod
2529 2766 2711 2821 socios
2740 2768 2794 2821 in
2823 2775 2966 2823 tecta
2987 2771 3310 2840 recepimus,
3328 2781 3385 2828 et
3405 2789 3545 2831 nunc

420 2856 560 2913 Num
584 2854 1005 2927 potiorDomino
1031 2851 1172 2908 foret
1200 2852 1313 2907 tunc
1334 2850 1605 2922 possessio
1616 2848 1865 2904 Christo?
2106 2853 2306 2911 Omnes
2326 2855 2449 2925 jure
2476 2857 2594 2926 pari
2611 2855 2815 2913 Felicis
2847 2857 2968 2927 jura
2997 2865 3264 2927 tenemus,

416 2950 488 3007 Et
505 2951 629 3021 quis
655 2963 744 3005 me
771 2954 936 3003 tantae
960 2946 1048 3002 vel
1071 2960 1169 3016 spe
1197 2944 1365 3000 modo
1391 2957 1759 3015 possessorem
2109 2945 2409 3016 Felicisque
2436 2946 2604 3016 patris
2630 2948 2838 3013 gremio
2876 2948 3169 3018 conjuncta
3195 2949 3445 3007 fovemur

418 3041 676 3098 Praestitit
702 3054 825 3097 esse
849 3038 967 3093 rei?
992 3036 1125 3104 Quis
1153 3050 1240 3091 me
1268 3050 1383 3091 rem
1418 3034 1679 3103 compulit
1706 3033 1864 3088 istam
1969 3035 2079 3095 480,
2111 3035 2364 3107 Pignora,
2390 3051 2511 3107 qua:
2534 3037 2725 3103 nostis,
2752 3052 2891 3107 quos
2929 3040 3172 3106 cernitis,
3210 3050 3269 3097 et
3304 3044 3468 3101 modo
3493 3046 3547 3103 in

270 3135 384 3192 445
418 3133 687 3208 Spernere
705 3146 807 3203 pro
833 3129 1072 3197 Christo,
1088 3136 1150 3184 ut
1173 3125 1447 3183 Christum
1468 3125 1600 3179 mihi
1626 3130 1867 3178 verteret
1893 3134 1942 3198 ε
3399 3136 3548 3211 lipsi.

1609 3215 1687 3286 [in
1715 3213 1868 3267 rem?
2113 3220 2307 3276 Felicis
2330 3221 2487 3276 tectis
2516 3235 2725 3277 mecum
2756 3231 2957 3278 metata
2984 3232 3195 3283 tuentes

425 3316 557 3384 QUiS
586 3314 689 3371 ηίδί
717 3321 797 3377 tu.
822 3325 1038 3382 semper
1058 3325 1181 3367 mea
1204 3322 1396 3378 magna
1416 3306 1682 3377 Ροιθηῒίθν
1717 3303 1869 3357 Felix
1886 3322 1899 3335 '
2115 3313 2377 3384 Hospitis,
2402 3314 2601 3370 oblitos
2615 3322 2858 3370 veterum
2882 3317 3137 3386 prmcelsa
3160 3317 3448 3377 domorum

424 3406 667 3463 Peecatis
695 3405 911 3460 inimice
932 3403 1090 3466 meis.
1113 3410 1168 3456 θι
1197 3400 1370 3455 amice
1396 3397 1593 3453 saluti?
2112 3404 2380 3470 Culmina,
2411 3411 2467 3459 et
2491 3405 2732 3472 angustis
2758 3406 2938 3462 vicino
2958 3415 3199 3479 martyre
3225 3410 3379 3467 cellis

430 3499 511 3554 Tu
534 3499 665 3553 mihi
695 3495 915 3551 mutasti
938 3494 1169 3565 patriam
1191 3491 1418 3546 meliore
1440 3496 1649 3558 param.
2114 3496 2305 3552 Tutius
2332 3497 2387 3551 in
2411 3511 2585 3566 parvo
2613 3504 2797 3566 spreta
2826 3497 3121 3556 ambitione
3146 3510 3447 3557 manentes.

431 3588 508 3644 Te
527 3589 658 3642 mihi
683 3601 784 3656 pro
811 3586 985 3655 patria
1012 3582 1261 3638 reddens.
1292 3580 1371 3635 Tu
1416 3594 1614 3635 carnea
1646 3576 1801 3631 nobis
1974 3587 2079 3641 4ὃεὶ
2110 3586 2359 3643 Christus
2387 3586 2531 3643 enim
2554 3586 2708 3654 juxta
2737 3594 2822 3640 est
2849 3588 3093 3653 modicis,
3128 3590 3391 3645 avertitur
3410 3591 3554 3658 altis,

281 3680 391 3737 450
430 3678 653 3735 Vincula
681 3677 892 3747 rupisli.
918 3673 999 3728 Tu
1027 3687 1129 3728 nos
1154 3672 1222 3726 de
1251 3671 1371 3725 labe
1400 3668 1591 3725 cadlwi
2116 3678 2374 3748 Pauperis
2402 3685 2457 3732 et
2484 3676 2662 3744 tuguri
2689 3676 2859 3744 magis
2887 3685 3005 3732 arta
3037 3678 3204 3745 tigilla
3223 3680 3551 3753 frequentat,

433 3766 717 3836 Sanguinis
735 3772 1018 3835 exemptos
1047 3770 1204 3817 teme
1231 3760 1476 3831 genitalis
1504 3758 1571 3813 ab
1600 3772 1694 3813 ora
2117 3769 2287 3837 Quam
2317 3768 2577 3838 pmcelsa
2602 3768 2958 3837 superbarum
2987 3767 3198 3839 fastigia
3226 3786 3411 3826 rerum

436 3858 516 3913 Ad
545 3871 713 3926 genus
739 3855 1003 3923 emigrare
1029 3862 1199 3916 tuum,
1230 3860 1288 3906 et
1325 3850 1565 3906 caelestia
1596 3847 1804 3917 magnis

2116 3861 2256 3931 Ergo
2278 3868 2339 3916 ut
2364 3874 2707 3930 componam,
2735 3874 2856 3929 quae
2885 3875 3031 3917 nunc
3049 3861 3192 3930 colo,
3210 3871 3354 3918 tecta
3372 3866 3556 3923 relatis

432 3946 629 4002 Fecisti
657 3958 878 4015 sperare
899 3943 1110 3997 animis.
1134 3940 1213 3995 Tu
1236 3946 1521 3996 stemmata
1547 3945 1735 3994 nostra
2114 3950 2469 4016 culminibus,
2491 3964 2613 4020 qua;
2638 3966 2779 4006 nunc
2815 3951 3014 4019 habeo,
3047 3961 3141 4007 aut
3178 3953 3430 4011 habuisse
3464 3972 3550 4012 τε.

434 4039 647 4095 Mutans
673 4038 743 4093 de
765 4036 945 4108 pravis
968 4035 1286 4092 mortalibus
1311 4034 1453 4089 inter
1475 4034 1678 4089 amicos
3315 4044 3547 4118 [col-dor,

286 4131 398 4187 455
431 4131 678 4187 Caelestis
696 4129 929 4194 Domini,
961 4136 1018 4183 et
1044 4128 1183 4183 libro
1214 4128 1423 4195 signata
1451 4126 1677 4195 perenni
1974 4132 2078 4187 490
2112 4132 2169 4188 Si
2192 4132 2389 4203 placet,
2416 4132 2635 4187 arbitris
2662 4132 2881 4187 sibimet
2909 4134 3222 4203 componite
3246 4134 3426 4203 justis.

362 4289 428 4344 ν.
603 4287 726 4358 Egit
752 4286 1078 4364 commercia.
1101 4283 1312 4364 Mallem
1333 4283 1417 4364 egi
1442 4280 1776 4364 commercia,
1795 4283 1868 4335 uti
1975 4291 2097 4364 dies,
2119 4289 2262 4364 [rtem
2291 4303 2433 4364 snake
2460 4290 2678 4364 repetit,
2707 4297 2762 4342 ει
2784 4290 3078 4364 ptinget-tim
3107 4297 3296 4344 contra
3323 4288 3557 4359 vigila“.

290 4361 455 4430 etiam
470 4350 803 4430 insequenti
833 4356 1110 4430 carmine:
1136 4350 1398 4430 distractis
1420 4350 1655 4430 omnibus
1676 4353 1797 4404 emi.
1832 4420 1863 4430 ,Α
1977 4360 2127 4414 tium,
2158 4350 2675 4421 Amici-Samiam,
2701 4350 2821 4427 cap.
2855 4358 2961 4412 '50;

369 4375 455 4413 am
478 4374 530 4411 in
554 4373 615 4412 se
656 4373 803 4411 uenu
833 4373 1073 4411 carmine
1097 4373 1110 4406 :
1136 4373 1398 4408 aturacm
1420 4373 1655 4407 omnqu
1676 4373 1797 4404 επιι.

366 4429 429 4482 ν.
457 4428 579 4481 459.
613 4373 780 4497 (sicque
807 4425 1145 4480 credentibus.
1190 4424 1451 4479 Auderem
1479 4424 1665 4492 ipsum,
1718 4430 1775 4474 ut
1802 4420 1871 4474 sit

2100 4464 2330 4515 Ecclesia
2356 4476 2481 4526 nunc
2505 4464 2624 4512 alma
2652 4463 2771 4513 ﬁdes
2794 4465 2901 4513 sine
2926 4463 3021 4513 ﬁne
3049 4465 3249 4526 pudicos

290 4498 620 4569 οοωυιθιυω
648 4512 901 4553 came":
1142 4584 1147 4585 ν
1905 4500 1954 4559 ί)
2100 4498 2805 4585 ῑόἵῦἓέῖε“ἱίι’ἱ›ἷεῖ’ὲζὲε“ξιὶἔεῖ

421 4589 649 4646 quore’
675 4600 829 4649 seque
854 4588 1011 4648 ipsum
1034 4584 1355 4635 credentibus
1379 4585 1559 4633 eam“
1583 4597 1703 4685 "T‘mf
1797 4684 1804 4685 ί
1980 4618 2056 4674 De
2084 4617 2184 4671 hac
2211 4616 2507 4685 quaestione
2533 4614 2714 4684 plures
2737 4615 2907 4685 plura,
2939 4623 2996 4669 et
3015 4615 3283 4684 praecipue
3303 4612 3556 4685 Bellarm.

364 4689 430 4744 V.
463 4687 586 4742 446.
617 4687 737 4741 Mea
760 4704 953 4755 magna
981 4686 1229 4755 potentia.
1278 4684 1569 4753 Virgilium
1616 4684 1869 4737 imitatio.
1982 4688 2072 4742 lib.
2107 4703 2121 4741 ι
2145 4685 2210 4740 de
2227 4682 2468 4747 Clericis,
2494 4682 2718 4755 A'Ilatius
2738 4682 2805 4738 de
2827 4682 3084 4755 Consens.
3113 4682 3390 4755 utriusque
3408 4684 3557 4740 Eccl.

296 4760 385 4815 Ait
406 4759 590 4814 Venus
615 4756 834 4812 lEneid.
852 4754 953 4810 lib.
984 4754 1002 4811 ι
1029 4756 1097 4811 ad
1118 4755 1437 4826 Cupidinem
1470 4772 1481 4807 :
1982 4754 2614 4838 Proptereah'l‘herasiam
2638 4754 2944 4838 dle‘conjuge
2972 4771 3200 4808 sororem
3230 4754 3445 4809 Paulini
3482 4758 3561 4825 {a-

420 4874 567 4933 Nate,
591 4886 716 4922 meae
740 4874 892 4931 vires,
914 4881 1024 4919 mea
1046 4880 1221 4930 magna
1248 4876 1377 4929 potu
1401 4870 1464 4914 tia
1487 4864 1637 4914 solus.

1982 4822 2117 4881 ctam
2146 4825 2318 4894 inquit
2348 4824 2556 4879 ldacius
2582 4824 2634 4877 in
2663 4822 2865 4878 Chron.
2886 4822 2898 4826 ⁷
3482 4822 3492 4825 ’

2058 4896 2119 4950 γ.
2144 4888 2267 4948 485.
2301 4894 2493 4964 Vicina
2512 4903 2763 4964 martyre.
2813 4893 2870 4947 In
2914 4894 2996 4949 his
3024 4894 3227 4949 eisdem
3253 4892 3416 4964 Gellis
3441 4910 3471 4950 a
3500 4910 3560 4952 se

294 4976 500 5033 Statius
527 4975 619 5029 lib.
644 4989 662 5028 ι
685 4972 854 5027 Theb.
906 4972 982 5026 ita
1004 4968 1268 5025 Venerem
1312 4968 1515 5022 inducit
1535 4968 1871 5035 loquentem:
1985 4973 2264 5036 exceptam
2293 4962 2454 5036 fuisse
2472 4962 2753 5036 Melanjam
2782 4963 3049 5036 seniorem
3075 4965 3287 5034 scripsit
3308 4963 3562 5021 Paulinus

1984 5038 2037 5090 in
2068 5030 2154 5105 ep.
2187 5034 2253 5087 10
2277 5034 2345 5088 ad
2372 5033 2555 5088 Sevcr.
2585 5051 2598 5085 :
2630 5030 2910 5107 Tugurium
2939 5050 3053 5107 vero
3083 5030 3332 5107 nosirum,
3365 5037 3502 5107 quod
3528 5053 3561 5088 α

1984 5104 2123 5159 terra
2150 5120 2450 5173 suspensum
2479 5104 2738 5173 cmnaculo
2764 5120 2886 5167 uno,
2919 5106 3115 5172 porticu
3147 5105 3345 5159 cellulis
3378 5104 3563 5173 Ἰωδρὶ-

1985 5175 2168 5255 talibus
2191 5172 2530 5255 interposita,
2581 5172 2782 5255 longius
2816 5173 3058 5255 tenditur,
3100 5177 3247 5255 quasi
3287 5172 3564 5255 dilatalunt

362 5254 431 5309 γ.
464 5253 585 5307 449.
616 5252 691 5305 Tu
719 5266 905 5304 carnea
933 5249 1100 5304 nobis.
1150 5246 1406 5301 Sanctum
1452 5245 1714 5315 castitatis
1744 5259 1871 5315 pro-
1983 5247 2152 5315 gratia
2180 5243 2390 5315 Domini
2428 5260 2529 5315 non
2571 5242 2992 5315 solumhsanctis,
3034 5242 3121 5313 qui
3166 5244 3314 5297 illam
3354 5243 3563 5314 plurimi

398 5325 529 5378 itum
573 5322 762 5385 innuit,
807 5335 916 5391 quo
961 5334 1020 5374 se
1044 5334 1153 5391 una
1193 5332 1312 5391 cum
1357 5315 1586 5391 conjuge
1615 5311 1873 5368 Therasia
1983 5311 2379 5391 comitabantur,
2420 5314 2511 5391 sed
2538 5314 2698 5391 etiam_
2722 5311 2932 5391 divitum
2965 5311 3167 5367 illorum
3203 5311 3420 5369 cateruis
3456 5326 3561 5368 non

339 5395 512 5449 hristo
538 5382 841 5448 dicaverat."
874 5388 944 5445 Ut
971 5389 1113 5445 enim
1155 5386 1224 5440 ad
1251 5382 1611 5440 sacerdotium
1651 5399 1871 5453 promo-
1977 5386 2246 5453 incapaees
2274 5384 2542 5453 angustias
2569 5382 2809 5453 pregbuit.

295 5471 531 5529 veretur,
556 5463 623 5518 ab
642 5461 827 5516 uxoris
852 5469 970 5515 toro
1000 5456 1370 5529 sejungendus
1386 5462 1521 5510 erat.
1550 5451 1676 5508 Haec
1694 5453 1870 5529 prisca
2049 5451 2111 5529 _VL
2136 5452 2260 5507 486.
2276 5451 2404 5529 _Arta
2426 5451 2613 5521 tigillo.
2633 5451 2879 5519 Tigillum
2900 5459 2983 5505 est
2998 5453 3195 5529 tignum
3216 5469 3449 5521 parvum,
3465 5466 3559 5507 seu

294 5522 551 5589 Ecclesia:
578 5531 912 5589 consuetudo
954 5522 1136 5584 multis
1159 5522 1531 5582 'conciliorum
1571 5522 1872 5579 canOnibus
1977 5523 2167 5590 exigua
2191 5523 2352 5587 trabs,
2378 5537 2440 5576 ac
2460 5530 2743 5591 propterea
2774 5537 2958 5591 parum
2988 5523 3088 5576 sibi
3118 5529 3329 5591 constat
3349 5536 3559 5578 sensus.

294 5605 552 5658 roborata
597 5602 884 5657 invenitur.
930 5604 985 5654 S.
1014 5599 1160 5654 llicr.
1212 5598 1265 5651 in
1309 5612 1395 5664 ep.
1423 5596 1489 5649 ad
1518 5593 1823 5648 Pammach.
1857 5610 1868 5644 :
1981 5591 2275 5646 Emendare
2304 5590 2518 5661 placet:
2554 5590 2717 5661 {inagis
2741 5601 2857 5644 arta
2882 5591 3083 5664 tegella.
3121 5590 3394 5658 Tegellum
3427 5609 3563 5664 nun.

297 5672 565 5743 Episcopi,
610 5671 911 5743 presbyteri,
961 5670 1166 5723 diaconi
1194 5677 1281 5743 aut
1321 5661 1540 5736 virgines
1589 5664 1868 5733 eliguntur,
1978 5668 2204 5743 cupatur
2257 5678 2465 5737 parvum
2500 5672 2739 5741 'tegmen,
2793 5661 3107 5729 pusillumvc
3167 5667 3387 5715 tectum.
3452 5661 3568 5717 Hoc

300 5732 386 5795 aut
412 5732 572 5808 viJui',
610 5732 704 5795 'aut
732 5732 1002 5810 cErtepost
1032 5738 1371 5792 sacerdotium
1400 5732 1458 5789 in
1489 5732 1735 5788 arternum
1772 5747 1872 5799 pu-
1977 5740 2151 5786 Docui:
2183 5732 2349 5785 menti
2376 5732 2542 5800 magis
2568 5740 2846 5785 consonat.

420 5088 735 5139 Sed'dabitur
752 5084 943 5147 juveni,
969 5085 1048 5134 cui
1072 5089 1126 5133 tu
1149 5094 1259 5131 mea
1282 5094 1465 5130 summa
1495 5088 1733 5142 potestas,

419 5150 545 5200 Nate
570 5151 727 5211 cupis.
