3990 6182
490 287 583 342 5'"
1416 286 1470 340 S.
1515 286 1785 341 l’AULl‘Nl
1821 284 2067 341 NOLANI
2105 282 2408 341 EPISCOPI
2447 285 2784 341 POEMATA.
3628 288 3722 345 592

625 399 752 467 Quae
782 405 888 452 tam
917 396 1104 467 pulcra
1130 396 1354 452 domus?
1377 395 1506 463 Quis
1534 411 1662 471 ager
1692 403 1800 450 tam
1830 395 2057 450 fertilis?
2086 399 2132 456 Α

2303 394 2476 450 Causa
2505 395 2691 449 subest
2718 395 2925 461 mortis,
2949 409 3112 465 quam
3141 394 3220 451 sic
3242 394 3513 452 maculosa
3540 397 3690 455 libido

1788 487 1905 559 [aut
1932 487 2059 557 quid
2161 484 2263 540 520
2301 484 2538 549 Perticit,
2580 493 2635 540 et
2662 501 2841 540 rerum
2870 485 3054 541 mundi
3082 486 3388 541 malesuada
3417 488 3626 556 cupido.

624 581 681 636 ln
711 597 769 636 re
794 579 1007 635 mortali
1032 580 1193 634 fuerit
1220 578 1370 642 mihi,
1390 592 1551 647 quam
1579 577 1740 633 modo
1770 578 1823 631 in
1854 579 1955 632 ista

626 673 869 741 Paupere
908 669 1203 726 contribuit
1243 666 1529 731 Christus,
1576 682 1676 737 per
1720 682 1885 736 quem
1927 667 2059 720 mihi

1803 756 2063 829 [abundat

630 853 786 908 Dives
812 853 1131 907 inexhausto
1159 852 1336 907 reditu
1356 851 1628 923 possessio
1656 848 1849 904 Felix?

490 941 593 995 £95
635 941 700 997 Ut
724 958 854 997 vero
882 956 950 996 ex
975 942 1147 997 veteri
1170 942 1405 1010 relegam
1431 955 1550 995 mea
1578 940 1778 1009 praedia
1804 954 1988 1003 censu,

629 1031 893 1103 Quicquid
922 1040 1040 1087 erat
1065 1045 1316 1102 magnum
1342 1031 1611 1102 quondam
1654 1030 1785 1084 mihi
1813 1029 2053 1098 qualibet

932 1162 933 1167 ,
1871 1117 1945 1189 [in
1971 1131 2060 1183 re.

625 1212 790 1267 Terra
812 1220 950 1280 erat,
980 1221 1036 1268 et
1061 1226 1244 1267 vacute
1271 1211 1479 1281 species
1502 1217 1724 1264 ventosa
1756 1205 1953 1276 ﬁgurat,

628 1300 754 1356 Sive
782 1315 1336 1370 aurum,gemma:que
1364 1297 1556 1363 forent,
1575 1306 1692 1353 erat
1711 1298 1799 1351 illa
1822 1294 2059 1366 supellex

630 1390 747 1445 Vile
773 1391 929 1446 bonis
949 1392 1202 1461 pretium,
1225 1390 1519 1460 pretiosum
1552 1390 1697 1444 virus
1724 1387 1918 1441 avaris.

494 1479 595 1534 500
632 1480 709 1536 Ac
750 1480 912 1537 modo
940 1496 1123 1537 cassus
1165 1496 1357 1570 opum;
1403 1495 1503 1535 nec
1522 1494 1706 1549 opum,
1750 1478 1844 1533 sed
1886 1476 2066 1532 verius

1778 1572 1995 1645 [expers

633 1662 1017 1716 Damnatorum
1046 1676 1302 1726 onerum;
1343 1677 1531 1716 secura
1565 1661 1700 1716 liber
1726 1661 1960 1716 habendi

634 1750 958 1821 Paupertate
985 1751 1151 1817 fruor,
1167 1767 1267 1807 nec
1288 1752 1489 1806 habent
1516 1751 1729 1805 inimica
1749 1759 2068 1819 sequentum
2103 1751 2146 1812 Β

634 1844 880 1912 Vincula,
919 1859 1025 1913 quo
1071 1852 1291 1898 teneant
1329 1843 1544 1898 nudum.
1576 1842 1753 1898 Facile
1780 1844 1910 1898 levis
1955 1843 2067 1898 exit

632 1933 889 2004 Corpore,
916 1948 1076 2003 quem
1107 1934 1265 1988 nullis
1294 1933 1519 1989 sutiocat
1547 1934 1820 1989 amoribus
1846 1934 1972 1988 illex

498 2022 599 2078 505
637 2022 740 2079 Per
765 2024 942 2080 varias
962 2024 1169 2094 species
1191 2022 1372 2078 mundi
1399 2023 1631 2078 fallentis
1654 2024 1850 2091 imago.

628 2113 682 2168 0
700 2115 1007 2171 veneranda
1030 2116 1163 2169 mihi
1190 2124 1242 2169 et
1269 2124 1383 2169 toto
1423 2116 1709 2185 pretiosior
1737 2116 1868 2171 orbe

634 2207 986 2279 535-536
1013 2207 1303 2277 Patiperies
1341 2205 1571 2263 Christi!
1607 2209 1861 2263 thesauro
1889 2206 2067 2262 caelite

584 2324 587 2325 ν
1244 2326 1247 2329 >
1910 2296 2067 2369 [ditas

637 2386 785 2454 Quos
811 2387 1010 2457 spolias
1029 2387 1238 2456 opibus,
1271 2396 1426 2441 terrae
1449 2388 1602 2456 quasi
1631 2385 1822 2441 rudere
1849 2400 2064 2455 purgas,

638 2478 877 2533 Destruis
907 2478 959 2531 in
987 2477 1143 2532 nobis
1172 2484 1403 2541 terrena,
1433 2486 1633 2531 aeterna
1656 2478 1890 2532 vicissim

501 2564 603 2620 510
640 2564 922 2620 Construis
950 2565 1005 2620 in
1033 2565 1266 2635 pretium
1295 2566 1445 2631 vitae;
1476 2565 1751 2634 dispendia
1780 2574 1935 2620 terra:

638 2657 815 2713 Vertis
842 2671 967 2710 vere
996 2670 1162 2725 novo,
1198 2670 1355 2710 versa
1383 2655 1501 2710 vice
1528 2655 1854 2721 detrimenti,

639 2745 707 2801 Ut
746 2746 880 2801 lucri
908 2745 1061 2801 nobis
1086 2751 1297 2800 servata
1326 2744 1550 2813 pecunia
1578 2744 1857 2810 damnum,

634 2836 750 2891 Non
775 2842 989 2890 servata
1017 2834 1225 2889 lucrum
1253 2831 1430 2896 faciat,
1460 2832 1553 2888 sed
1574 2848 1723 2887 more
1747 2834 1963 2888 sinistro

634 2925 771 2981 Fusa
809 2925 997 2981 eadem
1026 2924 1222 2980 damno
1250 2931 1351 2979 est.
1393 2923 1501 2980 Nec
1527 2924 1668 2979 enim
1709 2924 1825 2980 sine
1853 2926 2067 2980 nomine

1850 3017 2068 3089 [Christi

486 3106 603 3161 «515
641 3107 1021 3177 Praeceptoque
1049 3108 1298 3177 cuiquam
1340 3123 1436 3162 sua
1464 3107 1686 3163 fundere
1712 3107 1962 3178 prodest;

636 3199 771 3252 Nam
793 3214 918 3253 vere
944 3206 1171 3267 pereunt
1196 3198 1339 3253 vitiis
1376 3199 1613 3267 impensa
1644 3197 1899 3268 profanis.

638 3286 838 3350 Luxus,
861 3293 915 3339 et
937 3286 1157 3340 ambitio
1177 3299 1373 3354 magno
1396 3286 1701 3341 discrimine
1720 3287 1894 3341 morbi

636 3377 853 3431 Crimen
880 3374 1113 3429 avaritizie
1142 3383 1388 3445 pensant,
1420 3377 1544 3443 quia
1570 3390 1668 3445 par
1689 3376 1745 3429 in
1770 3383 1998 3445 utroque

564 3532 627 3588 V.
660 3533 782 3587 494.
829 3531 1145 3586 Inexhausto
1185 3531 1368 3585 reditu.
1420 3530 1654 3596 Reditus,
1700 3546 1805 3585 non
1835 3531 2067 3585 redditus

484 3619 594 3675 pro
614 3600 1070 3675 proventuapud
1111 3602 1340 3675 optimos
1361 3610 1627 3675 auctores
1674 3602 1726 3654 in
1782 3616 1881 3654 usu
1927 3599 2061 3655 fuit:

499 3670 649 3729 Ovid.
682 3674 774 3728 lib.
804 3688 856 3725 IV
883 3671 951 3725 de
980 3670 1169 3735 Ponto,
1197 3671 1331 3739 eleg.
1358 3670 1391 3724 5
1417 3691 1429 3723 :

617 3767 714 3815 Aut
738 3763 899 3826 populi
924 3764 1110 3812 reditus
1133 3764 1335 3822 positam
1360 3764 1617 3823 componat
1640 3760 1699 3809 ad
1722 3760 1923 3809 hastam.

499 3847 769 3902 Uberiores
808 3845 1001 3899 reditus
1047 3843 1248 3898 Velleio
1297 3843 1573 3899 Paterculo
1623 3841 1869 3897 dicuntur
1905 3842 1997 3897 lib.
2029 3859 2065 3898 η

497 3916 658 3982 Hist.,
689 3923 744 3970 et
765 3914 938 3985 p0puli
962 3914 1155 3966 reditus
1190 3912 1360 3967 Plinio
1388 3914 1481 3967 lib.
1512 3928 1618 3973 xvr,
1667 3927 1787 3981 cap.
1819 3911 1907 3978 57,
1949 3928 2063 3967 me-

497 3997 792 4041 morantur.

570 4055 635 4108 V.
669 4053 793 4106 496.
827 4050 1083 4119 Quicquid
1114 4058 1225 4119 erat
1254 4067 1517 4119 maguum.
1565 4051 1660 4105 Vir
1706 4051 1946 4119 profecto
1986 4051 2066 4105 di-

498 4125 729 4178 tissimus
757 4120 884 4175 olim
916 4118 1166 4170 Paulinus
1194 4118 1366 4171 fuerit.
1414 4119 1615 4173 Praeter
1641 4118 1775 4175 alios
1821 4129 2066 4175 auctores

498 4200 679 4263 aperte
704 4189 969 4243 Ausonius
996 4187 1167 4239 innuit
1193 4202 1279 4255 ep.
1310 4186 1378 4239 24
1404 4188 1472 4242 ad
1498 4188 1743 4244 eumdem
1770 4209 1781 4242 :

616 4282 691 4343 Ne
714 4291 927 4343 sparsam
952 4283 1235 4343 raptamque
1256 4280 1468 4343 domum,
1493 4282 1772 4343 lacertaque
1797 4289 1992 4332 centum

621 4341 717 4389 Per
741 4338 959 4389 dominos
981 4338 1166 4389 veteris
1192 4340 1382 4389 Paulini
1406 4353 1559 4402 regna
1583 4338 1801 4394 fleamus.

496 4424 551 4478 S.
583 4422 877 4478 Eucherius
923 4423 974 4475 in
1019 4437 1106 4491 ep.
1150 4422 1216 4478 de
1243 4420 1526 4478 Contemtu
1567 4423 1783 4479 Mundi:
1816 4425 2062 4481 Paulinus

2099 3109 2146 3173 C

2301 574 2396 629 His
2424 590 2510 629 me
2538 574 2736 628 divitiis
2760 575 2973 644 inopem
3003 576 3178 646 cupis,
3203 577 3401 645 optime
3428 576 3595 645 Felix,

2306 665 2376 720 Ut
2403 666 2567 720 facias
2595 667 2720 720 vita:
2748 667 3091 736 locupletem,
3118 676 3173 723 et
3198 683 3436 738 paupere
3456 669 3601 723 cultu

2305 754 2589 810 Exsortem
2617 754 2809 810 reddas
2837 758 3026 811 mortis
3054 758 3171 811 sine
3196 756 3300 811 fine
3326 757 3534 813 luenda:

2304 844 2568 899 Divitibus
2593 844 2797 911 mundi,
2829 845 3024 913 quibus
3055 847 3171 900 auri
3197 846 3411 901 lethifer
3437 861 3563 901 usus

2165 932 2270 987 525
2305 934 2542 989 Parturit
2564 942 2796 989 aeternos
2824 935 2984 990 sociis
3010 951 3135 990 cum
3164 936 3437 991 vermibus
3464 938 3628 1007 ignes.

2304 1024 2419 1079 Non
2440 1024 2571 1080 solis
2596 1024 2693 1079 tibi
2722 1040 2821 1079 nos
2844 1024 3043 1094 junctis
3064 1026 3146 1080 vis
3168 1025 3363 1095 degere
3390 1028 3567 1095 tectis,

2304 1115 2450 1181 Quos
2478 1121 2535 1169 et
2562 1115 2615 1169 in
2642 1122 2856 1170 aeterna:
2896 1114 3103 1169 tibimet
3131 1117 3405 1171 consortia
3430 1118 3553 1173 vitae

2305 1207 2556 1262 Enutrire
2582 1220 2763 1276 paras,
2797 1215 2852 1261 et
2872 1206 2939 1260 ad
2964 1205 3107 1260 illam
3128 1205 3325 1261 ducere
3352 1206 3597 1274 formam,

2308 1300 2479 1366 Quam
2500 1307 2557 1353 tu
2579 1299 2678 1353 sub
2698 1298 2911 1353 Domini
2931 1298 3199 1368 perfectus
3223 1300 3455 1368 imagine
3477 1299 3664 1356 Christi

2168 1388 2271 1444 550
2307 1388 2531 1445 Gessisti
2562 1388 2616 1443 in
2647 1388 2803 1443 terris
2831 1389 2995 1444 homo
3020 1387 3295 1457 quondam
3320 1404 3391 1445 ex
3418 1389 3581 1446 divite
3606 1407 3723 1461 pau-

2308 1569 2441 1624 Nam
2493 1536 2579 1625 cui
2634 1576 2924 1639 paupertas
2983 1577 3073 1625 tua
3096 1609 3112 1635 ,
3160 1584 3324 1639 quam
3374 1586 3478 1641 pro
3529 1482 3725 1629 uagi:

3535 1664 3726 1736 [sancto

2314 1750 2637 1821 Proscriptis
2665 1751 2856 1820 Opibus
2884 1750 3121 1819 gaudens
3148 1751 3430 1809 confessor
3455 1754 3631 1818 adisti,

2312 1842 2562 1911 lgnorata
2589 1851 2791 1908 manet,
2811 1850 2866 1896 et
2886 1857 2991 1910 qua
3010 1842 3265 1911 pmditus
3285 1859 3458 1913 usque
3477 1853 3727 1902 senectam

2308 1932 2590 1988 Conducto
2618 1932 2771 1987 Felix
2795 1933 3009 1987 coluisti
3038 1938 3255 2002 semper
3286 1935 3338 1987 in
3372 1935 3572 1990 horto?

2172 2022 2277 2078 555
2316 2022 2608 2093 Propterea
2638 2021 2844 2077 similes
2872 2022 2969 2076 tibi
2998 2022 3186 2079 niteris
3213 2022 3434 2079 efficere
3458 2039 3637 2081 omnes

2310 2111 2633 2183 Paupertate
2658 2113 2768 2182 pia,
2795 2126 2933 2180 quos
2960 2112 3187 2181 suscipis
3215 2112 3433 2183 hospite
3462 2121 3634 2179 tecto;

2309 2205 2588 2261 Dissimilis
2616 2218 2716 2259 nec
2738 2204 2881 2258 enim
2911 2203 3008 2258 tibi
3036 2212 3223 2273 posset
3248 2201 3426 2258 forma
3451 2204 3611 2259 coire.

2307 2295 2575 2364 Quantum
2602 2296 2800 2352 etenim
2828 2294 3035 2351 discors
3056 2308 3195 2365 agno
3226 2294 3404 2365 lupus,
3440 2303 3496 2350 et
3515 2294 3730 2351 tenebris

3611 2384 3730 2458 [ιιιι.

2308 2476 2533 2530 Tantum
2561 2475 2869 2546 dispescunt
2891 2476 2977 2530 via
3006 2476 3203 2542 divitis,
3236 2486 3291 2531 et
3315 2477 3407 2532 via
3438 2475 3650 2532 Christi.

2170 2567 2271 2623 540
2308 2568 2441 2622 Nam
2467 2567 2553 2622 via
2583 2567 2691 2621 lata
2719 2575 2887 2635 patet,
2918 2581 3038 2635 quae
3066 2583 3239 2637 prono
3269 2568 3479 2623 lubrica
3506 2568 3640 2623 clivo

2310 2658 2495 2726 Vergit
2516 2658 2568 2711 in
2591 2657 2874 2723 infernum,
2901 2673 3007 2726 qua
3037 2657 3176 2713 dites
3206 2666 3363 2724 urget
3391 2673 3586 2713 avaros

2310 2749 2536 2804 Molibus
2564 2749 2819 2818 impulsos
2852 2750 3086 2819 propriis
3114 2750 3167 2804 in
3206 2747 3433 2805 Tartara
3459 2750 3599 2805 ferri.

2308 2839 2376 2893 At
2402 2840 2511 2907 via,
2536 2853 2653 2909 quae
2672 2836 2869 2893 Christi
2898 2846 3000 2905 est,
3026 2853 3144 2910 quae
3168 2840 3570 2895 confessoribus
3594 2838 3730 2894 almis

2309 2928 2740 3002 Martyribusque
2766 2939 2933 2999 patet,
2966 2931 3151 3001 paucis
3179 2932 3282 2986 iter
3306 2931 3480 2986 ardua
3508 2929 3698 3001 pandit.

2171 3021 2275 3078 545
2311 3022 2426 3078 Non
2450 3022 2594 3091 capit
2621 3036 2749 3090 ergo
2776 3022 2861 3075 via
2888 3022 3003 3077 haec
3020 3020 3213 3089 furfos,
3236 3022 3477 3076 excludit
3502 3027 3726 3076 onustos.

2313 3109 2603 3180 Propterea
2632 3109 2907 3176 famulum,
2938 3118 3371 3180 sectatoremque
3402 3112 3546 3166 beati

2309 3202 2554 3274 Martyris
2582 3202 2837 3271 adstringi
2864 3201 3050 3266 decet,
3079 3211 3413 3272 exutumque
3439 3204 3668 3260 molestis

2308 3292 2670 3362 Compedibus
2699 3299 2915 3346 tenuem
2942 3289 3010 3346 de
3036 3300 3353 3362 paupertate
3380 3294 3611 3358 salubri,

2310 3383 2485 3453 Atque
2496 3382 2667 3438 levem
2684 3382 2816 3449 fieri,
2837 3390 2895 3436 ut
2911 3389 3122 3452 portam
3145 3390 3433 3453 penetrare
3461 3400 3557 3455 per
3571 3390 3727 3439 artam

2168 3521 2222 3573 in
2263 3519 2570 3592 Matthmum
2594 3535 2615 3592 ε
2651 3515 2800 3592 Νοη-
2818 3518 2946 3571 dixit
2985 3517 3225 3592 Christus
3266 3536 3283 3573 :
3327 3522 3419 3592 qui
3465 3520 3725 3592 reliquistis

2167 3590 2369 3651 omnia,
2403 3590 2495 3642 hoc
2522 3588 2658 3640 enim
2685 3595 2732 3639 et
2761 3587 2939 3641 Crates
2970 3590 3088 3659 fecit
3116 3587 3473 3659 philosophus,
3514 3587 3724 3643 et'multi

2167 3659 2260 3712 alii
2289 3659 2493 3711 divitias
2534 3666 2946 3728 contemserunt;
2983 3658 3073 3710 sed
3118 3660 3204 3725 qui
3236 3662 3439 3728 sequuti
3466 3661 3585 3713 estis
3610 3674 3725 3714 me:

2167 3728 2301 3799 quod
2327 3728 2591 3799 proprium
2616 3727 2969 3799 apostolorum
2989 3735 3063 3779 est
3091 3737 3239 3799 atque
3262 3727 3600 3799 credentium.

2237 3797 2301 3851 V.
2329 3793 2862 3866 515.Prceceptgque
2891 3793 3166 3866 σκήψεων(
3187 3794 3425 3851 Carmini
3456 3798 3604 3854 deest
3640 3796 3728 3852 ali-

2171 3866 2318 3945 quid.
2338 3864 2652 3945 ἐρείδει-ειη.
2678 3864 2692 3917 ὲ
2726 3864 3091 3945 ξναξεεριόφιε
3111 3866 3221 3935 ejus
3241 3868 3502 3937 cuiquam.

2237 3935 2303 3989 V.
2335 3933 2455 4004 526.
2480 3933 2700 4004 Junctis.
2727 3933 2974 3989 Fortasse
2989 3933 3214 4004 junctos.

2235 4004 2300 4058 V.
2331 4002 2452 4057 550.
2479 4002 2749 4066 Quondam
2768 4019 2832 4056 ea:
2852 4002 3021 4059 divite.
3049 4003 3125 4059 De
3152 4004 3209 4059 S.
3235 4002 3418 4061 Felice
3439 4006 3580 4062 idem
3598 4005 3728 4061 Pau-

2166 4074 2306 4128 linus
2335 4073 2454 4126 Nat.
2486 4090 2536 4127 tv
2566 4073 2773 4127 dixerat
2805 4091 2817 4125 :

2901 4163 3145 4223 Multoque
3170 4164 3371 4214 relictus
3398 4169 3449 4215 in
3470 4179 3588 4216 auro

2291 4223 2444 4287 Dives
2466 4236 2608 4285 apum
2633 4225 2804 4287 viguit,
2828 4228 3043 4287 quamvis
3066 4239 3157 4274 non
3186 4228 3356 4275 unicus
3378 4228 3553 4277 haeres.

2286 4285 2487 4348 ﬁermia
2510 4298 2618 4348 cum
2643 4285 2790 4334 fratre
2814 4285 2887 4335 sui
2913 4289 3210 4348 cognomine
3232 4289 3380 4348 patris

2286 4347 2723 4409 Terrenasgdivisit
2742 4358 2881 4409 Opes,
2904 4347 3124 4398 coelestia
3145 4347 3278 4397 solus

2290 4408 2514 4457 Obtinuit
2535 4407 2692 4457 Felix.

496 4470 1540 4565 Euoﬁé'ﬁolunuﬂp'iiéoﬂs,ViéZJiioR
2090 4470 2141 4528 Π
2172 4559 2203 4565 ῃ
2236 4487 2312 4565 ν.
2520 4489 2782 4546 Conducto
2829 4489 3003 4546 Felix.
3052 4491 3129 4547 De
3169 4493 3294 4549 eod.
3342 4494 3399 4550 S.
3434 4495 3728 4552 confessore

496 4562 684 4633 nostra
703 4562 1009 4633 exentplum,
1057 4562 1255 4633 ingenti
1286 4564 1544 4633 quondam
1573 4564 1861 4618 divitiarum
1890 4566 2060 4631 censu,

498 4641 598 4686 etc.
632 4630 859 4686 Venant.
893 4630 1193 4686 Fortttnfin
1223 4630 1342 4685 Vita
1375 4634 1432 4689 S.
1464 4632 1694 4696 Martini,
1726 4633 1815 4688 lib.
1849 4651 1907 4698 ιι,
1951 4630 2064 4689 haec

498 4701 565 4754 de
592 4700 813 4755 Paulino
840 4701 1003 4753 habet
1029 4719 1040 4750 :

621 4790 769 4857 Dives
793 4792 939 4850 agris,
965 4789 1170 4857 opulens
1194 4791 1399 4857 famulis,
1426 4793 1697 4854 IOCUPIPUIS
1720 4798 1925 4857 acervis,

621 4851 878 4916 Vincensu
904 4859 1082 4916 vastus,
1108 4851 1410 4916 larerelsus,
1438 4861 1489 4902 et
1512 4851 1600 4902 ore
1624 4857 1876 4916 rotundus,

618 4910 904 4977 l_)iti_or_ipse
928 4911 1041 4970 fide,
1074 4925 1158 4971 pro
1180 4911 1370 4977 Christo
1394 4910 1443 4962 ﬁt
1465 4916 1558 4963 sibi
1584 4928 1786 4977 pauper,

618 4970 675 5019 Et
698 4970 834 5019 dedit
860 4970 1140 5020 innumeros
1162 4976 1466 5024 redilnentes
1489 4970 1690 5025 crimina
1709 4970 1944 5027 nummos.

497 5049 648 5130 Mitto
677 5052 953 5130 Augustin.
983 5052 1075 5107 lib.
1104 5071 1147 5130 i,_
1168 5069 1284 5130 cap.
1322 5055 1401 5130 ις),
1434 5058 1641 5130 de_Civ.
1666 5059 1781 5124 Dei,
1809 5059 2057 5130 Prosper.

498 5122 549 5174 in
577 5120 869 5197 Chremeti
900 5138 1093 5197 annum
1123 5123 1173 5186 4,
1203 5120 1394 5197 dread.
1427 5139 1481 5181 et
1508 5126 1733 5192 Honor.,
1763 5120 1919 5197 Greg.
1944 5120 2061 5186 ’Τυ-

496 5206 614 5265 ron:
645 5188 1015 5265 deACI._conf.,
1036 5208 1166 5265 cap.
1201 5193 1300 5265 107
1329 5204 1382 5265 et
1411 5198 1662 5265 reliquos.

564 5260 637 5338 Υ..
817 5259 998 5314 Facile
1026 5259 1146 5315 levis
1167 5263 1290 5338 exit.
1322 5263 1376 5338 S.
1409 5259 1762 5338 Hieronymus
1792 5270 1845 5323 in
1874 5285 1957 5338 ep.
1996 5270 2060 5324 15

494 5329 876 5403 adPaulinum
916 5339 1167 5403 nostruin
1193 5349 1209 5384 :
1240 5332 1494 5403 Denique,
1546 5329 1638 5403 ait',
1675 5346 1723 5390 et
1765 5347 1835 5402 tu,
1882 5329 2059 5393 a'udita

496 5399 782 5473 Saluatoris
810 5400 1061 5473 sententia
1085 5416 1100 5452 :
1130 5400 1189 5473 Si
1211 5404 1283 5455 vis
1305 5399 1553 5471 perfectus
1579 5399 1706 5471 esse,
1730 5399 1873 5473 vade,
1905 5412 2067 5462 vende

495 5471 669 5521 omnia
694 5485 807 5549 qua:
846 5468 1019 5549 habes,
1040 5479 1102 5549 oet
1135 5470 1201 5522 da
1228 5468 1552 5549 pauperibus,
1595 5485 1643 5529 et
1681 5468 1827 5540 veni,
1854 5468 2060 5549 sequere

492 5553 572 5589 me
602 5555 618 5589 :
646 5540 795 5592 verba
835 5541 985 5609 vertis
1034 5540 1087 5591 in
1116 5556 1300 5609 opera,
1332 5540 1395 5593 et
1438 5540 1628 5596 nudam
1670 5562 1867 5599 crucem
1894 5540 2058 5600 nudus

493 5620 700 5678 sequens
725 5608 1025 5678 expeditior,
1053 5619 1099 5661 et
1128 5609 1283 5663 levior
1306 5613 1511 5665 scandis
1541 5616 1735 5666 scalam
1757 5615 1933 5669 Jacob.

566 5676 627 5727 γ.
654 5676 773 5729 5M.
793 5676 914 5730 Nec
934 5680 1063 5731 enim
1087 5680 1197 5732 sine
1218 5684 1439 5734 nomine.
1465 5682 1609 5737 Idem
1632 5683 1685 5737 S.
1716 5684 1857 5740 Hier.
1886 5686 1974 5741 lib.
2001 5703 2057 5741 tu

2168 4559 2373 4613 Paulin.
2406 4559 2523 4613 Nat.
2553 4577 2584 4614 v
2617 4578 2628 4611 :

2869 4660 2982 4710 Tria
3005 4663 3150 4713 macri
3168 4664 3343 4726 jugera
3367 4668 3499 4716 ruris

2289 4719 2392 4782 Nec
2415 4721 2608 4782 preprio
2630 4721 2722 4769 sub
2742 4722 2851 4781 jure
2881 4731 3073 4781 tenens,
3097 4719 3332 4774 conducta
3355 4727 3557 4777 colonus

2294 4781 2402 4841 Ipse
2428 4781 2570 4829 manu
2593 4784 2761 4844 coluit,
2785 4782 2961 4832 famulo
2986 4786 3112 4845 sine,
3138 4789 3363 4849 pauperis
3385 4789 3513 4837 horti

2291 4842 2568 4891 Possessor.

2168 4930 2586 5055 Egiiegtigabent
2610 4930 2773 4999 Beda,
2795 4942 2852 4988 et
2876 4933 3154 4991 Marcellus
3173 4937 3452 5008 presbyter
3474 4940 3528 4994 in
3557 4939 3613 4995 S.
3639 4938 3730 4994 Fe-

2160 5090 2161 5093 ‘
2355 5070 2473 5123 5'59.
2522 5071 2745 5148 _Tan_tum
2777 5075 3091 5148 dispescunt.
3136 5073 3441 5146 Dispescere
3490 5089 3590 5148 pro
3632 5078 3725 5129 dis-

2168 5140 2357 5204 sidere,
2386 5155 2488 5193 vox
2519 5141 2789 5194 inusitata.
2832 5140 3082 5199 Fortasse
3119 5140 3315 5199 tantum
3343 5140 3658 5209 discordant,
3679 5154 3730 5199 nt

2166 5224 2382 5329 garmen
2430 5210 2675 5278 superius
2700 5209 2895 5278 docet,
2941 5214 2993 5267 in
3037 5229 3143 5283 quo
3182 5215 3376 5271 dicitur
3403 5234 3542 5287 agno
3590 5218 3728 5287 lupus

2204 5294 2382 5329 ιδεονε.

2204 5294 2382 5331 ιδεονε.

2237 5346 2301 5422 V.
2355 5344 2475 5422 5&5.
2511 5346 2634 5422 Via
2679 5349 2804 5422 Ιιᾳξς
2826 5351 3016 5422 [υνῙοδί.
3067 5349 3249 5408 Placet
3290 5354 3597 5422 conjectura
3634 5356 3729 5408 hoc

2167 5415 2219 5468 in
2242 5417 2361 5493 loco
2384 5414 2525 5469 Petri
2542 5414 3140 5493 AntoniiBernardonii,
3171 5414 3516 5478 ammnissimi
3538 5431 3725 5493 poetae,

2166 5487 2376 5561 meique
2404 5500 2563 5561 supra
2594 5502 2780 5561 omnes
2821 5488 3125 5561 familiaris,
3159 5493 3243 5546 cui
3274 5487 3556 5561 legendum
3587 5491 3728 5545 vide-

2167 5560 2251 5630 tur
2280 5556 2463 5630 ﬁrmos,
2494 5556 2685 5610 litteris
2717 5558 2963 5630 nimirum
2986 5560 3039 5613 in
3064 5562 3247 5615 codice
3269 5556 3555 5630 parumper
3580 5562 3727 5613 vitia-

2166 5623 2248 5704 tis.
2281 5622 2407 5703 'lloc
2430 5633 2625 5704 autem
2665 5626 2886 5680 verbum
2929 5631 3175 5704 proprie,
3206 5622 3407 5704 plenos,
3454 5622 3725 5704 :qruvesqua

2168 5692 2276 5745 cibo
2308 5693 2587 5759 signiﬁcat,
2620 5709 2681 5748 ac
2707 5704 2882 5762 poeta:
2912 5692 3077 5752 men—ti
3109 5692 3327 5755 omnino
3356 5692 3624 5756 convenit.
