3990 6182
327 266 426 320 597

1704 459 1905 530 ipultos

324 562 428 616 655
462 560 545 616 Ad
574 568 786 630 tempus
811 558 1025 630 placido
1060 557 1227 627 sopiri
1254 569 1484 624 corpora
1511 568 1721 608 somno.

463 650 608 718 Ergo
635 649 930 706 reformato
950 647 1143 702 Felicis
1162 647 1370 701 honore
1391 643 1622 714 sepulcri

464 738 657 795 Omnia
686 740 918 796 sollicite
946 738 1154 792 munita
1183 735 1557 805 relinquimus,
1587 740 1648 788 ut
1669 732 1781 802 jam

464 834 647 903 Usque
673 832 821 888 diem
839 831 1072 894 Domini,
1097 845 1204 900 quo
1230 828 1410 883 debita
1432 825 1673 896 principe
1691 822 1906 878 Christo

463 924 672 980 Excitis
693 924 897 993 pariter
924 921 1153 977 radiabit
1177 919 1346 988 gloria
1373 918 1595 984 sanctis,

324 1014 428 1070 640
464 1014 787 1070 inconcussa
816 1027 916 1066 suo
944 1010 1283 1079 requiescant
1311 1023 1434 1063 ossa
1462 1006 1645 1071 cubili,

465 1106 702 1176 Quaeque
731 1104 967 1158 animam
995 1107 1239 1157 sanctam
1267 1104 1452 1154 manet
1478 1096 1532 1152 in
1571 1095 1791 1165 regione
1818 1110 1908 1150 su-

1716 1185 1907 1258 [perna

467 1286 601 1353 Pax,
632 1283 824 1340 eadem
862 1282 917 1338 in
946 1290 1091 1338 terra
1136 1287 1319 1337 teneat
1344 1277 1654 1334 venerabile
1690 1291 1902 1346 corpus.

466 1376 605 1444 Quid
632 1380 881 1445 superest
904 1371 1050 1442 quod
1091 1371 1268 1427 adhuc
1303 1367 1570 1425 referam?
1598 1367 1751 1438 quasi
1778 1381 1906 1421 vero

1632 1458 1739 1531 [vel
1768 1460 1903 1527 ipsa,

469 1556 598 1624 Quae
624 1555 798 1612 cecini
822 1595 837 1620 ,
865 1554 1024 1623 digne
1064 1552 1346 1618 ediderim,
1371 1551 1457 1607 vel
1484 1560 1675 1605 cuncta
1703 1547 1907 1617 profusi

329 1646 434 1702 645
468 1648 687 1702 Munera
715 1645 991 1700 retulerim
1021 1643 1177 1714 pleno
1204 1654 1453 1696 sermone
1481 1638 1728 1709 patroni?

1778 256 2013 311 POEMA
2050 255 2189 312 XXI.

466 380 598 447 Quae
636 378 833 450 probet
868 376 924 432 in
950 374 1167 432 Christo
1210 372 1423 430 functos
1458 372 1577 428 sine
1603 377 1779 427 morte
1821 384 1911 425 se-
1937 369 1989 429 Δ

3493 263 3596 319 598

2162 368 2308 425 Ordo
2344 384 2597 441 operum,
2626 370 2776 441 prior
2816 381 2963 429 esset
2997 380 3057 428 ut
3082 373 3165 429 his
3191 372 3450 445 perfectio
3478 388 3594 429 cm-

3502 465 3569 519 tis

3502 465 3569 519 tis

2148 548 2278 616 Qum
2305 550 2448 606 circa
2475 557 2690 606 sanctas
2715 550 3006 607 venerandi
3034 553 3282 624 martyris
3308 464 3497 610 aula;p
3571 503 3588 529 ,

2149 639 2347 696 Sedula
2373 641 2655 713 multiiugo
2683 644 2960 701 molimine
2986 660 3115 702 cura
3142 646 3398 715 parabat;

2009 730 2114 786 665
2151 731 2395 801 Cumque
2424 748 2641 788 manum
2671 751 2936 790 summam
2965 735 3121 799 factis
3148 737 3328 793 divina
3354 736 3591 793 dedisset

2149 823 2355 889 Gratia,
2387 834 2514 881 tunc
2543 828 2704 897 pleno
2734 827 2897 883 finitis
2924 829 3113 884 ordine
3134 830 3275 885 votis

2148 914 2374 969 Condita
2403 916 2695 984 perductos
2721 918 2922 973 rivaret
2950 919 3003 973 in
3033 920 3170 974 atria
3194 919 3390 976 fontes.

2146 1005 2386 1075 Denique
2414 1016 2475 1062 ut
2499 1008 2723 1079 impleto
2749 1010 2899 1065 stetit
2926 1010 3014 1066 hic
3038 1027 3177 1081 opus
3193 1025 3353 1067 omne
3371 1018 3585 1083 paratu,

2150 1093 2268 1149 Non
2298 1096 2537 1151 extincta
2567 1096 2658 1151 diu
2688 1099 2856 1152 nostri
2884 1099 2999 1154 sitis
3027 1100 3175 1155 arida
3202 1102 3347 1166 voti,

2008 1182 2112 1238 670
2149 1183 2381 1255 Moxque
2400 1187 2617 1241 volente
2643 1187 2756 1242 Deo
2788 1190 2968 1259 populi
2998 1192 3147 1259 prius
3176 1204 3368 1260 aspera
3396 1192 3562 1249 corda

2151 1276 2484 1334 Consensum
2514 1279 2725 1336 facilem
2751 1281 2972 1351 proclivi
3002 1283 3164 1338 corde
3191 1284 3407 1340 dedere.

2154 1369 2335 1425 Dicam
2365 1370 2527 1438 igitur
2554 1371 2715 1428 modo
2739 1388 2932 1429 munus
2959 1388 3129 1442 aqum.
3160 1375 3236 1429 Da
3268 1392 3408 1432 nunc
3435 1378 3585 1443 mihi,

3393 1466 3587 1540 [Felix,

2147 1554 2193 1607 A
2221 1553 2449 1608 Domino
2480 1569 2713 1610 exorans
2733 1556 2911 1612 Verbo
2941 1557 3074 1613 mihi
3101 1572 3318 1613 currere
3347 1558 3570 1613 verbum

2153 1642 2284 1696 Tam
2313 1643 2454 1699 facili
2484 1645 2719 1714 eloquio,
2745 1661 2907 1715 quam
2936 1646 3085 1714 largo
3111 1645 3329 1703 ﬂumine
3359 1646 3536 1703 fontes

468 1737 631 1791 Multa
653 1736 841 1801 latent,
860 1748 1085 1789 numero
1106 1730 1331 1786 memori
1354 1738 1531 1784 tamen
1554 1727 1732 1783 omnia
1755 1725 1909 1782 nobis
1938 1724 1985 1784 B
2012 1730 2116 1786 675
2154 1731 2210 1785 in
2239 1740 2326 1786 tua
2358 1734 2634 1800 vestibula,
2660 1742 2822 1802 atque
2844 1734 3033 1790 domos
3055 1751 3279 1790 manare
3304 1736 3536 1793 dedisti:

466 1827 692 1882 Pectore
732 1824 837 1879 lixa
868 1823 1074 1890 sedent,
1104 1831 1161 1879 et
1188 1822 1417 1892 plurima
1443 1820 1555 1888 jam
1583 1826 1899 1883 memorata,

470 1919 631 1975 Plura
674 1917 836 1973 etiam
866 1914 1217 1970 memoranda
1259 1919 1498 1967 manent.
1530 1908 1637 1964 Sed
1671 1908 1907 1961 maxima

1704 1998 1906 2071 [multis

466 2099 818 2171 Excerpenda
844 2105 1035 2155 monet
1054 2094 1369 2153 moderandi
1390 2092 1575 2162 regula
1603 2092 1743 2146 libri.

328 2192 432 2249 650
467 2193 724 2248 Omnibus
748 2190 1034 2246 exstructis
1062 2201 1305 2258 operum,
1331 2199 1451 2255 quae
1469 2191 1613 2238 stare
1636 2181 1902 2245 videntur,

469 2284 701 2339 Diversis
728 2290 943 2337 exstare
967 2279 1143 2334 modis
1169 2277 1382 2332 excelsa
1409 2290 1505 2345 per
1532 2273 1703 2339 aulas,

468 2375 536 2430 Et
564 2390 661 2445 per
694 2371 957 2430 vestibula
986 2365 1229 2426 extensis
1270 2364 1597 2423 circumdata
1624 2364 1732 2417 late

466 2466 786 2526 Porticibus,
831 2462 1005 2519 solum
1031 2459 1190 2514 simul
1218 2457 1399 2513 omnia
1427 2469 1619 2510 munus
1644 2466 1904 2521 aquarum

466 2566 631 2621 Tecta
652 2563 970 2618 videbantur
1002 2557 1208 2614 maestis
1236 2570 1393 2611 orare
1421 2552 1648 2609 colonis.

328 2657 431 2715 655
468 2658 646 2727 ipsum
684 2656 869 2721 etiam,
900 2652 1091 2717 fateor,
1121 2648 1348 2718 querula
1366 2646 1479 2716 jam
1504 2659 1639 2699 voce
1667 2642 1904 2699 solebam

465 2753 701 2808 Felicem
725 2752 976 2805 incusare
996 2760 1199 2810 meum,
1227 2742 1381 2812 quasi
1410 2740 1646 2810 segniter
1666 2737 1784 2793 istis

464 2843 699 2897 instaret
721 2839 882 2903 votis,
915 2835 1060 2906 quod
1087 2848 1241 2903 aqua:
1273 2830 1545 2887 consortia
1575 2827 1731 2883 nobis

324 2930 673 3008 553-5“
710 2928 845 2985 Tam
881 2926 1103 2994 longum
1138 2921 1287 2978 socia
1328 2926 1603 2990 pateretur
1656 2915 1725 2970 ab
1762 2912 1905 2969 Urbe

1672 3006 1897 3080 [negarL

465 3114 662 3168 Verum
687 3107 990 3167 inconsulta
1019 3110 1371 3174 properantes
1396 3107 1575 3152 mente
1605 3096 1852 3151 trahebat

324 3204 429 3259 660
468 3202 707 3259 Consilio
735 3199 948 3269 potiore
976 3209 1159 3249 moras
1187 3192 1237 3245 in
1266 3198 1512 3258 tempora
1543 3193 1763 3240 nectens

464 3292 738 3360 Congrua,
760 3288 840 3343 sic
862 3284 1062 3341 etenim
1087 3281 1231 3351 justa
1260 3278 1472 3333 ratione
1502 3275 1723 3344 petebat

393 3422 457 3477 ν.
501 3419 627 3477 639.
667 3416 869 3472 Excin's
917 3414 1134 3486 pariter.
1179 3409 1354 3486 Quum
1402 3414 1649 3475 tempore
1698 3402 1908 3486 Paulini

319 3492 464 3549 haud
494 3492 571 3545 ita
615 3478 1159 3559 exploratum_foret_,
1211 3478 1461 3558 statimne
1514 3491 1545 3529 a
1576 3482 1790 3559 morte,
1838 3490 1907 3529 an

362 3543 777 3618 ὂξῐέέίτεὶήίιω
796 3555 1063 3610 Judicium
1090 3543 1300 3621 piorum
1329 3548 1520 3621 anima:
1548 3543 1613 3597 ad
1640 3544 1906 3621 visionem

367 3612 452 3697 éi',
481 3612 846 3699 gloriamque
876 3612 1167 3699 perennem
1184 3617 1670 3699 "admitterentur,
1691 3684 1703 3699 ι
1726 3612 1906 3693 Pauli-

320 3684 451 3758 Stin;
489 3684 804 3770 §USpicabar
833 3684 892 3749 in
916 3688 1231 3770 hujusmodi.
1263 3688 1563 3770 quastione
1600 3684 1907 3770 ambiguum

318 3752 665 3838 Qié'ﬁssé’féi
702 3752 1330 3838 aliorumquorumdafn
1355 3755 1573 3838 Patrum
1604 3752 1787 3838 itidem
1817 3752 1908 3808 hic

318 3822 893 3912 ancipit:umex_empla
940 3822 1104 3912 fuisse
1133 3835 1452 3912 “sequutum.
1605 3823 1730 3912 lich
1749 3837 1907 3912 versu

316 3891 936 3977 é'ué'éiﬁo'pinioiien.
964 3891 1546 3977 depreheiidisse‘iuilhi
1578 3891 1831 3977 videbar,
1850 3901 1907 3946 et

316 3961 717 4038 Eiiﬁeﬁiiaséx
747 3974 919 4045 ep.”
934 3973 999 4045 ad
1022 3961 1237 4045 Sever.,
1268 3965 1357 4020 ubi
1386 3964 1453 4019 de
1474 3961 1659 4030 Claro,
1688 3962 1908 4017 homine

318 4058 508 4108 sancto
529 4049 638 4118 jam
670 4038 946 4108 defuncto,
975 4043 1047 4096 ita
1078 4038 1220 4095 canit
1249 4053 1261 4088 :

437 4150 555 4198 Sive
579 4148 775 4196 Patrum
798 4158 821 4193 s
843 4146 899 4193 ni
927 4156 984 4192 us
1010 4141 1229 4195 recubas,
1254 4133 1508 4187 Dominive
1532 4133 1624 4183 sub
1643 4145 1727 4185 ara

502 4209 754 4269 Conderis,
782 4215 863 4255 aut
885 4217 1022 4254 sacro
1049 4206 1260 4269 pasceris
1284 4206 1334 4252 in
1352 4208 1598 4269 nemore;

441 4257 672 4329 Qualibet
698 4257 754 4317 tu,
770 4271 977 4325 regione
1002 4257 1093 4326 poli
1120 4266 1256 4329 situs,
1283 4267 1368 4312 aut
1394 4257 1621 4329 paradisi,

501 4330 660 4390 Clare,
685 4332 777 4379 sub
801 4336 983 4377 etei-na
1008 4339 1129 4388 pace
1154 4326 1328 4376 beatus
1350 4326 1474 4381 agis.

317 4423 517 4481 Verum
555 4423 617 4477 P.
660 4421 979 4477 Eustachius
1024 4434 1053 4473 a
1081 4419 1137 4474 S.
1188 4416 1396 4474 Ubaldo
1426 4429 1610 4484 congr.
1644 4427 1812 4484 erem.
1844 4412 1905 4470 S.

313 4495 455 4564 Aug.
486 4493 705 4549 Excalc.
736 4491 801 4564 Υ.
834 4489 898 4550 C.
928 4499 983 4564 et
1010 4489 1275 4564 exquisita
1315 4483 1621 4542 eruditiOne
1648 4483 1903 4563 refertus,

315 4553 623 4625 Paulinum,
662 4564 707 4618 si
732 4562 849 4630 ejus
876 4561 1037 4617 verba
1067 4553 1463 4629 e'xpendantur,
1496 4565 1644 4630 recte
1674 4553 1906 4608 sensisse

314 4651 403 4690 me
447 4624 779 4708 monuit.__i3t
816 4646 1006 4708 revera
1049 4624 1294 4707 sanctum
1336 4634 1555 4708 poetam
1601 4624 1705 4679 hoc
1744 4638 1905 4708 versu

314 4705 645 4773 completam
673 4703 814 4773 illam
845 4701 1159 4755 beatitatem
1200 4697 1474 4773 innuiSSe,
1527 4710 1632 4773 qua
1663 4702 1786 4773 post
1814 4708 1906 4745 su-

315 4762 562 4843 premum
586 4772 772 4843 judicii
796 4772 1198 4843 diemcorpore
1224 4768 1386 4843 etiam
1410 4762 1694 4833 glorilicati
1712 4762 1906 4843 _f_ruen—

315 4831 403 4898 tur
426 4831 624 4908 sancti,
661 4842 813 4896 facile
838 4841 993 4895 nobis
1019 4831 1348 4908 persuadere
1373 4831 1682 4908 possumus.
1708 4831 1907 4908 Memo‘

317 4921 433 4967 rata
460 4929 588 4967 vero
610 4901 802 4981 'nuper
827 4901 1065 4981 carmina
1107 4908 1174 4963 ad
1201 4901 1462 4981 Severum
1488 4904 1555 4981 de
1599 4901 1906 4981 loco-fium-

318 4990 487 5045 taxat,
528 4983 618 5036 ubi
646 4970 787 5035 nunc
826 4979 1164 5033 detineantur
1200 4978 1435 5031 fidelium
1465 4974 1677 5035 animae,
1704 4970 1904 5045 Pauli-

319 5068 447 5105 num
476 5042 749 5119 ambigere
773 5057 1078 5115 testantur;
1119 5048 1343 5116 gloriam
1374 5046 1515 5098 enim
1543 5042 1749 5119 Sanctis
1778 5047 1906 5119 ante

320 5136 609 5191 corporum
624 5113 1101 5191 'resurrectionem
1125 5113 1380 5173 collatam
1411 5122 1620 5167 tantum
1655 5113 1907 5191 abesthut

320 5179 659 5257 cat'iniicias,
688 5191 817 5261 quin
858 5190 1002 5243 illam
1030 5202 1288 5257 expresse
1325 5192 1556 5250 asserat,
1582 5197 1746 5251 quum
1779 5179 1855 5233 ait
1887 5196 1899 5232 :

445 5291 678 5354 Qualibet
698 5296 746 5342 in
769 5293 975 5354 regione
1002 5289 1097 5351 poli
1121 5290 1264 5354 situs,
1289 5293 1371 5334 aut
1395 5286 1625 5354 paradisi,

505 5353 667 5416 Clare,
689 5354 783 5403 sub
807 5350 990 5402 aiterua
1004 5350 1135 5410 pace
1160 5352 1336 5398 beatus
1362 5350 1481 5407 agis.

322 5438 458 5494 iiinc
485 5436 603 5506 ejus
631 5450 789 5505 opem
816 5434 957 5505 apud
983 5434 1152 5506 Deum
1184 5430 1451 5506 implorat.
1490 5425 1645 5506 Sgepc
1680 5439 1806 5506 vero

323 5495 556 5563 Felicem
572 5495 713 5562 cmio
732 5495 999 5561 redditum
1022 5503 1170 5558 canit
1200 5495 1475 5554 Paulinus.
1500 5497 1623 5551 Nat.
1656 5512 1669 5549 ι
1694 5495 1899 5562 inquit:

442 5598 630 5647 Vectus
646 5599 695 5648 in
710 5596 980 5647 mthereum
997 5595 1105 5644 sine
1123 5591 1361 5653 sanguine
1380 5593 1560 5649 martyr
1580 5586 1836 5636 hcnorem.

326 5679 444 5737 Nat.
473 5680 537 5735 ill
555 5693 571 5731 ς,

2148 1823 2336 1879 Omnia
2354 1865 2367 1886 ,
2393 1840 2510 1894 quae
2539 1826 2693 1881 nobis
2720 1835 2773 1880 te
2794 1825 3120 1895 suffragante
3147 1830 3412 1898 benignus

2148 1914 2451 1971 Contribuit
2477 1916 2753 1982 Dominus,
2778 1918 2872 1970 tali
2900 1918 3176 1973 decoravit
3202 1928 3257 1973 et
3278 1921 3427 1975 auxit

2150 2006 2387 2071 Munere,
2413 2022 2519 2075 quo
2544 2007 2719 2061 fontes
2748 2008 3053 2063 sitientibus
3083 2008 3262 2063 intulit
3290 2010 3449 2065 arvis.

2149 2097 2242 2151 Illa
2272 2097 2575 2167 piorursus
2603 2106 2753 2167 petra
2783 2097 3027 2153 Christus
3055 2099 3121 2153 ab
3150 2099 3315 2154 ubere
3338 2084 3515 2164 illuxit,

2009 2187 2114 2245 680
2152 2189 2398 2257 Antiquae
2418 2188 2658 2244 referens
2685 2188 2885 2243 donum
2916 2189 3150 2257 pietatis,
3178 2196 3237 2243 ut
3263 2205 3480 2245 omnem

2152 2279 2372 2335 insolito
2399 2280 2594 2334 siccam
2622 2279 2773 2349 prius
2799 2278 3066 2333 inroraret
3095 2293 3312 2334 arenam
3330 2320 3345 2343 ,

2149 2372 2219 2427 Et
2248 2381 2445 2428 terram
2469 2373 2585 2426 sine
2614 2369 2752 2439 aqua
2781 2371 2971 2425 subitis
2998 2386 3218 2425 manare
3248 2369 3462 2425 liuentis

2151 2463 2423 2530 Efﬁceret,
2448 2470 2765 2532 sanctasque
2792 2463 2874 2518 sui
2902 2462 3094 2517 Felicis
3122 2463 3174 2517 in
3204 2462 3375 2529 aulas,

2152 2553 2461 2623 HOSpitibus
2488 2554 2699 2623 populis
2725 2553 2932 2608 diversa
2960 2560 3120 2621 gente
3149 2554 3372 2620 coactis,

2008 2644 2113 2701 685
2150 2646 2253 2703 Per
2282 2656 2473 2718 puteos
2501 2647 2689 2713 simul,
2728 2655 2889 2715 atque
2923 2646 3093 2715 lacus,
3124 2647 3463 2719 conchasque
3497 2663 3587 2703 ca-

3466 2753 3597 2797 acet-

2153 2830 2397 2899 Largiter
2420 2828 2606 2884 infusis
2636 2843 2775 2882 nova
2807 2842 3025 2882 currere
3055 2827 3247 2896 pocula
3277 2738 3463 2883 rivi;p

2151 2919 2280 2986 Quis
2306 2935 2426 2975 mea
2454 2926 2507 2974 te
2530 2918 2650 2973 fons
2677 2932 2886 2972 summa
2913 2916 3067 2970 daret
3094 2915 3309 2970 deserta
3330 2918 3523 2984 rigare,

2154 3011 2569 3078 Pumiceumque
2598 3008 2705 3061 mei
2733 3005 2911 3060 cordis
2939 3020 3287 3075 perrumpere
3314 3020 3522 3075 saxum,

2153 3100 2340 3170 Exque
2379 3107 2533 3171 petra
2571 3097 2796 3151 fundare
2824 3096 3076 3161 domum,
3112 3103 3168 3152 et
3203 3095 3270 3152 de
3310 3104 3363 3152 te
3403 3097 3588 3153 bibere

3343 3186 3586 3261 [undam,

2011 3283 2116 3341 690
2153 3282 2281 3350 Quae
2306 3288 2522 3352 pareret
2547 3279 2723 3337 vivam
2743 3278 2874 3337 mihi
2901 3278 3045 3335 sicco
3074 3278 3128 3333 in
3156 3286 3376 3350 pectore
3397 3293 3591 3336 venam

2134 3409 2337 3470 Occidit.
2372 3426 2422 3464 et
2447 3415 2637 3463 Christo
2659 3415 2821 3472 superi
2875 3419 2951 3462 est
2974 3421 3117 3463 natus
3140 3413 3189 3460 in
3214 3414 3380 3474 astris,

2132 3477 2395 3527 Coalestem
2420 3485 2587 3525 nactus
2608 3480 2715 3525 sine
2739 3476 2980 3537 sanguine
3005 3482 3183 3536 martyr
3207 3475 3461 3524 honorem.

2009 3561 2137 3619 Nat.
2170 3560 2235 3616 VI
2261 3575 2517 3631 expresse
2542 3557 2599 3613 S.
2630 3559 2823 3613 Felicis
2850 3558 3075 3627 gloriam
3103 3562 3331 3611 testatur
3364 3573 3378 3608 :

2590 3660 2768 3721 Superi
2824 3657 2997 3721 Felicis
3022 3664 3193 3721 mente
3214 3656 3465 3721 fruuntur,

2132 3721 2344 3781 Corpore
2370 3734 2475 3781 nos,
2501 3716 2773 3781 animaeque
2801 3720 3013 3779 potentis
3035 3719 3233 3779 spiritus
3255 3716 3357 3767 illic

2134 3780 2280 3839 Vivit,
2310 3790 2361 3831 et
2388 3780 2467 3830 hic
2488 3780 2733 3828 meritum.

2014 3876 2330 3932 Defunctum
2358 3874 2588 3929 Felicem
2616 3873 2692 3927 ait
2714 3887 2811 3942 per
2830 3871 3053 3940 angelos
3074 3870 3311 3925 delatum

2132 3967 2286 4025 Regis
2310 3968 2355 4015 in
2382 3967 2683 4026 adspeetum,
2709 3963 2984 4023 summique
3011 3962 3228 4023 parentis
3248 3960 3306 4010 ad
3328 3973 3430 4010 ora.

2014 4051 2208 4106 Tribus
2230 4049 2377 4103 illum
2406 4046 2622 4103 coronis
2648 4046 2906 4102 donatum
2932 4044 3170 4112 exhibet,
3190 4044 3475 4114 subditque
3507 4062 3521 4100 :

2683 4135 2847 4185 Tenet
2869 4149 2991 4190 ergo
3016 4143 3066 4184 et
3092 4137 3284 4196 praemia
3311 4136 3435 4196 passi

2133 4200 2269 4259 Quod
2292 4206 2511 4261 prompta
2537 4199 2720 4247 virtute
2745 4197 2851 4256 fuit,
2878 4209 2970 4247 nec
2995 4199 3121 4259 pacis
3146 4198 3331 4245 honore

2134 4262 2420 4323 Ornatuque
2442 4265 2599 4309 caret.

2016 4354 2185 4421 igitur
2214 4352 2281 4407 de
2317 4351 2438 4406 loco
2472 4349 2561 4421 ubi
2590 4348 2824 4421 fidelium
2850 4350 3042 4421 animae
3070 4348 3591 4421 detinerentur,_non

2015 4415 2145 4547 lvero
2170 4422 2453 4545 dedcorum
2473 4420 2731 4474 beatitate
2750 4418 3135 4487 aliquantulum
3166 4418 3437 4474 dubitasse
3462 4415 3591 4473 Pau-

2036 4509 2154 4547 inns
2183 4510 2233 4545 vi
2276 4504 2413 4545 etur.

2036 4509 2154 4548 intlS
2183 4508 2413 4545 Videwl‘.

2089 4563 2158 4621 V.
2191 4560 2312 4615 655.
2350 4560 2531 4632 Ipsum
2560 4559 2969 4632 eliamLfateor.
3012 4554 3165 4611 Hunc
3205 4571 3464 4626 aquarum
3494 4558 3593 4612 de~

2015 4634 2212 4689 fectum
2243 4628 2420 4700 tetigit
2448 4629 2702 4684 Paulinus
2726 4628 2847 4683 Nat.
2878 4642 2931 4680 ix
2958 4644 2970 4678 :

2132 4724 2358 4773 Forsitan
2385 4725 2487 4771 haec
2512 4725 2642 4770 inter
2668 4720 2869 4779 cupidus
2895 4716 3171 4780 spectacula
3196 4730 3406 4779 quaeras,

2138 4786 2274 4834 Unde
2297 4784 2530 4845 replenda
2558 4786 2621 4832 sit
2644 4782 2750 4830 haec
2777 4779 2986 4828 sontibus
3010 4792 3121 4827 area
3146 4779 3309 4845 dives,

2134 4850 2250 4895 Cum
2273 4839 2437 4908 procul
2461 4846 2595 4904 urbs,
2612 4854 2661 4893 et
2681 4844 2855 4908 ductus
2874 4853 3019 4908 aqum
3033 4854 3185 4901 prope
3205 4842 3365 4888 nullus
3384 4841 3444 4889 ab
3458 4839 3592 4890 Urbe

2136 4905 2373 4968 Exiguam
2403 4908 2495 4955 huc.
2519 4908 2654 4968 tenui
2678 4906 2904 4968 demittat
2925 4905 3077 4968 limite
3101 4908 3306 4968 guttam.

2137 4962 2468 5029 Respondebo
2490 4982 2501 5017 :
2531 4967 2649 5015 nihil
2675 4966 2865 5029 propria
2890 4978 2979 5013 nos
3002 4963 3157 5010 ﬁdere
3180 4962 3377 5029 dextra,

2134 5030 2211 5079 Nil
2237 5025 2329 5090 ope
2356 5038 2553 5090 terrena
2580 5025 2822 5077 conlidere
2846 5041 2858 5074 :
2884 5034 3053 5075 cuncta
3084 5031 3178 5085 poti
3204 5025 3270 5071 nti

2142 5084 2440 5153 Deposuisse
2467 5088 2592 5149 Deo,
2618 5097 2670 5138 et
2693 5090 2852 5138 fontes
2877 5084 3177 5150 prmsumere
3202 5084 3349 5134 cmio.

2081 5176 2145 5229 V.
2175 5173 2300 5228 685.
2334 5171 2437 5225 Per
2464 5178 2659 5241 puteos.
2695 5170 2806 5241 Hie,
2820 5177 2904 5225 est
2926 5168 3144 5241 Nolana:
3172 5166 3333 5241 urbis-
3347 5179 3493 5231 usus,
3524 5164 3589 5241 il-

2011 5247 2146 5301 latas
2186 5259 2282 5310 per
2316 5234 2686 5310 aquaeductum
2703 5239 2893 5305 undas,
2916 5239 3094 5310 puteris
3114 5244 3169 5292 et
3183 5236 3418 5310 _lacub_us
3440 5234 3590 5310 eiici-

2045 5331 2155 5380 ere,
2176 5300 2408 5368 futurum
2429 5311 2612 5365 :estivo
2640 5300 3434 5380 tempore'sblatiumﬁapacius
3448 5300 3587 5380 iiist.

2055 5374 2174 5455 eap.
2208 5385 2261 5437 in
2293 5383 2390 5455 ίίιι.Δ
2415 5380 2482 5435 de
2504 5396 2640 5455 aqua
2669 5374 2856 5455 Nolam
2886 5394 2953 5434 ex
2976 5374 3318 5455 urbe_A_hella
3348 5374 3589 5455 derivata

2008 5443 2173 5524 agens
2201 5455 2315 5508 haec
2343 5452 2418 5505 ait
2452 5469 2468 5524 :_
2499 5443 2620 5524 ou
2661 5450 2811 5524 modo
2838 5466 3020 5524 agrum
3049 5448 3218 5524 alluit,
3242 5454 3392 5513 atque
3412 5443 3486 5523 ita
3509 5450 3586 5505 ut,

2008 5513 2125 5580 cum
2151 5542 2244 5595 per
2272 5524 2405 5575 rivos
2434 5521 2706 5595 detinetur,
2738 5513 3042 5595 immittatur
3061 5517 3113 5570 in
3136 5513 3590 5595 puteosnauipas-

2010 5600 2108 5651 sim
2134 5582 2318 5662 ubique
2345 5582 2749 5662 conspiciuntur,
2774 5591 3023 5662 cujusque
3049 5582 3301 5662 aquarum
3331 5582 3582 5662 _bonilnte,

2013 5677 2058 5720 et
2088 5654 2376 5733 [rigiditale
2406 5654 2641 5715 Αὔειιαηὶ
2672 5654 2859 5715 mit-1":
2896 5654 3154 5712 caloribus
3201 5654 3430 5709 maxima
3474 5669 3586 5706 cum
