3990 6182
424 278 528 336 599

552 487 767 558 Eloquii
799 488 994 550 tenuis,
1018 502 1127 556 quo
1149 492 1203 540 te
1225 485 1434 554 loquar,
1461 484 1586 538 inde
1613 483 1858 554 profecto

556 578 800 643 Ducitur,
822 578 964 632 unde
985 578 1146 632 etiam
1169 576 1343 630 lluviis
1364 573 1603 630 exundat
1630 575 1803 643 origo.

552 671 688 726 Nam
707 672 828 740 quis
846 671 933 725 vel
959 669 1171 725 modico
1190 677 1245 722 te
1272 683 1482 722 summa
1502 667 1744 737 patentia
1771 666 1964 721 summi

417 759 521 817 695
557 761 769 816 Christe
791 759 968 816 Patris
997 759 1094 814 fari
1120 760 1238 814 sine
1264 767 1318 813 te
1346 759 1544 827 queat?
1567 757 1687 827 lpse
1714 766 1840 812 tuus
1861 766 1924 812 te

557 853 787 923 luspirat
813 853 1057 908 Christus
1085 853 1189 907 dici
1218 865 1327 921 quo
1355 850 1557 904 lumine
1586 851 1767 904 lumen

559 943 624 998 Et
650 943 818 1013 patris
846 951 900 997 et
927 943 1037 996 nati
1067 957 1166 1012 par
1191 941 1482 1006 cernimus,
1510 949 1570 995 ut
1597 939 1732 994 duce
1761 949 1950 995 sancto

553 1034 876 1104 Adspirante
899 1033 1064 1089 Deum
1089 1032 1352 1087 fateamur
1371 1047 1493 1087 cum
1521 1030 1680 1085 Patre
1707 1031 1997 1086 Christum.

555 1127 661 1182 Sed
689 1125 812 1196 quia
845 1124 973 1179 dum
996 1125 1104 1178 vivi
1134 1124 1297 1180 fontis
1323 1136 1454 1191 gero
1479 1138 1676 1177 nomen
1704 1123 1756 1176 in
1785 1137 1898 1187 ore,

411 1217 514 1276 700
552 1219 716 1273 Gutta
744 1232 924 1272 meum
953 1217 1174 1272 stillavit
1198 1217 1254 1271 in
1278 1231 1342 1272 os
1363 1215 1430 1271 de
1453 1214 1673 1270 ﬂumine
1703 1213 1887 1276 Verbi,

551 1309 716 1366 Forte
753 1307 987 1376 aliquem
1024 1305 1259 1362 referent
1298 1321 1366 1361 ex
1405 1305 1531 1361 hinc
1571 1319 1690 1360 mea
1727 1303 1876 1358 labra
1915 1317 2002 1358 sa-

1767 1393 1996 1465 |porem,

553 1489 622 1545 Et
642 1505 785 1546 nunc
810 1505 1002 1545 munus
1030 1503 1183 1558 aquae
1205 1503 1312 1543 non
1342 1487 1499 1541 siccis
1523 1485 1766 1540 faucibus
1793 1498 1952 1538 arens

553 1581 776 1649 Lingua,
808 1580 905 1638 sed
935 1580 1152 1635 uberius
1180 1579 1328 1634 velut
1359 1579 1668 1632 humectata
1698 1576 1968 1644 loquetur.

550 1670 809 1726 Omnibus
838 1670 1113 1726 instructis
1142 1683 1386 1738 operum,
1405 1680 1526 1737 qua:
1543 1667 1711 1720 multa
1726 1665 1994 1729 videntur,

411 1763 515 1821 705
553 1763 795 1819 Postulat
824 1764 923 1817 iste
952 1762 1101 1817 locus
1128 1762 1335 1816 devotae
1365 1775 1560 1814 nomen
1589 1759 1790 1816 Abella:

547 1859 738 1914 ludere
769 1857 1064 1919 versiculis,
1090 1873 1214 1911 nam
1235 1856 1396 1925 digna
1424 1855 1637 1910 videtur
1659 1855 1867 1910 honore

547 1948 791 2003 Nominis
819 1947 999 2016 hujus,
1025 1955 1085 2006 ut
1113 1947 1166 2001 iu
1197 1946 1411 2000 Iaudem
1435 1945 1629 2000 Felicis
1649 1953 1706 2000 et
1733 1946 1848 2015 ipsa

550 2037 841 2103 Laudetur,
865 2037 990 2106 quia
1020 2052 1118 2106 pro
1146 2036 1341 2091 Felicis
1363 2037 1571 2091 honore
1599 2035 1840 2093 laborem

550 2130 758 2200 Sponte
781 2129 881 2184 sibi
910 2127 1170 2197 sumpsit,
1193 2127 1339 2196 quod
1365 2127 1630 2184 desudare
1653 2130 1752 2184 sub
1779 2136 1913 2184 aestu

407 2217 512 2276 ἨΟ
549 2218 790 2289 Rupibus
817 2218 1056 2287 abruptis
1085 2217 1353 2285 requiem,
1378 2218 1718 2288 pretiumque
1747 2221 1973 2288 putavit.

410 2308 760 2384 555-546
799 2307 970 2362 Parva
1015 2307 1232 2380 quidem
1269 2307 1384 2363 hzec
1421 2310 1624 2373 muris,
1667 2310 1764 2364 sed
1805 2320 1994 2368 sancto

1551 2399 1766 2472 [magna
1794 2399 1992 2458 feretro

556 2489 694 2548 Urbs
719 2503 884 2561 opere
910 2489 1024 2545 hanc
1050 2497 1248 2544 nostrae
1285 2488 1408 2544 hinc
1439 2503 1537 2544 sex
1564 2488 1800 2544 millibus
1821 2491 1992 2547 absita

1824 2581 1993 2654 [Nolae

549 2675 813 2745 Altijugos
837 2683 1050 2730 montes
1079 2672 1394 2744 interiacet,
1419 2687 1488 2728 ex
1517 2673 1714 2743 quibus
1733 2684 1882 2730 ortas

546 2765 805 2823 Cominus
824 2764 1001 2819 haurit
1023 2777 1210 2832 aquas,
1233 2763 1353 2818 etin
1371 2778 1531 2817 unam
1554 2764 1986 2834 suscipitarcam:

405 2857 510 2916 7l5
551 2855 704 2912 Unde
729 2871 828 2926 per
850 2856 1084 2916 insertos
1112 2854 1308 2910 calices
1328 2854 1428 2910 sibi
1455 2853 1629 2925 prima
1659 2853 1918 2910 ﬂuentum

543 2946 824 3008 Vindicat,
849 2953 905 3000 et
931 2945 1140 3013 reliquo
1169 2943 1430 2998 Nolanam
1459 2943 1679 3014 profluit
1707 2945 1894 3000 urbem

545 3037 808 3103 Fﬂiine,
827 3037 995 3091 multa
1018 3036 1198 3104 rigans
1226 3036 1356 3093 etin
1376 3036 1519 3106 agris
1540 3035 1743 3108 praadia
1766 3038 1984 3108 passim.

399 3195 658 3263 voluptate
684 3195 1002 3263 recreantur,
1037 3189 1128 3263 sed
1165 3189 1232 3241 ad
1272 3187 1603 3244 Nolanorum
1648 3207 1846 3260 quoque
1879 3192 1984 3244 cis-

401 3259 595 3325 ternas,
627 3261 793 3328 soluto
815 3259 999 3328 pretio.
1032 3259 1315 3328 deferatur.

475 3330 538 3384 V.
597 3329 722 3382 695.
760 3325 879 3396 Ipse
905 3337 1020 3396 tuus
1050 3325 1115 3380 te.
1151 3325 1334 3381 Lectio
1355 3341 1652 3395 sensusque
1683 3343 1787 3382 non
1815 3343 1981 3396 parva

397 3400 452 3454 lu
474 3398 703 3466 caligine
724 3395 935 3452 sedent.
966 3395 1227 3451 Medelam
1256 3404 1436 3451 tamen
1468 3398 1586 3451 aliis
1613 3395 1982 3452 intenta’ndam

403 3469 672 3524 relinquo.

740 3535 942 3590 Nomen
996 3536 1208 3591 Abellw.
1259 3536 1571 3605 Legendum
1610 3538 1824 3603 Abella,
1866 3556 1974 3595 non

395 3608 613 3675 Avella,
655 3608 852 3677 quippe
881 3607 1026 3674 quod
1068 3608 1208 3675 apud
1259 3605 1608 3662 Ptolomaeum
1655 3624 1717 3663 ac
1755 3609 1981 3665 Strabo-

395 3694 554 3745 nem,
589 3686 650 3732 ut
692 3678 946 3731 observat
985 3677 1200 3731 Cluver.
1247 3678 1297 3731 in
1337 3677 1456 3731 ltal.
1490 3678 1732 3746 antiqua,
1779 3679 1871 3734 lib.
1908 3696 1978 3746 IV,

394 3763 450 3818 p.
483 3747 643 3815 H85,
673 3747 1170 3818 scribiturjsﬁéna,
1201 3763 1308 3802 non
1338 3764 1470 3803 vero
1489 3749 1739 3803 ’Aouéna.
1763 3748 1818 3803 ln
1841 3766 1982 3805 mar-

393 3816 544 3872 inore
571 3825 786 3872 vetusto
817 3817 957 3885 apud
981 3816 1273 3887 Capacium
1302 3818 1497 3887 legitur
1526 3835 1758 3874 roruws
1802 3837 1966 3875 ABEL-

393 3902 578 3942 unus.
613 3887 866 3969 Virgilius
908 3902 1154 3956 quoque,
1206 3889 1424 3946 .‘Eneid.
1452 3890 1546 3945 lib.
1589 3905 1692 3957 vn,
1738 3890 1979 3945 Abellam

393 3966 714 4012 memoravit
741 3975 754 4010 ε

515 4044 578 4095 Et
597 4058 721 4107 quos
742 4045 998 4096 mellifera:
1021 4046 1313 4106 despectant
1337 4047 1516 4095 muenia
1539 4047 1743 4095 Abella».

391 4125 610 4198 Servius
638 4135 819 4182 tamen
854 4127 922 4181 ad
975 4127 1354 4198 hunc_Virgilii
1391 4127 1568 4198 locum
1602 4130 1858 4198 malifcrw
1897 4130 1976 4183 le-

390 4196 622 4262 gendum
668 4205 884 4256 monet,
921 4212 1043 4248 nam
1088 4194 1243 4249 Nola:
1272 4195 1474 4248 Punica
1503 4197 1644 4249 mala
1671 4194 1972 4252 nascuntur.

391 4263 529 4336 Vide
542 4274 813 4336 praeterea
840 4265 1107 4318 Justinum
1137 4263 1296 4332 Trogi
1319 4265 1748 4323 abbreviatorem
1771 4268 1862 4322 lib.
1881 4285 1974 4336 xx,

389 4331 707 4404 etiPlinium
735 4334 826 4387 lib.
853 4351 930 4402 ιιι,
959 4349 1076 4404 cap.
1102 4352 1155 4389 v.

459 4402 524 4458 Υ.
553 4403 674 4456 7H.
709 4403 902 4476 Sancto
931 4402 1124 4476 magna
1152 4407 1360 4475 feretro.
1384 4403 1860 4476 Nondumirescire
1883 4407 1973 4461 da-

393 4480 625 4545 tum_est
651 4474 780 4527 mihi
802 4516 816 4542 ,
846 4474 1116 4543 quodnam
1155 4474 1332 4530 sancti
1369 4491 1565 4545 corpus
1601 4475 1731 4529 olim
1769 4477 1970 4531 Abellae
2001 4481 2049 4540 D

386 4543 735 4616 conderetur,
762 4545 1043 4616 quicquid
1078 4545 1130 4599 in
1160 4546 1299 4600 hanc
1354 4543 1480 4600 rem'
1516 4545 1717 4602 laboris
1755 4545 1965 4616 impen-

387 4611 530 4684 derit
573 4611 970 4684 eruditissimus
1001 4615 1097 4678 vir,
1145 4617 1379 4684 mihique
1426 4616 1650 4668 multum
1689 4611 1966 4670 commen-

386 4682 594 4755 dandus
623 4682 882 4755 Hercules
906 4685 1201 4755 Barussius,
1234 4682 1324 4755 qui
1356 4685 1556 4739 nullum
1586 4687 1928 4755 prmtermisit
1947 4726 1961 4749 ,

385 4751 511 4805 dum
551 4751 773 4822 Neapoli
805 4762 1007 4820 ageret,
1040 4751 1294 4818 ofﬁcium,
1341 4762 1400 4809 ut
1449 4751 1604 4821 hujus
1647 4755 1964 4811 eruditionis

384 4822 748 4893 cognitionem
779 4825 1084 4893 attingeret.
1112 4822 1168 4876 ln
1196 4823 1380 4893 codice
1407 4833 1590 4878 nostro
1621 4825 1694 4878 ita
1724 4825 1918 4893 legitur
1945 4845 1957 4879 :

387 4889 495 4964 Sed
522 4901 700 4945 sancto
725 4892 849 4944 milii
885 4908 1074 4964 magna
1102 4895 1250 4964 feret.
1280 4892 1392 4959 Ego
1422 4893 1686 4949 defectum
1719 4889 1958 4964 supplevi

385 4960 439 5016 in
488 4969 762 5043 postremo
799 4960 984 5024 verbo,
1026 4960 1259 5031 illudque
1307 4964 1434 5016 mihi
1481 4973 1656 5018 metro
1705 4960 1966 5021 suadente

385 5046 639 5086 εχυιιιιχι.

505 5101 658 5154 .712.
696 5099 833 5173 Urbs
858 5116 1027 5173 opere.
1065 5099 1227 5173 Error
1256 5102 1499 5158 fortassis
1529 5103 1578 5157 in
1609 5121 1766 5171 voce,
1803 5120 1963 5173 quem

382 5171 574 5225 tollere
603 5189 706 5242 non
737 5167 926 5242 audeo.
960 5167 1196 5224 Gemina:
1235 5189 1376 5227 nunc
1405 5176 1662 5242 temporis
1689 5167 1961 5229 numerari

379 5250 606 5310 possunt
633 5241 846 5314 Abeilaj.
878 5239 1033 5314 Nova
1055 5256 1177 5303 una,
1209 5250 1364 5314 vetus
1391 5239 1577 5297 altera.
1604 5244 1693 5314 llla
1724 5246 1809 5298 vix
1840 5261 1962 5314 pas-

378 5309 532 5365 suum
564 5327 655 5366 sex
679 5311 911 5380 millibus
941 5309 1141 5380 Nolana
1173 5313 1240 5365 ab
1283 5313 1412 5367 urbe
1441 5314 1632 5376 distat;
1665 5313 1777 5368 lucc
1806 5309 1955 5380 vero,

379 5390 436 5432 ut
467 5383 561 5447 ait,
582 5379 1118 5454 Caprac.1Hist._Nca-p.
1151 5381 1242 5434 lib.
1268 5399 1322 5454 ιι,
1354 5398 1473 5450 cap.
1505 5383 1835 5454 30,;vestigia
1865 5379 1958 5438 ve?

381 5460 519 5505 tusta
553 5450 744 5520 prodit,
767 5467 885 5519 qua:
923 5450 1069 5522 haud
1098 5468 1129 5503 α
1152 5468 1281 5504 nova
1305 5453 1508 5522 longius
1538 5452 1721 5506 absunt
1740 5450 1956 5514 ,vmuro-

377 5537 510 5593 rum,
537 5524 845 5589 turriumque
871 5521 1100 5590 reliquiis
1128 5521 1418 5592 perspicua,
1440 5521 1506 5574 2i
1533 5531 1640 5593 tere
1671 5524 1958 5578 stadiorum

378 5591 571 5643 ambitu
603 5594 1008 5660 circumscripta.

453 5661 666 5733 V.i7l3.
718 5663 975 5733 Altijugos
1031 5671 1247 5715 montes.
1299 5660 1560 5733 Capacius
1592 5662 1711 5716 loco
1745 5665 1957 5719 laudato

375 5729 490 5792 haec
520 5732 714 5786 habet:
751 5729 1084 5788 [umentium
1135 5742 1180 5785 et
1215 5729 1418 5787 collium
1451 5732 1646 5785 theatro
1672 5735 1842 5797 posita
1875 5752 1955 5788 se-

1351 277 1408 333 s.
1452 275 1727 333 meum
1765 274 2017 334 NOLANl
2054 274 2361 334 EPISCOPI
2399 245 2745 334 manus.

554 393 842 450 Eternum
864 393 1108 450 salientis
1129 391 1320 462 aquae?
1347 389 1454 446 Sed
1481 399 1537 445 et
1564 390 1681 444 huic
1700 390 1832 445 mihi
1851 398 2002 460 gutta
2030 394 2079 453 Α

3593 273 3700 331 600

2246 391 2352 448 Sed
2379 392 2595 448 redeam
2626 394 2694 450 ad
2717 400 2896 463 grates
2922 391 3105 463 operis
3121 405 3225 462 pro
3243 406 3468 450 munere
3489 395 3698 451 haben-

3540 487 3662 560 [das
3677 505 3694 554 ;

2252 570 2496 642 Namque
2540 573 2722 644 operis
2769 573 2838 629 ad
2884 575 3286 644 aquaeductum,
3326 591 3487 646 quem
3536 576 3700 646 longa

3432 667 3702 740 [vetustas

2110 749 2214 804 7%0
2252 751 2510 822 Ruperat,
2535 752 2602 807 ad
2635 768 2730 808 sua
2761 769 2888 809 vasa
2912 755 3109 810 iterum
3144 755 3454 826 formasque
3491 771 3702 812 vocan-

3543 849 3701 924 [dum

2250 933 2485 990 Praebuit
2514 938 2746 992 ubertim
2777 947 2956 1008 gratas
2983 954 3199 1010 operas.
3221 939 3396 996 Locus
3415 943 3540 997 altis

2250 1025 2488 1081 lnsertus
2515 1029 2772 1098 scopulis,
2799 1031 2948 1085 nullo
2974 1045 3151 1100 neque
3177 1033 3312 1088 calle
3339 1034 3548 1089 viarum

2247 1116 2510 1173 Jumentis
2536 1121 2699 1174 etiam
2728 1121 3076 1190 penetrabilis
3103 1137 3225 1180 esse
3251 1125 3483 1194 negabat
3498 1143 3530 1192 ςο

2249 1208 2402 1265 Unde
2431 1212 2593 1266 etiam
2623 1214 2872 1269 mercede
2898 1229 3117 1269 manum
3147 1217 3386 1286 reperire
3411 1225 3659 1287 paratam

2105 1297 2210 1353 725
2246 1298 2472 1356 Dillicile
2503 1302 2747 1359 immensi
2777 1303 3049 1360 faciebant
3075 1305 3242 1360 ardua
3272 1307 3507 1371 montis;

2245 1392 2364 1457 Quo
2394 1391 2568 1461 major
2594 1394 2856 1450 mercedis
2884 1396 3060 1452 honor
3087 1396 3381 1467 locupletat
3408 1397 3653 1453 Abellam
3673 1439 3693 1466 ,

2248 1481 2404 1547 Quod
2433 1494 2646 1553 promte
2677 1483 2930 1540 famulata
2963 1503 3119 1543 sacro
3148 1487 3340 1545 Felicis
3362 1490 3556 1545 honori

2244 1569 2422 1626 Ellusa
2453 1573 2655 1642 pietate
2681 1590 2871 1630 manus
2901 1576 3161 1646 impendit
3187 1578 3448 1634 inemtas.‘

2245 1658 2483 1717 Cernere
2511 1671 2630 1718 erat
2658 1665 2897 1734 trepidas
2923 1673 3037 1721 tota
3065 1667 3135 1723 de
3162 1668 3321 1738 plebe
3347 1678 3596 1725 catervas

2030 1759 2076 1818 Β
2104 1750 2209 1805 750
2245 1750 2457 1808 Ordinis
2484 1761 2539 1808 et
2565 1756 2750 1826 populi
2777 1757 2933 1812 simul
2953 1773 3059 1812 una
3085 1768 3266 1816 mente
3293 1772 3510 1817 coactas

2246 1844 2402 1900 Mane
2432 1861 2573 1901 novo
2595 1849 2802 1904 excitos
2831 1849 2898 1902 ad
2931 1865 3066 1920 opus
3092 1866 3418 1907 concurrere
3441 1853 3612 1917 laetos,

2244 1934 2616 2006 Certatimque
2644 1937 2850 1993 alacres
2877 1941 2930 1993 in
2959 1955 3167 1994 summa
3200 1942 3480 1996 cacumina
3509 1942 3663 2011 ferri,

2244 2024 2311 2079 Et
2341 2027 2439 2081 sub
2470 2025 2616 2082 fasce
2643 2029 2794 2097 gravi
2814 2030 3031 2099 cophini
3061 2033 3272 2088 cervice
3299 2034 3540 2099 subacta,

2241 2115 2634 2188 Crementisque
2654 2121 2812 2175 simul
2842 2121 3064 2178 dumosa
3093 2139 3192 2194 per
3219 2125 3384 2180 ardua
3406 2134 3610 2194 vectos,

2099 2211 2204 2266 755
2242 2212 2370 2268 Sole
2397 2215 2498 2269 sub
2525 2214 2734 2270 ardenti
2763 2217 2985 2272 crebros
3011 2218 3208 2274 iterare
3237 2235 3503 2286 recursus,

2239 2300 2307 2355 Et
2337 2311 2471 2369 tota,
2501 2318 2663 2373 quam
2694 2304 2853 2374 longa
2881 2305 2996 2362 dies
3022 2317 3210 2364 aestate
3239 2321 3502 2376 moratur,

2241 2394 2484 2452 Tendere
2508 2397 2576 2452 ab
2595 2412 2789 2453 aurora
2809 2414 2959 2454 seras
2983 2400 3036 2454 in
3058 2403 3296 2471 vesperis
3323 2403 3504 2472 horas,

2237 2487 2639 2559 l’ervigilesque
2667 2489 2880 2554 animis,
2912 2491 3123 2547 modica
3148 2493 3237 2547 vix
3262 2501 3423 2550 nocte
3443 2495 3668 2551 refectis

2234 2580 2580 2652 Corporibus,
2611 2598 2825 2638 rursum
2854 2591 2981 2639 ante
3008 2583 3150 2640 diem
3173 2585 3383 2641 fabrilia
3405 2588 3473 2642 ad
3501 2604 3656 2644 arma

2094 2667 2200 2723 740
2237 2667 2488 2739 Surgere,
2522 2686 2622 2726 nec
2643 2671 2847 2727 sentire
2875 2671 2987 2728 Deo
3015 2682 3303 2742 vegetante
3323 2675 3583 2731 laborem.

2234 2759 2475 2830 Denique
2503 2762 2580 2817 sic
2608 2762 2787 2831 operis
2813 2764 3080 2833 processit
3105 2766 3277 2833 gratia
3307 2767 3514 2836 magni,

2236 2849 2306 2904 Ut
2324 2858 2598 2921 tamquam
2629 2849 2755 2906 ludo
2782 2852 2969 2922 paucis
2995 2867 3131 2923 opus
3157 2869 3320 2909 omne
3345 2855 3536 2912 diebus

2234 2941 2486 2997 Sumeret
2512 2942 2826 3013 explicitum
2854 2941 3097 3013 perfecto
3125 2960 3348 3000 munere
3377 2945 3538 3002 linem
3562 2964 3578 3011 ;

2233 3034 2534 3105 Formaque
2557 3034 2861 3104 longinquis
2883 3051 2915 3090 a
2946 3035 3217 3091 montibus
3245 3039 3478 3106 aggeris,
3506 3048 3629 3095 arto

2095 3193 2181 3246 det
2226 3189 2406 3264 Abella
2460 3191 2514 3242 in
2545 3187 2822 3264 Campana
2861 3190 3107 3264 planitie,
3136 3199 3184 3264 et
3235 3193 3462 3262 quamvis
3499 3193 3678 3264 hyeme

2089 3263 2339 3332 montium
2362 3261 2490 3332 juga
2512 3260 2743 3328 rigeant,
2773 3268 2916 3312 tanta
2937 3260 3278 3332 nihilominus
3304 3264 3520 3332 afflatur
3536 3260 3678 3320 aeris

2089 3331 2405 3405 amwnitate,
2430 3339 2486 3382 ut
2513 3345 2776 3399 nunquam
2798 3331 2990 3384 accola:
3017 3332 3274 3401 frigorum
3301 3332 3524 3403 injurias
3552 3353 3676 3405 pcr-

2088 3404 2381 3458 timescant.

2159 3468 2376 3543 V._7l_4.
2417 3466 2661 3543 Cominus
2703 3468 2876 3543 haurit
2921 3468 3214 3543 aquas._l_le
3261 3471 3448 3528 rivulis
3483 3474 3575 3543 qui
3606 3490 3674 3529 ex

2085 3541 2358 3595 Abellanis
2393 3539 2664 3609 montibus
2710 3538 3038 3609 cadunttet
3072 3539 3261 3594 Nolam
3301 3556 3470 3609 usque
3501 3538 3674 3598 'dele—

2084 3619 2292 3683 runtur,
2323 3607 2578 3683 legendus
2605 3606 2919 3663 Ambrosius
2949 3608 3060 3664 Leo
3091 3610 3156 3664 de
3178 3609 3312 3664 Nola
3336 3606 3672 3683 lib.l,cap.|,

2085 3689 2140 3735 et
2168 3680 2428 3735 Canacius
2457 3678 2578 3731 loco
2605 3687 2925 3734 memorato.

2168 3695 2240 3734 ua
2283 3695 2428 3734 actus
2458 3695 2578 3731 IOCO
2605 3695 2925 3734 memorato.

2154 3751 2222 3822 V.
2245 3695 2367 3803 715.
2393 3746 2502 3822 _Per
2524 3747 2752 3822 insertos
2773 3747 3138 3822 calices._Quid
3160 3749 3228 3822 sit
3242 3750 3391 3822 calix
3417 3750 3472 3807 in
3493 3767 3673 3822 aquaa-

2081 3819 2330 3875 ductibus
2357 3817 2548 3886 glossa:
2575 3824 2630 3871 et
2659 3817 2848 3885 reliqui
2889 3818 3252 3887 lexicographi
3290 3821 3469 3876 silent.
3499 3817 3672 3877 Fron-

2083 3892 2250 3944 tinum
2282 3897 2459 3942 tamen
2481 3887 2655 3958 habeo
2684 3887 2966 3942 docentem
2997 3889 3180 3958 lib._de
3204 3889 3422 3958 Aquzed.
3449 3891 3666 3949 Romae:

2086 3960 2180 4030 Est
2203 3969 2391 4030 autem,
2416 3957 2588 4030 inquit
2617 3957 2703 4030 ille
2724 3959 2897 4030 ,_cali.t
2932 3955 3167 4013 modulus
3191 3955 3382 4025 laneus,
3423 3963 3509 4030 qui
3561 3967 3669 4018 rivo

2082 4029 2157 4102 vel
2176 4029 2384 4102 castello
2412 4026 2627 4102 inditur.
2652 4026 2789 4102 ltuit:
2809 4029 2998 4097 ﬁstula:
3027 4030 3370 4102 applicantur,
3399 4026 3669 4102 longitudo

2080 4101 2190 4169 ejus
2219 4098 2404 4178 habere
2444 4095 2590 4150 debet
2616 4095 2816 4178 digitos
2842 4114 2944 4178 non
2964 4095 3142 4178 minus
3163 4098 3270 4178 2,
3298 4095 3510 4178 lumen;
3534 4103 3669 4178 idest

2079 4166 2436 4239 capacitatem,
2468 4175 2658 4240 quanta
2680 4166 2933 4240 imperata
2956 4169 3129 4240 fuerit.
3156 4166 3496 4240 Excogitalus
3523 4174 3668 4227 υεάε-

2079 4238 2182 4302 tur,
2207 4241 2447 4308 quoniam
2482 4238 2622 4308 rigor
2654 4239 2772 4308 azris
2813 4238 3180 4308 difﬁcilior_ad
3208 4238 3398 4308 ﬂexum
3447 4257 3552 4294 non
3595 4255 3666 4296 te-

2077 4306 2230 4381 mare
2244 4317 2406 4381 potest
2437 4306 2626 4369 laxari,
2651 4306 2728 4361 rel
2755 4310 3030 4381 cgarctari.
3060 4306 3412 4381 llanc'vocem
3440 4321 3666 4381 usurpat

2078 4377 2213 4450 inl'ra
2244 4375 2486 4450 laudatus
2516 4385 2703 4450 auctor
2736 4394 2747 4428 :
2781 4375 3365 4450 Procitrutoricalicem
3401 4381 3514 4450 ejus
3553 4375 3664 4436 mo-

2076 4447 2201 4522 duli,
2232 4449 2316 4517 qui
2313 4449 2500 4522 _fuerit
2521 4447 2819 4522 imperatus,
2839 4447 3081 4522 adhilitis
3110 4447 3441 4503 libratoribus
3461 4451 3664 4522 signari

2074 4514 2280 4589 cogitet.
2311 4514 2377 4570 Et
2407 4514 2638 4572 rursus:
2684 4514 3192 4589 Circancollocaudos
3233 4535 3430 4589 quoque
3475 4514 3662 4576 calices

2069 4587 2327 4640 observari
2369 4596 2602 4656 oportet,
2633 4595 2688 4656 ut
2727 4588 2796 4638 ad
2833 4588 3020 4640 lincunt
3050 4587 3376 4654 ordinentur,
3407 4606 3500 4643 nec
3531 4593 3663 4644 alteh

2066 4659 2174 4727 rius
2199 4655 2417 4727 inferior
2445 4659 2602 4727 califr,
2634 4655 2847 4727 alterius
2876 4659 3109 4724 superior
3143 4666 3384 4727 ponatur.
3417 4658 3655 4727 Denique

2066 4726 2178 4779 huic
2209 4724 2441 4780 nutantia
2472 4725 2636 4780 refert
2665 4744 2676 4777 :
2712 4724 2774 4777 In
2806 4724 3150 4794 quorumdam
3164 4729 3352 4796 ﬁstulis
3380 4745 3446 4782 ne
3473 4724 3660 4784 calices

2067 4797 2446 4868 quidempositi
2473 4797 2698 4866 fuerunt.

2139 4865 2199 4917 V.
2231 4865 2351 4939 721.
2389 4864 2580 4939 (iratas
2611 4881 2815 4939 operas.
2855 4864 2944 4918 Sic
2974 4866 3254 4939 legendum
3296 4867 3532 4928 arbitror
3560 4885 3660 4939 pro

2071 4935 2318 5004 eoiquod
2338 4934 2497 5004 estin
2528 4947 2628 5004 ms.
2663 4936 2824 5004 gratis
2855 4938 3047 5004 operis.

2143 5003 2208 5074 Vr.
2239 5003 2373 5074 735.
2393 5001 2633 5074 Cap/lini.
2663 5001 2935 5074 Cophinus
2963 5013 3046 5059 est
3067 5004 3295 5060 viminea
3320 5005 3540 5074 fiscella,
3564 5019 3658 5065 aut

2070 5073 2202 5144 quid
2241 5073 2432 5144 simile.
2461 5073 2580 5128 Vox
2627 5073 2765 5142 apud
2814 5075 3168 5143 evangelistas
3198 5091 3303 5128 non
3344 5073 3532 5144 modo,
3559 5080 3655 5134 sed

2070 5143 2231 5266 ειρῖιὲ
2264 5143 2481 5266 Latinsos
2533 5158 2751 5212 quoque
2797 5145 3050 5200 meliores
3105 5147 3356 5200 occurrit.
3403 5146 3650 5204 Juvenal.

2070 5227 2126 5266 sa
2157 5253 2172 5266 .
2237 5253 2251 5266 .
2277 5229 2327 5265 ν.
2453 5231 2464 5265 :

2067 5221 2172 5267 sat.
2195 5217 2251 5276 ὅ,
2277 5217 2428 5266 v.13
2453 5231 2464 5265 :

2192 5312 2326 5373 hunc
2351 5314 2474 5360 sacri
2501 5311 2646 5360 fontis
2669 5325 2865 5373 nemus,
2893 5320 2947 5362 et
2966 5314 3168 5364 delubra
3193 5315 3417 5365 locantur

2191 5372 2396 5432 Judzeis,
2423 5386 2629 5432 quorum
2653 5372 2907 5434 cephinus,
2932 5374 2981 5422 fu
3001 5390 3210 5437 numun
3237 5380 3488 5440 supellex.

2065 5454 2214 5530 Metu
2238 5455 2435 5530 repetit
2473 5455 2525 5508 in
2553 5464 2656 5510 sat.
2687 5455 2753 5530 6‘,
2780 5474 2832 5511 v.
2865 5457 2988 5530 54?.
3006 5457 3302 5530 Egregiam
3332 5460 3402 5514 de
3431 5463 3650 5530 cophino

2066 5525 2443 5594 eruditionem,
2479 5540 2669 5594 nempe
2695 5527 2902 5594 signum
2920 5527 3153 5582 Judaiczc
3169 5525 3446 5584 servitutis
3468 5525 3647 5592 fuisse,

2063 5605 2190 5663 pete
2221 5612 2247 5645 a
2283 5593 2571 5649 Lamentio
2607 5593 2856 5651 Ramirez
2902 5597 2969 5652 de
3012 5595 3184 5652 Prado
3215 5600 3264 5652 in
3297 5599 3646 5663 Pentecont.,

2064 5679 2184 5738 cap:
2213 5663 2390 5738 {0_._ln
2402 5667 2784 5738 subsequendi
2799 5683 2956 5721 versu
2986 5684 3082 5738 pro
3112 5679 3281 5722 uectos
3315 5671 3439 5738 lego
3472 5671 3644 5728 uectis.

2138 5731 2200 5788 γ.
2227 5731 2345 5793 7H.
2394 5733 2439 5786 F
2443 5731 2701 5805 armaque.
2738 5735 2947 5792 Formm
2976 5731 3183 5793 canales
3211 5731 3470 5796 structiles
3498 5750 3640 5804 sunt,
