3990 6182
238 296 345 352 80!

240 408 352 466 745
389 408 522 477 Qua:
551 406 725 465 fuerat
752 407 913 477 longe
938 408 1088 479 prius
1116 408 1421 479 interrupta
1450 413 1703 474 veterno,

391 500 643 571 Undique
672 500 943 557 fonticulis
969 501 1176 557 diversa
1206 517 1272 557 ex
1303 516 1437 571 rupe
1463 500 1697 569 receptis

393 593 693 649 Collectam
724 600 1005 647 revocaret
1035 607 1228 661 aquam
1260 592 1565 647 sitientibus
1589 590 1718 645 olim

394 684 748 760 547-548
785 683 1040 751 Urbibus,
1071 692 1126 738 et
1169 683 1331 754 pleno
1363 697 1461 753 per
1500 681 1647 735 milia
1678 679 1847 733 multa

1520 771 1540 843 [
1566 772 1777 825 viarum

396 868 639 924 Tramite
668 863 987 932 formarum,
1012 873 1067 919 et
1086 864 1257 919 nostri
1284 863 1477 918 Felicis
1506 862 1777 916 inundans

242 962 360 1018 750
401 962 546 1017 Laeta
573 974 771 1015 novum
801 959 1025 1013 calicem
1055 957 1218 1012 ﬂuvio
1238 962 1529 1026 superante
1555 954 1808 1023 repleret.

398 1052 471 1105 Et
493 1049 639 1121 quod
666 1048 834 1103 divini
864 1049 1247 1102 documentum
1277 1046 1515 1101 muneris
1534 1044 1646 1114 egit

398 1144 624 1213 Largior
643 1141 843 1197 :estivis
872 1142 976 1195 huc
1000 1140 1273 1195 mensibus
1300 1138 1445 1193 unda
1486 1137 1743 1205 cucurrit,

399 1236 572 1301 Quam
600 1234 749 1305 prius
769 1231 1027 1303 hybernis
1055 1246 1123 1285 ex
1152 1229 1410 1284 imbribus
1447 1230 1525 1283 ire
1548 1228 1774 1283 solebat.

400 1326 499 1380 llic
521 1340 622 1394 ego
646 1332 701 1379 te
722 1325 883 1378 modo
905 1321 1026 1391 jure
1055 1336 1225 1386 ream,
1256 1336 1375 1375 mea
1400 1320 1551 1382 Nola,
1584 1328 1814 1389 patrono

247 1415 367 1470 755
402 1416 687 1472 Communi
714 1423 972 1480 statuam,
1003 1421 1057 1467 et
1082 1412 1291 1467 blanda:
1320 1412 1538 1482 pietatis
1568 1413 1634 1465 ab
1664 1412 1743 1465 ira

404 1508 583 1563 Mente
630 1521 857 1562 manens
893 1504 1105 1576 placida
1146 1512 1351 1560 motum
1381 1504 1645 1559 simulabo
1669 1510 1853 1572 patro-

1588 1596 1607 1667 [
1631 1611 1779 1660 num,

406 1692 651 1749 Filiolam
683 1690 1012 1761 increpitans
1033 1688 1229 1744 veteris
1250 1689 1350 1743 sub
1372 1703 1505 1742 voce
1533 1688 1786 1756 querelae.

403 1787 539 1841 Nam
566 1786 717 1850 mihi,
746 1784 905 1853 Nola,
933 1784 1010 1838 tui
1040 1782 1312 1838 consortia
1333 1780 1475 1851 justa
1504 1781 1709 1849 petenti

410 1877 616 1944 Fontis,
640 1892 708 1931 eo
737 1875 947 1930 turbata
977 1882 1142 1939 metu,
1169 1873 1321 1942 quasi
1351 1871 1486 1925 dura
1518 1871 1753 1938 negabas

253 1968 367 2026 760
404 1969 709 2039 Hospitium
737 1968 1039 2023 communis
1069 1981 1259 2035 aquae;
1291 1965 1579 2033 divinaque
1605 1964 1729 2033 jura

406 2061 700 2129 Respicere
727 2058 917 2123 oblita,
949 2057 1197 2111 humanis
1223 2071 1341 2111 mea
1371 2063 1497 2110 vota
1518 2054 1747 2124 putabas

410 2152 646 2215 Viribus,
673 2158 729 2205 et
756 2149 888 2203 mihi
915 2157 988 2215 te,
1020 2148 1256 2203 Felicem
1284 2147 1468 2212 oblita,
1500 2146 1749 2199 daturam

407 2243 708 2309 Credebas;
741 2258 823 2305 ac,
856 2242 902 2297 si
925 2241 1222 2304 tribuisses,
1246 2255 1373 2293 mox
1406 2238 1501 2293 tibi
1524 2238 1721 2293 siccam

409 2334 686 2390 Subducto
716 2333 944 2403 patriam
973 2339 1105 2401 potu
1137 2330 1252 2385 fore
1281 2337 1471 2384 masta
1499 2328 1779 2396 gemebas;

257 2428 370 2485 765
408 2428 572 2498 quue
601 2426 764 2481 etiam
796 2432 945 2478 moto
975 2423 1264 2477 damnabas
1287 2422 1708 2491 smpetuniultu,

408 2520 599 2575 Nescia
625 2517 820 2572 divinis
848 2515 1040 2586 opibus
1069 2522 1349 2585 promotos
1377 2501 1492 2568 fore
1514 2514 1710 2578 fontes,

408 2610 557 2665 Sicut
586 2617 641 2663 et
666 2615 887 2677 experta
910 2622 988 2661 es.
1019 2606 1152 2659 Nam
1183 2621 1308 2660 mox
1332 2605 1474 2659 Deus
1504 2606 1619 2674 ipse
1642 2612 1854 2661 creator

408 2702 598 2772 Arguit
618 2702 836 2769 ignavas
857 2698 1071 2754 Christo
1096 2696 1338 2752 diffidere
1367 2704 1595 2762 mentes,

406 2795 541 2851 Cum
592 2793 688 2848 tibi
734 2800 858 2863 post
887 2790 1139 2861 placitam
1189 2804 1377 2860 pacem
1406 2796 1463 2842 ut
1480 2786 1591 2857 jam
1620 2785 1854 2841 ﬂuminis

1583 2880 1603 2954 [
1625 2895 1781 2935 usum

259 2982 368 3037 770
409 2981 571 3037 Felici
598 2986 855 3036 consorte
883 2977 971 3049 pie
1000 2976 1197 3047 partita
1218 2982 1461 3040 teneres;

412 3074 531 3141 Quo
560 3071 730 3142 magis
752 3077 1111 3140 exsuperante
1140 3076 1287 3121 tuam
1314 3067 1555 3121 bonitate
1575 3063 1851 3135 querelam

363 3227 370 3233 ,
412 3164 696 3232 Argueret.
728 3160 867 3226 Non,
894 3170 952 3213 ut
978 3158 1274 3223 metuebas,
1300 3156 1389 3211 ille
1411 3156 1565 3210 sitire

408 3256 587 3310 Divisa
617 3262 671 3309 te
700 3252 829 3309 fecit
849 3267 1009 3323 aqua,
1041 3251 1136 3307 sed
1157 3260 1215 3306 ut
1238 3259 1445 3315 auctor,
1479 3256 1535 3304 et
1563 3248 1703 3304 altor

410 3348 607 3404 Rerum
650 3346 1039 3415 hominumque
1078 3344 1255 3407 simul,
1281 3342 1373 3412 qui
1403 3342 1643 3398 condidit
1675 3341 1856 3396 omnia

1550 3432 1569 3505 [
1592 3432 1781 3498 verbo,

260 3533 372 3591 775
408 3530 657 3589 Ostendit
680 3528 775 3583 tibi
804 3542 919 3581 rem
948 3540 1067 3580 esse
1087 3540 1258 3589 suam,
1284 3538 1445 3592 quam
1468 3531 1524 3577 tu
1546 3522 1661 3590 ejus
1682 3521 1856 3576 amico

414 3624 484 3678 Ut
512 3621 786 3693 propriam
816 3617 1044 3672 Domino
1075 3631 1253 3669 rerum
1276 3614 1446 3668 difﬂsa
1476 3612 1727 3681 negabas.

405 3713 600 3769 Vidisti
629 3718 777 3767 certe
804 3710 824 3782 [
853 3723 976 3763 nam
1005 3716 1061 3762 te
1089 3722 1176 3761 res
1202 3707 1314 3776 ipsa
1342 3707 1499 3760 fateri

408 3801 722 3875 Compulit]
752 3801 939 3857 aeterni
967 3800 1216 3855 sublimia
1240 3799 1360 3868 jura
1392 3799 1646 3869 parentis,

411 3898 502 3954 Cis
531 3905 726 3966 potens
756 3933 771 3947 .
806 3930 823 3947 .
856 3934 870 3947 .
908 3931 922 3946 .
954 3892 1208 3946 meritum
1234 3905 1355 3943 cum
1386 3890 1531 3958 larga
1560 3890 1661 3944 sub
1686 3896 1819 3943 aestu

263 3990 372 4046 780
410 3987 689 4055 El'ﬂueret,
720 3985 1025 4052 damnoque
1047 3982 1157 4051 pio,
1189 3996 1298 4050 quo
1326 3980 1578 4051 martyris
1607 3981 1739 4036 aulis

411 4077 730 4134 Tradideras
751 4084 983 4147 partem,
1006 4073 1213 4128 subitos
1238 4072 1472 4127 crevisse
1503 4080 1736 4135 meatus,

263 4251 311 4295 et
335 4239 563 4305 arcuati,
594 4243 649 4290 ut
679 4237 753 4289 ait
778 4234 1070 4289 Vitruvius.
1096 4233 1300 4305 Nomen
1331 4234 1435 4287 hoc
1465 4232 1650 4287 Sidon.
1678 4234 1851 4302 Apoll.

264 4314 362 4367 lib.
386 4326 477 4364 vni
498 4349 511 4371 ,
550 4303 671 4376 cap.
697 4323 801 4368 vn,
832 4306 1113 4374 usurpavit
1145 4322 1156 4356 :
1191 4303 1350 4374 Cujus
1381 4305 1507 4376 milii
1548 4320 1649 4357 non
1690 4305 1855 4357 solum

288 4386 489 4444 'ormas,
517 4374 688 4431 verum
718 4379 873 4429 etiam
904 4376 1243 4427 naumachias
1287 4374 1495 4427 ridebar
1531 4383 1851 4442 epotaturus.

288 4397 489 4444 armas,
517 4395 688 4431 rerum
718 4385 873 4429 etiam
904 4385 1243 4427 naumachias
1287 4385 1495 4427 riaeoar
1531 4385 1851 4442 epotaturus.

262 4385 514 4507 Prontin.
544 4449 633 4501 lib.
660 4458 751 4502 tet
776 4444 1101 4515 n,Cassiod.
1132 4460 1217 4513 ep.
1253 4444 1311 4497 2|
1349 4453 1403 4498 et
1428 4444 1514 4515 5i,
1543 4444 1851 4515 Synmiach.

1684 296 1915 354 POEMA
1954 296 2096 354 XXI.

1868 414 1915 473 A

1879 3134 1929 3198 C

3432 297 3542 359 602

2090 391 2408 478 Laxatoque
2429 409 2543 467 suis
2574 409 2627 465 in
2657 408 2902 465 faucibus
2926 407 3091 465 ubere
3112 410 3275 466 fontis

2098 501 2251 556 Iussa
2281 500 2486 556 ﬂuenta
2512 501 2609 556 tibi
2632 516 2753 556 cum
2780 501 2988 557 fenore
3011 501 3216 556 reddita
3244 501 3415 558 multo

2093 594 2357 649 Moenibus
2379 592 2658 649 inﬂuxisse
2680 594 2816 659 tuis;
2841 601 2898 648 et
2923 601 3168 662 tempore
3197 594 3249 646 in
3277 592 3417 662 ipso,

1952 684 2055 739 785
2094 685 2213 751 Quo
2243 686 2443 739 totiens
2468 685 2626 739 unda:
2651 699 2933 754 possessor
2954 697 3116 751 egere
3136 683 3370 749 solebas,

2092 774 2150 827 ln
2178 774 2407 828 multum
2437 773 2709 829 referente
2739 774 2850 829 Deo
2873 774 3015 844 quod
3036 782 3339 844 sumpserat
3366 788 3395 827 a
3416 779 3494 837 te,

2092 864 2273 919 Fluxit
2295 864 2506 919 abunda
2537 866 2643 919 tuis
2673 881 2808 935 aqua
2840 866 3077 935 potibus,
3104 873 3266 934 atque
3286 865 3534 919 lavacris.

2092 956 2371 1022 Quodnam
2390 956 2552 1024 igitur
2578 963 2729 1010 tanto
2751 972 2849 1025 pro
2870 970 3093 1010 munere
3112 971 3326 1021 munus,
3352 955 3539 1009 Abella

2094 1048 2306 1119 Pauper
2349 1065 2547 1119 opum,
2595 1048 2820 1103 referam
2872 1048 3005 1103 tibi?
3047 1048 3248 1103 Saltem
3301 1048 3543 1103 carmine

3237 1140 3256 1212 [
3280 1146 3469 1193 nostro

1956 1228 2057 1288 790
2094 1232 2422 1302 Obsequium
2468 1246 2776 1301 nomenque
2818 1240 2965 1285 tuum
3012 1231 3134 1287 dum
3175 1231 3409 1302 praedico
3428 1232 3539 1299 sig-

3266 1324 3288 1395 [
3314 1338 3465 1389 nans,

2098 1414 2211 1469 Hoc
2238 1414 2481 1485 pensabo
2511 1415 2606 1469 tibi
2631 1416 2863 1485 pretium
2894 1414 3161 1469 mercedis
3181 1414 3409 1479 honore,

2096 1509 2289 1562 Felicis
2316 1509 2485 1562 sancti
2513 1507 2769 1562 scribaris
2794 1516 2851 1561 ut
2873 1508 3052 1561 addita
3078 1520 3291 1575 semper

2103 1599 2394 1665 Laudibus,
2421 1607 2475 1653 et
2497 1600 2631 1653 tanti
2654 1599 2974 1653 memoreris
2996 1598 3210 1651 alumna
3234 1596 3467 1666 patroni,

2097 1691 2263 1761 Cujus
2284 1691 2549 1746 donorum
2578 1690 2672 1744 tibi
2702 1690 2881 1760 portio
2908 1690 3142 1743 maxima
3166 1690 3303 1742 facta
3333 1692 3435 1741 est.

1883 1772 1929 1833 Β
1959 1782 2064 1839 795
2099 1783 2249 1837 Nunc
2271 1790 2391 1835 tuus
2423 1783 2524 1835 iste
2552 1780 2721 1843 labor,
2755 1795 2862 1848 quo
2891 1788 2945 1833 te
2975 1779 3167 1833 Felicis
3195 1776 3379 1847 adegit

2098 1872 2352 1941 Spiritus,
2388 1880 2447 1925 ut
2474 1879 2584 1926 tota
2608 1871 2702 1925 tibi
2734 1870 2893 1940 plebe
2914 1870 3000 1924 vel
3029 1868 3217 1923 ordine
3246 1882 3475 1923 concors

2100 1962 2483 2030 Adgredereris
2510 1977 2645 2031 opus
2674 1974 2867 2028 magno
2897 1958 3095 2015 sudore
3116 1959 3433 2029 parandum,

2101 2052 2453 2125 549—550
2473 2050 2741 2121 Tempore
2766 2059 2820 2105 et
2840 2051 3029 2105 azstivo
3048 2049 3242 2104 durum
3263 2048 3535 2119 duplicari.

3086 2143 3104 2216 [
3135 2150 3188 2196 te
3208 2142 3470 2206 laborem,

2098 2236 2254 2291 Molis
2276 2243 2334 2289 ut
2354 2235 2588 2303 antiqua:
2607 2250 2706 2304 per
2728 2234 2908 2301 iniqua
2932 2233 3211 2288 cacumina
3242 2231 3470 2286 formam

1955 2329 2059 2385 800
2098 2327 2387 2382 Praeteritis
2416 2335 2598 2381 notam
2626 2325 2804 2393 scclis,
2828 2324 2938 2394 jam
2964 2339 3095 2380 vero
3123 2325 3239 2378 sine
3267 2340 3363 2378 usu

2106 2419 2414 2474 Deﬁcientis
2442 2433 2613 2487 aqum,
2647 2416 2945 2486 superactis
2973 2416 3207 2485 undique
3232 2415 3400 2469 multa

2097 2512 2364 2581 Congerie
2396 2512 2559 2581 sylvis
2588 2511 2728 2565 inter
2753 2510 2879 2579 juga
2907 2518 3057 2564 vasta
3085 2510 3341 2565 latentem

2098 2604 2263 2658 Exuis
2290 2603 2574 2672 aggeribus
2602 2601 2808 2664 densis,
2835 2601 3111 2671 oblitaque
3134 2600 3331 2655 dudum

2100 2693 2280 2747 Munia
2306 2694 2574 2759 restituis;
2606 2708 2928 2762 sparsasque
2957 2708 3053 2762 per
3079 2694 3196 2748 avia
3226 2707 3417 2763 venas,

1957 2784 2062 2840 805
2099 2782 2367 2839 Pumiceis
2392 2784 2499 2837 alte
2524 2798 2646 2853 qua:
2674 2783 3032 2837 sorbebantur
3059 2785 3258 2852 arenis,

2099 2874 2340 2944 Colligis,
2373 2884 2427 2930 et
2454 2890 2549 2929 sua
2570 2889 2840 2943 quamque
2868 2875 3021 2943 sequi
3041 2875 3264 2942 vestigia
3287 2890 3475 2931 rursus

2097 2965 2258 3037 Cogis
2300 2981 2526 3035 aquam,
2573 2973 2631 3020 et
2677 2964 2932 3019 reducem
2968 2963 3156 3018 forma:
3198 2966 3440 3021 matricis
3487 2966 3542 3020 in

3325 3057 3345 3129 [
3374 3073 3471 3113 ora

2102 3146 2350 3213 Invehis;
2380 3154 2435 3201 et
2455 3145 2654 3201 dudum
2684 3162 2883 3201 vacuos
2908 3155 3154 3202 cesSante
3182 3151 3363 3203 m'eatu

2101 3239 2387 3295 Exundare
2408 3238 2538 3295 facis
2568 3237 2730 3294 ﬂuctu
2751 3249 3027 3294 remeante
3057 3241 3308 3307 canales;

1958 3332 2061 3388 810
2099 3332 2276 3402 Atque
2302 3332 2393 3386 diu
2415 3332 2693 3402 querulam
2724 3332 3001 3387 subductis
3027 3332 3262 3388 fontibus
3287 3334 3471 3389 urbem

2102 3425 2219 3480 Jam
2249 3424 2535 3495 desperato
2563 3424 2843 3495 perfundis
2869 3424 3087 3480 ﬂumine
3115 3426 3324 3481 Nolam.

2099 3516 2230 3583 Qua:
2258 3515 2452 3571 fruitur
2475 3515 2672 3571 Felicis
2698 3518 2850 3585 aquis
2881 3516 3031 3587 (quia
3058 3519 3214 3586 copia
3237 3534 3343 3573 non
3370 3527 3454 3573 est

2100 3605 2229 3661 Haec
2258 3606 2361 3675 ipsi
2392 3620 2487 3659 sua
2511 3621 2652 3659 nunc
2682 3607 2823 3670 urbi,
2852 3622 3012 3674 quam
3043 3622 3217 3676 nuper
3237 3607 3433 3678 adepta
3458 3619 3544 3666 est

2105 3694 2298 3749 Felicis
2327 3692 2526 3761 ﬂudio)
2560 3694 2782 3747 modicae
2812 3710 2910 3763 pro
2932 3711 3154 3750 munere
3181 3706 3343 3765 gutta:

1960 3785 2064 3841 815
2101 3786 2180 3839 Ex
2209 3801 2311 3855 ope
2338 3784 2516 3839 divina
2549 3784 2710 3854 largis
2739 3784 2906 3838 ditata
2938 3784 3173 3841 ﬂuentis.

2104 3876 2246 3945 Ergo
2270 3884 2325 3930 et
2355 3884 2411 3929 tu
2442 3889 2649 3929 mecum
2675 3890 2894 3945 parvam
2924 3876 3075 3946 quasi
3107 3885 3281 3933 mater
3300 3873 3543 3936 Abellam

2101 3968 2235 4023 Nola
2264 3967 2406 4033 fove,
2438 3966 2692 4038 quoniam
2720 3975 2778 4023 ut
2806 3969 3104 4038 cognoscis,
3154 3979 3210 4026 et
3261 3972 3374 4043 ipsa
3418 3981 3543 4027 tua-.-

3299 4064 3437 4137 [rum
3453 4104 3470 4131 ,

1960 4239 2073 4315 Ego
2096 4256 2123 4293 a
2147 4238 2348 4315 Graecis
2368 4238 2522 4315 Latio
2547 4238 2751 4315 illatum
2775 4238 2878 4294 hoc
2898 4255 3092 4315 nomen
3115 4241 3378 4315 arbitror;
3402 4244 3545 4315 apud

1961 4308 2081 4366 ille
2099 4312 2257 4384 enim
2290 4311 2342 4384 in
2370 4326 2467 4384 usu
2498 4308 2596 4384 fuit
2626 4311 2802 4363 Μίλων
2824 4326 2921 4379 pro
2957 4312 3097 4384 mille
3118 4313 3373 4384 passibus,
3402 4308 3545 4384 quod

1961 4381 2279 4435 vocabulum
2312 4380 2511 4433 Strabo
2541 4380 2633 4433 lib.
2676 4396 2746 4433 vn
2820 4382 3112 4450 usurpavit.
3164 4381 3241 4436 De
3265 4380 3367 4438 hac
3413 4380 3548 4441 voce

1960 4450 2152 4526 Suidas
2173 4454 2247 4526 ait
2272 4453 2481 4526 allii-{tau
2504 4453 2688 4524 μέτρον
2708 4460 2799 4511 τῆς
2818 4460 2926 4522 γῆς.
2952 4454 3025 4526 τέ
3047 4451 3165 4506 δέκα
3187 4455 3326 4526 uilia
3351 4455 3548 4526 ἔχουσι

262 4538 353 4590 ep.
378 4519 467 4581 55,
498 4519 589 4573 lib.
624 4535 679 4584 x,
712 4508 975 4590 Ammian.
1004 4514 1095 4567 lib.
1126 4508 1308 4590 xxvut,
1338 4524 1392 4568 et
1421 4514 1511 4590 alii
1540 4508 1851 4568 nfeniinerc.

1971 4521 2150 4577 παδία
2178 4522 2249 4577 π’.
2278 4520 2483 4573 Milium
2504 4508 2748 4573 mensura
2775 4508 2943 4575 terrm.
2977 4521 3160 4574 Decem
3186 4508 3331 4576 milia
3360 4508 3548 4581 habent

264 4583 581 4660 A'nonymus
618 4583 687 4641 de
726 4586 1037 4660 Aquaaduct.
1084 4602 1100 4660 ξ
1131 4583 1286 4637 Nunc
1333 4585 1541 4639 nomina
1582 4602 1850 4660 aquarum,

265 4676 384 4731 quia
412 4654 588 4713 usibus
635 4654 857 4731 ceterum
884 4654 1039 4710 Urbis
1074 4657 1361 4731 formarum
1392 4654 1855 4731 constructionibus

266 4718 499 4789 advectet
548 4736 696 4793 sunt,
748 4718 1373 4779 indicemusfPalladius
1409 4725 1501 4778 lib.
1532 4741 1613 4788 Ix,
1642 4726 1725 4779 tit.
1758 4725 1852 4777 ll:

267 4801 416 4871 Aqua
438 4802 484 4853 si
507 4817 597 4869 per
618 4802 837 4871 formam
860 4797 1089 4871 ducetur,
1123 4794 1426 4871 solidandus
1448 4803 1522 4847 est
1552 4796 1771 4858 canalis,
1796 4813 1859 4848 ne

268 4864 362 4941 per
404 4864 567 4923 rimas
612 4864 777 4938 possit
823 4867 977 4941 elabi.
1013 4864 1147 4919 Hinc
1177 4866 1542 4933 magistratus,
1574 4868 1659 4919 cui
1688 4882 1856 4941 comes

271 4936 587 5011 formarum,
612 4936 674 4992 ret
702 4946 910 5011 curator
940 4938 1229 5006 formarum
1268 4950 1475 4989 nomen
1509 4936 1857 5011 eratkinjn-

270 5004 652 5079 scriptionibus
700 5004 947 5079 vetustis
962 5022 1078 5079 non
1130 5022 1253 5079 raro
1286 5020 1608 5079 occurrens.
1648 5004 1727 5079 De
1752 5006 1857 5059 lioc

278 5074 792 5202 yii‘leLclat-issimum
832 5077 914 5131 Du
960 5075 1240 5130 Fresnium
1284 5076 1336 5129 in
1386 5074 1560 5131 Gloss.
1610 5076 1753 5129 med.
1801 5084 1859 5129 et

278 5167 326 5202 In
356 5192 369 5202 .
448 5158 522 5202 at.

274 5151 369 5205 inf.
404 5151 522 5202 Lat.

344 5220 406 5272 V.
444 5218 565 5273 748.
617 5217 720 5272 Per
739 5218 881 5270 milia
930 5216 1112 5269 multa.
1172 5215 1323 5269 Milia
1346 5230 1444 5273 pro
1473 5215 1721 5269 milliaria
1752 5231 1858 5268 vox

275 5290 456 5344 nescio
482 5306 549 5343 an
571 5288 883 5343 melioribus
911 5296 1059 5353 nota,
1086 5285 1179 5341 sed
1201 5301 1317 5340 ωνο
1348 5285 1554 5340 Paulini
1584 5293 1854 5355 usurpata.

276 5359 387 5415 Hac
410 5370 594 5414 noster
619 5373 780 5428 supra
812 5372 936 5412 usus
964 5355 1138 5410 fuerat
1164 5374 1175 5408 :

339 5452 464 5500 Urbs
484 5464 640 5512 Opere
658 5452 765 5499 haec
787 5459 965 5498 nostrae
989 5450 1099 5497 hinc
1122 5462 1209 5497 sex
1238 5447 1451 5496 millibus
1468 5449 1620 5495 absita
1641 5447 1793 5496 Nola).

277 5537 577 5590 Mhibitam
628 5548 843 5603 quoque
909 5533 1125 5603 invenio
1167 5547 1211 5603 _a
1268 5532 1469 5586 Rutilio
1514 5530 1856 5593 Numatiano,

275 5606 365 5661 lib.
402 5624 458 5671 vi,
481 5607 571 5675 qui
600 5601 807 5661 Paulini
837 5610 997 5657 :ctate
1025 5601 1239 5657 ﬂoruit:

396 5696 655 5749 Intervalla
682 5697 775 5747 viae
798 5697 942 5743 lessus
966 5702 1198 5756 praestare
1223 5694 1416 5743 videtur

466 5761 555 5820 Qui
580 5765 716 5809 notat
740 5755 1025 5823 inscriptus:
1052 5755 1200 5807 Millia
1225 5756 1373 5806 multa
1398 5755 1536 5819 lapis.

2100 4594 2289 4668 stadia.
2324 4590 2546 4668 ldcirco_
2568 4590 3033 4668 Constantinopoli
3065 4593 3547 4668 miicapmappel-

1968 4661 2178 4716 labatur
2234 4663 2401 4725 locus,
2444 4660 2583 4715 unde
2620 4660 2720 4714 via:
2746 4662 3185 4726 numerabantur,
3229 4660 3287 4717 'et
3316 4660 3414 4721 ubi
3434 4660 3548 4721 'iti-

1969 4747 2171 4803 uerum;
2191 4742 2333 4786 meta
2365 4730 2538 4803 fuerat
2566 4732 2667 4785 sita
2692 4771 2705 4794 ,
2747 4731 2811 4784 ad
2861 4732 3028 4785 instar
3070 4732 3318 4788 .llilliaris
3348 4739 3504 4791 Λιινεὶ
3528 4780 3543 4803 ,

1968 4803 2115 4875 quod
2152 4801 2345 4875 891mg
2382 4802 2676 4875 antiquitus
2711 4804 3111 4875 erectuml'nit,
3164 4805 3230 4859 de
3277 4824 3384 4875 quo
3425 4801 3548 4863 vide

1967 4871 2163 4944 erudit.
2199 4872 2277 4924 Du
2306 4869 2583 4944 Fresnium
2604 4873 2704 4944 lib.
2735 4890 2750 4926 1
2779 4871 2882 4926 CP.
2908 4873 3127 4937 Clirist.,
3160 4869 3397 4944 capfﬁi.
3427 4878 3549 4934 Pal-

1969 4942 2142 5018 ladius
2170 4950 2456 5018 propterea
2487 4941 2711 5018 Paulino
2740 4944 3075 5018 synclironus
3112 4946 3165 4999 in
3196 4941 3331 5001 Hist.
3359 4948 3545 5018 Laus.,

1962 5028 2080 5089 cap.
2112 5013 2166 5076 6,
2178 5011 2247 5064 20
2265 5020 2322 5089 et
2337 5011 2421 5089 77,
2434 5013 2561 5065 milii
2583 5011 3105 5089 vocem‘promilliari
3129 5029 3370 5087 usurpat,
3384 5011 3548 5089 quani

1964 5081 2187 5151 Latinus
2228 5082 2345 5151 ejus
2390 5082 2655 5150 interpres
2699 5083 2984 5139 admodum
3019 5081 3273 5142 vetustus'
3302 5081 3540 5145 retinuit.

1964 5149 2021 5204 ln
2050 5152 2236 5207 codice
2261 5149 2452 5206 nostro
2492 5149 2589 5221 per
2619 5154 2831 5207 unicum
2877 5154 2917 5208 L
2972 5156 3225 5211 scribitur
3252 5159 3355 5214 hoc
3393 5177 3549 5215 voca-

1966 5222 2171 5277 bulum.
2208 5221 2468 5290 Ego-non
2504 5224 2797 5289 immutavi,
2829 5239 2995 5293 quum
3032 5230 3263 5282 maxime
3300 5230 3368 5284 ad
3395 5230 3545 5284 Cnc-

1965 5307 2153 5345 corum
2178 5294 2465 5346 lectionem
2492 5295 2732 5347 accedat.

2041 5362 2104 5416 V.
2138 5362 2259 5437 762'}.
2302 5362 2576 5437 Credﬂebas.
2618 5362 2821 5419 Forsan
2866 5365 3090 5437 verbum
3128 5367 3304 5437 aliqua
3346 5367 3546 5436 indiget

1965 5432 2364 5507 emendatione.
2414 5432 2574 5487 Certe
2618 5449 2808 5507 sensus
2835 5436 3031 5490 clarior
3068 5432 3298 5492 evadere
3341 5432 3540 5507 posset.

2030 5500 2099 5581 ⁸γ.
2316 5505 2523 5581 Pauper
2561 5521 2733 5581 opum.
2779 5504 2978 5561 Abella:
3020 5500 3547 5577 pauperiem-tetigit

1968 5570 2131 5626 etiam
2163 5569 2323 5625 Silius
2359 5569 2527 5629 Ita—lic.
2560 5569 2654 5630 lib.
2684 5592 2809 5631 vni:

2088 5662 2397 5727 Sorrentum,
2422 5674 2474 5717 et
2500 5681 2683 5732 pauper
2704 5667 2824 5719 sulci
2850 5667 3067 5719 Cerealis
3088 5666 3276 5728 Abella.
