3990 6182
488 253 594 311 603

629 363 764 420 Filia
789 379 913 421 cum
933 375 1021 420 tua
1043 367 1129 432 sit,
1164 375 1340 430 tamen
1371 376 1454 424 est
1476 369 1571 423 tibi
1585 376 1760 423 mater
1778 382 2060 439 aquarum,
2094 370 2145 429 Δ

631 452 797 524 Cujus
817 455 887 510 ab
906 455 1168 524 indigenis
1197 457 1292 513 tibi
1320 458 1592 512 montibus
1619 457 1805 513 allluet
1824 457 2001 513 omnis

493 543 597 599 820
634 544 820 615 Copia,
851 560 969 614 quae
994 546 1170 611 fueras
1191 545 1433 603 felicibus
1458 556 1582 601 ante
1603 547 1854 616 superba,

636 634 705 689 Et
730 651 834 706 qua
862 644 983 717 post
1003 637 1179 693 studio
1213 639 1435 693 meliore
1465 639 1704 692 ministra
1726 637 1895 693 fuisti.

634 728 820 786 Gaude
865 731 1046 799 igitur,
1076 746 1196 785 mea
1225 730 1381 798 Nola,
1411 731 1505 785 tibi
1533 737 1587 787 et
1615 738 1850 799 gratare,
1882 726 2071 798 profu-

1887 820 1905 891 [
1933 818 2006 876 sis

641 911 849 967 Viribus
877 913 1123 968 exultans
1147 911 1382 980 Christo,
1412 912 1505 982 qui
1534 921 1589 967 te
1613 928 1709 982 per
1738 911 1965 966 amicum

639 1004 1007 1074 Dilectumque
1034 1021 1189 1061 suum
1218 1005 1450 1061 Felicem
1480 1004 1654 1068 finxit,
1685 1014 1739 1058 et
1771 1004 1921 1058 auxit

501 1093 607 1158 825
631 1094 830 1149 Natura
862 1096 1151 1151 famulante
1180 1104 1332 1151 tuum
1360 1111 1552 1150 manus
1577 1096 1684 1149 alta
1707 1095 1976 1148 decorem.

641 1183 815 1239 Cerne
838 1195 981 1240 tuam
1013 1185 1221 1252 faciem,
1254 1201 1359 1256 qua
1372 1202 1516 1243 nunc
1530 1200 1667 1243 nova
1691 1183 2004 1254 pmnituisti,

644 1272 717 1327 Ut
742 1290 951 1337 noscas,
986 1275 1270 1330 dederisne
1291 1276 1491 1343 aliquid
1520 1275 1715 1330 Felicis
1740 1275 1955 1343 honori,

640 1364 723 1418 An
752 1366 920 1434 magis
948 1382 978 1420 a
1009 1366 1186 1423 Felice
1214 1367 1307 1421 Dei
1334 1367 1605 1423 cumulata
1634 1366 1866 1421 colaris?

642 1456 814 1525 Asper
835 1457 924 1510 ubi
954 1457 1107 1512 nudis
1131 1458 1318 1512 arebat
1338 1457 1575 1511 calculus
1605 1457 1767 1523 arvis,

501 1544 604 1601 850
640 1546 791 1601 Nunc
816 1554 1021 1601 mutata
1049 1550 1188 1602 viret
1217 1548 1529 1603 madefactis
1558 1548 1730 1617 gratia
1757 1547 1944 1616 glebis.

644 1636 761 1691 Non
786 1637 916 1691 istos
945 1645 1150 1691 tantum
1174 1637 1347 1695 fontes
1377 1638 1492 1705 tibi,
1516 1637 1668 1702 Nola,
1701 1636 1936 1707 profudit

641 1724 835 1782 Felicis
864 1729 1055 1783 merito
1078 1730 1174 1783 tibi
1202 1730 1350 1783 dives
1379 1731 1550 1797 gratia
1579 1728 1803 1783 Christi:
2111 1736 2154 1796 Β

643 1818 918 1874 leiﬂuos
945 1820 1105 1873 etiam
1127 1818 1302 1874 fontes
1323 1820 1427 1873 huc
1455 1820 1521 1873 ad
1550 1828 1641 1873 tua
1669 1820 1822 1874 duxit

648 1907 865 1975 Moenia,
900 1910 1197 1979 Felicisque
1218 1910 1337 1964 sinu
1368 1910 1636 1977 gaudente
1666 1910 1874 1966 locatos

504 1994 611 2051 855
648 1996 899 2054 Difﬂuere
928 1986 981 2052 in
1003 2000 1201 2054 multas
1220 1999 1402 2057 effusis
1426 2000 1671 2055 amnibus
1693 2000 1852 2054 urbes

650 2086 789 2143 Urbe
818 2098 909 2143 tua
927 2089 1103 2158 jussit.
1133 2090 1386 2145 Famulos
1406 2090 1604 2146 Christi
1626 2091 1820 2158 loquor
1851 2092 1999 2155 istos,

644 2176 747 2234 Par
776 2180 995 2236 inlustre
1025 2182 1155 2245 Deo,
1186 2198 1284 2250 par
1306 2183 1485 2237 nobile
1515 2183 1732 2236 nomine
1761 2182 1961 2236 Christi

647 2270 839 2325 Albina
868 2287 987 2325 cum
1016 2282 1187 2326 matre
1210 2275 1313 2329 tuis
1336 2273 1494 2327 modo
1517 2272 1710 2327 finibus
1736 2282 1902 2336 ortos,

648 2360 877 2431 Pignora
913 2372 1228 2420 cunctorum
1249 2372 1581 2431 sanctorum,
1611 2372 1665 2417 et
1692 2363 1881 2431 gaudia
1911 2363 2031 2419 cwli

510 2449 611 2505 840
647 2450 884 2507 Piniadae
909 2453 1100 2509 Melani
1130 2471 1250 2509 cum
1272 2454 1474 2509 foedere
1501 2470 1598 2523 par
1619 2453 1975 2508 benedictum.

649 2540 761 2596 Hos
791 2542 932 2597 Deus
960 2551 1015 2597 et
1044 2551 1199 2598 natos
1221 2543 1434 2610 Felicis,
1458 2552 1513 2597 et
1539 2544 1700 2597 ubera
1731 2541 1879 2609 fecit,

657 2629 829 2686 Ubera
858 2632 1053 2686 divinae
1080 2633 1333 2687 bonitatis
1353 2633 1557 2701 proﬂua
1586 2632 1743 2697 lacte,

652 2722 694 2776 E
717 2724 909 2792 quibus
937 2726 1111 2780 omnis
1140 2725 1294 2795 in0ps
1323 2726 1579 2780 alimenta
1600 2725 1818 2779 ﬂuentia
1841 2724 2022 2789 sumit,

650 2813 837 2868 Omnis
857 2814 984 2869 item
1014 2814 1165 2870 dives
1185 2815 1505 2870 documenta
1533 2816 1765 2870 salubria
1795 2815 1975 2869 sumit.

513 2902 614 2958 845
648 2903 713 2958 Hi
742 2914 866 2958 sunt
889 2919 1015 2962 ecce
1045 2906 1133 2974 pio
1163 2904 1357 2960 Christi
1380 2904 1444 2959 de
1474 2904 1689 2960 flumine
1711 2904 1903 2971 fontes,

651 2993 751 3061 Qui
783 3011 891 3049 non
920 2996 1113 3049 visibili
1141 3012 1235 3065 per
1264 3004 1462 3050 terram
1491 2995 1699 3064 gurgite
1728 3002 1968 3061 manant,

654 3086 731 3141 De
763 3088 882 3141 viva
913 3087 1215 3142 miserantis
1238 3103 1375 3157 aqua
1404 3088 1620 3157 pietatis
1647 3087 1938 3141 abundant.

652 3177 763 3232 Hos
785 3187 862 3245 tu,
885 3178 1115 3243 Christe,
1136 3179 1231 3232 tibi
1261 3188 1461 3248 prazsta.
1485 3180 1730 3232 ubertate
1757 3176 1980 3248 perenni

653 3269 929 3323 Scaturire
957 3270 1034 3323 tui
1062 3269 1255 3324 Felicis
1278 3270 1331 3323 in
1357 3269 1521 3323 ubere
1552 3269 1745 3333 fontes,

517 3358 620 3413 850
654 3358 721 3413 Et
751 3374 1039 3427 numquam
1064 3361 1161 3414 has
1190 3361 1299 3415 ullo
1324 3360 1530 3415 tenuari
1559 3359 1735 3415 sidere
1756 3373 1939 3412 venas.

658 3451 1008 3525 551-552
1025 3450 1193 3506 inﬂue
1206 3452 1512 3522 pectoribus
1531 3466 1745 3522 semper
1767 3449 1881 3516 tibi,
1901 3448 2087 3505 Chris-

1653 3540 1673 3613 ι
1697 3549 1770 3609 te,
1800 3540 2010 3605 dicatis,

658 3632 931 3703 Feliciqne
953 3641 1047 3688 tuo
1075 3632 1144 3688 de
1171 3632 1545 3703 peccatoribus
1574 3632 1674 3702 ipsi

663 3725 927 3781 Mandatis
958 3726 1151 3791 tribue,
1185 3732 1243 3778 ut
1268 3739 1557 3793 numquam
1587 3725 1759 3794 pietas
1784 3732 1875 3779 tua
1897 3724 2097 3781 nostris

658 3817 964 3874 Visceribus
991 3817 1193 3871 fontem
1215 3815 1372 3884 hujus
1400 3817 1516 3885 opis
1542 3815 1823 3881 subducat,
1847 3823 1901 3870 et
1922 3814 2037 3886 ipse

521 3910 625 3967 855
658 3911 801 3968 Fons
830 3927 860 3964 a
886 3910 1033 3964 fonte
1060 3919 1152 3964 tuo
1172 3910 1326 3964 Felix
1357 3926 1454 3965 nos
1481 3910 1658 3978 largus
1678 3910 1919 3972 inundet,

662 4002 889 4072 Semper
929 4010 988 4055 ut
1034 4001 1087 4054 in
1128 4001 1284 4054 nobis
1324 4001 1518 4065 saliat,
1550 4015 1646 4053 rex
1675 4000 1885 4055 Christe
1908 4039 1923 4065 ,
1978 4010 2100 4056 tuus

1848 4092 1860 4161 |
1890 4090 2026 4155 fons,

665 4179 734 4235 Et
753 4194 853 4234 nos
880 4178 946 4232 de
972 4178 1183 4233 miseris
1204 4186 1258 4232 et
1287 4178 1468 4248 egenis
1496 4186 1641 4233 sorte
1665 4181 1737 4234 tui
1754 4179 1868 4250 jam

667 4268 910 4323 Nominis
938 4268 1179 4323 obtineat
1203 4268 1386 4324 felices
1413 4269 1597 4324 vivere
1620 4268 1790 4328 Felix.

1087 4379 1321 4435 POEMA
1356 4381 1545 4436 XXII.‘

526 4493 730 4550 Iovium
741 4494 1429 4568 docgtprovidenﬁqzdivinw
1440 4494 1918 4568 omniasttbjacere;
1939 4498 2105 4568 fatum

600 4582 716 4619 vero
742 4575 791 4637 et
820 4562 1081 4637 fortunam
1110 4565 1241 4617 nihil
1268 4581 1397 4619 esse.
1429 4562 1587 4617 Illum
1612 4564 1680 4616 ad
1707 4562 1994 4637 Scriptura
2018 4586 2104 4623 sa-

602 4651 705 4690 cra:
730 4634 999 4690 lectionem
1018 4634 1268 4689 hortatur.

671 4726 789 4782 Jam
808 4726 939 4781 mihi
968 4725 1231 4795 polliceor
1256 4725 1422 4779 sacris
1447 4732 1538 4779 tua
1567 4725 1806 4779 carmina
1830 4725 1977 4783 libris

671 4816 935 4881 Condere,
960 4825 1121 4887 teque
1149 4817 1245 4872 Dei
1272 4816 1601 4875 flammatum
1626 4818 1844 4875 numine
1864 4818 2060 4877 Christi

603 4931 669 5012 Χ.
861 4929 1025 5012 Copia
1052 4946 1164 5012 qua:
1194 4932 1384 5012 fueras.
1416 4930 1489 4984 Ita
1522 4931 1573 4985 in
1598 4932 1808 5012 codice.

603 5000 669 5056 ν.
694 4998 815 5052 826.
848 4998 1165 5053 Pwnituisti.
1194 4998 1438 5054 'Pmniteo
1477 5001 1616 5070 apud
1652 5010 1864 5058 veteres
1893 5001 2110 5057 Latinos

534 5078 867 5140 usurpatum,
889 5085 959 5140 ac
981 5080 1263 5139 propterea
1292 5071 1565 5140 eleganter
1592 5086 1807 5139 quoque
1835 5088 1863 5125 a
1887 5070 2109 5128 Paulino

534 5138 869 5209 usurpaturL
881 5138 1055 5194 Testis
1086 5138 1170 5193 est
1195 5142 1467 5196 vetustiss.
1504 5138 1763 5196 Priscian.
1808 5142 1899 5199 lib.
1945 5158 1996 5195 χι
2042 5143 2110 5196 de

539 5207 732 5280 Temp1
757 5217 812 5264 et
831 5207 1010 5280 Form.
1042 5210 1312 5279 particip.,
1342 5211 1431 5264 ubi
1455 5210 1522 5264 de
1549 5212 1835 5280 imperson.
1860 5212 2106 5280 loquens,

538 5282 614 5335 ait
653 5297 665 5333 :
698 5278 976 5351 Sciendum
1017 5288 1206 5351 tamen,
1238 5278 1380 5351 quod
1420 5281 1526 5351 hare
1574 5278 1746 5334 omnia
1787 5278 2111 5335 inveniuntur

541 5353 882 5421 perfectomm
926 5348 1322 5421 declinationem
1366 5350 1606 5421 habentia
1647 5352 1701 5403 in
1748 5367 1844 5421 usu
1891 5360 2111 5405 veterum

542 5418 666 5501 teste
681 5419 880 5501 Capro,
897 5418 1063 5489 pigeo,
1082 5419 1266 5501 pudeo,
1282 5420 1460 5500 twdeo,
1477 5421 1715 5501 pwni‘teo.
1730 5420 1933 5474 Monuit
1948 5421 2111 5501 etiam

544 5491 819 5559 utriusque
850 5489 1040 5559 lingua:
1065 5489 1417 5559 peritissimus
1442 5489 1541 5557 vir,
1574 5497 1629 5543 et
1656 5506 1860 5559 summa
1888 5490 2115 5545 refertus

544 5557 845 5615 eruditione
874 5557 1097 5612 Michael
1128 5558 1368 5613 Maddius
1395 5560 1571 5627 magni
1596 5560 1694 5612 viri
1722 5558 1901 5615 Caroli
1936 5559 2115 5614 Mariae

545 5627 930 5699 Ma‘ddi‘ifilius,
959 5629 1100 5699 apud
1124 5627 1412 5699 Pacuvium
1437 5644 1496 5684 se
1518 5631 1707 5696 legisse
1733 5628 2062 5699 pmnitebunt.

621 5697 681 5750 V.
705 5696 827 5752 840.
857 5696 1113 5754 Piniadcc.
1138 5696 1255 5757 Hoc
1281 5708 1363 5759 est
1383 5698 1607 5769 Piniani,
1643 5696 1885 5768 qui‘lorte
1901 5700 2118 5756 alterius

1440 255 1498 314 S.
1539 256 1812 313 PAULINI
1843 255 2095 312 NOLANI
2133 252 2437 312 EPISCOPI
2477 254 2822 311 POEMATA.

2115 3087 2162 3149 C

2132 4456 2182 4516 Ι)

2310 366 2417 422 Ora
2450 367 2751 423 soluturum
2779 381 2991 421 summo
3017 365 3247 423 facunda
3275 368 3503 439 parenti.

2317 457 2496 529 Incipe
2517 459 2711 513 divinis
2732 466 2941 512 tantum
2967 457 3096 513 dare
3125 467 3346 529 pectora
3375 460 3556 529 rebus,

2248 546 2283 601 5
2318 547 2752 619 Subrectosque(
2779 565 2810 602 a
2840 549 2857 616 )
2888 548 2998 603 Deo
3025 564 3214 605 sensus
3243 551 3487 606 attollere
3516 563 3677 620 terra,

2318 639 2444 695 Mox
2462 641 2634 695 oculis
2662 640 2800 695 cmlo
2827 656 2964 695 nova
2987 642 3077 694 lux
3099 642 3306 695 orietur
3333 652 3538 711 aperto.

2322 728 2653 800 Intrabitque
2678 746 2833 785 sacer
2860 731 3023 785 tacito
3044 746 3142 800 per
3172 734 3187 798 (
3222 731 3250 783 ὸ
3273 733 3290 801 )
3314 744 3497 801 aperta
3526 743 3702 789 meatu

2319 820 2569 891 Spiritus,
2601 828 2657 875 et
2674 820 2797 874 lwto
2818 820 3023 890 quatiet
3053 829 3141 874 tua
3164 822 3370 876 viscera
3391 821 3540 878 flatu.

2389 910 2485 964 Eia
2525 924 2624 980 age
2661 910 2820 966 tende
2860 910 3097 981 chelym,
3124 910 3142 983 (
3171 927 3199 963 c
3229 911 3246 980 )
3294 912 3599 968 foecundum
3627 930 3749 969 con-

3274 1005 3293 1076 [
3324 1014 3447 1060 cute
3475 1014 3683 1075 pectus,

2220 1092 2285 1152 10
2321 1093 2513 1164 Magna
2548 1094 2567 1164 (
2594 1092 2669 1164 ά)
2710 1108 2933 1149 movens
2966 1111 2979 1147 :
3012 1094 3171 1149 abeat
3202 1094 3375 1151 solitis
3403 1098 3646 1167 impensa
3673 1097 3749 1152 fa-

3475 1187 3496 1258 [
3518 1187 3689 1243 cultas

2320 1272 2654 1328 Carminibus
2681 1291 2694 1329 :
2726 1271 2901 1343 major
2919 1288 3098 1328 rerum
3129 1273 3222 1327 tibi
3253 1275 3491 1329 nascitur
3512 1278 3667 1332 ordo.

2324 1363 2441 1418 Non
2462 1362 2623 1418 modo
2641 1362 2903 1432 judicium
2937 1362 3158 1429 Paridis,
3192 1380 3291 1419 nec
3317 1365 3456 1421 bella
3486 1367 3751 1436 gigantum

2322 1453 2479 1508 Falsa
2505 1469 2669 1509 canas
2699 1472 2711 1507 :
2740 1453 2901 1509 fuerit
2926 1456 2941 1486 ¹
2972 1456 3165 1524 puerili
3194 1456 3350 1511 ludus
3376 1458 3428 1510 in
3449 1473 3569 1513 aavo

2324 1546 2428 1601 Iste
2451 1556 2574 1602 tuus
2599 1547 2909 1615 quondam;
2960 1547 3257 1602 decuernnt
3290 1549 3491 1603 ludicra
3514 1565 3752 1618 parvum.

2220 1636 2288 1690 15
2323 1638 2475 1694 Nunc
2498 1639 2692 1693 animis
2714 1639 2950 1709 gravior,
2980 1648 3238 1709 quantum
3261 1642 3572 1711 provectior
3591 1644 3754 1709 annis,

2322 1732 2627 1800 Aspernare
2648 1731 2793 1785 leves
2821 1740 3031 1786 maturo
3058 1732 3223 1787 corde
3242 1731 3546 1798 Camtenas,

2330 1818 2397 1875 Et
2424 1820 2640 1889 qualem
2668 1821 2827 1875 castis
2841 1820 2951 1889 jam
2980 1836 3216 1889 congrua
3244 1824 3483 1877 moribus
3510 1832 3665 1890 aetas,

2326 1911 2501 1982 Atque
2531 1912 2607 1966 tui
2634 1914 2907 1981 specimen
2929 1914 3236 1968 venerabile
3257 1915 3492 1984 postulat
3514 1917 3649 1983 oris,

2327 2001 2555 2073 Suscipe
2584 2004 2885 2068 materiam,
2907 2004 3114 2059 divinos
3134 2006 3356 2076 concipe
3377 2022 3592 2061 sensus.

2395 2092 2451 2146 Si
2479 2093 2643 2148 decus
2668 2110 2699 2149 e
2731 2094 2876 2149 falsis
2903 2094 3117 2165 aliquod
3149 2111 3451 2165 nomenque
3475 2097 3648 2152 tulisti

2330 2181 2404 2238 De
2430 2183 2613 2238 vacuis
2640 2197 2891 2251 magnum
2920 2185 3099 2247 rebus,
3133 2199 3253 2238 cum
3278 2184 3398 2240 ficta
3420 2188 3653 2242 vetustis

2330 2272 2669 2328 Carminibus
2689 2290 2929 2340 caneres,
2960 2276 3043 2329 vel
3064 2292 3183 2330 cum
3228 2284 3442 2331 terrena
3468 2277 3701 2334 referrcs

2328 2361 2490 2417 Gesta
2516 2364 2943 2433 triumphantum
2972 2366 3194 2421 laudans
3219 2368 3443 2434 insignia
3472 2384 3683 2439 regum.

2331 2452 2448 2507 Non
2477 2454 2727 2522 equidem
2758 2470 2822 2509 ex
2854 2455 2957 2509 illis
2994 2463 3049 2509 tu
3081 2456 3292 2511 laudem
3321 2463 3535 2513 sumere
3559 2459 3761 2528 dignus,

2222 2541 2294 2596 25
2333 2543 2479 2610 Quos
2511 2546 2684 2614 magis
2706 2547 2937 2601 ornabas
2986 2548 3225 2615 opulenti
3252 2563 3475 2603 munere
3493 2551 3667 2604 verbi.

2339 2634 2551 2699 Quanto
2571 2633 2746 2703 major
2776 2634 2843 2689 ab
2874 2636 2956 2690 his
2975 2635 3127 2690 cedet
3154 2636 3249 2690 tibi
3279 2637 3448 2705 gloria
3469 2641 3667 2708 ceptis,

2333 2724 2391 2781 In
2416 2725 2609 2794 quibus
2633 2734 2687 2780 et
2708 2726 2943 2794 linguam
2973 2741 3249 2793 exercens,
3282 2737 3516 2782 mentem
3551 2744 3763 2799 quoque

3460 2827 3704 2871 5311(3le

3460 2827 3704 2871 sanctam

2328 2901 2575 2971 Erndies,
2605 2901 2922 2971 laudemque
2950 2901 3107 2956 simul
3140 2816 3717 2975 vitamquetcapesses?

2333 2993 2574 3064 Dumque
2614 2993 2759 3062 leges
2808 2992 2920 3065 (e)
2970 3000 3142 3058 catus,
3182 3001 3238 3048 et
3277 2995 3481 3049 scribes
3516 2996 3769 3053 miracula

3464 3086 3485 3159 [
3507 3090 3709 3144 summi

2229 3176 2301 3233 30
2339 3176 2478 3232 Vera
2507 3175 2624 3242 Dei,
2657 3176 2880 3246 propior
2907 3175 3102 3242 disces,
3136 3184 3191 3231 et
3212 3178 3389 3232 carior
3414 3177 3515 3247 ipsi

2338 3267 2467 3324 Esse
2496 3267 2608 3324 Deo
2645 3286 2656 3321 :
2685 3283 2844 3337 quem
2866 3268 2991 3321 dum
3021 3267 3244 3322 credens
3272 3269 3501 3335 miraris,
3526 3285 3711 3326 amare

2338 3359 2590 3429 lncipies,
2621 3367 2677 3415 et
2706 3358 2936 3412 amando
2958 3358 3125 3412 Deum
3165 3358 3513 3414 redamabere
3536 3358 3781 3423 Christo._

2414 3449 2686 3505 Hactenus
2718 3449 2808 3503 illa
2836 3456 2941 3503 tua:
2968 3463 3134 3503 vanos
3156 3449 3281 3502 tuba
3304 3450 3455 3504 vocis
3477 3450 3530 3504 in
3554 3466 3685 3507 usus

2341 3544 2597 3609 Persona,
2624 3543 2834 3597 divinos
2856 3544 2876 3573 '
2906 3540 3067 3596 modo
3100 3541 3295 3595 celsius
3327 3542 3536 3597 intonet
3555 3543 3578 3574 ⁸
3607 3552 3783 3601 actus.

2234 3636 2305 3692 55
2380 3706 2383 3709 _
2409 3636 2577 3691 Nosse
2607 3636 2625 3703 (
2646 3636 2673 3706 f
2690 3633 2707 3703 )
2738 3647 2924 3688 moves
2949 3647 3139 3688 causas
3163 3643 3341 3689 rerum
3381 3641 3437 3687 et
3477 3633 3772 3705 primordia

3450 3721 3470 3795 [
3498 3724 3712 3778 mundi?

2339 3816 2419 3872 Ne
2446 3828 2613 3883 vagus
2640 3815 2948 3869 innumeras
2973 3810 3227 3883 (Epicuri
3255 3813 3463 3867 somnia
3488 3811 3505 3885 )
3528 3813 3784 3877 mundos.

2342 3910 2488 3976 Quos
2522 3908 2716 3961 atomis
2737 3906 2960 3961 demens
2988 3920 3085 3975 per
3104 3905 3262 3960 inane
3292 3906 3607 3975 parentibus
3653 3907 3791 3971 edit,

2340 3999 2524 4053 Irritus
2553 4000 2607 4052 in
2635 4013 2863 4054 vacuum
2887 3997 3122 4067 spatiato
3150 4004 3370 4066 pectore
3390 4002 3603 4065 qureras
3628 4014 3644 4063 ;

2345 4086 2561 4156 Legifer
2590 4088 2813 4155 antiquo
2842 4085 3182 4141 venerandus
3204 4086 3422 4139 nomine
3449 4084 3651 4152 Moses,

2238 4182 2308 4240 40
2342 4180 2687 4251 Compositus
2711 4179 2878 4249 prima
2899 4177 3138 4231 referens
3166 4177 3234 4231 ab
3259 4176 3466 4244 origine
3502 4177 3777 4240 mundum,

2344 4273 2665 4328 lnstituente
2694 4271 2825 4335 Deo,
2851 4284 3007 4325 curas
3037 4269 3133 4323 tibi
3162 4267 3334 4322 solvet
3360 4268 3569 4331 inanes,

2346 4366 2763 4434 Formatumque
2789 4363 3061 4417 hominem
3084 4362 3230 4427 limo,
3251 4370 3306 4415 et
3320 4362 3609 4431 spiramine
3628 4378 3779 4417 sacro

2347 4456 2703 4531 553-555
2722 4452 3261 4521 Amatam-referens,
3283 4453 3435 4523 cujus
3461 4455 3536 4509 sis
3563 4471 3780 4510 munere

3466 4542 3487 4616 [
3506 4546 3715 4601 cunctis

2344 4639 2552 4696 Celsior
2579 4639 2631 4692 in
2653 4646 2793 4691 terra
2822 4634 3168 4704 spirantibus,
3198 4633 3567 4703 ipsedocebit.

2243 4730 2314 4786 45
2349 4731 2431 4786 Ne
2471 4738 2523 4785 te
2544 4743 2641 4785 ceu
2669 4726 2692 4759 ⁸
2718 4724 2923 4795 lapides
2953 4722 3187 4795 Pyrrhae,
3220 4723 3529 4793 argillamve
3561 4723 3781 4778 Prome-

3535 4811 3667 4886 [thei
3692 4814 3727 4846 ’ν

2212 4933 2421 4989 Piniani
2450 4932 2584 4986 filius
2611 4938 2755 5008 erat,
2772 4927 3067 5008 secundum
3092 4927 3586 5008 patronymicorum
3620 4928 3781 4982 nomi-

2212 5020 2339 5058 num
2369 5016 2629 5057 normam.
2658 5000 2792 5053 Vide
2821 5013 2938 5066 qua:
2961 4997 3071 5051 dixi
3100 4996 3151 5049 in
3178 4996 3312 5066 Diss.
3343 5013 3416 5050 vr.

2284 5076 2300 5094 ‘
2329 5074 2474 5126 Alias
2493 5063 2917 5137 subjungebatur
2936 5068 3091 5137 epist.
3124 5066 3210 5119 16.
3242 5063 3357 5137 Huc
3384 5066 3643 5137 adscitum
3677 5073 3781 5122 est.

2211 5144 2480 5213 Scriptum
2505 5135 2627 5213 ante
2649 5135 2843 5213 annum
2863 5136 2989 5213 ρΟΟ,
3020 5135 3158 5213 forte
3186 5151 3274 5213 an.
3305 5135 3411 5188 598
3432 5145 3527 5213 aut
3550 5137 3669 5213 1:99.

2218 2093 2287 2147 ‘20

2285 5204 2361 5283 (α’)
2389 5211 2513 5265 Mss.
2539 5209 2716 5275 Vien.,
2741 5208 3030 5278 Subjectos.
3063 5205 3159 5259 Ms.
3201 5204 3333 5274 Reg.
3357 5214 3414 5260 et
3438 5206 3523 5261 ed.
3556 5205 3782 5271 Poelm.,

2343 5290 2890 5429 ᾖῖἶέξῗῃξλνίεηηει
2915 5346 3045 5402 edit.
3075 5344 3261 5400 sum.
3311 5352 3351 5398 t.
3382 5344 3426 5400 v
3474 5344 3611 5402 Bibl.
3655 5343 3797 5410 PP,

2214 5418 2489 5493 pa‘.'978.
2521 5418 2647 5485 Alii,
2672 5425 2871 5487 operta.

2284 5436 2359 5562 ῗο)
2521 5487 2693 5562 Vie_n.,
2714 5489 2871 5562 facun

2399 5558 2496 5612 Ms.
2528 5557 2697 5611 codex
2714 5556 3047 5620 Viennensis,
3072 5569 3294 5610 vomens.

2313 5564 2367 5629 d)
2399 5564 2496 5612 Ms.
2528 5564 2697 5611 codex
2717 5564 2877 5608 Vienn

2315 5631 2362 5697 e)
2390 5627 2487 5683 Ms.
2517 5626 2877 5693 Vien.,caule.

2289 5564 2360 5771 l1)
2391 5697 2488 5758 Ms.
2518 5696 2698 5764 Vicn.,
2726 5694 2877 5771 volsa.

2215 5282 2354 5337 Subr

2288 5353 2338 5423 (b

2391 5489 2489 5545 Ms.
2521 5487 2693 5550 Vien.,
2714 5486 3025 5607 ὖαειιηάιιηι.

2399 5558 2496 5607 Ms.
2528 5557 2697 5607 codex
2762 5556 3025 5607 iennensis

2342 5694 2360 5770 )
2391 5697 2488 5758 Ms.
2518 5696 2698 5764 Ἥρη,
2726 5694 2917 5775 votem.
