3990 6182
254 275 358 332 305
1664 275 1893 332 POEMA
1931 275 2093 332 χχιι.
3414 283 3518 340 606

393 382 738 446 Contemnas,
767 393 929 450 quem
968 398 1175 439 summa
1203 399 1395 441 manus
1421 387 1675 456 vultuque
1710 388 1827 441 ani-
1855 389 1907 449 Δ
2075 387 2899 458 Porrigitautretrahit;cmlum,
2916 406 3082 458 mare,
3095 393 3516 468 sldera,ventos,

1520 477 1537 550 [
1569 493 1766 547 meque
1975 477 2045 533 90
2080 478 2198 545 Qua
2226 478 2355 536 fecit
2382 482 2579 537 virtute
2607 494 2822 550 regens.
2853 481 3024 539 Docet
3052 485 3228 541 exitus
3254 487 3441 556 ingens

400 566 690 622 Sublimem
721 574 777 622 et
805 568 1023 637 propria
1052 568 1300 638 dignatus
1329 568 1560 638 imagine
1589 569 1761 623 ﬁnxit.
2082 570 2325 642 Egypti,
2350 586 2666 640 mersusque
2691 572 2828 628 mari
2857 570 3119 629 reﬂuente
3148 583 3424 645 tyrannus.
3454 589 3479 618 ο

392 657 696 725 Cognosces
718 658 797 728 (α)
819 657 1019 713 ibidem
1050 658 1143 728 (ne
1171 673 1363 729 pergas
1386 659 1599 713 tradere
1638 659 1767 715 fatis
2079 660 2145 714 Et
2168 662 2315 731 prius
2336 662 2450 731 ipse
2476 677 2667 730 graves
2694 664 2959 718 elementa
2985 678 3085 733 per
3116 665 3297 719 omnia
3342 674 3521 723 motus

392 749 682 803 Arbitrium
713 750 886 803 nostri
920 748 936 818 )
964 764 1083 818 quae
1113 765 1211 803 nos
1233 749 1502 804 sententia
1532 750 1642 803 leto
2078 752 2346 822 Expertus
2374 768 2533 823 quem
2554 763 2748 811 cuncta
2779 764 3031 821 tremant,
3062 756 3148 812 cui
3188 766 3383 812 cuncta
3428 759 3521 813 mi—

285 836 356 895 50
392 838 656 903 Vinxerit,
689 845 745 892 et
774 836 927 906 cujus
955 838 1118 892 vitam
1140 838 1238 893 sub
1267 838 1385 909 lege
1408 839 1702 892 trahamus.
3100 850 3120 923 [
3145 849 3376 905 "mrem
3405 848 3447 905 ο.

460 928 517 983 Si
547 937 786 984 mentem
806 930 945 984 coelo
969 929 1106 998 jacis
1128 930 1309 993 altius,
1332 938 1387 985 et
1408 945 1569 999 super
1589 938 1730 983 astra
2147 935 2415 1006 Tempore
2441 951 2675 1006 namque
2698 954 2808 994 uno
2836 939 2999 996 tellus
3021 943 3324 997 communis
3351 942 3520 1000 habe-

389 1018 541 1075 Scire
570 1018 721 1088 cupis
746 1018 873 1088 quid
898 1020 984 1082 sit,
1016 1019 1103 1073 vel
1123 1019 1249 1089 quid
1274 1018 1434 1074 fuerit
1459 1021 1606 1088 prius
1625 1034 1762 1085 aevo;
3308 1030 3327 1102 [
3355 1030 3451 1086 bat

388 1108 457 1163 Et
485 1109 689 1163 mundo
717 1117 772 1163 et
800 1108 959 1166 sectis
978 1108 1137 1165 docet
1156 1109 1413 1165 ulteriora
1437 1108 1710 1164 Johannes
1735 1117 1784 1161 ι.
1973 1115 2039 1171 95

1973 1115 2045 1171 95
2077 1115 2309 1182 Judmos,
2337 1132 2457 1186 quae
2479 1118 2595 1172 sola
2621 1117 2734 1174 Deo
2766 1127 2894 1176 tunc
2921 1119 3059 1175 lecta
3081 1120 3180 1175 fuit
3207 1135 3338 1190 gens
3358 1120 3418 1186 ἀς
3460 1161 3469 1172 .

389 1199 663 1271 Principio
710 1200 944 1257 Verbum
966 1243 981 1270 ,
1031 1203 1204 1273 inquit
1229 1242 1245 1269 ,
1282 1212 1399 1257 erat
1426 1221 1439 1256 :
1482 1202 1624 1258 Deus
1650 1202 1835 1257 obside
2080 1210 2147 1264 Et
2170 1220 2351 1265 tamen
2385 1212 2473 1265 illa
2502 1212 2597 1265 Dei
2621 1211 2798 1282 gravis
2826 1212 3070 1267 hostibus
3099 1214 3178 1267 ira
3205 1214 3450 1283 superbis

1547 1295 1565 1367 [
1588 1294 1764 1349 Verbo
2076 1301 2383 1357 Permixtos
2403 1304 2545 1357 inter
2563 1304 2794 1372 populos
2822 1304 3053 1358 discreta
3082 1304 3339 1358 cucurrit.

288 1388 355 1445 55
388 1388 673 1445 Gaudebat
695 1427 709 1453 ,
734 1388 1076 1458 Verbumque
1104 1387 1198 1443 Dei
1243 1387 1403 1443 simul
1432 1396 1487 1443 et
1527 1388 1665 1442 Deus
1694 1386 1832 1441 idem
2078 1394 2195 1449 Jam
2224 1396 2358 1461 scio,
2390 1411 2495 1450 non
2517 1395 2651 1450 dicis
2671 1439 2686 1464 ,
2712 1396 2855 1465 quod
2877 1395 2989 1451 fors
3028 1396 3231 1451 incerta
3259 1396 3521 1467 procellas

391 1479 628 1536 Verbum
657 1487 777 1534 θηί
825 1477 941 1535 H00
962 1478 1196 1534 verbum
1224 1486 1325 1544 εει,
1366 1479 1483 1534 Sine
1520 1494 1628 1546 (1υο
1682 1477 1831 1542 Nihil.
2082 1486 2150 1541 Et
2175 1502 2327 1541 mare
2354 1502 2512 1541 casus
2541 1494 2684 1555 agat,
2710 1501 2860 1542 mare
2879 1500 3000 1541 cum
3020 1485 3298 1541 discedere
3313 1486 3521 1555 jussum

1240 1568 1261 1639 [
1291 1568 1471 1623 omnia
1499 1583 1596 1638 ρετ
1622 1566 1766 1635 (ἰυοά
1940 1581 2043 1635 100
2081 1581 2401 1636 Discessisse
2432 1580 2595 1646 legas,
2627 1579 2933 1646 siccamque
2961 1578 3257 1647 rigentibus
3283 1578 3440 1633 undis

386 1661 553 1719 Facta
579 1661 780 1731 vigent,
803 1659 949 1733 quod
976 1667 1170 1717 cuncta
1196 1659 1354 1727 regit,
1385 1658 1470 1713 cui
1500 1657 1709 1713 subdita
1734 1671 1833 1727 pa-

2080 1670 2439 1743 555-556
2464 1669 2605 1723 Inter
2633 1684 2803 1739 aquas
2829 1669 3068 1740 patuisse
3105 1667 3275 1733 viam,
3305 1683 3521 1722 rursus-

1608 1750 1627 1823 [
1648 1758 1766 1805 rent
1868 1752 1914 1813 B

3131 1759 3257 1831 [que
3284 1758 3522 1814 solutum

390 1843 605 1909 Omnia,
635 1851 689 1899 et
708 1851 912 1899 aeterno
943 1851 1132 1897 natura
1162 1842 1336 1897 omnis
1362 1840 1624 1896 famulatu
2083 1849 2294 1921 quuor
2322 1848 2387 1903 ad
2417 1848 2697 1917 imperium
2717 1847 2887 1901 sancti
2913 1846 3225 1915 virgamque
3245 1848 3522 1918 prophetae

395 1936 579 1991 Strata
609 1936 721 1991 Deo
751 1935 824 2006 (b)
847 1935 1054 1989 Numen
1070 1934 1236 2003 geniti
1266 1943 1321 1990 et
1339 1934 1597 2003 genitoris
1625 1933 1834 1989 adorat.
2082 1938 2138 1993 In
2181 1937 2411 2007 liquidos
2448 1950 2717 1992 remeasse
2751 1938 2900 1990 sinus
2931 1945 2976 1988 ε.
3008 1935 3064 1989 ln
3104 1944 3332 2005 utroque
3359 1937 3522 1991 maris

288 2027 352 2082 60
386 2028 705 2096 Cunctaque
736 2042 831 2096 per
849 2035 1056 2093 gentes,
1090 2027 1143 2080 in
1165 2025 1448 2094 majestate
1474 2034 1698 2096 paterna
3416 2023 3519 2095 [vis

391 2118 732 2188 Regnantem
761 2117 1043 2172 Dominum
1063 2116 1176 2186 jam
1205 2117 1384 2186 lingua
1409 2116 1608 2172 fatetur
1636 2116 1835 2171 Iesum:
2082 2116 2287 2184 Paruit,
2320 2125 2378 2171 ut
2409 2117 2609 2172 sanctis
2634 2116 2738 2170 iter
2766 2123 2821 2171 et
2847 2115 3080 2170 vindicta
3103 2114 3341 2169 daretur.

394 2210 626 2265 Nomine
652 2224 761 2277 quo
787 2205 1001 2261 fundata
1024 2207 1169 2262 salus
1194 2214 1303 2261 stat
1323 2215 1527 2270 nostra,
1561 2206 1800 2275 fidesque
1928 2206 2048 2262 105
2153 2207 2290 2274 Quid
2336 2205 2596 2277 profugus
2643 2205 2907 2261 Tharsum
2954 2214 3124 2270 vates,
3171 2220 3331 2274 quem
3378 2214 3524 2261 sorte

390 2303 613 2366 Nititur,
638 2309 852 2356 aeternae
880 2299 1105 2354 tendens
1128 2299 1181 2353 in
1209 2298 1389 2353 secula
1411 2299 1533 2352 vitae
1560 2296 1609 2350 δ.
3290 2293 3311 2366 [
3336 2293 3523 2363 pericli

468 2391 639 2462 Hujus
665 2390 845 2448 divino
866 2388 1123 2443 mortales
1152 2402 1374 2442 munere
1404 2388 1519 2442 fulti
2084 2386 2142 2442 In
2172 2402 2319 2442 mare
2345 2386 2614 2456 dejectum
2644 2385 2882 2456 spatioso
2909 2384 3087 2440 bellua
3117 2384 3255 2438 rictu

292 2482 359 2541 65
396 2483 746 2552 Assequimur
772 2479 1010 2548 fragilem
1040 2479 1203 2534 castis
1229 2479 1477 2533 evincere
1501 2476 1651 2532 factis
2084 2483 2270 2555 cepit,
2327 2492 2384 2539 ei
2440 2484 2732 2537 innocuum
2777 2488 2930 2536 vasta
2977 2479 3044 2552 (ε)
3093 2477 3357 2534 cruciavit
3394 2475 3414 2514 r
3457 2476 3526 2531 ab

394 2574 677 2635 Naturam,
702 2580 757 2626 et
777 2570 961 2638 rigida:
987 2568 1323 2637 disrumpere
1348 2568 1555 2623 vincula
1585 2567 1801 2623 mortis:
3302 2565 3444 2638 [alvo
3466 2575 3525 2631 ες

391 2666 465 2721 Ει
486 2681 596 2721 non
622 2663 900 2733 corporeis
928 2662 982 2716 in
1003 2675 1233 2732 corpore
1259 2660 1465 2729 legibus
1496 2660 1591 2724 uti,
2084 2660 2273 2717 Nonne
2300 2661 2460 2715 docet
2484 2659 2689 2715 ditione
2718 2658 2813 2712 Dei
2835 2672 2984 2711 mare
3006 2665 3061 2711 et
3085 2662 3230 2709 astra
3253 2653 3494 2709 moveri?

395 2757 681 2813 Sectantes
702 2754 881 2809 divina
909 2753 1005 2806 Dei
1032 2752 1254 2819 vestigia
1280 2750 1510 2806 Christi:
2087 2752 2329 2821 Namque
2356 2752 2524 2806 Deum
2553 2750 2749 2805 frustra
2775 2747 3005 2817 fugiens,
3034 2761 3195 2814 quem
3223 2750 3415 2799 cuncta
3442 2751 3526 2798 te-

396 2848 576 2903 Mente
602 2846 837 2900 animam
867 2856 1172 2912 corpusque
1199 2841 1365 2896 sacris
1403 2839 1714 2895 moderante
1742 2837 1842 2895 sub
3242 2830 3244 2832 ’
3288 2833 3527 2905 [nentem

1536 2932 1555 3004 [
1585 2931 1766 2995 armis,
1945 2931 2048 2986 HO
2086 2931 2255 2986 Nemo
2284 2930 2439 2999 fugit,
2467 2930 2638 2985 movit
2664 2927 2785 2984 eali
2815 2926 2973 2983 simul
2997 2933 3051 2979 et
3071 2920 3231 2978 maris
3261 2924 3383 2977 iras.

300 3033 362 3088 70
398 3031 551 3087 Mens
571 3028 828 3101 quoniam
848 3026 1092 3097 subjecta
1112 3024 1224 3080 Deo
1252 3024 1398 3093 capit
1420 3038 1569 3078 arma
1598 3022 1803 3087 salutis,
2089 3020 2484 3090 Omnipotentis
2512 3020 2655 3073 enim
2680 3017 2892 3072 Domini
2921 3024 3112 3069 natura
3141 3015 3393 3068 rebellem

397 3125 569 3195 [nque
594 3122 826 3177 animam
848 3132 1175 3188 carnemque
1200 3132 1354 3172 suam
1370 3131 1591 3185 regnum
1613 3115 1841 3180 obtinet;
1871 3111 1915 3172 C
2095 3110 2458 3179 Cognoscens,
2482 3108 2660 3162 timuit
2686 3120 2785 3176 per
2811 3119 2870 3159 se
2893 3104 3047 3173 quasi
3067 3102 3283 3157 conscia
3311 3110 3484 3155 tutum
3504 3101 3525 3131 ⁷

1620 3206 1695 3278 [et
1716 3206 1775 3259 tit
2086 3199 2251 3254 Ferre
2278 3214 2449 3263 reum,
2481 3207 2537 3253 et
2558 3198 2733 3253 ventis
2752 3196 3027 3264 fugitivum
3052 3194 3329 3273 vinkitket’
3348 3191 3525 3248 undis.

398 3308 529 3362 lure
555 3314 750 3376 potens
777 3305 942 3360 homo
970 3303 1198 3372 quisque
1221 3300 1302 3355 sui
1335 3317 1349 3352 :
1380 3299 1472 3368 qui
1500 3297 1711 3352 deditus
1752 3295 1845 3349 uni
2084 3292 2190 3347 Iste
2220 3292 2483 3362 propheta
2509 3290 2619 3345 Deo
2650 3290 2821 3345 lectus
2843 3297 3046 3343 terrere
3075 3285 3269 3341 minaci

398 3396 687 3452 Aiternum
720 3395 790 3466 (ε)
816 3394 1043 3448 Domino
1065 3392 1313 3461 proprios
1328 3397 1583 3456 regnator
1608 3388 1663 3441 in
1692 3392 1844 3440 artus
1946 3382 2051 3437 115
2087 3383 2385 3439 Peccantes
2432 3383 2642 3438 monitu
2679 3386 2700 3416 ⁸
2736 3381 2995 3453 populos;
3038 3388 3324 3451 postquam
3365 3393 3530 3447 grave

398 3486 666 3553 Efﬁcitur,
691 3485 833 3541 vitiis
859 3482 1088 3538 invictus
1117 3490 1173 3536 et
1200 3496 1326 3535 osor
1350 3479 1553 3546 iniqui;
3369 3467 3528 3539 [dixit

296 3578 362 3633 75
398 3577 613 3632 Fortior
638 3574 880 3629 adversis
903 3571 1209 3638 virtutibus,
1236 3569 1424 3625 ordine
1440 3568 1587 3636 justo
2089 3559 2347 3628 Exitium,
2374 3554 2639 3630 fregitque
2666 3574 2809 3624 reos,
2843 3558 3034 3612 avertit
3056 3565 3113 3611 et
3138 3557 3245 3610 iras

406 3668 579 3723 Verus
604 3667 790 3733 homo,
820 3665 947 3734 quia
975 3669 1155 3718 mente
1181 3670 1375 3732 potens
1394 3700 1410 3728 ,
1458 3660 1513 3713 in
1535 3671 1641 3727 qua
1670 3656 1839 3711 ratio-
2088 3651 2363 3717 Numinis;
2393 3652 2637 3721 impenso
2664 3651 2795 3703 lavit
2821 3664 2917 3704 sua
2946 3649 3170 3703 crimina
3198 3647 3347 3715 fletu,

1645 3747 1777 3821 [uis
2088 3740 2516 3810 Extremumque
2562 3738 2707 3793 diem
2749 3737 2882 3807 fugit
2930 3736 3069 3791 bene
3114 3751 3271 3790 versa
3317 3736 3386 3806 (ι’)
3430 3736 3527 3790 Ni-

406 3852 613 3907 Lumen
642 3849 823 3912 habet,
853 3845 1082 3901 famulos
1102 3840 1565 3909 nnllofcertamine
1586 3853 1777 3909 sensus
3306 3825 3451 3896 |nive
3476 3822 3525 3878 ιι.

408 3942 714 4012 Temperat,
732 3946 787 3994 et
805 3936 1031 4008 placidis
1052 3950 1148 3989 sna
1163 3941 1381 4004 pectora
1398 3930 1566 3986 nectit
1584 3928 1838 3984 habenis:
2156 3919 2296 3975 Num
2329 3933 2425 3974 rex
2456 3916 2548 3972 ille
2592 3915 2782 3971 habuit
2830 3914 3029 3977 fatum,
3060 3912 3153 3983 qui
3191 3920 3367 4012 mqrte
3404 3919 3533 4012 pro:

475 4000 594 4099 Tu,
649 4000 735 4086 cui
765 4000 916 4083 mens
964 4000 1224 4097 generosa
1271 4022 1487 4093 superni
1515 4020 1593 4094 (ά)
1630 4018 1848 4074 seminis
2104 4097 2118 4099 Α
2303 4097 2328 4099 _
2444 4096 2453 4099 Α
2825 4092 2840 4099 _
3205 4087 3213 4099 ᾗ
3263 4000 3483 4072 [pinqua
3508 4004 3530 4035 ο

1616 4110 1778 4184 [igne
1950 4101 2052 4156 1Ξο
2089 4097 2276 4155 Oravit
2301 4096 2609 4158 Dominum,
2638 4108 2797 4164 quem
2825 4092 2970 4161 leges
3001 4087 3221 4145 noverat
3250 4105 3412 4144 unum

306 4217 377 4272 80
413 4215 596 4282 Ardet,
626 4216 683 4270 in
704 4214 969 4269 azthereos
990 4209 1170 4265 animo
1190 4203 1492 4262 conscende
1513 4216 1777 4263 recessus,
2090 4190 2335 4247 Flectere
2384 4201 2547 4259 posse
2593 4200 2741 4253 suas,
2795 4190 3133 4239 consumtum
3179 4187 3240 4235 ut
3287 4178 3534 4282 tenderet

409 4306 477 4362 Et
502 4307 707 4379 gremio
736 4304 948 4359 Domini
977 4307 1139 4371 caput
1160 4300 1336 4353 insere
1367 4314 1378 4349 :
1402 4310 1529 4356 mox
1553 4290 1781 4347 inhianti

3336 4269 3533 4344 [:evum

412 4362 624 4455 Provtlua
648 4400 788 4453 lacte
809 4411 965 4452 sacro
996 4362 1176 4461 largus
1196 4389 1346 4444 dabit
1375 4386 1538 4441 ubera
1567 4382 1815 4437 Christus
2099 4372 2356 4442 Longius,
2388 4377 2442 4424 et
2469 4366 2668 4461 meruit
2695 4365 2796 4420 tria
2828 4363 3022 4461 ducere
3048 4362 3245 4461 lustra,‘
3265 4369 3536 4461 superstes

411 4490 707 4558 Divinoque
734 4497 879 4542 tuam
901 4448 1186 4556 perfunvdet
1215 4479 1414 4534 lumine
1441 4485 1674 4529 mentem
1701 4489 1716 4538 ;
1876 4473 1927 4533 Ι)
2094 4463 2264 4518 Annis
2293 4462 2408 4530 ipse
2419 4456 2577 4558 suis,
2595 4462 2650 4510 et
2675 4467 2782 4507 non
2798 4466 2905 4558 sua
2930 4448 3319 4558 v‘ivere'se‘cla?

414 4532 692 4636 Utvidgas
720 4577 875 4649 pulsa
895 4532 1122 4643 caligine
1152 4585 1346 4642 magna
1371 4565 1639 4622 tremendi
2170 4554 2322 4609 Nunc
2349 4549 2469 4621 ,tria
2506 4545 2762 4599 miremur
2798 4547 3066 4595 texentem
3112 4536 3243 4591 Fata
3292 4535 3307 4573 ί
3355 4532 3539 4649 [flatu-

309 4672 377 4727 85
412 4670 539 4727 Jura
568 4671 681 4736 Dei,
711 4669 905 4739 quibus
933 4665 1280 4735 omniparens
1300 4658 1561 4730 sapientia
1587 4653 1848 4721 Christus,

414 4763 473 4818 In
493 4778 613 4818 sese
639 4762 754 4831 ipse
774 4772 998 4815 manens
1017 4770 1230 4825 semper
1248 4759 1412 4809 novat
1438 4748 1619 4804 omnia
1648 4761 1848 4802 rerum.

3389 4639 3512 4678 nem

3389 4639 3536 4690 nem,

1960 4736 2063 4793 125
2100 4736 2206 4790 Aut
2237 4729 2387 4785 Arati
2411 4736 2687 4789 numeros,
2714 4728 2807 4773 ant
2832 4717 2974 4788 picta
3004 4714 3343 4770 Manethonis
3367 4626 3540 4768 ξηιηῖ

2098 4830 2322 4891 Dicant,
2364 4834 2577 4893 qumso,
2627 4815 2718 4870 ubi
2766 4820 2897 4868 mne
2936 4808 3149 4881 rapidas
3198 4804 3541 4862 nascentibus

416 4856 591 4925 Atque
614 4859 673 4909 ut
695 4853 829 4919 vult,
849 4865 1073 4922 operum
1087 4849 1230 4903 Deus
1250 4844 1452 4900 arbiter
1474 4843 1589 4912 ipse
1612 4854 1849 4906 suorum,
2100 4843 2322 4891 Dicant,
2364 4843 2577 4893 quaeso,
2630 4843 2718 4870 um
2769 4843 2897 4868 ωυυ
2936 4843 3149 4881 mpm...
3198 4843 3541 4862 numnum...

416 4947 661 4971 n-_.:.....
693 4954 741 4971 ,ιο
766 4949 934 4971 ..ι-,οπο
967 4940 1173 4971 crumina
1225 4947 1279 4971 οι
1309 4944 1549 4971 ιοηπιηνςι
1574 4929 1695 4971 vitm.
3355 4896 3541 4971 [horas

410 4947 665 5003 Continet
690 4954 745 4999 et
766 4949 938 4999 mutat
967 4940 1197 5010 species,
1225 4947 1280 4992 et
1309 4944 1551 5004 tempora
1574 4929 1695 4984 vitae

1958 5058 2084 5116 978.
2120 5055 2222 5110 Alii
2249 5047 2438 5113 codd.,
2467 5044 2667 5116 itidem.

350 5102 588 5228 :ghialiit‘i;
710 5172 760 5225 ι.
2252 5102 2721 5176 ἶῐίεῖγὶθηῐιεηείε.
2753 5108 2857 5165 Alii
2893 5107 3127 5173 codices,
3171 5103 3331 5176 geniti
3356 5118 3541 5157 nomen

584 5215 596 5227 '
627 5197 685 5239 ¹¹⁹
710 5197 760 5225 ’⁸
1962 5197 2230 5255 (ianitoris.

357 5254 379 5282 ε
408 5219 579 5299 Exod:
613 5219 725 5297 xxv.
1962 5219 2039 5321 θεῖ

349 5312 376 5349 ⁸
404 5312 542 5365 Psal.
571 5329 732 5365 Lxxv.
758 5311 808 5363 Ι.
2037 5358 2039 5365 ,

1962 5219 2230 5271 gentiam.

2035 5269 2106 5365 ςο)
2138 5267 2234 5320 Ms.
2267 5262 2448 5321 Vien.,
2482 5255 2727 5338 ίΕῳνηο.

2064 5339 2113 5365 .l\
2144 5336 2220 5365 un
2277 5331 2443 5365 ηηδον
2474 5326 2727 5365 Vnimanll

356 5315 376 5349 ¹
404 5315 542 5368 Psal.
571 5329 732 5377 LXXV,
758 5315 808 5363 l.
2036 5315 2039 5385 λ

356 5393 377 5421 ο
409 5382 574 5435 Exod.
598 5399 709 5435 xlv.

2036 5315 2114 5435 ζξρ
2138 5315 2243 5390 ᾖξ.
2275 5315 2447 5390 codeat
2474 5326 2783 5387 Vaticanus,
2815 5318 3043 5373 luminis.
3254 5381 3265 5393 _
3384 5377 3395 5389 ⁸

2068 5426 2088 5435 -
2153 5407 2239 5435 οζη
2272 5419 2348 5435 ,ηε
2398 5399 2512 5435 Rno
2556 5404 2607 5435 nt
2636 5391 2765 5435 Nlll,
2793 5389 2979 5435 Schot.
3012 5399 3113 5435 ms.
3144 5382 3347 5435 Valte"
3371 5394 3395 5435 1

356 5339 376 5349 “
404 5339 542 5368 ‘5‘“-
572 5339 732 5377 ιολλνν
759 5339 808 5363 ¹·
2061 5339 2093 5391 ιι
2144 5339 2243 5390 Ms.
2275 5339 2447 5390 codex
2480 5339 2783 5387 Vaticanus,
2815 5339 3043 5373 cummis.
3384 5377 3395 5389 ,

356 5393 377 5490 ξ
406 5382 574 5503 ἓξὲξ·
598 5399 814 5503 ἀν-258
2036 5339 2114 5480 ἓεξ
2153 5407 2241 5462 Sic
2272 5419 2370 5458 ms.
2398 5399 2611 5481 [teget
2636 5391 2768 5448 edit.
2793 5389 2979 5444 Schot.
3012 5399 3113 5440 ms.
3144 5381 3347 5445 Vatic.,
3368 5383 3543 5447 Jacta-

454 5472 466 5503 I
563 5462 679 5503 not.
822 5492 835 5503 .
1965 5481 2035 5503 -.ιι
2097 5478 2185 5503 an:
2241 5479 2458 5503 .....n.mo
2495 5466 2626 5503 Vuln
2654 5471 2763 5503 nnt,
2797 5457 2921 5503 958-

406 5453 538 5538 Υίάθ
563 5462 679 5509 “0"
710 5450 835 5505 258-
1964 5450 2767 5538 υἱιΫᾹιῖἷξνι-ἱὶἆὶιιᾶἰι.ἳ⁷ἰᾱεμοι.
2797 5457 2922 5513 258.

358 5532 381 5568 ι
408 5524 525 5577 Jon.
559 5541 598 5578 ι.
1968 5511 2033 5534 ω’

356 5591 383 5632 ιι
404 5594 524 5647 lsai.
554 5608 773 5647 xxxvm.
799 5590 853 5645 5.
1969 5619 2039 5647 ω

2130 5511 2218 5627 i114.
2238 5511 2766 5647 ξιξξέῗῖἱὲεξξῖίέιῖἶ
2792 5511 2858 5589 ἐξ
2880 5511 3010 5586 edit.
3055 5522 3263 5589 Schot.,
3308 5534 3365 5595 ι).
3413 5511 3538 5571 979.

426 5610 524 5685 sat.
1966 5619 2039 5677 Ed

1966 5607 2106 5677 Ε(ὶίὶί
2131 5615 2388 5685 quinque,
2421 5607 2473 5663 Ν
2477 5610 2653 5663 inerte.

361 5666 376 5701 ¹
411 5665 539 5720 Vide
570 5672 684 5720 not.
716 5662 842 5715 259.

359 5734 429 5807 (α)
456 5736 544 5793 Sic
574 5748 698 5791 mss.
731 5732 861 5799 Reg.
897 5739 949 5786 ct
992 5728 1139 5784 Vicn.
1171 5742 1293 5783 cum
1329 5720 1453 5785 edit,
1484 5720 1693 5781 Schot.,
1736 5731 1854 5785 pag.
3353 5755 3383 5776 ὅ
