4006 6182
505 278 609 335 607
1461 276 1519 332 S.
1566 270 1840 331 PAULINI
1877 266 2127 328 NOLANI
2164 267 2463 329 EHSCOPI
2493 270 2841 328 POEMATA.
3650 262 3742 319 608

646 386 946 456 Ponebant,
974 394 1031 444 et
1054 400 1176 459 qua:
1198 384 1392 458 quibus
1418 385 1569 440 ibant
1593 383 1771 438 sidera
1797 382 1987 451 signis,

645 475 779 530 Cum
807 477 929 545 pius
956 474 1212 531 Ezechias
1242 474 1319 546 (α)
1350 473 1442 529 ﬁdi
1478 473 1676 527 virtute
1705 469 1780 541 (b)
1810 478 2081 541 precatus,

647 562 897 619 Verteret
920 571 1188 619 astrorum
1212 563 1282 636 (ο)
1313 577 1523 631 cursus,
1553 558 1785 630 caelique
1807 568 2015 616 meatus

510 650 611 706 l30
649 651 911 708 Turbaret
938 653 1022 722 (ά)
1047 653 1208 722 jussis
1233 661 1504 709 retroacto
1526 653 1725 707 lumine
1749 652 1879 707 solis
1903 652 1966 704 ﬂ?

650 741 751 795 Vel
777 741 928 798 ducis
950 742 1175 811 imperio
1208 743 1380 798 sancti
1405 758 1528 798 cum
1558 744 1776 800 sisteret
1803 742 1946 797 idem

656 829 826 885 Dilata
854 830 935 886 sol
966 838 1124 886 nocte
1151 831 1311 896 diem,
1342 838 1402 885 ut
1427 832 1648 887 victoria
1670 831 1809 885 sacri

652 916 1033 987 Proﬂigaretur
1059 919 1266 989 populi,
1295 920 1445 974 stetit
1473 920 1606 975 orbe
1638 917 1710 989 (ε)
1740 932 1960 973 recurso

653 1005 812 1061 Libra
839 1006 972 1077 poli,
1000 1014 1059 1061 ut
1079 1020 1303 1075 magnos
1336 1014 1555 1076 caperet
1582 1007 1673 1061 lux
1703 1014 1859 1061 aucta
1895 1005 2087 1059 trium‘

1908 1096 2087 1167 [phos.

512 1180 616 1237 155
723 1180 860 1248 Quid
908 1182 1120 1262 soboles
1144 1224 1161 1249 ,
1213 1181 1489 1253 virtusque
1539 1182 1676 1251 Dei,
1721 1190 1775 1238 et
1824 1184 2090 1254 sapientia

1804 1274 2087 1346 [Christus,

651 1361 841 1416 Nonne
869 1362 1001 1417 satis
1026 1362 1178 1417 vanis
1203 1377 1359 1418 curas
1378 1363 1651 1418 erroribus
1678 1362 1884 1418 aufert?

651 1452 868 1522 Nosque
893 1455 1049 1509 simul
1077 1457 1294 1512 monitis
1322 1464 1377 1512 et
1399 1457 1557 1513 factis
1579 1457 1794 1524 edocet,
1822 1474 1986 1513 unum

650 1541 853 1598 Cuncta
882 1543 1052 1600 Deum
1076 1559 1285 1614 regere,
1315 1554 1371 1601 et
1393 1547 1527 1601 nihil
1556 1554 1616 1602 ut
1642 1548 1759 1603 sine
1786 1556 1967 1603 mente
1993 1566 2093 1620 pu-

1897 1639 2093 1710 [temus

653 1716 915 1789 Principis
940 1735 1059 1775 esse
1088 1721 1214 1787 Dei,
1244 1722 1429 1778 dicens
1455 1739 1561 1778 non
1590 1724 1784 1780 arbore
1811 1725 2085 1794 frondem,
2120 1747 2165 1807 Β

513 1806 615 1859 NO
653 1806 791 1861 Aere
823 1823 931 1863 non
956 1809 1229 1864 volucrem
1258 1811 1374 1866 sine
1398 1810 1549 1880 jussu
1578 1811 1859 1868 decidere?
1888 1823 1943 1870 et
1967 1830 2089 1870 cum

651 1893 1003 1965 Omnipotens
1028 1896 1191 1951 verbo
1217 1899 1407 1952 sternit
1436 1914 1603 1963 mare,
1629 1901 1717 1955 vel
1742 1901 1878 1971 pede
1899 1903 2090 1970 calcat,

664 1982 733 2037 Et
761 1985 927 2039 verbo
957 1984 1175 2039 morbos
1204 1985 1387 2054 abigit,
1420 1987 1505 2041 vel
1533 1988 1806 2044 daemonas
1833 2000 2009 2060 urget,

654 2070 762 2127 Aut
785 2073 1009 2129 reduces
1033 2075 1237 2128 animas
1263 2075 1316 2128 in
1347 2090 1575 2143 corpora
1603 2075 1786 2133 functa
1808 2080 2053 2144 remittit,

653 2161 880 2233 Jamque
914 2162 1005 2216 diu
1028 2163 1306 2217 exanimos
1332 2164 1550 2218 tumulis
1564 2164 1718 2233 jubet
1744 2165 1823 2220 ire
1852 2168 2093 2241 reclusis,

511 2255 616 2311 MS
651 2256 994 2325 lntegratque
1019 2264 1203 2325 putres
1234 2257 1341 2311 vita
1363 2267 1641 2314 remeante
1670 2261 1910 2330 sepultos
1944 2281 1955 2315 :

652 2345 840 2401 Nonne
868 2352 1191 2415 potestatem
1222 2347 1492 2416 propriam
1522 2348 1653 2402 satis
1695 2348 1895 2405 indicat
1936 2359 2096 2405 autor

653 2433 754 2501 Qui
781 2437 925 2490 solus
946 2443 1190 2489 naturam
1217 2450 1432 2491 omnem
1462 2438 1733 2506 vitamque
1754 2439 2017 2507 gubernat
2038 2438 2095 2494 b?

721 2521 835 2589 His,
866 2537 1079 2592 precor,
1125 2524 1208 2578 his
1247 2524 1426 2593 potius
1463 2523 1807 2595 studiumque
1845 2542 2094 2597 operam-

1702 2613 1828 2687 [que
1857 2615 2094 2686 legendis

651 2701 1071 2771 Scribendisque
1111 2716 1278 2770 vove;
1304 2717 1438 2758 cane
1488 2702 1714 2772 grandia
1757 2714 1933 2776 coepta
1982 2705 2093 2761 To-

1851 2795 1869 2867 [
1892 2796 2089 2863 nantis,

513 2879 615 2937 150
652 2881 839 2938 Scribe
864 2888 1167 2937 creatamm
1193 2881 1361 2937 verbo
1384 2881 1678 2951 primordia
1703 2898 1914 2949 rerum,

651 2972 1009 3045 557-558
1034 2970 1103 3026 Et
1129 2972 1297 3027 chaos
1321 2978 1446 3027 ante
1467 2971 1633 3039 diem,
1660 2974 1953 3042 primaeque
1976 2989 2095 3030 cre-

1645 3061 1887 3135 [puscula
1916 3063 2089 3163 lucis;
2117 3102 2162 3163 υ

650 3153 886 3222 Quaeque
912 3151 1109 3207 dehinc
1131 3150 1297 3207 variis
1334 3150 1601 3208 elementa
1647 3166 1746 3222 per
1788 3151 1970 3207 omnia
2001 3165 2091 3206 se-

737 3234 766 3264 ‘
1964 3241 2094 3314 [chs

650 3330 801 3385 Dicta
831 3331 916 3385 vel
939 3339 1060 3386 acta
1089 3331 1201 3385 Deo
1219 3346 1319 3401 per
1344 3339 1531 3386 sancta
1553 3331 1827 3385 volumina
1850 3330 2055 3399 disces,

651 3418 780 3484 Quae
807 3418 991 3473 docuit
1020 3419 1215 3474 tabulis
1240 3419 1499 3489 legalibus
1523 3419 1692 3474 indita
1718 3420 1929 3489 Moses;

514 3504 616 3561 155
652 3507 757 3560 Aut
780 3506 1074 3575 evangelici
1102 3520 1220 3575 quae
1248 3507 1335 3562 lex
1366 3522 1503 3562 nova
1530 3506 1861 3563 Testamenti

650 3593 834 3664 Signat
861 3603 1049 3665 operta
1076 3597 1225 3666 prius
1263 3604 1510 3667 retegens
1538 3598 1795 3669 mysteria
1824 3598 1891 3671 (f)
1923 3598 2091 3654 Chri-

1966 3687 1987 3761 [
2001 3688 2089 3743 sti.

727 3776 879 3832 Tunc
904 3784 958 3831 te
986 3777 1222 3833 divinum
1251 3793 1381 3834 vere
1404 3778 1718 3834 memorabo
1746 3785 1987 3849 poetam,

647 3868 715 3923 Et
734 3869 887 3938 quasi
914 3868 1084 3925 dulcis
1110 3885 1263 3940 aqua:
1285 3877 1471 3939 potum
1502 3878 1592 3924 tua
1613 3870 1851 3924 carmina
1876 3868 2090 3925 ducam.

650 3956 787 4012 Cum
813 3957 945 4010 mihi
967 3964 1251 4012 nectareos
1279 3958 1501 4011 summis
1523 3972 1555 4011 a
1585 3956 1819 4013 fontibus
1847 3958 2090 4023 haustus,

511 4056 617 4113 160
656 4054 978 4111 Praebebunt
1022 4054 1311 4109 Dominum
1357 4068 1540 4108 rerum
1587 4052 1879 4106 recinentia
1934 4052 2091 4108 Chri-

1904 4144 2089 4216 [stum,

650 4239 826 4308 Atque
853 4246 999 4291 tuam
1025 4233 1233 4305 pollere
1257 4232 1370 4287 Deo
1395 4230 1644 4288 testantia
1671 4238 1931 4297 mentem,

652 4325 726 4381 Ut
750 4324 910 4381 simul
937 4323 1047 4378 oris
1073 4336 1205 4391 opes
1234 4335 1265 4374 a
1292 4327 1347 4375 te
1366 4319 1663 4389 mentisque
1683 4334 1993 4389 capessam;

651 4413 720 4469 Et
757 4428 919 4483 quem
965 4411 1041 4485 (9)
1081 4417 1371 4480 cognatum
1412 4407 1659 4478 junctum
1706 4409 1839 4464 mihi
1886 4410 2090 4466 ﬁndere

832 4502 834 4505 '
1890 4497 2085 4569 μειοῖ,

647 4593 897 4649 Gratuler
923 4600 980 4649 et
1005 4600 1191 4649 sancta
1215 4593 1315 4649 sub
1338 4592 1617 4661 relligione
1638 4590 2017 4661 propinquum,

511 4683 614 4740 l65
648 4685 758 4742 Nec
779 4701 903 4741 cum
930 4685 1146 4740 mortali
1171 4683 1443 4740 solvendis
1471 4697 1700 4750 corpore
1726 4680 1917 4736 vinclis

2107 384 2165 442 Δ

2115 4461 2168 4522 D

2328 382 2595 456 Perpetuo
2624 392 2867 439 sanctum
2895 381 3224 453 complectar
3264 379 3489 451 pignore
3516 375 3740 433 fratrem.

2330 474 2408 545 (Ii)
2457 473 2599 543 Lege
2647 473 2776 528 felix
2822 472 2941 529 ,Ιογὶ
2992 474 3047 527 in
3089 471 3304 528 Christo
3332 470 3488 528 Jesu
3530 470 3745 633 [Domino

3555 567 3726 615 nostro

2725 673 2955 730 POEMA
2990 674 3171 730 XXIII.
3214 676 3236 697 ‘

2472 797 2539 836 DE
2580 798 2626 838 8.
2673 800 2860 839 FELlCE
2901 801 3097 841 NATAL.
3145 801 3353 840 CARMEN
3387 799 3482 839 vn.

2192 866 2439 953 Obsessos
2465 888 2498 924 a
2521 872 2754 926 daemone
2784 873 2968 953 liberat
2994 874 3055 953 S_.
3090 874 3262 929 Felix.
3294 874 3539 929 Theridio
3567 873 3749 929 oculum

2842 945 3082 999 restituit.

2334 1047 2441 1103 Ver
2465 1051 2652 1106 avibus
2678 1068 2840 1109 voces
2868 1056 3066 1124 aperit,
3092 1069 3212 1109 mea
3231 1055 3409 1124 lingua
3437 1072 3593 1112 suum
3621 1071 3707 1110 ver

2333 1140 2572 1196 Natalem
2602 1144 2795 1201 Felicis
2824 1146 3016 1211 habet,
3046 1163 3154 1217 quo
3176 1148 3378 1203 lumine
3400 1159 3454 1203 et
3480 1150 3593 1217 ipsa

2331 1230 2515 1286 Floret
2543 1234 2735 1301 hiems,
2765 1237 2977 1306 populis
3003 1237 3387 1306 gaudentibus;
3418 1246 3475 1292 et
3497 1238 3623 1293 licet
3648 1248 3753 1291 atro

2336 1321 2555 1391 Frigore
2583 1332 2793 1395 tempus
2819 1328 2993 1383 adhuc
3021 1328 3210 1383 mediis
3247 1328 3470 1383 hiberna
3500 1328 3695 1398 pruinis

2266 1409 2300 1465 5
2337 1413 2519 1479 Ducat,
2544 1423 2796 1472 concreto
2827 1418 2983 1472 terris
3007 1419 3321 1474 canentibus
3347 1434 3491 1474 anno
3522 1436 3537 1472 :

2234 1550 2249 1565 ,
2335 1504 2439 1558 Ista
2470 1505 2585 1560 luce
2615 1515 2791 1561 tamen
2823 1508 2974 1563 nobis
3001 1509 3087 1577 pia
3108 1508 3298 1577 gaudia
3328 1508 3508 1562 lzetum

2336 1594 2444 1648 Ver
2467 1593 2689 1661 faciunt,
2719 1595 2861 1650 cedit
2887 1597 3053 1666 pulsis
3081 1613 3111 1650 a
3142 1605 3359 1666 pectore
3380 1597 3527 1650 curis

2336 1682 2534 1738 Maeror
2560 1684 2733 1739 hiems
2760 1685 2925 1739 animi
2957 1704 2969 1739 :
2996 1686 3202 1755 fugiunt
3229 1702 3259 1741 a
3289 1686 3453 1742 corde
3490 1702 3676 1743 sereno

2338 1774 2524 1829 Nubila
2555 1775 2803 1831 tristitiae.
2833 1776 2981 1831 Sicut
3006 1778 3282 1846 cognoscit
3307 1778 3511 1834 amicos

2234 1864 2300 1917 10
2336 1864 2480 1919 Mitis
2507 1865 2737 1919 hirundo
2766 1864 2903 1929 dies,
2933 1874 2988 1919 et
3014 1866 3192 1935 pinnis
3219 1867 3443 1921 candida
3468 1867 3631 1935 nigris

2337 1954 2481 2021 Ales,
2505 1962 2560 2010 et
2582 1955 2671 2009 illa
2697 1955 2798 2024 pia:
2827 1962 3001 2009 turtur
3023 1964 3250 2023 cognata
3277 1956 3558 2020 columbze,

2339 2045 2448 2101 Nec
2478 2046 2580 2100 nisi
2612 2036 2739 2099 vere
2765 2059 2906 2099 novo
2934 2053 3193 2101 resonant
3219 2045 3559 2100 acalanthida
3602 2044 3735 2100 dumi

2338 2134 2572 2205 Quaeque
2599 2134 2698 2190 Sub
2726 2132 2944 2188 hirsutis
2966 2143 3128 2188 muta:
3152 2134 3312 2189 modo
3333 2135 3551 2205 sepibus
3570 2143 3751 2202 errant,

2334 2223 2457 2278 Mox
2488 2222 2671 2277 reduci
2702 2221 2898 2290 passim
2926 2221 3174 2276 lmtantur
3202 2236 3327 2277 vere
3356 2223 3621 2290 volucres,

2232 2311 2300 2365 15
2337 2312 2467 2366 Tam
2494 2312 2656 2365 variae
2686 2310 2897 2377 linguis,
2930 2322 3089 2378 quam
3121 2311 3540 2366 versicoloribus
3567 2312 3691 2369 alis:

2334 2400 2424 2456 Sic
2469 2407 2525 2455 et
2568 2413 2667 2468 ego
2714 2398 2859 2452 hunc
2901 2412 3136 2468 agnosco
3174 2399 3335 2465 diem,
3384 2414 3549 2468 quem
3588 2407 3755 2453 sancta

3462 2485 3755 2559 [quotannis

2336 2576 2492 2633 Festa
2521 2582 2724 2631 novant
2741 2572 2886 2643 justo
2910 2576 3089 2643 magni
3110 2564 3304 2630 Felicis
3324 2576 3553 2632 honore.

2406 2666 2556 2721 Nunc
2582 2663 2854 2736 placidum
2882 2664 3011 2719 mihi
3052 2680 3145 2720 ver
3176 2665 3449 2735 gaudente
3477 2668 3755 2724 renascitur

3584 2758 3752 2830 [anno,

2335 2842 2485 2899 Nunc
2508 2842 2641 2899 libet
2667 2857 2763 2898 ora
2792 2842 2965 2898 modis
2990 2851 3046 2899 et
3073 2845 3312 2900 carmina
3339 2846 3554 2903 solvere
3580 2849 3723 2915 votis,

2231 2932 2300 2986 ΞΟ
2346 2933 2579 2989 Vocibus
2602 2942 2658 2988 et
2682 2947 2913 2989 vernare
2939 2935 3092 2990 novis
3116 2953 3128 2987 :
3152 2934 3293 2991 Deus
3320 2937 3485 2993 inﬂue
3507 2939 3650 2994 cordi

2341 3025 2550 3081 Christe
2571 3041 2713 3092 meo,
2736 3033 2791 3081 et
2809 3028 3017 3098 superis
3042 3029 3313 3086 sitientem
3336 3030 3576 3089 fontibus
3596 3023 3752 3104 exple.

2334 3114 2441 3169 Sed
2468 3115 2536 3169 de
2564 3123 2618 3171 te
2641 3115 2724 3170 vel
2750 3124 2899 3183 gutta
2924 3118 3058 3173 meis
3085 3133 3303 3188 aspersa
3330 3122 3600 3190 medullis,

2338 3202 2561 3259 Flumen
2590 3206 2711 3260 erit.
2744 3204 2883 3273 Quid
2904 3207 3045 3263 enim
3071 3209 3283 3277 mirum,
3315 3212 3359 3267 si
3388 3226 3518 3269 rore
3545 3214 3723 3285 pusillo

2335 3310 2404 3367 Et
2449 3314 2726 3370 minimam
2773 3316 2791 3348 ι
2840 3316 3051 3387 repleas
3094 3319 3361 3388 animam,
3410 3324 3507 3392 qui
3551 3337 3755 3394 corpore

3588 3415 3755 3488 [parvo

2227 3495 2298 3551 25
2336 3496 2531 3553 Factus
2577 3500 2769 3566 homo,
2808 3507 3014 3559 aeterno
3050 3503 3330 3575 complesti
3376 3508 3583 3562 semine
3620 3523 3754 3561 mun-

3592 3597 3755 3668 [dum,

2337 3677 2405 3733 Et
2427 3686 2600 3733 totum
2627 3688 2776 3748 gutta
2806 3683 3033 3739 servasti
3062 3686 3334 3755 sanguinis
3364 3688 3590 3743 orbem?

2334 3770 2523 3825 Annue
2550 3770 2670 3827 fons
2700 3774 2847 3829 verbi
2876 3775 3110 3831 Verbum
3145 3778 3314 3845 Deus,
3343 3788 3398 3834 et
3420 3780 3569 3835 velut
3598 3779 3727 3834 illam

2336 3862 2420 3918 Me
2447 3863 2609 3919 modo
2638 3866 2778 3921 veris
2805 3882 2982 3936 avem,
3015 3869 3157 3925 dulci
3186 3870 3269 3926 fac
3297 3887 3429 3927 voce
3458 3889 3726 3938 canorum,

2334 3955 2463 4021 Qum
2492 3956 2643 4011 viridi
2673 3960 2769 4014 sub
2788 3959 2979 4016 fronde
3001 3962 3173 4017 latens
3198 3965 3338 4019 solet
3361 3965 3479 4019 avia
3511 3982 3631 4020 rura

2230 4044 2297 4101 50
2333 4045 2661 4103 Multimodis
2718 4051 2954 4107 mulcere
3012 4053 3220 4120 modis,
3277 4056 3620 4128 linguamque
3675 4072 3756 4126 per

3594 4150 3757 4222 [unam

2333 4230 2578 4288 Fundere
2602 4247 2710 4288 non
2739 4249 2874 4290 unas
2900 4243 3108 4293 mutato
3133 4240 3371 4295 carmine
3390 4256 3578 4297 voces.

2338 4319 2590 4377 Unicolor
2616 4323 2811 4394 plumis
2838 4325 2973 4395 ales,
3000 4327 3096 4383 sed
3123 4329 3265 4398 picta
3296 4330 3560 4401 loquelis;

2335 4411 2487 4469 Nunc
2513 4421 2709 4470 teretes
2735 4425 2879 4472 rotat
2904 4417 2995 4472 illa
3016 4420 3224 4487 modos,
3256 4438 3397 4478 nunc
3418 4423 3574 4478 sibila
3604 4422 3758 4492 longis

2335 4502 2491 4558 Ducit
2517 4513 2669 4561 acuta
2690 4508 2858 4572 sonis,
2890 4524 3102 4565 rursum
3123 4512 3274 4579 quasi
3301 4511 3477 4569 ﬂebile
3502 4531 3710 4570 carmen

2232 4589 2306 4645 '55
2341 4592 2691 4666 559-560
2711 4595 2954 4666 Inchoat,
2976 4608 3033 4655 et
3059 4601 3120 4672 (ἱ)
3148 4602 3325 4659 subito
3344 4605 3638 4675 praecidens
3664 4602 3757 4657 line

3472 4694 3755 4769 [querelam

577 4876 597 4898 ‘
627 4876 778 4970 Allila‘s‘
906 4876 1051 4970 q‘u‘od
1075 4884 1252 4931 autem
1269 4875 1492 4945 erath,
1523 4891 1668 4933 nunc
1691 4877 1778 4933 16.
1809 4876 2081 4951 Scriptum
2188 4889 2395 4970 troacto
2416 4884 2529 4970 sole
2553 4903 2563 4937 :
2591 4886 3032 4970 imperio'autem,
3066 4892 3189 4970 quia
3211 4892 3323 4961 ipse
3344 4892 3511 4970 elegit
3534 4894 3751 4963 signum.

504 4961 648 5001 anno
674 4946 797 5010 400,
822 4948 909 5001 die
931 4945 1228 5000 HJanuar.

574 5026 601 5055 ι
629 5015 741 5071 Jos.
768 5033 823 5081 χ,
856 5016 944 5069 l2.

573 5084 913 5157 b‘Matthtx,
928 5084 1033 5151 29;
1068 5085 1354 5157 LUC-“Viti,
1386 5084 1483 5153 24;
1518 5094 1572 5141 et
1615 5086 1803 5157 Matth.
1836 5104 1943 5156 xw,
1972 5088 2079 5157 25;

501 5153 632 5223 ibid.
668 5170 738 5219 Iv,
771 5154 869 5220 24;
894 5155 1021 5211 Luc.
1052 5173 1141 5223 vn,
1170 5155 1264 5219 15;
1295 5155 1488 5211 Johan.
1515 5173 1567 5211 χι
1590 5200 1603 5220 ,
1632 5155 1701 5211 59
1730 5168 1784 5212 et
1812 5157 1902 5212 ιιι.

576 5222 649 5300 (ῃ)
683 5223 773 5281 Sic
793 5225 925 5300 Dad.
969 5225 1098 5300 edit.
1122 5222 1179 5280 et
1209 5224 1431 5300 Sachin.
1461 5225 1643 5300 Ceteri
1669 5227 1900 5292 codices,
1932 5231 2077 5300 ﬁdei.

501 5287 917 5376 Sed‘secundam
934 5295 1193 5366 syllabam
1208 5295 1263 5349 in
1283 5311 1420 5352 voce
1439 5296 1564 5366 ﬁdei
1591 5310 1803 5368 semper
1829 5287 2076 5369 producit

500 5363 994 5517 p??tlljlfr‘i:'s._mc.
1020 5442 1077 5491 et
1102 5434 1281 5503 Vieu.,
1302 5444 1512 5508 precatu
1537 5454 1554 5491 :
1579 5453 1699 5508 quae
1725 5437 1886 5494 lectio
1911 5439 2071 5495 aiam

498 5505 706 5574 admitti
730 5513 929 5574 potest.

569 5575 640 5643 (c)
667 5573 764 5645 Ms.
799 5574 931 5644 Reg.
954 5580 1009 5630 et
1029 5575 1159 5630 edit.
1184 5573 1388 5631 Poelm.
1421 5577 1476 5631 in
1506 5591 1696 5645 marg.,
1727 5593 1898 5632 casus.

2190 4953 2328 5030 Ante
2358 4962 2474 5030 erat
2495 4953 2780 5030 jussi.'_Ms.
2812 4957 2966 5027 Reg,
2994 4953 3171 5030 jussit,
3201 4953 3476 5017 mendose.

2261 5022 2332 5094 (ᾳ)
2363 5023 2453 5078 Sic
2497 5022 2624 5079 mss.
2675 5026 2803 5094 Reg.
2839 5022 2916 5083 ρι’
2942 5022 3097 5084 Vien.
3148 5022 3269 5086 cum
3316 5034 3473 5087 editis
3509 5032 3669 5086 Grav.
3698 5036 3747 5084 et

2184 5089 2390 5146 Poelm.
2424 5099 2493 5148 At
2520 5110 2620 5151 ms.
2652 5089 2941 5156 Vaticanus
2982 5100 3153 5155 codex
3183 5116 3304 5156 cum
3359 5102 3517 5156 editis
3564 5102 3745 5163 tribus,

2182 5178 2385 5215 recusso
2393 5204 2404 5216 .

2280 5235 2322 5300 fl
2355 5232 2432 5304 Ita
2454 5248 2553 5287 ms.
2586 5234 2740 5290 Vien.
2774 5236 2951 5292 Ceteri
2982 5240 3215 5304 codices,
3249 5237 3473 5294 Christo.

2277 5304 2329 5373 g)
2362 5302 2451 5357 Sic
2476 5320 2605 5359 mss.
2638 5304 2770 5376 Reg.
2805 5316 2861 5360 et
2882 5306 3035 5362 Vien.
3073 5302 3392 5364 cum'tribus
3430 5310 3607 5365 editis.
3630 5306 3743 5371 Alii,

2178 5382 2416 5442 cognato.

2251 5442 2328 5511 (Ia)
2360 5442 2484 5498 Haec
2514 5442 2705 5499 desunt
2731 5461 2782 5500 ιη
2812 5461 2913 5502 ms.
2942 5445 3099 5503 Vien.
3122 5446 3261 5504 Edit.
3287 5446 3497 5515 Schot.,
3534 5447 3657 5503 Vale
3674 5447 3744 5519 fe-

2180 5511 2273 5575 lix,
2302 5519 2406 5566 etc.

2254 5581 2313 5649 (ἱ)
2345 5580 2422 5637 Ita
2450 5583 2755 5642 restitutum
2784 5600 2851 5642 ex
2884 5602 2985 5643 ms.
3017 5586 3201 5644 codice
3243 5584 3428 5646 Germ.
3460 5590 3595 5646 Ante
3631 5590 3745 5643 erat

568 5644 646 5712 (ά)
670 5644 749 5700 Ex
776 5660 877 5702 ms.
902 5646 1193 5702 Viennensi
1221 5653 1276 5701 et
1294 5661 1363 5701 ex
1384 5644 1646 5703 Sacchino
1673 5645 2073 5706 emendavimus
2180 5644 2325 5704 sicut.

500 5714 675 5782 jussis,
720 5715 772 5770 id
822 5725 923 5782 est,
956 5714 1182 5788 imperio
1209 5732 1307 5773 suo
1340 5718 1575 5775 turbaret
1600 5718 1720 5777 cmli
1750 5726 1955 5775 meatus
1984 5734 2070 5774 re-
