3990 6182
276 253 388 307 609

427 360 697 418 Attonitas
722 362 742 393 '
770 366 929 431 rupto
953 359 1311 418 modulamine
1335 361 1531 433 decipit
1556 376 1732 418 aures.

503 450 611 506 Sed
640 450 770 506 mihi
787 450 912 519 juge
932 449 1063 504 ﬂuat
1090 451 1157 505 de
1185 458 1238 505 te
1264 458 1354 507 tua
1378 451 1805 520 gratia,Christe.

422 541 491 595 Et
519 548 698 595 tamen
724 540 867 594 illius
896 541 1025 593 mihi
1050 541 1311 610 deprecor
1339 542 1481 595 alitis
1505 543 1673 595 instar

424 632 664 687 Donetur
691 631 902 685 variare
930 630 1135 695 modos,
1167 639 1222 685 et
1244 632 1353 700 jam
1384 632 1511 685 mihi
1542 640 1701 701 pacta
1727 632 1748 664 ³

270 719 342 774 40
419 718 691 783 Carmina,
721 719 938 773 mutatis
968 734 1073 772 uno
1103 718 1227 773 licet
1253 732 1348 771 ore
1376 718 1645 773 Camoenis
1669 717 1712 784 ⁸,

420 806 715 870 Promere;
747 805 988 859 diversas
1013 805 1136 873 quia
1162 820 1373 874 semper
1399 806 1571 874 gratia
1599 806 1749 861 dives

417 896 671 951 Materias
692 896 841 949 miris
862 894 1073 948 Domini
1097 894 1379 948 virtutibus
1407 896 1571 961 addit,

416 985 562 1053 Quas
583 986 725 1039 Deus
750 985 804 1038 in
832 999 961 1039 caro
981 983 1224 1039 Christus
1252 983 1429 1039 Felice
1456 984 1779 1053 frequentat,

415 1076 575 1133 Clara
603 1075 890 1131 salutiferis
915 1076 1079 1131 edens
1102 1076 1357 1131 miracula
1385 1077 1569 1144 signis.

269 1164 343 1223 ιδ
488 1166 743 1222 Cernitur
774 1166 863 1221 illa
899 1167 1016 1222 dies
1043 1166 1275 1236 spectari
1303 1174 1454 1220 sueta
1490 1182 1589 1237 per
1633 1182 1849 1224 omnem

412 1258 700 1327 Vipeream
718 1256 979 1322 sobolem,
1011 1270 1182 1310 saevos
1227 1269 1349 1309 cum
1376 1256 1647 1311 daemonas
1676 1264 1849 1326 urget,

410 1346 738 1418 Occultaque
762 1363 926 1403 manu
955 1348 1032 1419 (α)
1061 1348 1329 1403 clamosos
1354 1349 1604 1403 verberat
1642 1349 1846 1405 hostes.

414 1440 522 1497 Sed
550 1449 733 1495 tamen
761 1440 864 1494 hac
916 1439 1030 1508 ipsa
1059 1440 1251 1493 mirum
1301 1438 1354 1492 in
1382 1439 1581 1494 virtute
1608 1446 1845 1505 notatur,

415 1530 569 1597 Quod
598 1529 723 1584 licet
748 1529 803 1583 in
831 1535 946 1583 toto
972 1528 1235 1582 cruciatos
1274 1527 1547 1583 dmmonas
1574 1542 1716 1583 anno
1809 1515 1825 1531 ’

272 1624 339 1679 50
412 1622 679 1692 Exagitet,
724 1620 1016 1691 iubeatque
1060 1619 1335 1674 hominum
1372 1618 1649 1675 discedere
1676 1633 1848 1674 mem-

1622 1709 1777 1781 [bris,

411 1804 676 1861 Producat
701 1804 986 1875 plerosque
1025 1810 1235 1870 tamen,
1263 1816 1371 1871 quo
1416 1802 1626 1869 longior
1664 1803 1847 1857 hostes

412 1896 575 1951 Poena
604 1896 777 1950 malos
803 1896 1005 1963 agitet;
1037 1895 1183 1949 velut
1204 1894 1302 1961 illi,
1332 1893 1421 1963 qui
1443 1907 1691 1948 meruere

412 1986 551 2041 Vasa
575 1984 727 2040 Malis
752 1983 886 2050 ﬁeri,
911 1992 968 2039 ut
989 1984 1239 2038 meritum
1270 1985 1309 2047 ³,
1338 1982 1588 2037 tardante
1612 1979 1841 2047 medela,

412 2075 627 2131 Plenius
654 2090 814 2131 omne
842 2076 990 2129 luant
1017 2073 1091 2145 (b)
1122 2073 1285 2129 dilato
1314 2081 1558 2143 tempore
1594 2072 1798 2128 crimen
1827 2089 1841 2125 :

277 2165 341 2222 55
408 2161 532 2217 Sive
581 2161 688 2215 hoc
731 2158 896 2215 natali
955 2164 1138 2220 studet
1164 2164 1440 2233 indulgere
1459 2164 1587 2231 diei,
1642 2221 1668 2238 η

416 2257 483 2314 Ut
503 2260 686 2329 paucis
712 2259 843 2313 alias
869 2259 961 2313 det
986 2272 1166 2327 opem,
1214 2272 1321 2327 quo
1353 2257 1375 2289 ⁸
1404 2257 1557 2328 plura
1584 2256 1845 2326 benignus

409 2350 582 2405 Natali
606 2351 698 2405 det
715 2350 855 2405 dona
883 2364 1002 2403 suo.
1033 2348 1163 2402 Nam
1192 2364 1313 2404 cum
1337 2349 1435 2403 ista
1459 2349 1784 2418 propinquat

409 2441 666 2496 Elabente
691 2440 806 2495 dies
833 2455 996 2503 anno,
1028 2447 1155 2495 tunc
1177 2440 1418 2495 crebrior
1442 2440 1607 2494 instat

410 2531 472 2585 Et
492 2532 725 2601 gravior.
756 2530 949 2585 Videas
970 2537 1095 2585 tunc
1119 2544 1258 2599 mgra
1278 2530 1524 2584 examina
1547 2530 1666 2598 cogi

277 2620 339 2675 50
400 2618 665 2684 Densius,
709 2629 764 2676 et
802 2627 1004 2674 certam
1044 2620 1214 2689 repeti
1242 2635 1409 2690 prope
1431 2618 1567 2674 festa
1591 2619 1837 2674 salutem.

408 2714 555 2770 Tunc
573 2715 732 2769 solito
760 2714 971 2783 gravius
998 2712 1241 2767 succensi
1261 2713 1530 2767 daemones
1558 2712 1767 2777 ardent,

407 2804 765 2874 Flebiliusque
793 2804 1015 2868 ululant,
1047 2811 1103 2857 et
1129 2802 1185 2856 vi
1207 2802 1414 2871 majore
1437 2801 1644 2856 subacti
1680 2819 1693 2854 :

412 2896 601 2951 Ultima
626 2896 740 2966 jam
767 2903 1034 2951 tormenta
1062 2902 1320 2963 gemunt:
1354 2909 1454 2950 nec
1481 2894 1630 2950 abire
1655 2894 1839 2949 sinun-

1658 2985 1766 3057 [tur

405 3077 640 3134 Excessu
660 3076 818 3145 facili,
842 3078 935 3133 sed
960 3093 1109 3132 mll'lS
1133 3085 1258 3132 ante
1284 3077 1469 3146 agitati

280 3167 340 3223 55
398 3168 461 3223 Et
531 3169 698 3225 variis
768 3169 909 3223 male
946 3169 1239 3238 suppliciis,
1271 3168 1531 3222 tolluntur
1550 3167 1605 3221 in
1651 3167 1838 3236 altum,

405 3260 661 3329 Suspensi
692 3258 851 3314 solito
878 3259 1179 3325 sublimius,
1210 3266 1264 3312 et
1285 3258 1356 3328 (c)
1386 3260 1702 3326 quatiuntur

407 3353 557 3407 Aeris
587 3353 639 3405 in
661 3366 851 3419 vacuo,
881 3351 1174 3419 vinclisque
1194 3350 1479 3405 latentibus
1498 3351 1703 3406 haerent

404 3442 605 3500 Pmnali
634 3459 729 3514 per
756 3445 916 3499 inane
946 3458 1128 3508 mora;
1174 3458 1269 3513 per
1316 3459 1425 3498 non
1465 3458 1561 3497 sua
1598 3440 1841 3510 quamvis

405 3533 662 3602 Corpora,
692 3540 918 3586 vexatos
947 3533 1128 3587 hostes
1157 3547 1251 3587 sua
1282 3547 1441 3602 paena
1471 3530 1676 3598 fatigat.

280 3614 340 3673 70
474 3622 764 3677 Solvuntur
786 3623 973 3692 pwnis,
1007 3638 1129 3677 cum
1150 3639 1337 3693 pmnas
1356 3624 1496 3679 ferre
1525 3623 1771 3677 videntur

404 3712 661 3783 Corpora,
692 3722 747 3767 et
769 3715 1031 3768 immunes
1058 3715 1249 3767 animae
1288 3724 1532 3783 spectant
1561 3714 1733 3768 aliena

406 3802 463 3857 In
500 3804 752 3858 membris
776 3813 1041 3859 tormenta
1059 3803 1167 3859 suis
1192 3821 1203 3855 :
1228 3804 1389 3858 homo
1417 3804 1656 3859 daemone
1682 3810 1840 3875 capto

408 3896 564 3963 Liber
593 3896 722 3965 agit,
752 3894 851 3967 [(d)
880 3896 1087 3966 species
1106 3909 1386 3965 poenarum
1397 3895 1451 3949 in
1463 3911 1692 3965 corpore
1720 3904 1844 3951 tan-

1498 3990 1633 4059 [tum
1657 3996 1768 4053 est;

405 4079 602 4137 Sensus
629 4082 800 4148 abest,
824 4080 840 4153 ρ
867 4081 989 4149 quia
1033 4096 1141 4137 non
1175 4081 1422 4146 hominis,
1455 4081 1550 4136 sed
1579 4079 1838 4135 daemonis

1483 4172 1589 4245 [est
1616 4187 1768 4225 crux.

287 4254 345 4311 75
472 4258 657 4316 Hostis
680 4275 861 4339 amare
882 4260 1010 4330 quid
1058 4261 1308 4328 insultas,
1333 4276 1438 4331 qua
1469 4277 1565 4331 spe
1594 4262 1760 4315 uteris
1789 4260 1842 4315 in

1612 4351 1729 4423 [nos
1750 4353 1773 4406 ?

404 4441 537 4499 Ecce
566 4443 941 4514 Redemptoris
962 4444 1133 4498 nostri
1162 4442 1333 4497 Malus
1360 4452 1477 4497 arte
1505 4442 1737 4497 vicissim

404 4531 631 4589 Luderis
658 4534 845 4589 illusor
869 4552 885 4599 ;
916 4534 1078 4589 dolus“
1100 4540 1156 4589 et
1184 4542 1305 4589 tuus
1332 4534 1388 4587 in
1410 4541 1499 4588 tua
1521 4532 1663 4588 cedit

405 4622 591 4679 Vincla
615 4624 709 4678 tibi
733 4641 747 4690 ;
779 4624 999 4692 capiens
1020 4624 1245 4693 caperis,
1278 4630 1608 4693 nectensque
1636 4622 1835 4691 ligaris.

406 4712 491 4767 Fit
517 4713 739 4783 laqueus
763 4713 1041 4782 laqueatus
1066 4713 1250 4777 homo,
1274 4722 1330 4768 et
1354 4728 1449 4768 sua
1470 4714 1647 4783 pmda
1670 4713 1839 4767 latro-

1626 4807 1769 4873 [nem

278 4893 339 4948 ΒΟ
408 4895 643 4966 Decipit;
672 4903 727 4949 et
754 4895 897 4964 capti
918 4895 1160 4964 captivus
1181 4895 1425 4963 corporis
1456 4909 1632 4950 escam
1708 4888 1711 4891 ’

408 4988 540 5042 Dum
569 4987 704 5058 petit
727 4987 984 5052 illicitam,
1023 4986 1235 5041 letalem
1277 4986 1499 5042 devorat
1529 4985 1763 5040 hamum.

342 5133 363 5159 ⁸
393 5124 524 5179 Vide
546 5132 658 5179 not.
694 5123 813 5177 261.

342 5192 366 5231 δ
394 5193 497 5263 Pro
524 5197 869 5263 operimento.

342 5273 364 5302 ε
396 5262 525 5318 Vide
560 5262 677 5316 not.
709 5262 834 5317 262.

341 5334 413 5403 (α)
442 5333 529 5388 Sic
558 5333 958 5388 emendavimus
978 5348 1042 5387 ex
1073 5348 1173 5387 ms.
1197 5332 1545 5388 Gcrmanensi
1562 5332 1758 5403 codice
1784 5343 1838 5386 et

276 5402 354 5456 ed.
386 5402 573 5459 Schot.
605 5404 659 5456 in
690 5415 858 5468 marg.
885 5403 942 5456 In
973 5403 1128 5458 editis
1155 5406 1389 5470 quinque
1417 5402 1691 5468 mendose,
1724 5419 1837 5454 cum

274 5472 623 5594 nosseééoinde
655 5471 979 5543 Rosweydus
1020 5480 1332 5528 correxerat
1360 5489 1670 5528 communes.
1702 5472 1837 5527 Vide

277 5550 380 5593 not.
519 5582 533 5594 .

277 5550 380 5593 not.
411 5550 533 5595 260.

343 5611 413 5675 (b)
454 5610 530 5664 Ita
560 5628 662 5667 ms.
686 5609 866 5666 Germ.
901 5609 1030 5664 Edd.
1065 5610 1303 5666 decreto.

344 5680 415 5738 lc)
463 5682 549 5736 Sic
598 5681 997 5735 emendavimus
1026 5696 1092 5734 ex
1121 5696 1219 5735 ms.
1270 5679 1453 5735 codice
1511 5679 1691 5734 Germ.
1735 5677 1837 5732 Alii

1683 252 1913 309 POEMA
1953 252 2138 311 XXIII.

1886 370 1937 427 A

1865 3070 1913 3135 G

1870 4435 1919 4495 D

3428 264 3534 322 610
3554 294 3568 301 <-

2171 363 2266 421 IIis
2293 364 2454 420 etiam
2474 365 2684 435 potiora
2714 374 2895 424 tamen
2919 379 3161 440 spectata
3184 374 3456 445 profabor.

2098 456 2237 507 Ante
2256 454 2391 508 alios
2419 454 2588 522 illum,
2619 456 2704 510 cui
2733 459 2973 513 membra
3000 464 3261 518 vetustior
3288 464 3461 522 hostis

2093 541 2339 611 Obsidet;
2360 542 2428 597 ad
2450 546 2588 598 sacri
2616 546 2703 614 pia
2731 546 2929 601 lumina
2952 552 3221 620 martyris,
3245 568 3388 622 aegra

1953 631 2023 685 85
2093 632 2389 688 Excussum
2432 636 2500 690 de
2530 636 2686 705 plebe
2723 638 2859 707 rapi,
2890 639 3269 709 admotumque
3309 646 3530 701 sacratis
3561 630 3567 638 ’

2092 723 2231 779 Ante
2259 725 2400 779 fores
2427 727 2597 780 sancti
2624 728 2895 793 cancellis,
2925 744 3152 798 corpore
3197 747 3354 788 verso

2090 813 2355 884 Suspendi
2382 816 2606 884 pedibus
2635 828 2966 886 Spectantem
2990 829 3129 875 tecta
3158 822 3382 892 supinis.

2090 904 2352 975 Quodque
2378 908 2545 975 magis
2572 908 2765 961 mirum
2792 918 2952 979 atque
2978 927 3188 967 sacrum
3218 920 3302 969 est
3349 922 3397 979 ι,
3427 930 3527 969 nec

3006 1000 3082 1070 [in
3112 1017 3206 1056 ora
3234 1003 3457 1072 relapsis

2092 1089 2439 1161 εει-562
2461 1086 2731 1155 Vestibus,
2764 1098 2823 1144 ut
2861 1091 3065 1159 rigidis,
3097 1101 3190 1146 aut
3212 1094 3278 1147 ad
3301 1094 3525 1162 vestigia

2254 1198 2255 1201 ‘
3281 1181 3457 1253 [sutis,

1950 1266 2021 1322 90
2093 1265 2351 1338 Corporis
2377 1282 2538 1325 omne
2564 1283 2773 1324 sacrum
2802 1276 2951 1324 casto
2977 1270 3189 1325 velatur
3210 1279 3401 1339 operto
3425 1271 3484 1315 δε

2091 1355 2309 1412 Scilicet
2334 1365 2394 1411 ut
2419 1358 2583 1412 divini
2612 1359 2792 1429 operis
2819 1360 3118 1414 reverentia
3142 1361 3298 1415 tectis

2090 1446 2420 1517 Corporibus
2442 1456 2678 1510 maneat,
2711 1463 2814 1503 nec
2851 1464 3009 1518 paena
3044 1449 3260 1504 daemon
3304 1450 3357 1504 in
3408 1450 3525 1520 ipsa

2093 1537 2208 1603 Qua
2236 1537 2506 1592 cruciatur
2533 1544 2677 1603 ovet,
2708 1537 2863 1591 nudis
2893 1538 3167 1607 prodendo
3196 1539 3456 1608 pudorem

2091 1626 2342 1690 Artubus,
2383 1626 2550 1681 illaesa
2578 1626 2791 1694 gravius
2812 1635 3090 1695 torquetur
3118 1627 3366 1691 honesto,

1881 1713 1926 1772 B
1953 1714 2021 1770 95
2093 1715 2261 1771 Recta
2290 1715 2415 1771 licet
2439 1714 2606 1770 versis
2632 1715 2855 1770 sedeant
2880 1730 3001 1770 eum
3050 1717 3282 1785 tegmina
3311 1718 3330 1749 ⁷
3354 1732 3525 1771 mem-

3280 1808 3435 1882 [bris.

2086 1894 2218 1950 Mira
2247 1896 2364 1952 hzec
2392 1904 2535 1962 sunt,
2567 1903 2623 1952 et
2646 1909 2839 1964 magna
2873 1913 2886 1950 :
2913 1896 3032 1965 quis
3060 1896 3326 1965 abnegat?
3355 1905 3410 1953 et
3442 1906 3523 1953 ta-

3177 1986 3321 2058 [men
3350 2002 3440 2043 usu

2088 2075 2228 2131 Nota
2266 2078 2451 2147 magis,
2482 2078 2659 2132 minus
2681 2076 2861 2132 auditu
2891 2078 3130 2134 miranda
3157 2078 3420 2144 videntur,

2084 2166 2386 2233 Quamlibet
2406 2178 2461 2223 et
2478 2170 2597 2224 visu
2624 2168 2940 2234 reverenda,
2967 2176 3023 2223 et
3041 2168 3259 2238 grandia
3287 2168 3449 2223 facto.

2157 2257 2296 2327 Ergo
2321 2261 2526 2314 minuta
2554 2260 2662 2313 mei
2708 2258 2865 2313 simul
2895 2268 2950 2313 et
2978 2275 3115 2314 nova
3145 2258 3282 2314 facta
3311 2261 3521 2328 patroni

1945 2347 2046 2404 100
2084 2350 2414 2417 Auscultate,
2437 2365 2645 2420 precor,
2672 2350 2928 2406 Dominus
2947 2365 3066 2419 quae
3081 2350 3321 2406 Christus
3351 2351 3403 2403 in
3430 2350 3523 2405 illo

2084 2438 2398 2493 Multimoda
2422 2439 2620 2494 virtute
2661 2439 2817 2507 gerit,
2851 2439 3041 2507 quibus
3079 2440 3327 2494 omnibus
3363 2454 3523 2493 unam

2082 2528 2417 2584 Conﬁrmare
2464 2529 2621 2584 fidem
2651 2530 2805 2584 nobis
2852 2530 3058 2595 studet;
3090 2537 3149 2583 ut
3193 2545 3286 2599 per
3339 2538 3523 2599 aperta

2085 2620 2352 2674 Arcanum
2380 2619 2698 2675 documenta
2730 2620 2893 2674 Deum
2923 2620 3197 2673 videamus
3243 2618 3451 2683 adesse,

2086 2710 2299 2779 Resque
2315 2712 2591 2766 hominum
2608 2719 2663 2766 et
2681 2719 2890 2766 mentes
2904 2713 3080 2766 studio
3096 2728 3285 2767 curare
3300 2721 3523 2782 paterno

2084 2800 2368 2857 leestem
2400 2802 2703 2866 Dominum,
2729 2803 2820 2871 qui
2860 2802 3099 2857 condidit
3126 2803 3304 2857 omnia
3334 2803 3520 2858 verbo.

2153 2893 2252 2947 Det
2280 2893 2407 2946 mihi
2438 2894 2608 2962 prima
2631 2908 2782 2947 mens
2810 2892 3063 2945 narrandi
3097 2893 3316 2947 exordia
3358 2893 3522 2948 frater

2085 2982 2393 3037 Theridius:
2420 2998 2544 3037 nam
2565 2980 2710 3051 quod
2733 2982 2974 3051 potiusve
2994 2982 3206 3051 priusve
3226 2983 3522 3039 canendum

2086 3070 2385 3140 Suscipiam
2432 3070 2623 3126 Felicis
2652 3086 2809 3140 opus,
2839 3086 2997 3139 quam
3026 3070 3167 3140 quod
3212 3072 3341 3125 mihi
3372 3074 3523 3127 tectis

2083 3160 2203 3229 Ipse
2236 3161 2371 3218 meis
2413 3162 2605 3230 quibus
2634 3170 2736 3228 est,
2784 3160 2923 3215 idem
2971 3160 3330 3218 Dominmdius
3375 3165 3520 3231 egit?

1943 3250 2044 3306 110
2081 3250 2157 3307 Ex
2186 3252 2273 3304 illa
2301 3252 2460 3306 modo
2489 3260 2646 3307 nocte
2672 3252 2811 3307 diem
2862 3251 3004 3306 cadit
3029 3268 3198 3308 annus
3244 3254 3297 3307 in
3344 3254 3522 3311 istam.

2167 3342 2349 3398 Nostis
2390 3358 2510 3397 eum
2539 3359 2745 3399 morem
2774 3342 2845 3414 (e)
2873 3359 2980 3414 quo
3004 3343 3247 3413 jcjunare
3291 3346 3527 3402 solemus

2088 3437 2221 3491 Ante
2250 3437 2416 3505 diem,
2442 3446 2496 3491 et
2538 3452 2660 3492 sero
2680 3437 2856 3492 libatis
2882 3452 3106 3507 vespere
3130 3440 3313 3505 sacris,

2087 3529 2324 3598 Quisque
2345 3543 2468 3585 suas
2494 3546 2735 3584 remeare
2764 3530 2971 3585 domos.
3003 3529 3152 3584 Tunc
3182 3546 3309 3600 ergo
3337 3531 3527 3585 s'olutis

2082 3618 2319 3672 Coetibus
2341 3633 2371 3671 a
2401 3618 2599 3687 templo
2640 3617 2871 3679 Domini,
2905 3625 3185 3685 postquam
3225 3618 3348 3671 data
3374 3618 3527 3671 fessis

1943 3707 2045 3762 ll5
2085 3707 2415 3777 Corporibus
2469 3707 2683 3776 requies
2729 3713 2902 3761 sumta
2946 3704 3105 3773 dape,
3140 3706 3401 3775 cmpimus
3454 3706 3523 3775 (Ῑ)

2058 3788 2061 3791 ’
3216 3792 3454 3866 [hymnis

2087 3885 2372 3940 Exsultare
2398 3884 2529 3951 Deo,
2561 3891 2616 3939 et
2645 3883 2864 3954 psalmis
2889 3881 3186 3955 producere
3216 3889 3451 3936 noctem.

2157 3978 2369 4032 Interea
2394 3990 2545 4030 meus
2567 3976 2667 4030 iste
2694 3976 2863 4030 choro
2892 3976 3158 4043 digressus
3187 3974 3382 4042 amico,

2086 4065 2157 4120 Ut
2177 4066 2413 4136 spirante
2436 4063 2568 4118 foris
2591 4079 2720 4118 aura
2749 4064 3044 4134 depelleret
3070 4075 3278 4126 aestum,

2083 4157 2251 4222 Quem
2280 4155 2488 4210 fumosa
2517 4155 2679 4209 dabat
2704 4155 2899 4209 ceratis
2925 4154 3057 4209 cella
3089 4153 3324 4224 papyris,

1945 4247 2048 4301 120
2085 4247 2331 4301 Porticus
2359 4245 2566 4313 angusti
2597 4260 2701 4313 qua
2733 4245 2966 4299 tenditur
3000 4244 3209 4315 agmine
3237 4242 3384 4298 tecti.

2086 4336 2258 4391 Nocte
2278 4335 2404 4389 licet
2432 4334 2578 4388 nullo
2607 4335 2687 4388 via
2717 4334 2916 4388 lumine
2936 4349 3077 4388 czeca
3105 4333 3314 4395 lateret,

2084 4425 2183 4479 llic
2212 4432 2389 4478 tamen
2420 4422 2688 4493 intrepido
2738 4438 2833 4490 per
2873 4423 3084 4490 cognita
3114 4423 3294 4475 limina
3343 4437 3523 4492 passu,

2091 4517 2242 4572 Heu!
2278 4517 2424 4587 (nam
2457 4516 2613 4570 vicini
2642 4516 2886 4569 incautus
2922 4513 3260 4584 discriminis)
3288 4514 3414 4568 ibat.

2166 4607 2479 4664 Comminus
2498 4608 2551 4662 in
2579 4606 2755 4661 medio
2782 4606 2910 4663 teeti
2938 4620 3207 4661 cameram
3249 4606 3391 4660 inter
3421 4607 3525 4662 hu-

3176 4696 3454 4769 [tuumque

1948 4790 2049 4846 125
2086 4788 2320 4844 Nutabat
2347 4786 2536 4842 solitus
2558 4786 2633 4858 (g)
2664 4786 2918 4857 lychnum
2948 4795 2971 4824 ε
2998 4784 3326 4855 suspendere
3362 4785 3524 4853 funis,

2086 4879 2372 4932 lnnectens
2395 4875 2645 4944 trijugnm
2674 4889 2925 4945 supremo
2962 4873 3192 4928 stamine
3231 4872 3451 4939 ferrum,

2087 4968 2204 5033 Quo
2234 4965 2417 5019 vitreae
2449 4965 2704 5019 inseritur
2725 4962 3071 5034 penetrabilis
3111 4977 3243 5017 ansa
3268 4962 3523 5026 lacerum,

1942 2890 2045 2946 105

1978 5128 2228 5177 atiuntur.

1942 5143 2288 5264 Maximino
2331 5206 2546 5264 versum
2577 5187 2875 5264 addidimus
2928 5202 2995 5242 ex
3041 5203 3142 5244 ms.
3187 5189 3305 5245 cod.
3337 5189 3515 5244 Germ.

1944 5259 2082 5316 Ante
2109 5269 2225 5332 erat
2254 5262 2409 5315 Liber
2435 5261 2555 5332 egit,
2587 5259 2726 5329 quia.

2014 5332 2083 5454 (εἰ
2121 5331 2198 5385 Ita
2221 5326 2527 5411 restitutum
2556 5326 2624 5384 ei
2643 5342 2745 5381 ms.
2777 5327 2958 5383 Germ.
2982 5326 3120 5383 Ante
3148 5335 3265 5383 erat
3292 5336 3365 5393 ut,
3397 5341 3520 5381 con-

2014 5420 2022 5454 |
2085 5414 2237 5454 eccm
2269 5409 2443 5454 metri.

1944 5400 2030 5454 tra'
2067 5400 2443 5469 legemimctri.
2629 5466 2661 5469 ,ί
2698 5468 2703 5469 ί

2036 5470 2079 5541 ι’)
2104 5466 2200 5541 Ms.
2232 5468 2417 5541 Germ.
2439 5482 2558 5541 cum
2581 5466 2737 5522 editis
2766 5466 3216 5541 tribus,__hympos.

2036 5472 2076 5541 ι’)
2104 5472 2200 5523 Ms.
2232 5472 2413 5525 Germ.
2439 5482 2558 5524 cum
2581 5472 2737 5522 editis
2766 5472 2955 5533 tribus,
2984 5472 3216 5536 hymnos.

2012 5472 2090 5611 ἒς)
2122 5539 2211 5611 Sic
2231 5538 2631 5611 emendavimus
2647 5552 2715 5611 _ex
2747 5552 2846 5611 ms.
2866 5536 3057 5611 codice
3084 5534 3261 5587 Germ.
3295 5530 3517 5611 favent}-

1942 5601 2280 5729 ξιὲἴίἐεῦξξηὶο
2318 5618 2372 5663 et
2401 5608 2611 5663 Ducaeo.
2643 5604 2701 5661 In
2747 5607 2929 5673 editis,
2956 5606 3170 5676 lignum,
3203 5602 3361 5657 male.
3387 5601 3522 5661 Vide

1945 5686 2058 5733 not.
2085 5686 2206 5732 202.
