4006 6182
364 262 365 265 Ἴ
459 308 558 365 611
1414 301 1472 359 S.
1503 301 1773 357 PAULINI
1802 298 2050 358 NOLANI
2080 292 2387 354 EPISCOPI
2419 296 2765 355 POEMATA.
3618 299 3708 355 6H

593 417 916 487 Auritusque
942 416 1082 474 calix
1112 413 1281 472 tribus
1322 414 1555 484 undique
1587 414 1765 484 ﬁgitur
1793 416 1963 470 uncis.
2060 418 2115 474 Α
2144 408 2246 465 1Ἱῦ
2282 408 2424 464 Intra
2450 409 2746 465 folliculum
2767 414 2994 465 teretem
3019 407 3224 478 liquido
3247 409 3505 467 interluso

593 507 852 563 Funditus
876 507 1019 562 albet
1037 521 1192 576 aqua,
1224 520 1383 576 super
1402 504 1598 559 undam
1619 504 1781 561 ﬂavet
1800 505 1964 561 olivo.
2289 502 2403 558 Sub
2428 502 2599 556 vitrea
2626 501 2764 571 nigri
2790 501 2926 557 latet
2953 500 3107 555 albus
3127 501 3359 570 imagine
3381 502 3509 572 pupi
3528 501 3573 569 ι’,

458 596 556 652 150
592 596 714 652 Stat
731 597 908 667 liquor
936 596 989 650 in
1019 596 1095 666 (a)
1122 594 1357 664 liquidis,
1392 592 1637 664 subjecto
1665 594 1906 650 lubricus
1934 594 2035 649 hu~
2282 593 2383 649 Hic
2410 593 2577 647 veluti
2607 592 2762 646 radix
2794 591 3009 647 oculum
3040 592 3306 647 subeunte
3331 591 3559 647 medulla

1832 682 1973 753 [mor
2285 683 2460 739 Fulcit
2476 722 2490 749 ,
2515 690 2569 737 et
2595 683 2852 737 humecta
2876 696 3137 737 venarum
3164 681 3354 737 fomite
3382 683 3583 752 pascit,

591 777 764 833 Fonte
795 786 963 847 natat,
994 793 1168 849 neque
1213 777 1399 848 juncta
1432 779 1543 834 coit
1568 778 1806 833 mixtura
1832 775 2037 832 ﬂuoris.
2285 774 2422 828 Dum
2452 773 2606 843 parili
2635 772 2811 827 fontes
2840 772 3121 827 oculorum
3144 771 3322 826 sidere
3349 781 3612 829 constant.

596 866 665 922 Et
692 868 905 935 mirum,
936 867 1079 936 quod
1111 867 1308 938 pingue
1337 875 1515 934 natat;
1545 882 1720 937 neque
1754 866 1920 921 densa
1956 883 2045 922 so-
2145 866 2248 923 180
2285 867 2355 921 At
2375 868 2420 921 si
2442 865 2581 921 forte
2606 865 2755 933 gravi
2783 864 2976 919 morbo
3004 863 3265 932 disrupta,
3293 863 3376 917 vel
3397 864 3503 918 ictu

1770 955 1971 1027 [lutum
2285 958 2435 1014 Heu!
2470 958 2612 1012 male
2640 956 2870 1012 dissiliat
2893 957 3208 1011 membrana
3232 953 3447 1009 ﬂuentis
3475 955 3648 1021 ocelli,

599 1044 817 1118 Rumpit
864 1047 1118 1101 materies
1146 1045 1495 1112 elementum,
1538 1044 1633 1099 sed
1661 1044 1779 1098 leve
1803 1059 2043 1099 crassum
2287 1049 2507 1105 Prosilit
2535 1049 2637 1103 iste
2662 1047 2871 1117 globus,
2895 1061 3165 1116 succoque
3188 1046 3409 1102 relictus
3431 1046 3604 1102 alente

601 1137 863 1204 Sustinet,
890 1147 948 1192 ut
971 1137 1147 1192 solido
1171 1136 1392 1191 dilutior
1415 1135 1555 1190 unda
1586 1134 1805 1201 ﬂuento,
2290 1140 2501 1195 Deserit
2528 1138 2793 1194 aridulam
2819 1144 3048 1192 vacuata
3075 1136 3198 1191 luce
3225 1136 3494 1192 lacunam.

459 1228 563 1284 155
599 1229 1013 1298 Subsistensque
1042 1229 1195 1294 oleo,
1230 1228 1445 1296 liquidis
1475 1242 1610 1297 aqua
1642 1226 2044 1281 fundamentum
2289 1224 2500 1285 Interea
2530 1244 2664 1300 puer
2693 1242 2952 1282 excussus
2980 1226 3221 1282 clamore
3249 1226 3484 1281 dolentis

1847 1319 1969 1389 [est.
2154 1315 2262 1371 185
2297 1318 2564 1385 Accurrit,
2588 1327 2817 1373 stratum
2846 1332 3037 1372 somno
3062 1314 3299 1387 fugiente
3327 1316 3650 1385 relinquens,

599 1411 878 1481 Tantaque
899 1412 1136 1468 confusis
1164 1413 1307 1467 intus
1334 1412 1598 1467 discordia
1626 1411 1802 1466 succis
2297 1410 2701 1478 Accensamque
2723 1422 2884 1462 manu
2910 1407 3197 1477 praetendit
3220 1407 3290 1461 ad
3313 1423 3409 1462 ora
3435 1408 3718 1464 lucernam.

598 1501 789 1567 Lucet,
822 1510 879 1557 ut
902 1503 1162 1559 admistos
1202 1501 1386 1557 videas
1412 1501 1613 1555 distare
1643 1500 1902 1569 liquores,
2359 1505 2641 1561 Clauserat
2664 1501 2751 1555 hic
2776 1500 3022 1555 manibus
3043 1498 3243 1563 vultus,
3267 1507 3323 1554 et
3346 1498 3520 1554 fronte
3539 1502 3719 1570 supina

594 1592 991 1666 Communique
1018 1596 1137 1650 sinu
1166 1594 1347 1651 calicis
1389 1594 1701 1650 discrimine
1730 1593 1878 1649 claro
2289 1597 2582 1664 Contigero
2604 1607 2623 1631 ο
2648 1592 2839 1648 similis
2863 1591 3049 1661 juveni
3080 1592 3360 1661 spectabat
3383 1592 3437 1646 in
3458 1592 3643 1658 altum,

600 1684 835 1753 Quaeque
876 1685 959 1739 sui
1007 1685 1178 1740 laticis
1210 1684 1282 1756 (b)
1325 1693 1503 1739 servet
1544 1692 1734 1738 natura
1783 1683 2040 1738 colorem.
2291 1687 2538 1744 Uidaret
2567 1672 3081 1741 immotnm'librato
3110 1696 3341 1753 corpore
3364 1680 3567 1750 lunem,

460 1773 562 1829 140
596 1774 853 1843 Mergitur
878 1775 931 1828 in
962 1775 1138 1829 medio
1162 1774 1435 1845 plumbum
1461 1775 1645 1845 tripes,
1677 1783 1733 1830 et
1758 1789 1923 1829 cavus
1949 1774 2043 1830 illo
2077 1777 2120 1836 Β
2148 1781 2250 1838 190
2287 1779 2539 1838 Vulneris
2585 1778 2809 1833 arbitrio
2856 1773 3183 1845 trepidantia
3237 1774 3480 1829 membra
3536 1776 3722 1843 guber-

605 1864 795 1919 Exstat
823 1880 962 1935 apex
983 1865 1131 1920 uncti
1159 1866 1388 1937 stipatus
1409 1866 1594 1921 lomite
1616 1866 1731 1920 lini.
3545 1865 3719 1940 [nans,

595 1956 802 2028 Stuppa
860 1958 1084 2014 madens
1137 1958 1396 2028 liquidum
1454 1960 1601 2015 tenui
1647 1957 1764 2015 face
1809 1958 2047 2029 concipit
2291 1961 2425 2016 Dum
2458 1961 2611 2015 timet
2634 1958 2861 2013 adverso
2889 1956 3083 2012 vulnus
3110 1956 3361 2012 diducere
3388 1964 3560 2025 motu,

1752 2049 1971 2123 [ignem,
2289 2051 2606 2123 Captivique
2635 2050 2777 2105 oculi
2801 2064 2868 2103 ex
2896 2063 3027 2111 uno,
3052 2062 3161 2116 quo
3190 2047 3329 2102 liber
3354 2048 3567 2116 agebat,

602 2136 668 2192 Et
698 2136 1076 2195 circumfusum
1103 2141 1277 2210 spatio
1298 2140 1593 2208 stagnantis
1616 2139 1763 2206 olivi,
2288 2145 2515 2200 Lumine
2541 2142 2827 2198 discrimen
2853 2140 3038 2196 sociali
3062 2148 3215 2211 parte
3244 2141 3486 2207 cavebat,

603 2232 662 2287 In
693 2230 876 2286 vitreis
901 2231 1041 2285 exile
1062 2230 1209 2285 Vadis
1236 2229 1417 2299 funale
1438 2238 1708 2299 coruscat,
2289 2236 2397 2292 Nec
2420 2248 2599 2289 tamen
2629 2233 2860 2289 audebat
2890 2232 3192 2288 ducendum
3219 2234 3485 2301 attingere
3507 2229 3720 2297 ferrum,

462 2322 566 2378 145
602 2320 956 2395 563-564
979 2319 1049 2375 Et
1076 2320 1305 2376 tremulo
1333 2321 1549 2379 vibrans
1576 2337 1607 2375 a
1635 2320 1838 2376 vertice
1860 2320 2043 2376 lumen
2148 2325 2252 2381 195
2286 2326 2365 2380 Ne
2391 2324 2549 2381 simul
2570 2324 2865 2378 hzerentem
2888 2321 3051 2378 ductu
3074 2323 3350 2377 mucronis
3376 2330 3432 2376 et
3458 2322 3645 2377 orbem

1774 2410 2041 2483 [acutum,
2286 2413 2633 2481 Extraberet,
2656 2428 2832 2483 neque
2848 2413 2961 2483 jam
2988 2421 3203 2483 poterat
3230 2414 3329 2468 sub
3357 2413 3558 2467 lumine
3585 2411 3674 2468 [ixi

596 2500 818 2556 Leniter
839 2500 1145 2555 umbrosam
1169 2498 1301 2568 jacit
1322 2500 1373 2553 in
1405 2498 1704 2569 penetralia
1733 2499 1934 2569 lucem,
2288 2508 2453 2564 Ferre
2480 2522 2686 2563 moram
2716 2507 2833 2571 teli,
2859 2504 2953 2561 sed
2981 2506 3303 2575 desperante
3331 2504 3595 2559 medelam

596 2589 665 2646 Et
690 2590 902 2662 placido
922 2589 1117 2644 densas
1140 2590 1313 2659 aperit
1335 2590 1624 2660 splendore
1653 2592 1920 2647 tenebras.
2287 2597 2366 2652 Ex
2394 2612 2500 2667 ope
2531 2595 2767 2663 mortali,
2798 2595 2977 2650 divina
3008 2610 3133 2650 mox
3162 2610 3264 2665 ope
3290 2594 3441 2649 Felix

666 2680 783 2738 Hoc
806 2684 825 2715 ⁸
858 2690 1038 2736 tamen
1068 2695 1288 2736 emensa
1319 2682 1497 2736 fuerat
1529 2681 1644 2751 jam
1674 2689 1835 2738 nocte
1865 2696 2045 2737 remo-
2286 2687 2606 2760 Imploratus
2644 2686 2828 2754 adest,
2853 2702 3013 2757 quem
3053 2694 3203 2742 tanto
3241 2688 3293 2741 in
3330 2686 3553 2742 vulnere
3588 2701 3724 2756 pen-

1880 2771 2041 2846 [tum,
3577 2777 3725 2850 [deus

594 2859 891 2917 Productas
913 2862 1168 2931 quoniam
1197 2859 1378 2931 pueris
1410 2860 1758 2929 vigilantibus
1786 2860 1973 2927 horas,
2144 2868 2247 2924 200
2284 2870 2543 2934 Advocat,
2576 2877 2631 2926 et
2659 2869 2754 2925 tali
2782 2870 3054 2941 depromit
3080 2886 3216 2927 voce
3244 2869 3554 2940 querelam:

462 2950 560 3004 150
595 2950 889 3006 Consumto
918 2950 1157 3006 bibulum
1184 2949 1458 3006 defecerat
1489 2951 1725 3020 unguine
1754 2950 1955 3007 lumen.
2323 2961 2421 3017 Hei
2443 2962 2604 3017 mihi:
2633 2967 2832 3033 quanta
2856 2977 3007 3018 meos
3026 2970 3219 3031 urgent
3246 2971 3470 3033 peccata
3492 2961 3725 3027 labores,

595 3042 705 3100 Sed
727 3058 882 3115 puer,
910 3045 1176 3099 exstincto
1214 3044 1510 3100 abstulerat
1537 3044 1631 3114 qui
1668 3042 1871 3099 lumine
1891 3042 2044 3115 lych-
2286 3055 2388 3121 Qui
2410 3062 2615 3110 tantam
2645 3055 2816 3110 merui
2844 3056 3054 3125 plagam
3084 3055 3265 3111 Felice
3285 3065 3535 3126 patrono,

1872 3132 2041 3205 [ηυιῐιν
2071 3136 2115 3197 C
2291 3144 2585 3213 Vicinoque
2607 3144 2785 3207 simul,
2823 3146 3015 3199 Felicis
3043 3153 3095 3199 et
3126 3146 3345 3215 insuper
3372 3146 3490 3216 ipso

598 3225 769 3291 Quem
791 3225 1114 3294 deponendo
1141 3226 1319 3281 “mem
1350 3226 1587 3290 laxam.
1612 3225 1860 3281 eumdem
2289 3236 2461 3292 Natali
2484 3236 2649 3292 miser
2673 3237 2964 3305 excipere?
2991 3236 3137 3292 lleu!
3172 3253 3365 3305 magno
3389 3255 3512 3293 reus
3540 3238 3725 3306 ingens

595 3315 846 3383 Neglexit
874 3316 1035 3369 solito
1062 3316 1348 3371 adductum
1373 3316 1702 3385 restringere
1732 3315 1897 3371 nodo.
2148 3326 2177 3381 2

2148 3326 2252 3381 905
2290 3326 2563 3393 Crimine,
2603 3340 2766 3397 quem
2804 3336 2932 3382 tunc
2976 3340 3135 3399 poena
3175 3328 3329 3397 ferit,
3360 3344 3481 3384 cum
3519 3330 3724 3384 solvere

597 3403 795 3459 Laxior
818 3404 945 3459 hinc
972 3404 1160 3459 humili
1189 3405 1430 3459 lluitabat
1460 3405 1599 3460 linea
1630 3415 1826 3474 tractu,
3506 3420 3721 3492 [suevit.

463 3494 563 3550 155
601 3494 779 3550 Grata:
805 3496 937 3551 lucis
964 3496 1139 3565 inops,
1174 3504 1230 3550 et
1259 3496 1390 3551 caeci
1422 3497 1580 3566 plena
1608 3497 1819 3567 pericli.

2147 3508 2496 3582 565—566
2515 3508 2735 3577 Sancte,
2758 3525 2972 3581 precor,
2989 3527 3238 3568 succurre
3261 3519 3355 3568 tuo
3376 3531 3389 3565 :
3412 3514 3526 3567 scio
3541 3512 3720 3582 proxi-

599 3586 735 3641 Nam
755 3586 933 3656 laquei
961 3601 1230 3642 summum
1255 3585 1473 3641 dentata
1499 3587 1827 3642 minantibus
1856 3588 2008 3644 uncis
3359 3603 3498 3674 [mus
3526 3601 3717 3668 adstas,

600 3677 939 3741 Armabatur,
962 3684 1019 3731 et
1046 3676 1129 3733 bis
1150 3677 1289 3732 male
1312 3686 1436 3732 tunc
1460 3675 1557 3731 fuit
1577 3678 1734 3732 obvia
1762 3676 1933 3745 fratri,
2286 3689 2351 3745 Et
2378 3691 2445 3747 de
2472 3693 2727 3762 contigua
2758 3693 2934 3748 missis
2964 3692 3034 3764 (ε)
3060 3692 3165 3747 huc
3192 3691 3411 3746 auribus
3430 3692 3547 3746 εεάο

599 3769 745 3825 Pene
772 3771 941 3837 male,
967 3779 1023 3824 at
1050 3779 1183 3825 nutu
1202 3771 1400 3826 Christi
1423 3771 1577 3835 bene,
1600 3772 1689 3840 qui
1720 3772 1859 3828 bene
1880 3775 2044 3830 vertit
2286 3782 2515 3851 Audisti,
2540 3784 2711 3851 Felix,
2740 3785 2925 3839 ﬂetum
2954 3783 3177 3840 infelicis
3206 3783 3437 3848 alumni;

597 3862 842 3918 Feralem
866 3864 1023 3918 nobis
1052 3863 1398 3919 memoranda
1430 3865 1484 3918 in
1512 3864 1703 3933 gaudia
1726 3880 1931 3920 casum.
2285 3872 2410 3929 Sive
2435 3874 2597 3931 modo
2625 3876 2840 3931 excelso
2870 3875 3022 3930 lateri
3051 3873 3367 3943 conjunctus
3396 3873 3635 3928 adhznres

463 3953 561 4010 160
660 3954 1017 4027 Ergo(videte
1046 3972 1261 4010 manum
1274 3955 1495 4026 Christi)
1519 3956 1659 4011 male
1675 3958 1939 4026 pendulus
1955 3958 2043 4014 ille
2142 3961 2247 4016 θιο
2287 3963 2425 4019 Ante
2453 3965 2706 4020 thronum
2729 3965 2908 4033 magni
2930 3964 3072 4033 regis
3089 3963 3386 4031 confessor,
3413 3963 3635 4027 amicus,

598 4044 703 4100 Per
723 4046 973 4101 tenebras
997 4046 1157 4100 solito
1179 4044 1319 4099 funis
1340 4046 1657 4101 submissior
1677 4050 1697 4079 ³
1727 4047 1864 4101 infra
2284 4052 2540 4124 Pauperis
2568 4054 2707 4109 hanc
2727 4054 3032 4109 venerande
3061 4054 3133 4107 tui
3161 4061 3309 4107 trans
3329 4054 3511 4108 nubila
3532 4068 3715 4108 vocem

597 4140 750 4194 Aeris
778 4147 1051 4193 assuetum
1079 4139 1310 4206 spatium
1344 4138 1613 4207 pendebat
1638 4156 1651 4203 ;
1684 4147 1741 4193 et
1770 4138 1894 4193 inde
2287 4144 2497 4214 Accipis
2525 4159 2653 4199 aure
2674 4144 2789 4212 Dei,
2817 4159 2992 4213 neque
3020 4144 3230 4206 temnis,
3258 4144 3349 4201 sed
3378 4144 3516 4214 petis
3544 4145 3653 4198 illic

594 4228 638 4283 Ε
661 4230 852 4298 capitis
881 4228 1102 4294 τεῧίοηο
1132 4227 1244 4295 Pari
1276 4227 1557 4281 libramine
1588 4226 1781 4294 f801115.
2285 4234 2456 4302 Quam
2482 4235 2613 4290 mihi
2640 4236 2892 4305 deportes
2915 4233 3127 4289 Christo
3150 4235 3439 4289 miserante
3468 4235 3713 4290 salutem.

602 4318 669 4374 Ut
696 4328 867 4374 status
890 4328 915 4356 ι
940 4316 1101 4387 hujus
1129 4316 1287 4383 erat,
1312 4332 1559 4371 securam
1586 4360 1602 4387 ,
1645 4319 1783 4374 ben!
1818 4320 2041 4391 cuspide
2284 4328 2424 4398 Ergo
2444 4328 2588 4396 veni,
2604 4326 2775 4393 Felix,
2799 4326 3096 4396 animmque
3118 4340 3353 4396 perenne
3380 4330 3716 4395 patronus”,

1864 4412 2027 4485 [trina
2142 4421 2249 4479 2-15
2285 4420 2437 4475 Nunc
2462 4435 2561 4491 pro
2589 4433 2852 4489 corporeo
2879 4419 3118 4474 medicus
3144 4418 3279 4473 mihi
3308 4434 3465 4474 curre
3494 4420 3719 4489 periclo.

463 4502 561 4557 165
600 4501 823 4572 Excepit
850 4501 1041 4557 faciem
1065 4500 1350 4568 venientis,
1373 4510 1429 4556 et
1451 4499 1623 4556 induit
1644 4518 1786 4558 unco
2066 4499 2117 4559 D
2282 4510 2467 4577 Curre,
2492 4525 2703 4581 precor,
2719 4517 3041 4578 sanctasque
3062 4524 3250 4564 manus
3271 4525 3483 4581 oppone
3496 4512 3723 4566 minanti

595 4591 894 4648 Occurrens
920 4592 1153 4658 oculum,
1179 4600 1475 4662 teneroque
1504 4608 1601 4663 per
1621 4593 1808 4648 intima
1830 4593 2032 4664 lapsus,
2283 4599 2514 4671 Lapsum
2562 4601 2747 4665 oculo,
2793 4609 2849 4654 et
2888 4599 3051 4654 lixum
3090 4600 3235 4670 quod
3278 4601 3551 4670 conspicis
3592 4617 3723 4657 erue

593 4683 777 4739 Mucro
798 4684 940 4738 subit
964 4684 1117 4750 cilio;
1148 4698 1253 4753 qua
1283 4684 1371 4737 vix
1395 4683 1536 4738 solet
1563 4691 1680 4739 arte
1710 4684 1960 4739 medendi
3472 4690 3718 4766 [ferrum,

594 4774 762 4831 Cauta
790 4791 978 4829 manus
998 4776 1185 4831 lmvem
1209 4775 1417 4846 trepido
1440 4774 1807 4831 moderamine
1833 4776 2033 4833 molem
2282 4786 2436 4854 Quod
2464 4786 2681 4856 propria
2709 4800 2965 4841 revocare
2988 4800 3149 4839 manu
3177 4799 3283 4841 non
3309 4785 3500 4850 audeo,
3534 4801 3606 4840 ne
3635 4801 3721 4839 me

595 4868 820 4933 Ducere,
845 4867 1263 4937 palpebramque
1290 4867 1391 4921 levi
1422 4865 1728 4922 sulfundere
1759 4874 1948 4924 tractu.
2280 4879 2505 4935 Lumine
2529 4879 2554 4916 ά
2586 4878 2898 4947 despoliem,
2929 4877 3055 4931 dum
3083 4892 3253 4931 conor
3277 4878 3487 4931 solvere
3511 4878 3644 4932 telo.

462 4960 559 5016 I70
665 4961 955 5015 Percussus
981 4960 1158 5014 subito
1181 4969 1286 5013 tam
1315 4958 1433 5012 duri
1460 4960 1700 5015 verberis
1726 4960 1858 5029 ictu,

2138 4972 2243 5027 2‘20
2279 4972 2367 5027 Sic
2394 4971 2591 5026 etenim
2618 4969 2830 5040 penitus
2854 4968 2983 5023 mibi
3011 4969 3187 5023 sentio
3219 4967 3415 5022 fulmen
3440 4967 3691 5023 adactum

597 5053 891 5118 Exclamat,
920 5052 1260 5124 trepidasqne
1284 5067 1475 5105 manus
1498 5052 1744 5108 turbatus
1764 5054 1831 5108 ad
1855 5054 2030 5124 ipsum
2278 5060 2484 5115 inserto
2511 5059 2610 5114 sub
2638 5066 2824 5128 operta
2854 5057 2993 5113 oculi
3022 5057 3319 5128 penetralia
3348 5056 3521 5120 clavo,

596 5144 723 5200 Fert
758 5143 1006 5209 oculum;
1048 5150 1104 5198 et
1147 5142 1347 5211 pariter
1392 5142 1631 5197 clausum
1660 5158 1785 5199 cum
1822 5143 2025 5199 lumine
2284 5150 2577 5205 Uttantum
2605 5150 2783 5204 divina
2815 5165 3020 5214 manus,
3045 5164 3164 5217 qure
3192 5147 3435 5203 condidit
3461 5147 3612 5216 ipsos

1810 5236 2030 5309 {ferrum
2274 5242 2330 5295 In
2354 5242 2508 5297 nobis
2536 5242 2742 5308 oculos,
2764 5256 2882 5311 qua:
2910 5248 2963 5296 te
2984 5255 3200 5310 quoque
3220 5240 3409 5295 dextra
3438 5247 3719 5309 potentem

592 5331 871 5399 Continet,
897 5338 956 5385 ut
978 5330 1254 5401 reprimat,
1284 5331 1371 5387 vel
1398 5331 1443 5387 si
1473 5330 1652 5399 cadat,
1678 5338 1737 5385 ut
1757 5331 2027 5386 labentem
2274 5334 2516 5390 Sanifera
2543 5334 2738 5389 virtute
2766 5334 2932 5399 dedit,
2955 5348 3061 5403 qua
3091 5334 3362 5389 dzemonas
3389 5340 3540 5386 atros

594 5421 838 5493 ExCipiat
861 5420 1150 5489 globulum,
1180 5424 1269 5492 qui
1298 5423 1511 5478 luminis
1542 5423 1724 5477 intima
1754 5437 1989 5491 servans,
2130 5422 2237 5478 225
2272 5423 2644 5479 Excruciando
2673 5425 2883 5491 domas,
2913 5441 3017 5494 qua
3044 5426 3286 5494 corporis
3313 5439 3474 5478 omne
3504 5422 3697 5478 caduci

525 5545 553 5607 fl
579 5533 638 5607 id
658 5541 741 5589 est
768 5542 987 5607 statura.
1018 5533 1149 5588 Vide
1179 5542 1291 5589 not.
1324 5532 1448 5588 263.
2204 5537 2281 5607 (α)
2309 5534 2432 5607 Mss.
2451 5535 2671 5607 ﬁcum,
2701 5538 2755 5590 in
2784 5536 2997 5607 liquido.

525 5545 553 5573 ι
579 5537 638 5588 Id
658 5541 741 5589 est
768 5542 987 5587 statura.
1018 5537 1149 5588 Vide
1179 5542 1291 5589 not.
1324 5537 1448 5588 265.
2228 5554 2259 5588 α
2309 5537 2432 5590 Mss.
2465 5537 2671 5601 Germ,
2701 5538 2755 5590 in
2784 5537 2997 5607 liquido.

522 5603 553 5644 ι)
583 5603 645 5686 ld_
666 5613 749 5659 est
772 5606 989 5688 pupille.
2204 5537 2281 5747 ἓὸξ
2312 5605 2409 5660 llis.
2437 5604 2815 5661 Germanensis
2842 5608 3035 5672 codex,
3060 5615 3248 5688 servat.

528 5686 552 5747 ξ
583 5673 716 5747 Ῐῃᾴε
745 5673 1012 5747 wing“.
1077 5745 1087 5747 4
2150 5746 2159 5747 ί
2229 5693 2254 5729 c
2320 5674 2395 5729 lta
2424 5692 2522 5730 ms.
2551 5677 2730 5732 Germ.
2774 5686 2886 5732 tum
2927 5676 3046 5731 edd.
3084 5678 3248 5733 tribus

528 5686 552 5713 ο
583 5673 716 5728 Vide
745 5672 857 5729 not.
889 5673 1012 5728 264.
2206 5672 2276 5733 (cl
2320 5674 2395 5729 lla
2424 5692 2522 5730 ms.
2551 5677 2730 5732 Germ.
2774 5686 2886 5732 tum
2927 5676 3046 5731 edd.
3084 5678 3275 5733 tribus.
3312 5675 3455 5731 Editi
3500 5672 3715 5731 codices

523 5742 552 5781 ⁸
583 5743 712 5799 Vide
740 5761 825 5811 ep.
859 5745 945 5809 45,
978 5761 1031 5799 n.
1062 5745 1111 5796 4.

859 5745 945 5809 45,
978 5761 1031 5799 n.
1062 5745 1111 5796 4.
2132 5742 2266 5809 duo,
2290 5749 2441 5801 hunc.
