3990 6182
160 279 257 337 613
1591 295 1820 354 ΡΟΕΜΑ
1858 297 2042 354 XXIII.

1858 297 2042 354 xxui.
2103 279 2106 281 ‘
2962 376 2963 379 γ
3326 322 3425 382 eu

289 390 509 449 Pellere
539 402 867 450 tormentum
895 406 1049 466 potes
1078 401 1191 454 alto
1220 404 1437 459 nomine
1464 403 1700 474 Christi,
1770 418 1814 477 Α
1845 409 1951 465 275
1989 410 2389 481 Innocuamquc
2418 415 2588 471 aciem
2619 415 2767 488 ferri,
2789 422 2943 477 simul
2973 435 3027 480 et
3056 427 3171 486 leve
3192 435 3430 502 pondus;

285 484 680 558 Omnipotente
708 497 901 559 potens
929 491 1179 565 Domino,
1203 508 1311 564 quo
1340 498 1570 567 praesule
1599 517 1741 557 nunc
1990 500 2104 568 Qua
2130 503 2321 571 pituita
2350 508 2548 575 gravis,
2576 509 2719 581 pilus
2746 512 3118 587 intolerabilis,
3137 484 3326 593 etrqua

1634 592 1743 664 [me
1987 592 2097 647 Nec
2126 593 2359 649 minima:
2386 598 2626 667 perferre
2655 608 2891 659 atomum
2917 605 2942 645 δ
2962 609 3216 668 duramus
3235 592 3430 686 arenae,

289 667 861 741 Suscipesanandum;
894 688 993 729 nec
1022 684 1074 730 ιε
1102 691 1219 731 mea
1236 677 1459 733 crimina
1486 681 1738 749 vincam,
1987 681 2099 738 Hac
2126 697 2291 753 grave
2319 694 2373 741 et
2400 687 2640 755 incurvo,
2665 694 2785 761 quis
2811 698 3032 754 credat?
3060 705 3309 760 acumine
3338 708 3428 762 fer-

289 763 401 818 Sed
430 764 602 833 magis
627 779 657 818 a
689 774 741 819 te
769 765 911 821 victa
932 767 1144 822 cadant.
1170 768 1302 824 Nam
1324 771 1536 839 dignior
1564 775 1668 830 isto
1989 861 2007 869 _
2328 868 2335 869 ί
3262 795 3425 869 [rum,

164 854 255 908 ξδο
294 854 531 910 Vulnere
586 871 732 922 sum,
785 856 977 924 fateor,
1027 859 1222 929 placidi
1287 876 1447 931 quam
1514 880 1740 921 munere
1989 861 2213 933 Insuper
2241 874 2297 921 et
2326 868 2520 939 lychno
2545 877 2811 931 concretis
2840 879 3089 937 sordibus
3118 895 3280 939 uncto

1482 952 1737 1025 [ctu-isti.
1845 948 1950 1003 280
1986 952 2197 1018 Fixum,
2222 957 2437 1027 impune
2467 961 2557 1015 diu
2587 970 2802 1020 tenuem
2826 971 3084 1037 pressisse
3114 977 3335 1033 metallo

290 1034 399 1090 Sed
427 1034 641 1090 Domini
669 1036 836 1106 ipsius
857 1039 1079 1094 verbum
1110 1039 1414 1112 factumque
1444 1055 1735 1102 memento.
1985 1039 2270 1113 Pupillam,
2293 1056 2347 1101 et
2378 1051 2525 1104 nullo
2557 1061 2873 1111 temeratum
2902 1062 3127 1119 vulnere
3157 1067 3351 1124 visum.

290 1125 394 1193 Qui
422 1130 726 1197 peccatoris
756 1130 918 1184 vitam
950 1133 1229 1188 moriendo
1253 1137 1292 1166 “
1323 1136 1567 1191 redemit.
1982 1132 2111 1199 Quie
2141 1143 2249 1190 tam
2279 1140 2486 1194 δυδιίῖίε
2515 1143 2691 1211 dignis
2720 1162 2927 1215 manus»
2953 1162 3043 1206 θυι
3073 1156 3192 1224 Opis
3219 1167 3355 1228 δι’ῑθν

365 1216 594 1273 Ιυειίιίτε
622 1220 665 1273 si
691 1218 813 1288 jure
836 1222 969 1275 velis
998 1224 1289 1279 decernere
1318 1242 1529 1281 mecum
1550 1269 1564 1292 ,
1981 1223 2111 1289 QUID
2139 1243 2198 1281 se
2226 1237 2337 1283 tam
2369 1234 2516 1285 ιοηυί
2548 1237 2723 1302 Dom"
2746 1238 3051 1298 discrimine
3075 1245 3276 1315 Iuncus

295 1304 411 1361 Non
434 1322 551 1360 sum
572 1323 680 1362 uno
705 1317 932 1375 tantum,
947 1310 1044 1366 sed
1061 1312 1259 1368 lumine
1273 1314 1461 1382 dignus
1482 1327 1709 1388 utroque
1847 1401 1944 1408 hu
1982 1315 2058 1408 In:

1982 1315 2253 1385 I’hserere;
2278 1329 2333 1375 et
2362 1323 2538 1378 medio
2569 1327 2838 1396 palpebra:
2861 1304 3108 1404 oculique
3127 1340 3425 1408 subactum,

163 1392 259 1448 255
292 1394 535 1463 Multari,
564 1407 621 1452 ut
643 1399 764 1454 talis
792 1399 929 1455 facie
950 1402 1072 1467 sim,
1102 1406 1274 1472 qualis
1295 1415 1349 1460 et
1379 1408 1522 1462 intus
1840 1401 1946 1457 235
1980 1404 2126 1462 Ῑηῑθΐ
2152 1417 2436 1480 Utramque
2461 1414 2599 1469 Viam
2618 1414 2790 1487 fragm
2815 1436 2912 1489 Ρθτ
2940 1433 3223 1497 utrumque
3244 1444 3425 1491 mea“!

292 1486 468 1542 Corde
497 1488 809 1556 tenebroso,
834 1490 901 1545 de
924 1506 1032 1559 quo
1062 1495 1201 1548 male
1221 1496 1423 1551 visibus
1450 1506 1574 1553 utor
1982 1499 2156 1556 lllmso
2179 1514 2472 1571 penetrans
2493 1510 2670 1577 oculo,
2695 1516 3024 1583 suspendere
3046 1518 3270 1591 ferrum,

292 1576 599 1648 Corporeis,
625 1594 797 1635 aecus
814 1580 973 1649 justis
1003 1586 1305 1652 ",oculatus
1335 1588 1550 1659 iniquis,
1983 1592 2140 1658 Quod
2166 1596 2320 1651 solidi
2341 1613 2525 1654 crasso
2554 1608 2723 1657 totum
2750 1608 3055 1677 complebat
3077 1623 3269 1683 opertu
3287 1619 3330 1648 ¹¹

296 1666 363 1720 Et
389 1678 728 1739 peccatorem
750 1671 957 1727 luscum
983 1672 1159 1729 fateor
1183 1676 1341 1732 decet
1369 1694 1507 1746 esse,
1978 1685 2172 1741 Orbem
2195 1690 2355 1756 oculi,
2390 1691 2556 1759 figens
2586 1696 2718 1761 acie,
2748 1714 2847 1754 nec
2877 1702 3096 1759 vulnere
3124 1706 3351 1775 laedens;

295 1761 405 1834 [:(a)
435 1761 491 1817 Si
518 1764 707 1820 deceat
738 1765 895 1820 talem
936 1782 1056 1823 esse
1093 1777 1261 1825 tuum.
1289 1772 1639 1845 Quocumque
1669 1778 1730 1832 li-
1764 1786 1808 1845 Β
1977 1774 2106 1842 Quae
2135 1792 2326 1834 manus
2352 1781 2458 1836 hoc
2485 1785 2663 1852 potuit
2686 1786 2747 1852 ³³,
2776 1788 2879 1844 nisi
2916 1806 3034 1861 quae
3073 1810 3264 1851 manus
3301 1814 3421 1853 om-

1558 1868 1568 1939 Ι
1580 1876 1733 1935 gatus
3116 1885 3227 1958 [nia
3255 1885 3421 1946 fecit?

162 1940 252 1995 240
291 1940 523 1998 Crimine
555 1943 613 1998 fit
636 1945 824 2013 dignus
854 1949 1041 2017 venia,
1067 1950 1181 2019 jam
1210 1953 1255 2007 si
1288 1960 1411 2009 tuus
1434 1970 1553 2012 esse
1835 1955 1939 2010 200
1976 1956 2208 2028 Spiritus
2230 1962 2317 2017 ille
2347 1963 2441 2019 Dei
2466 1977 2780 2036 penetrator
2808 1972 3006 2044 ubique
3027 1940 3135 2046 perl
3153 1993 3344 2037 omnes

294 2030 527 2102 θωρθτίῑ
556 2051 568 2086 ³
595 2034 611 2104 ]
640 2044 698 2089 ιιι
726 2037 924 2090 (Indum
951 2042 1091 2109 οωρί
1122 2056 1246 2111 Pars
1269 2058 1388 2099 ϐεδε
1412 2055 1654 2115 Illorum.
1976 2059 2205 2118 Naturas
2232 2079 2432 2132 rerum,
2460 2071 2604 2125 tenui
2633 2073 2881 2130 subtilior
2908 2080 3075 2145 omni,

294 2121 431 2145 n..-,.
468 2139 690 2145 -._-_-,,
730 2144 733 2145 ,
774 2129 951 2145 ,.,',.
996 2131 1028 2145 II
1103 2132 1114 2144 ο

293 2121 433 2187 Quos
462 2139 563 2193 ego
590 2142 697 2181 non
728 2129 913 2197 patriae
940 2131 1145 2186 telluris
1173 2148 1358 2191 amore
1387 2148 1623 2209 secutus,

292 2212 392 2268 Sed
422 2214 713 2284 desiderio,
746 2234 854 2287 quo
884 2237 969 2276 me
1000 2223 1113 2289 tibi,
1142 2235 1344 2290 sancte,
1372 2229 1627 2298 dicarem,

293 2303 392 2358 Per
416 2308 578 2362 maris
608 2317 664 2362 et
691 2319 846 2364 terrae
871 2322 1141 2368 contemta
1170 2318 1403 2385 pericula
1428 2323 1585 2389 veni;

163 2394 249 2447 285
293 2395 657 2468 Exemploque
684 2402 835 2469 boni,
859 2416 1102 2474 cognatae
1132 2409 1342 2464 vincula
1376 2422 1553 2479 terrm,

294 2485 360 2541 Ut
389 2490 483 2543 tibi
506 2494 783 2559 servirem,
809 2498 947 2564 rupi,
975 2502 1313 2556 consortibus
1341 2504 1443 2559 illis

289 2578 419 2634 Cum
447 2582 641 2649 quibus
670 2593 724 2639 et
748 2602 835 2641 me
855 2588 1003 2655 jacto
1034 2599 1210 2659 tuum;
1243 2596 1386 2663 quod
1414 2605 1469 2652 et
1497 2598 1597 2655 hac
1625 2615 1731 2671 0pc

1438 2687 1724 2760 [monstra,

280 2760 359 2816 Ne
386 2764 607 2832 perdam
639 2772 789 2821 tanto
817 2769 1085 2823 confixum
1118 2773 1336 2829 vulnere
1367 2776 1566 2832 lumen.

353 2852 452 2918 Da,
477 2870 685 2923 precor,
713 2857 929 2926 indigno
958 2858 1158 2918 famulo
1189 2872 1295 2918 tarn
1322 2868 1502 2922 nobile
1531 2885 1729 2929 munus

162 2942 248 2999 250
280 2946 338 3001 In
367 2948 580 3003 laudem
610 2950 821 3007 Domini
848 2972 861 3006 :
892 2965 1083 3024 pnesta
1110 2958 1215 3013 hoc
1243 2960 1448 3030 insigne
1476 2963 1581 3019 diei

281 3042 481 3097 Sancte
502 3054 613 3108 tuo,
642 3054 717 3111 ut,
741 3046 984 3102 confessa
1008 3049 1103 3103 tibi
1126 3064 1285 3119 quem
1315 3054 1483 3120 gloria
1509 3055 1707 3113 Christi

280 3129 523 3188 Luminis
551 3135 738 3188 aeterni
766 3138 999 3192 natalem
1028 3139 1082 3193 in
1106 3142 1285 3196 secula
1315 3140 1461 3208 fecit,
1751 3159 1796 3218 ε

279 3222 434 3279 Hunc
459 3226 689 3281 habeam
724 3229 957 3284 natalem
991 3233 1133 3287 oculi
1163 3232 1241 3305 (ὁ)
1273 3235 1606 3310 [pariterque
1633 3257 1726 3299 ce-

1489 3329 1723 3402 [lebrem

277 3404 509 3461 Felicem
537 3417 594 3463 et
621 3409 799 3466 lumen
830 3413 961 3468 mihi
988 3414 1056 3471 de
1084 3416 1262 3474 Felice
1290 3431 1586 3492 receptum.

158 3490 243 3548 955
276 3496 425 3551 Talia
452 3500 577 3553 dum
610 3503 785 3571 plorat
814 3507 1040 3576 simplex
1064 3547 1080 3572 ,
1109 3526 1299 3567 manus
1328 3490 1457 3569 ecce
1484 3514 1631 3572 beati

278 3586 543 3658 Prospera
564 3607 692 3647 mox
715 3594 905 3651 Felicis
926 3598 1123 3671 adest,]
1144 3600 1463 3673 dubiamque
1485 3608 1723 3665 timentis

278 3671 573 3750 Adspirans
601 3687 767 3740 tacite
802 3688 979 3744 firmat
1006 3703 1351 3767 mentemque
1372 3671 1717 3772 manumque,

272 3770 347 3827 Ne
375 3775 565 3829 timeat
592 3786 707 3832 tuto
736 3794 965 3837 ausurus
994 3787 1293 3853 producere
1319 3789 1543 3847 ferrum.

340 3863 442 3918 Vix
470 3866 573 3921 hoc
598 3878 821 3925 conatus
851 3870 967 3938 fuit,
990 3882 1045 3928 et
1072 3878 1225 3945 quasi
1254 3878 1489 3936 lubricus
1513 3898 1683 3938 uncus

151 3947 237 4003 250
268 3951 341 4008 Ex
374 3957 536 4011 oculo
573 3960 719 4015 cadit
749 3962 953 4033 absque
981 3967 1175 4033 oculo;
1203 3977 1411 4026 tantum
1451 3975 1592 4030 unda
1622 3993 1713 4032 se-

1568 4069 1717 4142 [cuta

1990 2150 2205 2210 Perdita
2235 2162 2450 2215 caecatis
2470 2163 2561 2231 qui
2592 2165 2790 2222 lumina
2821 2170 3070 2239 reddidit,
3098 2182 3153 2230 et
3177 2177 3271 2246 qui

1979 2251 2061 2307 Ex
2092 2263 2244 2310 utero
2273 2273 2471 2315 cmcum
2500 2279 2640 2319 nova
2670 2267 2868 2323 lumina
2902 2270 3028 2326 fecit
3056 2274 3275 2346 habere,

1976 2343 2191 2399 Vultum
2220 2348 2514 2419 imperfecti
2543 2363 2731 2410 natura
2762 2364 3007 2431 corporis
3036 2365 3262 2436 implens

1837 2433 1944 2487 295
1982 2435 2113 2490 Arte
2142 2437 2434 2509 Creatoris,
2459 2458 2564 2512 qua
2589 2455 2759 2503 totum
2784 2453 2994 2521 perficit
3024 2433 3240 2526 orbem;

1975 2538 2144 2596 Filius
2165 2542 2257 2597 ille
2280 2544 2394 2611 Dei,
2420 2562 2611 2603 manus
2641 2560 2695 2605 et
2724 2555 2983 2623 sapientia
3012 2557 3204 2626 Patris,

1974 2626 2329 2701 Omniparens
2353 2650 2532 2691 rerum
2559 2637 2679 2695 fons
2706 2660 2717 2693 :
2747 2651 2801 2696 et
2826 2649 3128 2703 constantia
3154 2649 3417 2712 Christus.

1972 2718 2092 2789 Ipse
2115 2722 2261 2777 illum
2286 2728 2557 2794 quondam
2588 2748 2695 2785 non
2727 2734 2899 2802 plena:
2927 2740 3115 2795 matris
3143 2741 3197 2796 in
3227 2745 3350 2801 alvo

1974 2809 2249 2884 Finxerat,
2299 2824 2357 2870 ut
2385 2820 2612 2888 posthac
2638 2822 2804 2880 homo
2833 2825 3006 2883 factus
3032 2839 3087 2885 et
3111 2832 3227 2902 ipse
3255 2834 3415 2893 Crea-

1830 2990 1935 3044 500
1972 2991 2086 3049 Hoc
2113 3010 2328 3068 quoque
2351 2998 2546 3056 divinis
2574 3017 2709 3072 opus
2731 3004 3046 3065 admirabile
3074 3011 3239 3079 signis
3308 2929 3415 2999 μοι

1852 3085 1863 3088 ’
1972 3092 2235 3158 Adderet,
2261 3106 2320 3150 ut
2342 3114 2539 3155 vacuos
2560 3103 2803 3173 expleret
2826 3108 3028 3165 visibus
3052 3113 3231 3169 orbes.

1973 3182 2214 3253 Denique
2236 3186 2382 3241 humi
2401 3200 2624 3259 sputans
2646 3193 2830 3250 limum
2855 3197 3000 3266 facit,
3028 3202 3167 3258 unde
3195 3214 3423 3275 negatos

1968 3272 2219 3330 Nascenti
2248 3277 2468 3334 obtutus
2498 3283 2736 3338 credenti
2767 3287 2958 3344 reddat
2986 3291 3029 3322 ¹⁸
3057 3272 3307 3350 alumno:

1971 3361 2301 3435 Materiaque
2325 3367 2349 3405 ι’
2373 3369 2561 3425 eadem
2582 3372 2790 3431 defecta
2818 3378 2868 3432 in
2900 3392 3053 3450 parte
3083 3394 3339 3453 perornat

1825 3450 1930 3505 505
1964 3453 2386 3526 Semiperactum
2412 3461 2703 3530 hominem,
2724 3483 2829 3536 qua
2853 3479 2968 3526 toto
2991 3450 3220 3545 corpore
3241 3476 3413 3545 finxit;

1966 3552 2036 3608 Ut
2064 3557 2299 3625 seipsum
2332 3571 2516 3617 nostra
2549 3567 2759 3621 venisse
2788 3569 2838 3622 in
2869 3585 3031 3627 carne
3055 3578 3341 3646 probaret,

1964 3642 2065 3709 Qui
2094 3661 2215 3700 cum
2243 3646 2402 3705 Patre
2432 3652 2542 3707 Deo
2571 3660 2872 3712 communis
2899 3661 3146 3730 imaginis
3174 3681 3270 3721 ore

1963 3732 2331 3804 Compositum
2360 3740 2508 3807 limo,
2539 3750 2594 3796 et
2640 3743 2766 3800 ﬂatu
2794 3746 3122 3807 formaverat
3151 3756 3193 3786 ¹⁸
3214 3755 3405 3813 Adam.

2035 3836 2153 3906 Ipse
2174 3840 2377 3909 opifex,
2403 3844 2491 3897 lux
2522 3856 2724 3912 nostra,
2760 3849 2914 3916 Deus,
2949 3852 3145 3911 Felicis
3171 3859 3329 3914 amici

1818 3925 1924 3980 5I0
1961 3928 2202 3985 Natalem
2236 3942 2382 3988 tanta
2412 3937 2579 3990 voluit
2614 3939 2875 3997 decorare
2903 3944 3144 4013 medela;

1964 4017 2033 4073 Ut
2056 4022 2380 4080 confessoris
2409 4028 2660 4083 meritum
2689 4032 2917 4089 sublime
2944 4038 3155 4105 potenti

476 4140 488 4153 .
750 4145 761 4156 .
1568 4118 1717 4142 ι“’““
1959 4118 2181 4177 Munere
2205 4134 2550 4195 monstraret,
2576 4146 2685 4186 non
2708 4140 2766 4188 ut
2787 4137 3088 4193 cumularet
3107 4139 3375 4198 honorem

267 4136 516 4195 Evomuit
545 4141 814 4215 lacrynns,
841 4162 1000 4215 quem
1031 4165 1442 4215 suppuraverat.
1472 4168 1681 4215 aestum.

270 4155 516 4195 [woman
545 4155 791 4214 lacrynns
841 4162 1000 4217 quem
1031 4165 1442 4223 suppuravemt’
1472 4168 1681 4215 aestum.
1959 4155 2181 4177 ιιιιιιισισ
2205 4155 2550 4195 ium-suarm,
2576 4155 2685 4186 ιιυιι
2709 4155 2766 4188 ut
2787 4155 3088 4193 cumularet
3107 4155 3336 4197 honoret

270 4226 391 4283 Μοι
419 4233 611 4288 oculus
639 4238 773 4291 mni
799 4188 1059 4308 ’purgaws
1096 4253 1256 4301 nocte
1284 4250 1492 4317 pericli,
1956 4220 2203 4293 Martyris
2230 4225 2334 4281 hoc
2363 4242 2548 4298 opere,
2576 4230 2822 4300 ingentes
2842 4238 2927 4291 cui
2954 4241 3181 4296 contulit
3207 4243 3336 4298 olim

266 4317 397 4375 Tam
440 4338 576 4391 pm
616 4294 819 4383 enim;
838 4294 1712 4416 θρέουῶ,ᾘιῌξηᾝςῖιξᾙηοᾳυο
1962 4319 2240 4379 Nobilibus
2271 4327 2439 4383 titulis
2467 4329 2753 4390 benedicta
2782 4339 3001 4395 nomine
3029 4343 3261 4412 palmas,

1525 4435 1709 4507 [sanus
1814 4419 1921 4475 '5l5
1958 4422 2101 4490 Quas
2131 4426 2410 4484 indefessis
2439 4430 2493 4485 in
2520 4447 2586 4488 eo
2615 4435 2900 4494 virtutibus
2927 4443 3075 4498 omni

146 4494 479 4575 567-568
506 4494 1702 4583 εει-ηῑιυηειθηιίοοιιυεθηειηυηθι-εοίπίδιῑ,
1740 4523 1790 4583 D
1956 4522 2221 4594 Tempore
2246 4529 2523 4583 continuat
2557 4532 2763 4588 Domini
2795 4538 3079 4595 clementia
3110 4542 3331 4601 Christi.

146 4583 232 4642 265
266 4590 325 4646 Et
354 4603 486 4664 puto
516 4598 638 4666 plus
667 4601 827 4657 hodie
855 4606 1018 4661 solito
1049 4610 1241 4677 niteat,
1267 4615 1390 4682 quia
1423 4617 1603 4673 lumen
2030 4614 2137 4669 Sed
2170 4619 2322 4672 "Obis
2355 4620 2520 4674 νοίυίῑ
2544 4624 2832 4690 ερθοίειιετη
2865 4636 3104 4699 temp"?e
3133 4634 3185 4687 in
3216 4636 3322 4693 ἱειο

265 4682 479 4741 Addidit
509 4689 622 4757 ipse
651 4690 766 4748 dies
795 4696 886 4764 qui
914 4697 1160 4755 reddidit.
1194 4702 1335 4773 Ergo
1366 4706 1551 4765 fideles
1962 4702 2227 4774 Laetitiam
2257 4708 2459 4765 donare
2480 4682 2643 4779 Deus.
2669 4682 2995 4788 propriiquc‘
3010 4727 3226 4793 patroni

266 4774 484 4833 Cernite
506 4796 648 4836 nunc
670 4785 862 4841 animis
888 4790 1020 4844 tanti
1048 4792 1368 4853 discriminis
1398 4800 1583 4870 instar,
1958 4794 2089 4852 Τίιιθ
2118 4799 2334 4869 aliqu0d
2360 4804 2593 4874 Propriis
2621 4821 2853 4878 ορθηὶηδ
2881 4812 3090 4881 Signum
3121 4817 3253 4874 dare
3283 4836 3404 4877 se"

268 4865 331 4921 Et
359 4874 566 4939 pariter
598 4876 731 4929 tanti
759 4881 1073 4949 perpendite
1102 4888 1340 4943 muneris
1364 4900 1563 4947 actum.

331 4958 427 5016 vir
439 4962 555 5032 jam
580 4974 791 5023 malum
813 4972 990 5037 gravis
1017 4988 1153 5042 mo,
1177 4986 1232 5031 ει
1258 4995 1486 5050 corpore
1507 4986 1702 5051 celsus,
1812 4978 1917 5032 520
1955 4980 2071 5046 Quo
2100 4997 2197 5038 nos
2222 4984 2416 5041 siderei
2444 4990 2693 5060 proprios
2721 4992 2914 5051 Felicis
2941 4999 3188 5057 alumnos

142 5041 230 5099 270
261 5047 515 5111 Staminis
546 5058 741 5113 uncino
768 5063 923 5129 quasi
951 5064 1113 5133 piscis
1142 5041 1428 5127 inhaeserat
1454 5076 1648 5144 hamo;

262 5136 328 5193 Et
357 5144 469 5199 vice
494 5160 788 5215 suspensus
816 5152 991 5222 lychni
1021 5158 1288 5226 pendebat
1316 5174 1502 5233 aperto

1349 5228 1365 5233 _
1977 5228 1985 5235 .
2007 5228 2021 5235 -
2036 5228 2045 5236 .
2060 5228 2107 5237 ν..
2122 5228 2167 5251 ν,
2194 5228 2300 5254 aut.
2324 5228 2560 5244 ..νυ-μυι-
2583 5228 2660 5246 σω
2681 5228 2804 5250 vana
2824 5228 3047 5256 uualuuc
3074 5228 3221 5259 saluti

262 5228 369 5285 Sed
401 5251 507 5289 non
536 5247 730 5306 sponte
758 5243 935 5310 oculo,
958 5260 1118 5315 quem
1143 5250 1701 5317 diducebatinuncans
1947 5273 2160 5344 Saepius
2188 5276 2437 5334 infestum
2469 5288 2746 5343 nocturnis
2770 5291 2983 5346 casibus
3012 5294 3221 5349 hostem

262 5320 475 5349 Quian..-
514 5328 683 5349 4---,”
732 5333 804 5349 ut.
1172 5342 1184 5349 -
1422 5348 1429 5349 ί

260 5320 479 5381 Subfixo
507 5328 690 5384 clavus
719 5333 862 5409 cilio,
896 5351 1071 5405 neque
1097 5342 1291 5397 vulnus
1318 5348 1533 5415 agebat,

1958 5373 2001 5419 A
2032 5370 2230 5425 nostris
2259 5373 2463 5440 pariter
2485 5377 2740 5433 membris
2770 5388 2824 5434 et
2851 5386 3117 5440 mentibus
3136 5395 3301 5442 arcet.

1357 5410 1374 5415 7
1518 5410 1527 5415 ,
1958 5410 2001 5419 --
2032 5410 2230 5425 ..νυ-...ι
2259 5410 2452 5440 fu...“
2485 5410 2683 5432 ιιιωιιυι
2696 5410 2740 5433 ia
2770 5410 2824 5434 ct
2851 5410 3117 5440 Illcuuuus
3136 5410 3301 5442 arcet.

262 5410 448 5470 Divina
476 5420 797 5488 prohibente
826 5442 1008 5494 manu,
1037 5447 1156 5500 quae
1184 5434 1386 5492 lecerat
1415 5440 1522 5496 illic
1809 5453 1915 5508 525
2022 5457 2257 5529 Denique
2273 5461 2384 5530 jam
2406 5468 2575 5521 nostri
2596 5469 2889 5536 gaudemus
2916 5474 3121 5531 honore
3150 5478 3361 5548 pericli,

3270 4912 3397 4985 his,

1957 5089 2234 5158 Proderet.
2265 5104 2322 5150 ut
2350 5099 2543 5155 merito
2572 5101 2712 5158 illius
2739 5120 2973 5176 curaque
3002 5110 3225 5187 doceret

1961 5182 2167 5251 Vivere,
2192 5200 2300 5254 quo
2324 5198 2560 5244 nostram
2583 5207 2804 5250 servans
2824 5201 3047 5256 custode
3074 5204 3331 5272 salutem,

199 5614 222 5706 ξ
256 5607 559 5706 ἕξξξῃζὲώ·
588 5636 700 5706 VII."
811 5695 910 5706 --.
1809 5654 2074 5706 manensi.

198 5674 1056 5803 ἷηγξξάθξξίξλξςῇξοήξξξόηηθ
1098 5785 1163 5803 Μ
1203 5787 1282 5803 m
1343 5776 1528 5803 Mn“
1568 5780 1676 5803 Pu
1809 5674 2119 5803 “dientes
2148 5725 2311 5783 hosce
2342 5745 2526 5787 versus
2554 5735 2819 5803 supplevit
2864 5751 2962 5789 ms.
3008 5735 3395 5803 Gernianmsis

201 5746 273 5817 (α)
302 5749 367 5806 Hi
396 5755 502 5812 duo
527 5746 713 5819 versus
740 5746 911 5822 additi
923 5746 1060 5825 sunt
1098 5785 1166 5827 ex
1202 5787 1302 5829 ms.
1341 5776 1529 5833 codice
1568 5780 1703 5837 Ger-
1810 5746 1998 5846 cod‘gx.
