3990 6182
226 234 332 289 617

509 350 723 409 Molitus
747 362 832 409 est
850 356 1144 427 expellere,

370 439 439 497 Ut
463 442 588 497 fune
615 453 775 514 rupto
803 461 911 516 quo
937 447 1242 504 cohaerebat
1268 449 1405 514 rati,

500 531 870 591 Dimitteretur
894 538 1122 607 aequori.

254 622 326 676 90
362 619 468 679 Sed
495 625 847 694 plurimorum
877 644 1009 685 voce
1037 630 1212 685 victus
1239 631 1434 699 obvia,

505 714 585 771 Ab
614 727 847 787 utroque
874 721 1072 775 mansit
1099 721 1305 790 irritus,

362 806 496 871 Quia
521 809 850 875 praevalebat
878 811 1116 865 omnium
1142 813 1411 869 sententia

504 897 707 952 Autore
732 898 948 954 Christo
978 899 1190 967 fortior,

360 983 433 1039 Ut
457 1002 582 1040 mox
610 987 809 1041 salubri
838 989 999 1044 barca
1028 1000 1055 1028 ⁸
1082 989 1323 1061 perfugio
1350 989 1493 1049 foret

504 1072 674 1145 Puppi
702 1086 979 1145 superstes
1008 1080 1232 1133 obruta.

357 1162 621 1219 Inusitata
652 1164 915 1234 naufragii
942 1166 1107 1221 facies
1129 1176 1273 1233 erat,

500 1251 644 1307 Mors
671 1254 844 1316 navis,
876 1263 933 1309 et
960 1270 1065 1325 pax
1090 1258 1340 1326 mquoris.

358 1340 715 1415 573-574
749 1344 903 1401 Foris
931 1345 1150 1401 sedebat
1170 1347 1225 1401 in
1252 1344 1389 1404 freto
1409 1353 1782 1422 tranquillitas,

326 1426 331 1427 ί
500 1434 557 1489 I‘n
587 1451 725 1490 nave
754 1444 1046 1506 tempestas
1070 1448 1207 1493 erat.

356 1520 478 1581 Non
499 1540 628 1581 saxa
653 1526 897 1594 classem,
925 1542 1034 1583 non
1054 1529 1295 1598 procella
1315 1528 1549 1601 fregerat
1574 1550 1586 1583 :

497 1615 604 1671 Sed
633 1616 717 1673 his
745 1624 985 1675 vetustas
1012 1617 1208 1673 fortior

352 1705 612 1761 Clavante
639 1707 781 1762 terra
804 1706 955 1762 ﬁrma
979 1707 1108 1777 ligni
1127 1707 1152 1746 ιι
1179 1708 1376 1765 robora
1399 1711 1420 1741 '

500 1796 642 1853 Evn
666 1806 877 1853 teronte
898 1799 1153 1854 solverat.

223 1885 316 1944 105
351 1883 563 1943 C(elum
592 1888 796 1942 serenis
823 1887 1060 1942 enitebat
1083 1888 1161 1960 (a)
1191 1889 1443 1956 vultibus,

498 1976 669 2031 Astris
687 1976 966 2031 renidebat
986 1992 1154 2032 mare.

351 2067 554 2123 Verum
582 2067 707 2137 quid
737 2067 842 2124 illis
869 2068 990 2123 laeta
1009 2078 1294 2127 ventorum
1321 2072 1480 2128 simul

501 2155 788 2226 Pelagique
816 2159 1104 2228 praestabat
1132 2163 1305 2233 quies,

351 2247 506 2314 Quos
526 2246 812 2305 deserebat
837 2250 893 2306 in
922 2250 1189 2322 profundo
1211 2254 1496 2311 marmoris

497 2337 729 2395 Vectura
761 2340 977 2412 dilapsae
1004 2344 1173 2398 ratis?

351 2430 502 2486 Bibit
528 2430 672 2485 unda
700 2447 890 2487 navem
908 2472 924 2499 ,
955 2433 1107 2489 navis
1138 2432 1333 2490 undam
1360 2435 1649 2505 combibit,
1720 2438 1728 2445 ’

498 2520 816 2588 Sorbentur,
843 2532 900 2579 et
922 2525 1145 2581 sorbent
1170 2540 1342 2596 aquae.

348 2609 609 2667 Inebriati
637 2614 832 2667 navita:
857 2622 988 2683 potu
1018 2614 1168 2682 salis,

504 2698 665 2755 Tristi
692 2710 956 2757 necantur
980 2703 1219 2773 crapula.

224 2785 320 2841 115
354 2788 590 2844 Ridebat
617 2791 736 2846 aliis
761 2791 907 2846 mitis
935 2792 1076 2848 unda
1104 2794 1347 2860 navibus,

501 2879 708 2949 Unique
734 2882 960 2937 saevibat
981 2882 1108 2938 rati.

351 2971 462 3028 Sed
493 2973 546 3027 in
575 2974 779 3043 periclo
807 2974 1159 3045 plurimorum
1184 2991 1412 3034 cernere
1430 2975 1517 3034 ést

495 3074 742 3133 Caelestis
770 3084 946 3132 actum
969 3078 1258 3134 examinis.

348 3167 652 3223 Commune
680 3177 905 3224 cunctos
930 3184 1037 3224 una
1062 3183 1200 3237 quos
1229 3170 1380 3226 navis
1407 3171 1552 3227 vehit

502 3259 805 3315 Periculum
831 3262 1021 3317 mortis
1047 3269 1264 3326 manet;

350 3362 423 3415 Et
452 3376 579 3417 ecce
603 3362 765 3416 variis
791 3361 1100 3417 dividuntur
1129 3362 1363 3427 casibus,

502 3452 581 3505 Ad
609 3461 835 3507 mortem
865 3460 922 3506 et
949 3451 1015 3505 ad
1040 3452 1204 3506 vitam
1234 3452 1368 3506 dati.

352 3542 511 3609 Quod
538 3558 605 3596 ne
634 3550 851 3611 putetur
876 3541 1015 3597 forte
1042 3541 1346 3611 permixtim
1369 3542 1387 3575 '
1410 3543 1564 3598 bonis

506 3630 673 3685 Simul
695 3631 952 3685 tributum
979 3631 1066 3685 vel
1092 3629 1268 3693 malis,

229 3730 316 3783 I25
348 3731 579 3787 Constat
601 3732 806 3800 perisse
833 3730 1197 3785 Christianum
1226 3729 1532 3799 neminem‘,

498 3820 561 3875 Et
590 3822 838 3876 interisse
866 3819 1124 3889 perﬁdos.

351 3921 598 3988 Namque
625 3927 718 3974 aut
745 3921 978 3988 maligno
1006 3924 1170 3977 corde
1188 3920 1401 3977 Iudaeus
1423 3923 1584 3993 perit,

499 4009 642 4064 Reus
669 4017 761 4063 aut
789 4011 1006 4079 superbi
1036 4011 1358 4067 schismatis.

350 4101 753 4169 Quemcumque
781 4099 980 4156 Christi
1009 4110 1155 4158 recta
1178 4103 1407 4170 signavit
1436 4102 1582 4168 ﬁdes,

509 4190 661 4246 Hunc
686 4190 796 4244 vita
824 4190 1078 4259 cognovit
1104 4207 1280 4246 suum.

357 4290 562 4344 Tamen
587 4289 735 4343 fuere
758 4288 1074 4344 Christianis
1095 4290 1283 4352 additi,

505 4378 736 4433 Necdum
764 4378 870 4434 hoc
888 4380 1085 4435 sacrati
1114 4380 1349 4445 nomine,

359 4470 508 4537 Quos
535 4470 600 4525 de
625 4470 893 4540 profundo
917 4472 1101 4540 juncta
1130 4472 1363 4526 servavit
1390 4472 1533 4538 fuga,

501 4558 636 4625 Quia
657 4559 975 4615 Christianis
1002 4560 1285 4615 hzeserant.

230 4646 326 4702 155
358 4646 496 4702 Nam
520 4663 642 4702 cum
672 4647 871 4703 infideli
895 4650 1052 4719 plebe
1084 4660 1105 4689 ε
1135 4651 1494 4717 navigantium

506 4738 695 4794 Nullus
724 4739 893 4796 ﬁdelis
917 4755 1125 4795 mersus
1148 4754 1248 4795 εει.

362 4832 436 4889 Ut
460 4832 608 4889 clara
635 4832 813 4901 magni
840 4832 1040 4887 veritas
1067 4832 1307 4902 mysterii

501 4923 746 4979 Ostendit
774 4923 826 4979 in
853 4923 1039 4995 paucis
1066 4922 1225 4987 Deus,

363 5014 518 5081 Quod
545 5015 652 5070 line
677 5014 861 5070 mundi
887 5013 1184 5070 dividendis
1210 5012 1460 5081 gentibus

234 5101 326 5156 140
412 5136 417 5141 ι
502 5105 795 5160 Discrimen
825 5103 878 5159 in
906 5110 1127 5159 cunctos
1153 5103 1284 5168 erit,

297 5244 322 5271 ³
360 5235 493 5292 Vide
523 5245 635 5292 not.
657 5236 785 5290 968.

295 5304 321 5340 δ
361 5304 418 5375 Id
442 5315 523 5361 est
550 5324 784 5375 quercus.

299 5384 321 5444 οξ
362 5370 420 5444 Id
446 5384 528 5428 est
552 5370 781 5429 nurnero.
808 5375 935 5431 Vide
962 5392 1013 5430 ν.
1046 5376 1134 5442 74,
1163 5382 1219 5432 et
1245 5390 1414 5432 carm.
1440 5375 1527 5444 10,
1552 5391 1604 5430 v.
1631 5374 1719 5428 71.

296 5438 323 5475 ἀ
364 5442 529 5525 Apoc.
559 5460 651 5504 vu,
680 5444 716 5496 2
742 5445 875 5506 et.5.

301 5518 325 5545 ο
365 5510 496 5565 Vide
524 5521 635 5567 not.
668 5512 790 5566 269.

306 5578 323 5615 ί
350 5577 481 5634 Vide
508 5590 615 5635 not.
640 5582 765 5635 ⁴«1⁸10.

298 5647 380 5715 (a)
405 5647 498 5701 Ms.
527 5649 721 5719 Regius
742 5651 909 5706 codex
936 5669 1056 5709 cum
1086 5652 1242 5709 editis
1267 5653 1522 5722 quinque,
1554 5650 1770 5705 nubibus

474 5745 739 5805 ΡΑτιοι.
786 5746 953 5811 LXI.

218 1072 287 1128 05

221 1431 319 1488 100

223 2336 317 2394 110

226 3261 316 3315 I20

230 4190 327 4245 I30

1690 236 1921 300 POEMA
1961 245 2137 306 XXIV.

3382 248 3486 307 618

1827 363 1878 419 Δ
2043 363 2178 418 Cum
2205 374 2537 435 praenotatos
2562 382 2658 425 ora
2686 371 2888 430 vexillo
2912 374 3090 431 crucis

2188 452 2462 511 Transibit
2486 457 2631 513 ultor
2648 461 2871 530 angelus
2890 459 2939 515 δ.

2048 541 2140 598 Sic
2168 557 2303 598 nave
2332 545 2386 599 in
2414 546 2503 601 illa
2533 562 2693 604 nemo
2721 550 2883 606 morti
2911 551 3161 620 traditus.

1888 694 1891 699 ί
2189 632 2292 699 Qui
2312 635 2539 692 veritate
2564 639 2841 708 praditus.

1910 719 2017 773 145
2050 720 2247 778 Vixero
2268 722 2440 792 juncti
2465 725 2783 785 Christianis
2812 730 2986 801 impii,

2188 812 2451 870 Vincente
2480 825 2693 873 noctem
2723 819 2943 877 lumine.

2047 899 2182 955 Nam
2209 900 2543 960 Christianos
2564 920 2853 976 aggregare
2876 912 3126 980 mortuis,

2184 993 2395 1049 Virtute
2426 994 2500 1064 (b)
2526 1006 2549 1034 θ
2571 1012 2723 1054 cassa
2744 1015 2891 1055 mors
2919 1000 3038 1056 fuit.

2042 1081 2179 1148 Quia
2206 1080 2383 1139 fronte
2407 1084 2619 1153 signum
2647 1086 2958 1145 Christianis
2977 1093 3172 1148 emicat

2191 1174 2310 1241 Quo
2337 1191 2485 1232 mors
2510 1178 2732 1235 subacta
2758 1182 2981 1237 corruit.

2044 1263 2354 1320 Navarchus
2378 1267 2494 1336 ipse
2521 1269 2741 1339 perditae
2769 1272 3017 1343 princeps
3044 1275 3176 1330 ratis

2184 1351 2537 1412 Pereuntibus
2563 1359 2769 1427 primus
2795 1359 2913 1415 fuit.

2042 1442 2285 1511 Namque
2314 1452 2441 1500 ante
2467 1445 2659 1515 pelago
2687 1462 2848 1517 quam
2876 1452 3080 1520 periret
3108 1448 3415 1522 naufragus,

2180 1526 2299 1587 1am
2326 1542 2508 1592 mente
2534 1538 2966 1608 naufragaverat.

2045 1619 2134 1676 Bis
2159 1636 2367 1678 mersus
2388 1624 2499 1691 ille,
2527 1640 2689 1695 quem
2716 1629 2901 1684 carina
2928 1629 3174 1687 ﬂuctibus

2186 1711 2454 1767 Demersit
2468 1750 2484 1781 ,
2505 1731 2660 1770 error
2687 1716 2892 1776 inferis.

2042 1798 2314 1855 Potuisset
2341 1802 2431 1858 ille
2457 1818 2517 1858 se
2543 1805 2746 1873 periclo
2772 1806 3119 1877 abrumpere,

2184 1890 2537 1963 575-576
2562 1892 2670 1948 Sed
2693 1893 2931 1950 debitum
2960 1898 3121 1952 morti
3140 1907 3305 1968 caput

2039 1976 2266 2050 Captiva
2290 1981 2464 2050 dignis
2488 1998 2640 2038 mens
2660 1985 2807 2039 avari
2828 1986 3055 2043 vinculis

2181 2071 2481 2128 Adstrinxit
2504 2075 2558 2128 in
2582 2073 2743 2131 linem
2770 2076 2961 2144 ligans.

2046 2161 2179 2219 Nam
2207 2178 2276 2219 ne
2301 2173 2575 2234 superstes
2599 2168 2752 2222 navis
2778 2175 2835 2222 et
2858 2169 3053 2225 mercis
3079 2167 3244 2240 foret,

2184 2252 2381 2309 Necem
2402 2254 2558 2309 saluti
2588 2256 2844 2325 praetulit.

2044 2338 2418 2396 Martinianum
2432 2340 2545 2410 jam
2564 2357 2812 2412 supremo
2828 2344 3059 2401 stamine

2181 2432 2541 2502 Mergentibus
2569 2435 2796 2490 mixtum
2823 2436 2954 2491 viris

1904 2521 2009 2581 165
2041 2522 2438 2582 Tumultuantis
2457 2525 2657 2580 excitat
2682 2528 2703 2558 ⁸
2732 2526 2900 2581 turbae
2926 2540 3110 2595 sonus,

2182 2623 2491 2694 Somnoque
2517 2626 2709 2680 mortis
2738 2625 2959 2681 excitat.

2043 2712 2147 2779 Qui
2176 2720 2301 2770 tunc
2322 2720 2531 2769 remoto
2562 2712 2732 2768 fessus
2760 2714 2814 2769 in
2840 2728 3013 2785 prorae
3036 2714 3178 2783 sinu,
3204 2719 3267 2774 α

2180 2803 2415 2860 Securus
2440 2804 2769 2869 innocentia,

2040 2901 2203 2959 Jonas
2223 2911 2282 2958 ut
2308 2903 2437 2958 olim
2467 2910 2653 2957 ventre
2680 2901 2831 2956 navis
2854 2902 3069 2958 abditus

2186 2996 2419 3052 Somnos
2445 2993 2731 3048 anhelabat
2756 3006 2947 3060 graves
2980 2991 3026 3045 ί.

2039 3086 2147 3144 Sed
2173 3086 2438 3141 excitatus
2468 3082 2538 3154 (ο)
2568 3082 2824 3137 luctuosis
2846 3081 3084 3153 undique

2178 3173 2522 3230 Pereuntium
2543 3171 2887 3237 clamoribus,

2040 3266 2376 3334 Pedibusque
2404 3263 2572 3319 turbae
2594 3262 2833 3317 membra
2853 3276 3079 3330 quassus
3105 3263 3309 3328 omnia,

2182 3366 2326 3420 Duro
2351 3362 2512 3418 cubili
2540 3360 2770 3431 prosilit.

1900 3452 2004 3508 175
2039 3454 2311 3524 Plerisque
2340 3452 2531 3508 mersis
2557 3451 2700 3506 intus
2724 3451 2778 3505 in
2800 3452 2951 3507 navis
2980 3459 3155 3519 utero,

2180 3544 2431 3598 Laterum
2453 3556 2549 3612 per
2568 3556 2710 3603 oras,
2733 3554 2840 3608 qua
2862 3541 3057 3607 solent,

2041 3632 2109 3687 Ut
2134 3634 2250 3686 vela
2282 3632 2493 3695 tollant,
2518 3630 2633 3685 sive
2654 3630 2828 3683 contis
2856 3630 3153 3698 subrigant,

2182 3721 2365 3774 Nautae
2392 3717 2625 3787 expediti
2642 3731 2882 3772 currere.

2038 3810 2256 3866 Tabulis
2280 3808 2454 3863 adhuc
2477 3806 2858 3876 supernatabat
2884 3805 3102 3861 extimis

2175 3899 2373 3971 Operta
2394 3899 2545 3953 navis
2570 3898 2806 3967 gurgite;

2040 4004 2190 4060 Viam
2210 4004 2397 4059 salutis
2424 4004 2525 4058 hac
2547 4002 2635 4057 via
2663 4002 2978 4059 rimantibus

2179 4093 2529 4149 Martinianus
2548 4092 2810 4161 jungitur,

2039 4183 2105 4240 Et
2126 4192 2319 4254 agente
2339 4184 2555 4240 Christo
2574 4184 2641 4239 de
2667 4183 2829 4253 globo
2851 4182 3040 4240 mortis
3061 4183 3221 4252 fugax

2181 4275 2376 4331 Comes
2402 4273 2459 4329 fit
2486 4274 2857 4343 evadentibus,

1824 4410 1875 4468 Β
1902 4372 2007 4441 185
2037 4371 2275 4443 Seseque
2301 4372 2441 4426 saltu
2468 4372 2632 4425 mittit
2656 4371 2709 4424 in
2738 4371 2986 4441 cymbam
3013 4370 3220 4440 procul,

2178 4463 2305 4529 Qua:
2325 4461 2569 4531 plurimis
2587 4468 2769 4530 portus
2790 4460 2908 4514 luit.

2040 4553 2103 4607 Et
2126 4568 2263 4624 pene
2286 4551 2444 4605 morti
2467 4549 2749 4604 derelictus
2777 4548 3025 4611 haeserat,

2176 4641 2310 4696 Cum
2339 4640 2507 4695 classe
2533 4637 2850 4704 mergendus
2869 4636 3025 4701 mari,

2038 4734 2146 4789 Nisi
2167 4732 2413 4787 Christus
2435 4731 2579 4784 illum
2608 4743 2707 4784 ceu
2734 4742 2894 4781 manu
2915 4739 3167 4796 prensum
3195 4739 3291 4781 sua

2180 4812 2466 4893 Rapuisset
2489 4836 2520 4875 e
2550 4818 2737 4873 mortis
2764 4817 2902 4872 lacu.

2043 4914 2193 4972 Sicut
2220 4913 2449 4968 recussis
2471 4910 2601 4980 fugit
2629 4908 2756 4963 olim
2778 4906 3018 4962 vestibus

2176 5002 2374 5072 Joseph
2395 5000 2656 5056 furentem
2684 4996 2955 5060 feminam,

2042 5094 2132 5150 Sic
2154 5093 2259 5157 hic,
2290 5090 2489 5145 relictis
2509 5086 2774 5153 omnibus,
2806 5084 2995 5150 nudus,
3018 5083 3143 5154 fuga

1908 1168 2013 1229 150

1827 1705 2007 1766 8155

1904 2067 2008 2124 160

1824 3063 1872 3127 c
1904 2993 2007 3053 170

1899 3901 2001 3957 180

1898 4824 2001 4881 190

1975 5232 2050 5304 (b)
2079 5230 2174 5304 Ms.
2200 5226 2372 5304 codex
2397 5224 2595 5304 Regius
2622 5229 2685 5304 et
2701 5219 2995 5304 ed‘.n§chot.
3021 5218 3076 5274 in
3102 5231 3296 5287 marg.,
3322 5213 3465 5275 Mors

1902 5288 2051 5357 casse
2069 5299 2267 5371 uirtutis
2299 5297 2412 5371 fuit.
2436 5288 2569 5371 Vide
2600 5298 2713 5345 not.
2974 5356 3007 5371 ἢ
3046 5356 3061 5371 1
3123 5364 3134 5371 Δ
3194 5354 3205 5371 μ

1972 5356 2045 5440 (ε)
2071 5370 2146 5423 Ita
2168 5356 2571 5440 eniendavimus
2598 5376 2667 5440 ex
2713 5360 2949 5440 editione
2974 5356 3159 5440 Schot.
3193 5356 3252 5440 iln.
3286 5366 3463 5440 marg.

1899 5422 2152 5495 monente
2178 5435 2477 5508 Heinsioin
2503 5434 2645 5508 notis
2673 5430 2740 5508 ad
2768 5427 3134 5508 [rudentium
3165 5424 3253 5508 ubi
3278 5422 3465 5508 eodem

1898 5524 2057 5565 sensu
2086 5508 2308 5576 ejulatus
2328 5504 2536 5576 ﬂebiles.
2562 5500 2652 5556 Sic
2678 5507 2735 5553 et
2780 5497 3029 5553 Paulinus
3072 5503 3254 5550 noster
3295 5504 3461 5543 carm.

1902 5579 1989 5646 14,
2012 5595 2062 5632 v.
2086 5573 2171 5641 "2'6,
2201 5576 2333 5627 tristi
2354 5573 2579 5629 clamore

3113 5705 3187 5760 20
