2003 3091
266 148 317 176 M9

406 198 495 227 Evasit
509 196 617 225 inﬁdam
630 201 716 223 ratem
731 200 754 222 -.

218 243 221 246 ’
266 246 316 273 195
334 245 367 273 Ει
375 245 446 273 sicut
458 243 523 271 olim
535 242 609 277 jussa
618 240 714 269 Ionam
723 240 803 269 obvio

405 288 519 323 Excepit
530 295 577 315 ore
589 286 690 320 bellua,

336 334 370 362 Et
382 334 469 362 hiulca
483 334 537 361 late
551 331 680 360 lubricum
689 338 738 366 per
751 334 856 364 guttura
866 351 875 363 ,

407 377 563 406 Transmisit
577 376 604 403 in
618 380 741 403 ventrem
753 382 841 406 suum,
894 386 899 390 -

337 422 472 451 Incolume
485 428 582 456 corpus
596 420 678 448 dente
692 426 820 454 suspenso
834 426 943 450 vorans,

404 468 439 495 Et
448 474 527 503 quem
541 465 654 494 vorahat
663 472 717 492 non
731 464 815 492 edens
828 463 841 482 ιι
854 472 862 490 :

336 514 382 542 Sic
390 514 463 541 hunc
476 512 509 539 ab
519 511 573 538 alta
588 518 655 538 nave
666 510 693 536 in
707 503 791 536 undas
805 515 933 536 cemuum

406 555 529 592 Suscepit
543 562 686 584 occurrens
698 555 808 589 scapha,

335 602 459 638 Tutoque
473 603 511 638 (α)
525 601 598 629 vexit
608 600 659 627 ﬁda
669 607 717 634 per
726 603 833 627 noctem
844 598 915 631 sinu,

407 647 499 674 Donec
511 645 625 673 referret
634 644 734 679 portui.

266 690 320 718 205
336 690 391 720 Sed
399 691 534 719 mentione
547 689 636 724 magni
646 688 715 716 vatis
727 688 808 720 edita,

423 736 454 764 ln
467 743 521 771 quo
534 736 572 771 pii
586 734 705 770 mysterii

337 781 428 817 Imago
439 785 554 809 mortem
565 779 680 808 triduani
695 778 795 806 funeris

408 827 509 855 Reduci
518 827 604 854 salute
613 825 739 861 praetulit.

338 872 434 901 Paucis
447 872 548 900 reﬂexo
558 871 684 900 carminis
693 869 806 903 vestigio

409 918 558 946 Recurrere
569 917 604 944 ad
615 916 711 944 Jonarn
726 916 791 944 libet
802 921 826 942 ε.

260 468 312 497 200

269 919 321 947 210

338 963 513 1000 577-578
537 962 695 991 Commenta
718 961 824 989 Domini
846 961 913 990 mira
931 971 937 988 :
952 966 1058 988 mersus

938 1008 1057 1044 [mquore

393 1059 395 1061 '
406 1053 524 1082 intactus
533 1053 612 1081 undis
620 1053 740 1081 ﬂuctuat.

339 1098 411 1127 Vivit
422 1103 544 1131 voratus,
557 1099 656 1133 quique
666 1098 771 1132 giutivit
780 1102 870 1125 manet

409 1144 521 1171 Vivente
528 1143 636 1178 jejunus
648 1143 719 1171 cibo.

266 1187 324 1216 215
339 1187 373 1216 Et
381 1189 471 1225 praeda
485 1196 545 1217 cum
555 1189 599 1222 sit,
615 1196 677 1216 esca
691 1195 745 1215 non
760 1191 802 1216 est
812 1186 918 1219 bellum,

409 1233 548 1268 Domoque
558 1233 659 1260 Ventris
671 1233 764 1260 utitur.

339 1276 363 1306 0
375 1277 455 1312 digna
468 1281 562 1305 sancto
576 1277 692 1305 claustra
707 1276 817 1311 fugitivo
828 1276 889 1304 Dei!

406 1321 519 1357 Capitur
528 1322 605 1355 mari,
620 1329 675 1356 quo
685 1321 798 1356 fugerat,

339 1367 482 1402 Altnmque
491 1371 574 1395 vastae
583 1367 680 1394 missus
691 1367 718 1394 in
730 1372 852 1395 ventrem
865 1366 937 1401 ferae,

409 1412 476 1440 Vivo
488 1416 593 1440 tenetur
602 1419 721 1439 carcere.

339 1458 378 1486 De
390 1465 459 1485 nave
469 1458 557 1492 jactus
567 1457 645 1492 perit,
661 1460 689 1484 et
703 1457 780 1484 undis
790 1457 906 1492 navigat,

403 1501 492 1530 Exsul
506 1501 565 1533 soli,
579 1505 609 1529 et
619 1501 717 1536 hospes
727 1501 793 1534 sali;

334 1549 475 1585 Spatiatur
484 1551 565 1576 antro
576 1547 686 1575 belluini
696 1547 818 1582 corporis

409 1593 545 1628 Captivus,
560 1596 588 1619 et
597 1592 666 1619 liber
675 1599 748 1619 reus.

266 1412 322 1441 aso

270 1637 322 1665 1‘25
338 1637 405 1666 Nam
420 1638 489 1665 liber
501 1637 590 1670 undis,
601 1637 671 1664 intra
684 1644 759 1664 mare
767 1636 806 1672 (ὁ)
816 1640 844 1664 et
853 1641 930 1664 exter
938 1636 1020 1665 maris
1030 1635 1056 1671 ἀ,

408 1682 489 1709 Natat
503 1682 531 1709 in
544 1685 655 1709 natante
668 1682 767 1714 bellua,

338 1727 504 1763 Claususque
514 1734 676 1762 quamquam
688 1734 804 1762 corpore
817 1728 873 1755 exit
886 1727 922 1755 ad
936 1728 1021 1756 Deum

409 1773 510 1801 Volans
523 1772 654 1807 propheta
667 1772 772 1807 spiritu.

340 1816 444 1853 Corpus
457 1821 566 1845 tenetur
575 1824 700 1852 corpore,
711 1821 740 1844 at
753 1817 850 1845 mentis
860 1816 949 1852 fugam

410 1861 528 1890 Terrena
538 1862 627 1889 vincla
643 1870 697 1889 non
708 1866 809 1889 tenent.

338 1906 458 1934 Inclusus
468 1907 529 1934 alvo
543 1914 677 1934 carcerem
691 1906 792 1942 rumpit
805 1914 895 1943 prece,

409 1952 546 1987 Auresque
559 1952 685 1987 pertingit
699 1951 762 1985 Dei;

338 1995 460 2025 Orationi
470 1997 547 2031 liber,
562 2001 590 2024 et
600 1998 704 2025 vinctus
716 1997 785 2032 fuga:

408 2042 474 2069 Fide
483 2050 530 2069 sua
543 2049 601 2069 sese
611 2042 709 2076 arguit.

269 2087 322 2116 255
340 2087 406 2116 Nam
415 2088 461 2122 qui
472 2091 578 2122 putarat
589 2095 637 2122 per
646 2095 721 2115 mare
734 2088 811 2116 evadi
822 2088 915 2123 Deum,

408 2133 441 2160 Et
454 2141 523 2160 nave
537 2133 619 2160 celari
631 2133 698 2166 Deo,

337 2178 412 2206 Nunc
424 2178 474 2206 iste
488 2182 515 2205 et
524 2178 593 2205 intra
608 2178 723 2206 belluam
734 2187 850 2207 mersam
863 2181 930 2208 mari

409 2222 510 2250 Adesse
524 2223 616 2250 credat
627 2223 767 2250 arbitrum.

338 2268 397 2296 Jam
411 2276 455 2296 me
465 2268 564 2296 referre
578 2268 673 2296 ﬂexilis
686 2269 760 2296 verbi
774 2269 868 2304 pedem

424 2311 536 2348 Oportet
546 2312 580 2339 ad
588 2312 684 2340 Jonam
694 2320 794 2345 meum,

340 2358 425 2391 Quem
439 2365 515 2385 more
525 2358 577 2385 ceti
587 2358 682 2393 cymba
697 2358 814 2392 suscepit
823 2365 919 2393 capax,

407 2402 543 2438 Uteroque
554 2404 710 2430 conclusum
719 2411 770 2431 suo

341 2448 419 2476 Vexit
429 2451 588 2476 trementem
597 2448 694 2482 frigore
704 2452 731 2476 et
741 2447 890 2482 formidine,

408 2494 569 2529 Salvumque
583 2498 661 2522 terra:
675 2495 798 2524 reddidit.

269 1861 321 1889 250

271 2312 321 2340 2w

304 2601 317 2615 ι
330 2596 399 2624 Gen.
410 2604 501 2629 xxxix,
518 2596 560 2624 12.

302 2630 317 2651 δ
327 2630 387 2658 Jon.
400 2639 429 2665 11,
446 2631 472 2657 l.

305 2671 316 2685 ε
330 2665 424 2693 Matth.
441 2674 486 2698 xu,
501 2665 546 2692 40.

303 2699 316 2720 ἀ
328 2699 393 2728 Vide
408 2705 462 2727 not.
479 2700 540 2726 27L

304 2740 316 2755 ⁸
332 2734 398 2770 Vide
411 2743 454 2770 ep.
468 2734 512 2770 30,
524 2743 552 2770 ιι.
570 2733 596 2762 5.

305 2772 316 2789 ί
331 2768 399 2798 Vide
413 2768 470 2797 not.
482 2769 544 2797 56L

304 2804 341 2840 (α)
352 2804 397 2833 Sic
411 2805 610 2833 emendavimus
620 2812 679 2833 cum
688 2803 714 2833 J.
731 2804 758 2833 F.
770 2804 905 2834 Gronovio
920 2805 946 2833 in
960 2805 1053 2834 Obser-

268 2844 323 2867 vat.
347 2840 508 2875 ecclesiast.,
530 2841 619 2874 0.10;
647 2840 712 2869 satis
725 2841 797 2870 enim
817 2840 944 2875 liquidum
964 2841 1050 2869 estita

739 142 767 168 S.
787 140 922 168 PAULINI
941 139 1065 169 NOLANI
1080 138 1231 167 EPISCOPI
1251 137 1420 166 POEMATA.

1067 196 1090 224 A
1104 191 1155 220 245
1173 192 1269 219 Mirum
1282 195 1414 224 renarrat,
1429 197 1460 218 se
1472 197 1522 226 per
1531 190 1595 218 illud
1609 189 1746 225 temporis

1241 236 1307 265 Cum
1318 244 1407 271 puppe
1417 243 1538 271 praeceps
1547 235 1631 263 ardua

1172 282 1278 311 Saliens
1287 282 1315 308 in
1324 281 1397 308 illam
1411 281 1557 308 decidisset
1565 279 1705 307 nauculam

1243 326 1336 361 quue
1349 326 1468 354 venisset
1476 326 1541 360 loci,

1171 371 1231 405 Quo
1241 371 1336 406 cymba
1350 372 1360 387 '
1374 370 1484 398 multam
1497 370 1612 397 duxerat
1621 369 1694 396 rimis
1706 375 1804 402 aquam

1241 416 1336 444 Olente
1346 416 1460 444 sentina:
1473 416 1546 450 lacu,

1173 463 1270 491 Statim
1284 462 1392 490 fovente
1401 462 1513 496 frigidos
1523 465 1598 488 artus
1612 460 1679 492 Deo,

1243 507 1341 541 Quiete
1356 508 1474 542 sopitum
1488 514 1574 535 sacra.

1180 555 1339 590 Nudumque
1352 559 1381 582 et
1393 555 1485 586 udum,
1501 554 1592 588 fugere
1608 560 1667 588 qua:
1690 558 1801 580 somnus
1814 549 1884 581 solet.

1245 600 1380 628 Donnisse
1394 600 1415 615 ¹⁰
1428 599 1499 626 lecto
1514 598 1629 625 mollius.

1104 644 1156 673 255
1173 644 1320 681 Spatioque
1335 648 1391 671 toto
1405 650 1460 678 quo
1469 643 1570 670 relatus
1582 642 1665 669 littori
1675 645 1728 675 est,

1244 689 1345 717 Somno
1355 689 1436 716 fuisse
1445 689 1575 720 deditum,

1177 735 1232 763 Nec
1246 742 1315 769 aqua
1327 734 1474 762 excitatum
1488 741 1540 768 qua
1554 732 1687 763 madebat,
1703 739 1754 759 nec
1763 731 1824 766 gelu

1244 781 1322 815 Quod
1334 781 1454 808 nuditate
1465 783 1601 807 traxerat:

1180 826 1252 855 Licet
1265 830 1336 854 esset
1349 825 1413 853 anni
1427 829 1533 859 tempus
1543 828 1688 851 autumnus
1703 826 1808 858 tepens,

1069 867 1094 899 Β
1106 872 1157 901 260
1245 871 1299 899 Sed
1312 870 1449 904 naufragis
1462 869 1550 896 hiems
1560 873 1631 902 erat,

1176 917 1251 951 Quos
1260 916 1428 952 perditorum
1439 915 1505 942 dura
1519 914 1617 942 damna
1632 914 1792 948 tegminum,

1247 961 1409 996 Gelidusque
1419 961 1563 996 quassabat
1573 963 1682 987 tremor.

1177 1007 1256 1035 Aliud
1266 1006 1436 1041 stupendum,
1450 1012 1505 1039 quo
1518 1004 1621 1032 fidelem
1633 1003 1750 1039 gratiam

1248 1052 1399 1079 Martiniani
1413 1051 1534 1084 colligas,

1107 1096 1159 1124 265
1177 1096 1276 1124 Dilecte
1290 1096 1381 1128 frater,
1399 1095 1501 1129 accipe,
1512 1099 1539 1121 et
1554 1093 1632 1121 lauda
1646 1093 1744 1127 Deum,

1246 1142 1427 1175 Sanctumque
1441 1141 1549 1167 fratrem
1563 1140 1729 1175 amplectere
1742 1148 1749 1165 :

1179 1187 1214 1216 Ut
1227 1187 1398 1215 adlabentem
1413 1186 1502 1222 portui
1517 1186 1601 1213 sensit
1610 1190 1708 1217 ratem,

1146 1226 1150 1230 ’
1244 1232 1383 1260 Stridente
1398 1239 1481 1259 arena
1495 1231 1602 1263 littoris,

1179 1277 1301 1304 Abeunte
1312 1284 1407 1304 somno
1422 1276 1452 1303 fit
1465 1277 1505 1303 sui
1519 1276 1626 1303 tandem
1641 1283 1759 1311 memor,

1248 1322 1406 1357 Recipitqne
1419 1329 1488 1354 sese,
1504 1323 1540 1355 (ε)
1554 1322 1719 1356 expergitur,

1179 1367 1358 1403 579—580
1383 1367 1417 1393 Et
1443 1367 1596 1401 adjacentes
1616 1367 1720 1402 pectori
1742 1366 1823 1401 tangit
1839 1371 1883 1392 me

1249 1411 1381 1447 Epistolas
1394 1412 1526 1446 Apostoli.

1179 1457 1256 1486 Hunc
1268 1458 1294 1485 in
1305 1465 1405 1493 pavore
1417 1457 1547 1489 codicem,
1560 1456 1608 1484 sed
1621 1456 1758 1490 nesciens,

1249 1502 1339 1530 Rebus
1349 1502 1449 1529 relictis
1462 1505 1604 1529 sumserat.

1068 1543 1092 1576 c
1108 1547 1161 1575 275
1179 1547 1229 1575 Vel
1240 1547 1285 1575 ille
1298 1547 1384 1575 codex
1394 1547 1489 1582 spiritu
1502 1547 1594 1575 vivens
1607 1554 1685 1574 sacro

1211 1626 1214 1630 ,
1246 1593 1305 1621 Non
1319 1594 1446 1621 sentienti
1458 1593 1615 1620 adhaeserat.

1177 1638 1282 1671 Metire,
1295 1646 1397 1673 quaeso,
1411 1638 1471 1673 quis
1485 1638 1536 1665 nisi
1549 1636 1672 1665 Christus
1685 1645 1738 1665 suo

1248 1683 1327 1710 Dedit
1339 1683 1411 1710 hunc
1421 1683 1543 1710 ministro
1554 1682 1694 1717 praesulem
1705 1683 1718 1709 ?

1178 1728 1305 1756 Testatur
1315 1729 1366 1756 iste
1377 1736 1427 1756 nec
1441 1728 1585 1762 cogitatum
1598 1729 1649 1756 sibi

1247 1775 1295 1803 Illo
1304 1775 1397 1810 pericli
1411 1780 1544 1811 tempore,

1179 1820 1214 1849 Ut
1227 1821 1392 1855 implicatam
1405 1821 1517 1848 sarcinis
1532 1819 1747 1848 membranulam

1249 1865 1414 1893 Meminisset
1426 1865 1499 1892 illinc
1510 1865 1615 1892 tollere.

1177 1911 1256 1945 Quod
1269 1912 1291 1939 si
1304 1912 1419 1939 subisset
1431 1912 1458 1938 in
1473 1915 1546 1938 metu
1560 1915 1677 1938 mentem
1691 1919 1779 1943 suam.

1247 1958 1306 1985 Non
1320 1961 1347 1984 et
1360 1961 1482 1985 vacasset
1496 1965 1626 1991 quatrcre.

1107 2002 1160 2029 285
1177 2001 1230 2030 Sed
1242 2002 1270 2029 in
1281 2009 1389 2029 suarum
1404 2002 1552 2029 litterarum
1571 2009 1684 2036 corpore

1250 2046 1347 2074 Paulus
1360 2047 1487 2080 magister
1503 2052 1515 2065 ε
1529 2045 1628 2077 adfuit,

1177 2090 1331 2125 Amansque
1344 2099 1411 2126 puro
1426 2091 1508 2118 corde
1522 2091 1650 2118 lectorem
1663 2091 1705 2118 sui

1248 2137 1286 2164 De
1300 2137 1395 2164 mortis
1409 2136 1519 2164 abduxit
1532 2145 1612 2163 manu
1629 2146 1635 2162 ε

1177 2183 1275 2211 lterum
1288 2183 1444 2210 eximendos
1461 2191 1476 2209 e
1491 2182 1572 2209 maris
1583 2182 1664 2210 fundo
1678 2182 1752 2209 viros

1248 2228 1369 2262 Largitus
1381 2233 1421 2255 est
1436 2228 1518 2254 Paulo
1534 2227 1613 2255 Deus.

1176 2274 1241 2308 Quae
1255 2275 1390 2307 quondam
1405 2274 1429 2300 in
1447 2274 1504 2307 ipso
1517 2273 1657 2307 navigante
1667 2272 1797 2308 Apostolo

1248 2319 1308 2346 Fuit
1323 2324 1442 2353 potestas
1456 2319 1559 2352 gratiae,

1176 2364 1238 2392 Haec
1252 2372 1322 2391 nunc
1334 2371 1382 2398 per
1396 2363 1453 2397 ejus
1467 2363 1611 2398 suffragata
1624 2362 1634 2382 ί
1649 2362 1752 2390 litteras

1246 2409 1412 2440 Martiniano,
1429 2412 1455 2434 ct
1469 2408 1576 2442 ceteris,

1106 2454 1159 2482 995
1177 2454 1228 2488 Qui
1240 2454 1398 2482 Christianis
1409 2457 1470 2480 tunc
1482 2453 1649 2480 cohaeserunt
1661 2451 1732 2486 fuga,

1246 2499 1392 2526 Discrimen
1406 2505 1422 2525 a
1436 2497 1589 2524 discrimine

1103 417 1155 444 250

1107 1322 1159 1350 ΞἏ)

1107 1775 1159 1803 280

1067 2224 1157 2256 D290

1106 2598 1244 2633 scripsisse
1269 2596 1418 2633 Paulinum.
1429 2594 1506 2633 _Vide
1519 2595 1597 2633 epist.
1618 2594 1644 2633 ἦ,
1660 2602 1686 2633 n.
1698 2594 1725 2633 ρ,
1738 2598 1794 2633 tuto
1802 2593 1879 2627 acip!

1107 2628 1180 2664 sine;
1191 2636 1219 2659 et
1231 2639 1274 2666 ep.
1291 2630 1325 2657 l6
1335 2630 1369 2657 ad
1378 2629 1493 2661 Iovium,
1505 2628 1572 2662 n.1,
1587 2630 1720 2656 tutissimi;
1732 2628 1829 2655 sinibus
1840 2634 1881 2653 αι

1104 2671 1214 2694 ceperat.

1131 2676 1347 2738 maxddidimus
1360 2702 1385 2724 et
1399 2705 1435 2738 ex_
1446 2697 1564 2725 editione
1587 2697 1681 2738 Schutz
1693 2701 1734 2738 'ut
1753 2698 1880 2738 constaret

1104 2731 1206 2764 versus.
1232 2741 1259 2762 et
1278 2735 1314 2762 ita
1341 2733 1483 2767 legendum
1502 2736 1595 2760 monet
1608 2732 1742 2759 Barthius.
1756 2731 1814 2758 Vid.
1829 2734 1878 2757 nol.

1103 2771 1165 2797 271.
1182 2770 1257 2797 Vide.
1269 2778 1295 2796 v.
1308 2769 1352 2796 54.

1140 2806 1177 2840 (ε)
1191 2805 1229 2831 lta
1241 2804 1411 2833 emendatum
1425 2810 1458 2831 ex
1472 2810 1523 2830 ms.
1537 2801 1630 2830 codice
1644 2801 1737 2837 Regio.
1753 2800 1820 2827 Ante
1830 2801 1879 2826 erat

1103 2840 1258 2874 expergitus.
