3990 6182
189 329 276 384 621

308 432 498 488 Tutum
524 433 750 502 paravit,
774 440 833 488 ut
860 431 1045 490 ﬁdeles
1071 434 1247 506 impiis

443 523 847 579 Discrimiuarat
869 524 1183 593 naufragos.

305 614 444 683 Ergo
466 622 525 668 ut
549 613 768 667 biremis
788 613 1053 682 applicata
1077 614 1245 669 littori

174 705 267 763 300
442 703 702 774 Exposuit
727 704 1012 759 humentes
1039 705 1204 770 viros,

304 794 475 849 Vitam
506 802 770 858 tenentes,
795 800 849 848 et
874 795 1210 863 requirentes
1233 797 1416 863 simul,

435 881 604 952 Opem
624 885 786 938 saluti
814 882 1073 952 ﬂagitant,

302 968 379 1025 Ne
397 971 606 1026 saeviori
626 971 873 1026 ﬂuctibus
902 981 1059 1027 terra:
1086 973 1198 1028 dati

436 1059 570 1128 Algu
594 1061 835 1129 perirent
869 1070 925 1115 et
949 1061 1112 1118 fame.

175 1145 268 1202 305
298 1145 404 1202 Sed
439 1157 658 1217 propter
688 1157 713 1185 ει
743 1149 867 1203 inde
893 1151 1067 1218 posita
1095 1151 1368 1208 Gallorum
1396 1153 1515 1208 solo

433 1236 666 1290 Massilia
681 1236 902 1304 Grajum
927 1237 1031 1291 lilia
1042 1279 1056 1301 ,

297 1326 521 1382 Alumna
549 1335 748 1380 sancta:
770 1327 961 1381 civitas
991 1327 1272 1393 Ecclesiae,

432 1413 711 1470 Pandebat
726 1415 992 1470 humanos
1015 1416 1184 1472 sinus.

299 1502 493 1561 Urbem
520 1505 660 1560 hanc
686 1514 933 1575 petentes
962 1505 1040 1578 (ιι)
1085 1509 1326 1578 naufragi
1363 1524 1546 1566 casum
1592 1512 1729 1567 indi-

1485 1602 1655 1672 (cant.

169 1675 264 1741 3l0
430 1685 514 1740 Ali
544 1686 762 1757 tegique
790 1687 1084 1756 postulant.

297 1777 666 1834 Martinianum
693 1779 915 1849 suscipit
940 1779 1246 1835 fraternitas
1274 1779 1302 1819 δ
1319 1821 1332 1845 ,

427 1869 700 1938 Tectoque
723 1869 930 1938 apricat
957 1878 1012 1923 et
1034 1870 1175 1924 cibo.

296 1958 397 2015 Sed
415 1961 635 2028 copiosa
661 1960 886 2014 caritate
911 1974 1174 2028 pauperes

425 2046 630 2116 Stipem
660 2048 907 2116 pusillam
933 2047 1292 2102 commodant.

168 2133 264 2188 5l5
293 2132 491 2205 Exigua
516 2146 537 2174 ε
571 2136 752 2205 largus
782 2137 822 2168 “
844 2144 1036 2205 pensat
1056 2135 1279 2191 allectus
1305 2136 1425 2190 data
1462 2153 1472 2187 :

426 2228 640 2282 Orando
651 2228 825 2282 ditant
840 2228 1104 2297 hospitem
1113 2269 1128 2295 ,

294 2319 357 2375 Et
382 2321 606 2390 spiritali
625 2319 843 2375 divitem
864 2320 1059 2374 viatico

423 2409 557 2464 Cum
579 2423 713 2480 pace
732 2408 1005 2463 dimittunt
1029 2423 1144 2462 sua.

292 2495 480 2566 Caligis
507 2506 686 2552 tamen
715 2500 817 2552 iste
849 2496 1042 2551 vilibus
1070 2496 1296 2552 donatus
1319 2505 1434 2559 est,

166 2572 259 2640 3ἓο
426 2587 502 2641 Ne
527 2587 743 2641 nautico
771 2594 977 2640 erraret
1000 2586 1158 2655 pede,

291 2672 386 2741 Qui
410 2675 686 2730 maluisset
703 2673 979 2729 confoveri
997 2674 1284 2730 excalceus
1314 2676 1376 2741 ",

421 2762 591 2829 Quam
620 2763 846 2819 calceari
877 2763 1116 2831 frigidus.

287 2852 387 2909 Sed
414 2855 492 2909 ire
516 2862 681 2922 terra,
702 2855 996 2924 quamlibet
1017 2869 1206 2924 passus
1232 2869 1381 2910 mare
1409 2895 1426 2922 ,

415 2945 552 3000 Nudi
580 2944 786 3012 pudore
811 2946 1045 3014 respuit,

161 3034 250 3090 515
283 3035 547 3108 Reputans
567 3045 621 3090 et
639 3035 792 3100 illud,
823 3050 888 3088 ne
919 3044 1195 3103 putaretur
1224 3035 1356 3091 lucri

418 3127 617 3180 Amore
644 3124 843 3178 nudum
872 3123 1087 3192 ﬁngere,

278 3215 331 3271 Si
351 3226 499 3270 veste
522 3213 732 3269 Teucer
751 3228 960 3283 pannea
982 3214 1302 3283 pervaderet

413 3304 665 3367 Castella,
697 3303 868 3367 vicos,
891 3302 1108 3373 oppida,

278 3398 431 3468 εει
475 3427 500 3438 -
522 3396 682 3467 532
722 3394 911 3461 Qualia
938 3396 1120 3465 vagari
1160 3409 1258 3465 per
1277 3410 1424 3450 mare
1449 3405 1505 3450 et
1540 3405 1711 3453 terras

1430 3487 1448 3559 [
1461 3488 1637 3543 solent

162 3553 252 3616 530
407 3574 584 3629 Avara
611 3574 984 3631 mendicabula
1015 3575 1064 3639 δ,

271 3660 367 3728 Qui
391 3663 704 3732 dejerando,
730 3666 1026 3720 monachos
1045 3680 1105 3720 se
1130 3665 1216 3720 vel
1242 3665 1529 3736 naufragos
1549 3706 1563 3731 ,

407 3753 612 3808 Nomen
644 3763 668 3792 ο
699 3769 988 3823 casumque
1012 3755 1312 3811 venditant.

265 3842 456 3896 Verum
478 3844 577 3898 iste
601 3853 784 3899 noster
808 3845 1138 3901 Christianus
1155 3889 1170 3916 ,
1195 3849 1490 3916 quamlibet

405 3940 474 3994 Et
503 3939 785 4009 naufragus
812 3957 938 3996 vere
961 3943 1120 4004 foret,

149 4025 235 4078 555
265 4027 461 4083 Similis
485 4030 662 4098 putari
692 4046 998 4099 praecavens
1027 4032 1337 4089 fallentibus
1361 4076 1376 4099 ,

410 4118 664 4187 Aliosque
686 4120 793 4173 falli
823 4136 926 4175 non
947 4122 1163 4186 volens,

263 4204 375 4259 Non
407 4206 520 4258 vult
546 4206 767 4261 viatoris
790 4209 908 4263 sine
937 4224 996 4262 re
1024 4225 1220 4265 nomen
1250 4226 1448 4266 novum

417 4293 676 4362 Aoquirat
695 4296 957 4365 impostor
977 4298 1078 4352 sibi
1108 4317 1121 4362 ;

261 4388 565 4460 Mavultque
586 4393 709 4447 vita:
738 4393 878 4449 ferre
902 4394 1103 4463 jactum
1137 4396 1152 4434 ί
1181 4399 1440 4469 navigans
1465 4443 1477 4463 ,

143 4484 228 4541 3‘0
395 4487 565 4554 Quam
590 4489 780 4546 frontis
805 4500 991 4546 aestum
1022 4494 1377 4553 inambulans.

263 4587 442 4642 Panno
468 4603 596 4656 ergo
623 4591 867 4657 sordens,
890 4592 1254 4651 calceamento
1284 4597 1487 4663 nitens,

396 4679 634 4734 Fluitare
660 4695 845 4735 rursus
867 4682 1053 4751 eligit,

256 4765 576 4837 Repetitque
600 4768 675 4840 (ιι)
705 4779 888 4838 portus
912 4810 927 4835 ,
955 4781 1010 4827 et
1033 4783 1058 4820 8
1090 4782 1245 4830 terra:
1274 4783 1390 4830 tuto
1420 4779 1517 4829 vim

398 4859 677 4913 Prtevertit
706 4858 732 4896 ιλ
765 4861 992 4915 intutum
1023 4864 1186 4916 maris
1213 4882 1226 4928 ;

144 4940 226 4996 3l5
258 4945 323 5001 Ut
350 4964 485 5003 nave
511 4957 685 5004 tectus
707 4966 877 5019 usque
905 4953 1014 5005 voti
1045 4953 1220 5007 littora
1246 4993 1260 5016 ,

381 5035 538 5090 Velut
565 5039 848 5106 expeditus
877 5040 1076 5106 navita,

197 5211 219 5279 ξ
246 5204 399 5279 [dest
419 5227 597 5279 prope.

194 5271 218 5311 δ
239 5271 699 5350 salsamentis:
726 5287 840 5337 not.
864 5281 989 5336 27s.

200 5351 219 5380 ε
241 5343 499 5402 Ἥόθήοι.
534 5349 659 5402 9.75.

193 5411 216 5446 ά
240 5413 364 5470 Vide
391 5425 504 5471 not.
542 5418 667 5472 274.

197 5489 216 5556 ξ
237 5481 462 5556 Licentia
496 5490 726 5556 poetica.

199 5547 215 5586 ί
239 5551 289 5625 l_d
309 5564 387 5608 est
406 5547 691 5625 jacturam.

195 5621 635 5696 fﬁorte'ljcentia
665 5629 895 5696 poetica.

195 5686 214 5722 ¹¹
234 5689 286 5743 Id
309 5702 387 5747 est
417 5686 831 5752 Prtetulit.'Vide
860 5714 944 5767 ep.
979 5699 1073 5766 45,
1111 5716 1163 5753 n.
1192 5699 1277 5754 ιρι

1580 319 1806 387 ροΕΜΑ
1844 329 2027 390 Χχιν.

1755 449 1808 505 Α
1975 443 2049 496 De
2080 442 2332 497 nuditatis
2361 442 2588 500 nauticaa
2608 447 2885 502 consortio

1726 4481 1775 4544 D

2126 532 2260 586 Nudi
2283 532 2542 603 pudorem
2567 537 2838 591 evaderet.

1984 618 2190 674 Favens
2219 621 2358 676 fideli
2387 639 2484 678 rex
2513 623 2653 680 Deus
2680 628 3026 692 constantiae,

1841 703 1946 759 550
2123 705 2472 778 Prosequitur
2501 712 2758 767 audacem
2788 711 2967 779 fidem,

1982 794 2244 865 Vicesque
2270 808 2506 866 mutans,
2537 802 2670 858 dura
2693 806 3100 862 succedentibus

2120 883 2355 940 Adversa
2381 899 2571 956 pensat
2589 897 2859 962 prosperis
2875 935 2889 956 ,

1977 967 2270 1040 Solidoque
2300 990 2490 1030 navem
2513 982 2820 1048 paginatam
2859 985 2870 1019 ἀ
2905 985 3104 1043 robore
3124 981 3165 1014 ¹⁸

1839 1132 1842 1136 _
2119 1057 2201 1111 Ad
2228 1062 2631 1129 pervehend'um
2652 1077 2952 1137 prmparat;

1835 1142 1940 1199 355
1976 1143 2169 1200 Pacem
2194 1151 2443 1217 procellis
2470 1152 2718 1223 imperat,
2749 1157 2918 1212 nubes
2941 1157 3088 1229 fugat
3113 1200 3128 1225 ,

2115 1232 2455 1312 Cursumque
2484 1241 2537 1296 in
2561 1258 2693 1297 aura
2722 1244 2902 1312 dirigit
2931 1264 2943 1298 :

1977 1321 2093 1378 Tali
2112 1326 2295 1394 quiete
2319 1338 2625 1400 temperans
2648 1334 2843 1389 coelum
2865 1343 2920 1391 et
2941 1350 3109 1402 mare,

1982 1487 1983 1491 η
2119 1415 2199 1471 Ne
2220 1431 2355 1486 pace
2380 1435 2570 1476 cursus
2597 1423 2820 1490 mereat,

1973 1499 2280 1561 Periculosa
2309 1524 2407 1563 nec
2435 1520 2607 1566 ratem
2633 1512 2761 1568 ﬂatu
2785 1516 2937 1582 gravi

1831 1591 1933 1646 560
2109 1595 2403 1664 Perurgeat
2427 1600 2706 1655 velocitas.

1967 1678 2057 1737 Sic
2081 1682 2185 1738 iste
2210 1682 2423 1741 Christo
2445 1687 2755 1744 blandiente
2783 1690 3017 1745 molliter

1758 1785 1802 1842 Β
2106 1769 2372 1830 Emensus
2401 1789 2650 1844 asperum
2674 1793 2844 1844 mare,

1977 1856 2430 1932 Longinquiorem
2462 1874 2677 1934 portum
2708 1868 2774 1922 ab
2794 1864 2938 1923 Urbe
2959 1869 3226 1924 adlabitur
3247 1903 3264 1932 ,

2108 1949 2207 2006 Cui
2236 1951 2631 2011 Centumcellas
2661 1958 2675 2007 Ι
2714 1973 2910 2013 nomen
2932 1967 3054 2024 est;

1827 2031 1930 2090 365
1964 2038 2041 2095 A'c
2061 2038 2186 2094 inde
2213 2042 2336 2096 navi
2366 2046 2763 2112 promovendus
2790 2047 3018 2115 longius,

2106 2127 2335 2184 lntraret
2356 2138 2413 2185 ut
2438 2141 2654 2201 portum
2678 2134 2701 2171 ¹ί
2733 2136 2774 2166 ³⁸
2803 2129 2985 2200 phari.

1966 2214 2068 2270 Vix
2097 2217 2198 2272 iste
2239 2219 2464 2276 credens
2491 2236 2550 2277 se
2575 2224 2806 2292 potitum
2836 2225 3018 2280 littore

2105 2309 2335 2367 Telluris
2355 2322 2552 2384 optatae
2573 2316 2673 2370 sibi
2695 2334 2709 2381 ;
3035 2323 3040 2328 ’

1962 2397 2096 2453 Navi
2125 2400 2315 2456 relicta
2345 2402 2498 2458 ltetus
2524 2405 2746 2459 insultat
2773 2405 2948 2460 solum
2973 2445 2987 2472 ,

1821 2485 1924 2543 570
2101 2489 2434 2562 Romamque
2462 2493 2680 2549 festinat
2707 2495 2911 2566 pedes:

1960 2578 2074 2634 Illic
2103 2582 2276 2637 amica
2304 2591 2445 2640 tecta
2475 2585 2697 2641 fratrum
2715 2627 2729 2653 ,
2758 2588 2973 2655 civium,

2096 2669 2321 2741 Optatus
2349 2676 2545 2746 hospes
2574 2678 2781 2734 invenit
2805 2698 2817 2731 :

1958 2758 2206 2829 Respirat
2232 2764 2431 2831 animo,
2455 2769 2790 2837 conquiescit
2814 2784 3042 2840 corpore
3066 2789 3079 2835 ;

2099 2851 2198 2906 Dat
2225 2856 2524 2925 accipitque
2548 2858 2756 2925 gaudia,

1816 2931 1920 2995 375
1953 2940 2133 2997 Patria
2161 2943 2398 3001 fruentes
2427 2948 2652 3002 invicem
2681 2947 2913 3004 reddum
2932 2949 3034 3006 sibi
3058 2963 3073 3014 ξ

2098 3032 2210 3090 Deo
2234 3033 2472 3092 fatentur
2497 3038 2718 3106 gratias.

1736 3131 1782 3193 ο
1950 3124 2297 3183 Martinianus
2322 3136 2513 3185 moesta
2542 3131 2777 3199 gaudens
2805 3131 3033 3197 indicat,

2101 3215 2354 3272 Tolerata
2383 3229 2608 3274 narrans
2636 3212 2910 3276 fratribus.

1953 3305 2242 3378 Lacrymas
2263 3308 2315 3362 in
2339 3309 2469 3379 ipsis
2493 3311 2939 3378 gratulationibus

1816 3395 1919 3449 580
2095 3396 2321 3454 Miscent
2346 3401 2528 3455 refuso
2555 3410 2796 3470 pectore.

1952 3488 2235 3546 Theridius
2270 3488 2494 3547 1aberat
2520 3493 2644 3547 inde
2673 3501 2798 3547 tunc
2818 3508 3028 3548 mecum
3057 3500 3204 3550 meus
3234 3526 3247 3554 ο

2090 3579 2203 3646 Vir,
2236 3597 2428 3636 munus
2457 3597 2487 3635 a
2509 3581 2719 3636 Christo
2744 3583 2893 3647 mihi,

1953 3670 2046 3726 Vir
2068 3673 2238 3742 pacis,
2269 3681 2323 3726 et
2351 3674 2433 3728 vir
2457 3673 2611 3740 legis,
2635 3682 2690 3728 et
2717 3673 2800 3726 vir
2828 3674 3031 3742 gratiae,

2091 3760 2322 3828 Requies
2340 3802 2357 3828 ,
2387 3762 2652 3830 voluptas,
2682 3777 2834 3816 mens
2861 3778 3003 3825 mea,

1803 3847 1909 3902 385
1946 3848 2112 3918 Hujus
2139 3850 2400 3918 cohospes
2421 3856 2604 3904 mente
2628 3849 2880 3906 Paulinus
2904 3852 2990 3920 pia

2084 3938 2143 3993 In
2171 3937 2313 3993 Urbe
2333 3939 2582 3993 servabat
2610 3940 2826 3994 domum
2859 3959 2871 3993 :

1944 4027 2318 4082 Martinianum
2346 4029 2433 4082 hic
2454 4037 2601 4083 veste
2631 4030 2794 4084 nndat
2824 4030 3098 4099 naufraga,

2082 4114 2150 4171 Et
2179 4124 2326 4172 veste
2351 4119 2594 4186 c00perit
2623 4135 2747 4184 sua;

1945 4208 2104 4280 583
2131 4237 2158 4248 -
2184 4207 2346 4278 584
2386 4207 2701 4276 Donumque
2738 4211 2962 4279 tunicae,
3000 4226 3106 4281 qua
3142 4212 3381 4269 sodalem

2966 4303 3270 4375 [ornaverat
3295 4341 3308 4366 .

1803 4405 1905 4462 590
2079 4408 2332 4465 Geminat
2359 4411 2580 4466 cucullac
2609 4428 2851 4468 munere.

1943 4501 2186 4569 Largitor
2213 4503 2328 4571 ipse
2357 4511 2483 4557 tunc
2502 4504 2755 4570 vicissim,
2783 4512 2842 4558 ut
2863 4504 3169 4574 naufragus,

2086 4591 2140 4644 ln
2170 4601 2319 4647 veste
2345 4594 2541 4646 mansit
2564 4594 2740 4648 unica.

1943 4679 2069 4735 Post
2097 4681 2213 4736 haec
2241 4691 2296 4736 et
2316 4683 2383 4736 ad
2415 4698 2512 4737 nos
2539 4696 2764 4752 pergere
2792 4683 3048 4754 incmptat
3067 4685 3234 4750 viam,

2083 4770 2198 4838 Qua
2227 4775 2416 4828 sternit
2443 4788 2688 4842 aggerem
2716 4775 2849 4829 silex
2871 4813 2887 4838 ,

1802 4857 1903 4913 595
1939 4859 2038 4916 Cui
2068 4863 2303 4916 munitor
2326 4863 2532 4933 Appius
2556 4879 2753 4920 nomen
2780 4865 2955 4920 dedit:

2081 4951 2230 5007 Terit
2252 4962 2514 5008 terentem
2541 4956 2806 5011 tramitem
2827 4996 2843 5020 ,

1936 5045 2038 5109 Qui
2069 5055 2218 5102 veste
2248 5048 2371 5101 trita
2401 5051 2680 5115 navigator
2707 5062 2945 5114 venerat,

1872 5229 1884 5256 ι
1923 5218 2054 5274 Vide
2075 5237 2126 5272 v.
2153 5219 2258 5274 105
2286 5230 2342 5275 et
2366 5222 2491 5276 Var.
2518 5222 2669 5277 Lect.

1869 5289 1882 5336 i
1923 5288 2056 5343 Vide
2085 5299 2197 5344 not.
2222 5290 2345 5344 275.

1863 5357 1891 5429 ιξ
1916 5357 2061 5429 ᾃγὶόε
2081 5375 2166 5429 ep.
2192 5358 2280 5429 49,
2311 5377 2364 5414 n.
2399 5360 2450 5415 8.
2724 5425 2728 5429 ν
2900 5422 2904 5426 _

1875 5419 1894 5458 ι
1915 5427 2048 5501 Vide
2079 5419 2368 5501 ep.‘l6,in.
2403 5431 2454 5498 l,
2480 5439 2533 5486 et
2563 5445 2648 5501 ep.
2678 5425 2770 5496 2‘7,
2803 5449 2858 5488 n.
2889 5422 2940 5487 Ι.

1857 5496 2063 5573 (αλΜεο
2091 5496 2261 5573 (io_dex
2296 5496 2492 5573 Regius
2509 5496 2636 5573 cum
2663 5503 2826 5557 editis
2854 5505 3121 5573 quinque,
3144 5504 3364 5573 itaufra.

1784 5568 1875 5636 gii.
1927 5567 2056 5644 Duc:
2093 5585 2107 5644 ξ
2138 5567 2299 5644 Forte
2331 5567 2614 5644 legendum
2641 5567 2887 5644 naufragi
2907 5567 3027 5629 loco
3054 5567 3317 5642 naufragii
3343 5585 3363 5632 ὅ

1784 5635 1841 5689 ut
1859 5635 2579 5712 antedixit,_Discriniinarat
2601 5635 2900 5712 naufragos.

1852 5705 1924 5769 (b)
1967 5703 2060 5760 Ed.
2091 5705 2301 5772 Schot.,
2333 5709 2564 5775 portum,
2599 5720 2646 5765 et
2689 5703 2854 5767 t'errle.
