3990 6182
184 271 294 322 6‘25
1581 264 1811 321 POEMA
1840 265 2021 321 XXIV.
2229 281 2232 284 '
3333 266 3440 323 62C

192 379 296 433 510
475 381 809 454 Matremque
835 393 1120 454 cognosset
1147 399 1297 442 suam
1318 425 1334 452 ,
1791 385 1843 445 Δ
2149 379 2334 436 Robur
2353 379 2579 448 recretis
2605 379 2862 447 crinibus,

333 471 686 545 537—588
733 475 1007 530 Bonumve
1033 483 1264 545 saperet,
1295 480 1386 528 aut
1424 472 1623 526 malum
1648 470 1760 526 dis-
2006 468 2272 536 Manuque
2300 468 2492 522 ductus
2519 468 2586 522 de
2607 469 2750 522 mola
2779 467 2846 521 ad
2874 466 3157 522 ludibrium

1455 562 1470 633 [
1491 569 1758 622 cerneret.
1817 567 1820 570 ’
2149 555 2369 610 llostilis
2385 556 2739 619 exsultantiaa,

467 653 667 709 Beatus
695 654 856 722 elegit
878 655 1095 709 bonum.
1865 643 1967 699 565
2004 644 2063 699 ln
2086 645 2329 699 caecitate
2345 644 2588 713 corporis
2608 651 2788 698 mente
2809 643 3022 698 intuens

333 743 401 798 Et
426 760 569 799 nunc
595 746 648 798 in
668 746 789 799 aula
809 746 1062 814 parvulus
1089 744 1222 800 ludit
1248 744 1341 800 Dei
1357 784 1370 808 ,
2143 733 2359 787 Vocat‘it
2388 733 2618 786 ultorem
2646 732 2831 786 Deum.

468 835 538 890 Et
562 850 656 891 ore
678 836 895 890 lactenti
914 837 1058 891 canit
1082 854 1094 888 :
2010 822 2076 877 Et
2103 823 2352 877 restituto
2381 837 2507 875 mox
2528 822 2733 890 capillis
2760 821 2980 888 robore,

189 924 290 978 5|5
330 923 407 979 De
429 933 618 978 ventre
645 925 850 989 matris,
882 933 938 979 et
964 926 1050 979 die
1077 924 1250 994 prima
1276 923 1406 978 mihi

2148 910 2443 965 Prostravit
2460 911 2538 978 (α)
2566 910 2813 963 hostilem
2835 909 3085 974 domum;

475 1012 1096 1083 Tu,Christe,protector
1115 1029 1267 1069 meus
1290 1024 1340 1068 ιι.
2001 999 2051 1053 C‘

2001 999 2166 1068 Cujus
2193 999 2468 1054 columnas
2505 996 2693 1051 fortior
2719 999 2862 1052 saxis
2887 1012 3076 1052 manus

329 1102 570 1157 Audistis
594 1110 648 1156 ct
672 1118 788 1168 vos,
819 1103 962 1171 quod
990 1104 1161 1160 beatis
1199 1103 1437 1160 dicitur:
1864 1085 1969 1140 570
2145 1087 2498 1157 589-590
2544 1084 2614 1139 Ut
2653 1085 2842 1138 clausit
2870 1085 3116 1154 amplexu
3143 1085 3313 1154 stari.

477 1190 675 1246 Potens
703 1193 806 1246 erit
823 1208 1006 1247 semen
1029 1201 1174 1248 tuum
1205 1192 1261 1246 ιι,
2006 1175 2254 1245 Collapsa
2286 1176 2468 1229 fulcris
2498 1183 2637 1229 tecta
2667 1174 2942 1228 subductis
2967 1174 3131 1228 humo

328 1278 510 1336 Habes
531 1291 582 1337 et
613 1282 741 1336 illud
772 1301 783 1335 ε
817 1282 1030 1337 Ventris
1058 1299 1089 1336 a
1119 1283 1292 1339 fructu
1321 1283 1397 1338 tui
2140 1266 2396 1320 Cecidere
2428 1266 2479 1318 in
2503 1266 2709 1334 ipsum;
2740 1264 2835 1317 sed
2863 1271 3042 1317 tamen

198 1371 297 1424 520
479 1371 540 1425 ιη
561 1372 776 1426 sedibus
798 1388 994 1441 ponam
1022 1373 1156 1428 meis
1187 1384 1236 1427 ο,
2005 1352 2070 1406 Et
2097 1361 2272 1408 morte
2302 1354 2354 1408 in
2379 1354 2492 1422 ipsa
2522 1360 2825 1422 prrepotens
2854 1352 3013 1407 heros
3034 1351 3129 1406 Dei

321 1460 425 1528 Qui
448 1476 627 1516 sermo
658 1462 822 1516 David
842 1463 1132 1531 quamlibet
1157 1461 1426 1517 Christum
1465 1472 1652 1523 sonet,
2145 1443 2341 1499 Ηοδῑθδ
2363 1445 2514 1498 milia
2543 1445 2786 1508 ιηίεθυίιὶ

466 1550 531 1604 In
554 1550 768 1606 Christo
796 1561 851 1606 et
879 1552 982 1608 illis
1008 1553 1269 1617 concinit,
1865 1535 1970 1589 575
2008 1535 2042 1589 Ε

1865 1535 1970 1589 575
2008 1535 2076 1589 Et
2097 1536 2333 1605 gloriosa
2355 1543 2528 1589 morte
2556 1533 2804 1603 pensavit
2831 1533 2931 1587 sibi

323 1639 428 1706 Qui
457 1639 748 1694 Christiani
777 1642 1020 1711 corporis
1047 1641 1277 1708 collegio
2146 1629 2282 1683 Vita?
2309 1629 2542 1682 SUbacL’n
2569 1626 2826 1680 dedecus:

464 1727 523 1782 ln
551 1729 679 1783 sedc
706 1737 973 1798 ponentur
1000 1730 1114 1784 Dei.
1789 1726 1836 1785 B
2001 1717 2040 1783 Q

1789 1726 1836 1785 Β
2001 1716 2103 1783 Qui
2134 1717 2176 1749 ¹⁸
2208 1731 2393 1771 servus
2414 1715 2570 1768 hoste
2595 1713 2861 1781 gloriante
2888 1711 3127 1779 vixerat,

197 1815 294 1871 525
327 1816 497 1874 Vobis
523 1826 577 1872 et
596 1819 760 1873 Annae
788 1819 1043 1873 sternitur
1063 1820 1390 1874 consortium

1328 1835 1390 1873 un
2140 1803 2306 1859 Hoste
2327 1803 2520 1858 obruto
2545 1802 2716 1856 victor
2744 1801 2904 1859 cadit,

479 1906 699 1961 Infantis
727 1908 974 1976 exemplo
994 1908 1152 1962 sacri,
2005 1892 2072 1947 Et
2100 1893 2254 1962 plura
2283 1894 2518 1948 moriens
2537 1891 2807 1946 interemit
2833 1889 3016 1954 millia,

321 1995 542 2052 Samuel
571 2005 625 2051 et
654 1998 754 2052 iste
778 1998 946 2051 crevit
976 1998 1028 2051 in
1059 1998 1260 2067 templo
1289 1999 1405 2062 Dei,
1863 1980 1965 2035 580
2139 1981 2308 2048 Quam
2327 1983 2477 2036 vivus
2506 1980 2868 2035 interfecerat.

465 2085 617 2140 Nunc
645 2100 834 2154 agnus,
858 2096 912 2141 et
939 2096 1124 2156 pastor
1143 2087 1358 2143 dehinc.
2002 2071 2245 2128 Imitetur
2272 2075 2428 2128 istam
2456 2073 2594 2127 filius
2637 2079 2820 2126 noster
2847 2071 2972 2125 volo

317 2176 592 2233 Contexat
622 2178 696 2231 illi
719 2178 915 2232 sedula:
946 2178 1134 2233 matris
1153 2193 1342 2234 manus
2138 2162 2229 2216 Sic
2256 2170 2430 2217 morte
2457 2169 2704 2223 mortem.
2733 2166 2791 2212 ut
2816 2171 3134 2228 permanens

195 2265 284 2321 530
467 2266 662 2337 Ephod
691 2268 735 2300 ιο
762 2275 980 2321 statum
1002 2282 1294 2336 congruum
1315 2311 1331 2336 ,
2002 2254 2060 2308 ln
2092 2269 2256 2309 carne
2277 2268 2496 2310 carnem
2521 2253 2727 2319 vincat,
2758 2259 2813 2306 et
2841 2251 2983 2306 vivat
3009 2249 3151 2312 Deo,

317 2357 494 2425 Quem
518 2359 775 2427 spiritalis
797 2360 849 2412 in
877 2357 972 2413 Dei
1000 2359 1167 2414 verbo
1196 2360 1362 2415 sacris
2146 2343 2374 2399 Ρθοεθῑε
2400 2342 2575 2398 carnis
2595 2341 2920 2410 ορβΐῖωθηε·

467 2449 724 2504 Doctrina
751 2458 899 2505 texat
926 2451 1079 2505 liciis,
1861 2429 1969 2486 585
2003 2431 2108 2488 Sed
2137 2432 2262 2487 nolo
2291 2431 2467 2486 carnis
2495 2430 2721 2499 gaudiis,
2754 2437 2814 2484 ut
2839 2429 3017 2487 noxiae

322 2537 516 2607 Sitque
544 2539 600 2592 in
620 2555 846 2608 superna
874 2549 1022 2594 veste
1045 2540 1260 2610 Regina:
1284 2543 1460 2597 aureis
2068 2608 2077 2610 A
2105 2520 2289 2610 ίγθοιίε
2317 2520 2579 2610 summu?
2599 2519 2807 2573 ἷθωίιιτῐξ

461 2605 703 2684 Intentus
733 2630 847 2698 ipse
876 2605 1150 2692 ﬁmbriis;
2004 2608 2229 2664 Addicat
2253 2610 2511 2673 animum,
2540 2607 2612 2679 (bi
2641 2615 2827 2677 postea
2856 2606 2946 2662 fiat
2964 2605 3194 2664 hostium

196 2712 288 2770 555
321 2713 692 2784 Sanctumque
721 2718 934 2772 Christo
962 2719 1246 2776 Nazarteus
1277 2722 1317 2752 "
1349 2721 1601 2778 verticem

1203 2735 1246 2776 Is
1277 2722 1317 2752 ιτ
1349 2721 1601 2778 verticem
2142 2700 2352 2755 Virtute
2379 2701 2552 2778 nudus
2580 2700 2779 2768 gratim.

467 2806 643 2861 pastis
668 2806 692 2844 ἃ
721 2809 946 2864 ποι-,πει
973 2811 1210 2865 crinibus
1227 2852 1241 2877 ν
2004 2789 2219 2845 Samuel
2248 2791 2301 2844 in
2327 2791 2428 2845 ista
2454 2798 2604 2859 parte
2626 2790 2713 2853 sit,
2739 2803 2843 2858 qua
2866 2789 3062 2856 iugiter

324 2896 642 2964 Animmque
662 2899 903 2966 pulcrum
924 2900 1071 2954 crine
1091 2900 1302 2954 virtutis
1321 2909 1481 2969 caput
1865 2881 1896 2936 δ

1865 2878 1972 2936 1590
2148 2880 2398 2946 Sanctus,
2431 2894 2604 2948 neque
2625 2881 2829 2934 accisus
2855 2893 3063 2933 comam

468 2985 721 3041 Armelur
735 3003 964 3058 operosa
987 2987 1089 3044 fide
1104 3002 1149 3043 ο.
2012 2970 2044 3024 Ρ

2012 2970 2116 3026 Per
2142 2979 2256 3026 tota
2279 2973 2398 3027 vitre
2423 2979 2661 3039 tempora
2684 2971 2887 3038 irrupto
2915 2983 3125 3024 sacrum

324 3075 437 3132 Nec
467 3075 628 3145 hujus
655 3093 907 3148 umquam
934 3080 1191 3137 desecans
1212 3082 1470 3136 novacula
1789 3071 1835 3133 C

1297 3082 1470 3136 vacula
1789 3071 1835 3133 ε
2151 3059 2400 3115 Pertexat
2425 3075 2595 3114 aevum
2622 3058 2873 3120 stamine,

198 3161 288 3217 540
465 3166 734 3222 Ascendat
755 3147 806 3222 in
835 3168 1086 3224 damnum
1112 3185 1296 3226 comm.

2006 3148 2073 3204 Et
2094 3150 2400 3205 inchoatam
2428 3149 2685 3204 servitute
2716 3147 2994 3201 infantiam

323 3254 389 3310 Et
418 3265 487 3311 ut
511 3257 599 3310 ille
626 3256 850 3313 Samson
874 3259 926 3313 vi
949 3260 1264 3328 capillorum
1290 3268 1482 3330 potens
2149 3250 2331 3320 Usque
2358 3252 2426 3306 ad
2454 3257 2724 3304 senectam
2753 3248 3005 3318 pensitet.

470 3344 683 3400 Virtute
703 3347 924 3402 crinitus
953 3362 1135 3413 sacra,
1869 3336 1973 3393 595
2007 3337 2227 3396 Occidat
2253 3339 2523 3404 Amalech,
2556 3346 2610 3392 et
2640 3338 2726 3408 pie
2755 3352 2925 3392 saevus
2950 3335 3064 3393 Deo

321 3433 548 3489 Sternat
576 3435 783 3489 leonem
810 3437 1198 3504 strangulatum
1219 3435 1444 3493 fortibus
2150 3435 2376 3492 Peccata
2407 3436 2582 3492 carnis
2611 3435 2879 3500 immolet,

471 3519 785 3578 Orationum
804 3524 1056 3589 brachiis,
1881 3557 1884 3561 '
2012 3534 2047 3602 0

1881 3557 1884 3561 ι
2012 3534 2215 3602 Quibus
2235 3535 2487 3605 peremtis
2515 3535 2696 3587 interit
2723 3547 2936 3602 quoque
2955 3532 3196 3598 zabulus.

201 3606 291 3664 5-55
326 3611 659 3682 Dulcemque
698 3613 928 3669 fructum
958 3615 1152 3670 nobilis
1178 3615 1413 3672 victoria:
2151 3625 2357 3680 invisus
2383 3632 2640 3677 internum
2667 3622 2796 3676 Deo.

473 3702 735 3774 Decerpat
760 3720 855 3760 ore
883 3707 1096 3760 mortui.
2011 3714 2138 3770 Sani
2167 3714 2221 3767 in
2246 3713 2350 3767 hoc
2373 3710 2585 3765 deficiat
2605 3718 2660 3762 et
2686 3716 2872 3775 regnet
2891 3708 3079 3770 David;

326 3793 438 3850 Sed
471 3794 575 3849 hoc
602 3796 668 3849 ab
699 3796 947 3865 exemplo
978 3796 1214 3852 monitus
1242 3807 1431 3852 caveat
1457 3799 1557 3853 sibi
1871 3805 1975 3860 600
2151 3802 2378 3857 Pusillus
2406 3801 2569 3853 altum
2598 3799 2856 3864 destruat,

475 3883 661 3939 Aliena
682 3885 830 3940 adire
856 3886 1076 3941 fmdera.
2012 3891 2080 3948 Ut
2108 3908 2216 3948 non
2242 3890 2310 3945 sit
2328 3889 2464 3943 altus
2489 3888 2681 3956 spiritu
2708 3887 2990 3956 superbire,

327 3975 618 4045 Allaphyla
647 3977 838 4030 mulier
861 3985 942 4031 est
969 3977 1100 4031 mihi
1130 3977 1216 4033 lex
1243 3992 1458 4043 carnea,
2148 3981 2258 4036 Nec
2278 3978 2467 4033 lividus
2497 3977 2596 4032 zeli
2624 3978 2766 4031 malo
2791 3994 2804 4029 :

200 4061 292 4116 550
475 4063 687 4119 Blandis
705 4065 898 4120 dolosa
920 4067 1142 4122 retibus.
2011 4072 2119 4127 Sed
2138 4068 2430 4138 humile.(c)
2457 4066 2635 4123 cordis
2667 4066 2684 4104 ι
2709 4108 2724 4133 ,
2755 4065 2898 4121 celsa
2923 4065 3176 4123 virtutum
3204 4078 3396 4137 gerem
3414 4105 3445 4134 ,,,

333 4155 390 4209 Si
415 4155 542 4222 lege
570 4156 763 4210 mentis
790 4157 890 4210 ista
919 4157 991 4210 sit
1017 4157 1104 4211 lex
1134 4156 1346 4226 fortior,
2149 4161 2416 4217 Ascendet
2443 4159 2496 4212 in
2523 4157 2673 4227 regni
2704 4158 2974 4220 thronum,

476 4245 529 4298 Ιη
548 4243 668 4312 iura
698 4247 904 4314 Ρθοαιῐί
932 4248 1144 4312 trahet;
1683 4242 1686 4246 ’
1870 4256 1973 4310 605
2009 4255 2076 4310 Et
2101 4254 2188 4309 illa
2217 4251 2444 4307 Samson
2469 4257 2640 4317 gesta,
2663 4263 2781 4317 quae
2811 4248 2988 4317 priora
3016 4256 3160 4314 sunt,

327 4333 640 4390 Malesuada
671 4335 846 4390 verbis
872 4335 1070 4392 fraudis
1095 4347 1211 4393 arte
1240 4339 1480 4395 dulcibus
1500 4381 1512 4402 ,
2146 4343 2410 4411 Sequatur
2439 4348 2496 4394 ut
2524 4347 2694 4393 restes
2713 4352 2880 4392 novas
2905 4380 2919 4404 ,

480 4426 728 4480 Animum
755 4427 963 4482 virilem
992 4427 1301 4495 effeminat;
1789 4421 1840 4476 Ι)
2011 4435 2118 4489 Ceu
2146 4433 2230 4486 fila
2255 4438 2485 4499 rumpat,
2521 4445 2618 4483 nec
2647 4427 2804 4481 fidem
2833 4427 3025 4496 prodat
3049 4441 3234 4493 suam;

202 4513 296 4569 555
329 4515 589 4572 Excmcat
616 4517 801 4571 oculos
826 4519 1040 4582 mentis,
1072 4528 1126 4574 et
1151 4521 1485 4591 raditcaput,
2152 4523 2229 4576 Ne
2251 4521 2438 4592 perdat
2467 4521 2686 4588 ignavus
2714 4531 2942 4580 comam,

473 4606 721 4676 Spolians
741 4615 796 4661 et
812 4622 1094 4662 exarmans
1119 4607 1295 4663 fidem.
2012 4615 2249 4668 Crinitus
2272 4625 2495 4681 operum
2525 4608 2726 4662 viribus
2749 4607 3064 4670 caelestium,

326 4696 442 4753 Hac
474 4705 628 4766 parte
657 4697 883 4752 Samson
913 4699 1038 4753 nolo
1067 4700 1138 4752 sit
1165 4709 1349 4755 noster
1377 4716 1508 4770 puer
1541 4721 1552 4753 :
1875 4706 1976 4760 6l0
2156 4703 2422 4758 Prmtenta
2452 4706 2665 4768 rumpet
2684 4697 2914 4760 vincula,

477 4784 588 4839 Nec
611 4786 896 4840 misceatur
919 4788 1122 4856 c0pulae
1141 4827 1156 4853 ,
2019 4795 2176 4850 Palos
2197 4793 2410 4860 religet;
2443 4791 2585 4846 mille
2607 4797 2912 4859 prosternet
2931 4789 3096 4854 viros,

328 4875 503 4943 Quam
533 4885 891 4946 consequatur
912 4878 1157 4946 protinus
1177 4879 1486 4948 captivitas,
2155 4883 2271 4938 lina
2300 4883 2552 4937 subactos
2579 4880 2798 4934 dextera
2831 4896 2843 4930 :

203 4960 296 5016 560
476 4963 783 5029 Inﬁrmitas,
817 4973 870 5019 et
891 4965 1122 5020 accitas.

2024 4976 2157 5044 Quia
2187 4983 2370 5029 nostra
2394 4973 2587 5035 virtus,
2613 4979 2669 5024 et
2690 4977 2850 5038 caput
2876 4967 3120 5024 Christus
3148 4969 3314 5034 Deus,

336 5052 488 5109 Licet
516 5054 605 5109 ille
631 5053 784 5109 fortis
811 5061 998 5125 postea
1018 5055 1279 5126 receperit
2154 5063 2254 5129 Qui
2280 5061 2500 5116 dextera
2527 5067 2583 5114 et
2609 5059 2778 5114 virtus
2803 5057 2898 5113 Dei
2927 5066 3045 5122 est;

269 5218 291 5278 ῗ¹
320 5210 358 5278 Ρ
361 5207 466 5262 5³1·
493 5224 620 5276 ιιι,
639 5209 702 5278 6·
1874 5217 2163 5275 Sacchinus
2197 5232 2208 5265 :
2250 5211 2308 5267 Si
2334 5209 2628 5278 coniungas
2655 5189 2938 5278 superiori,
2966 5207 3082 5278 lege
3106 5206 3412 5278 Prortrarit.

269 5275 461 5358 ιξξζεθι..
493 5275 676 5342 ειιίῖ.
715 5348 730 5358 _
751 5349 766 5358 _
1949 5287 2022 5358 (b)
2056 5286 2276 5338 Duca'us
2323 5275 2910 5358 emendandum—“putat
2932 5277 3134 5348 prwda.
3165 5277 3234 5330 At
3265 5292 3452 5330 omnes

269 5356 293 5422 ῗ
498 5348 794 5422 “xxiiii-
1871 5345 2092 5414 codices
2121 5360 2315 5422 postea.
2341 5348 2484 5422 _Vide
2513 5354 2629 5402 not.
2658 5345 2786 5400 278'.

267 5411 292 5449 ⁶¹
324 5413 462 5496 'Vide
481 5427 601 5496 not.
627 5417 756 5496 ⁸277.
815 5487 846 5496 η
1038 5490 1056 5496 Δ
1088 5489 1098 5496 Δ
1887 5411 2020 5496 Πζε)
2048 5411 2566 5496 Sic-emendationis
2588 5433 2655 5470 ex
2697 5416 3020 5496 .ms.“licgio‘
3049 5424 3104 5469 et
3141 5411 3446 5496 veteri‘Ba-

276 5481 385 5556 ἷῖᾳ
414 5493 495 5538 εει
523 5485 664 5556 δοθιίδ
687 5487 918 5556 operibus
944 5497 991 5539 εί
1022 5489 1146 5556 βάθη
1875 5481 2031 5551 όὶίίηὶι
2083 5490 2339 5546 editione.
2376 5488 2511 5541 Ante
2542 5496 2656 5541 crat
2689 5487 2867 5538 humili
2897 5481 3070 5541 corde.
3103 5484 3298 5537 violata
3331 5481 3448 5549 lege

277 5551 489 5622 fld_est
515 5551 850 5609 humilitatem
875 5551 1062 5610 cordis.
1099 5557 1229 5611 Vide
1251 5572 1414 5611 carm.
1449 5557 1534 5618 15,
1565 5573 1612 5608 v.
1642 5557 1762 5611 518.
1874 5566 2052 5622 metri.

273 5621 351 5688 (τι)
380 5618 573 5679 Omnes
619 5625 851 5693 codices,
883 5624 1198 5693 Proslrat'il,
1225 5641 1291 5681 ex
1339 5641 1474 5682 nova
1523 5627 1764 5695 periodo.
