3990 6182
584 263 686 321 απ
1499 256 1558 312 S.
1600 255 1872 313 PAULINI
1902 257 2150 314 NOLANI
2187 258 2485 316 EPISCOPI
2525 261 2866 318 POEMATA.
3710 265 3804 318 est

581 379 689 435 6l5
726 378 932 446 Virtute
957 378 1109 446 cujus
1135 375 1280 429 mille
1307 379 1611 442 serpentem
1639 370 1777 426 dolis

862 468 973 523 Nos
999 472 1341 535 appetentem
1367 461 1646 515 vincimus.

722 557 805 613 Sit
831 555 983 612 fortis
1009 556 1185 611 anima
1207 551 1536 608 mortiﬁcans
1559 551 1769 606 asinum
1799 559 1825 590 ι
1855 567 2009 606 suum
2032 591 2046 616 ,

867 647 1006 720 Pigri
1029 646 1329 716 jnmentum
1360 643 1632 712 corporis.

723 738 980 793 Decoctus
1009 739 1202 798 humor
1221 733 1412 792 sobriis
1441 733 1718 788 laboribus

583 827 686 882 630
863 826 1074 881 Pallore
1098 824 1299 877 vultum
1322 821 1524 887 lividet,

724 916 788 970 Et
815 916 1063 970 tribulata
1083 928 1244 968 carne
1273 912 1465 967 victrix
1495 912 1717 966 castitas

861 1005 1154 1059 Consumat
1180 1003 1330 1070 ignes
1355 1001 1382 1040 δ
1407 1001 1715 1056 criminum.

720 1095 970 1153 Exterior
991 1094 1189 1150 etenim
1220 1100 1403 1148 noster
1429 1099 1486 1145 ut
1511 1089 1870 1160 corrumpitur

855 1185 1085 1240 Terente
1108 1183 1460 1247 continentia,

578 1275 682 1336 625
716 1275 866 1331 Tunc
893 1276 1178 1329 innovatur
1198 1274 1289 1342 qui
1320 1274 1461 1328 intus
1488 1279 1571 1328 est
1591 1272 1714 1326 victi
1740 1280 1931 1342 potens
1963 1282 1984 1309 ο

858 1362 1173 1420 inﬁrmitate
1197 1362 1458 1430 corporis.

716 1455 866 1509 Tunc
888 1453 1033 1507 mille
1061 1467 1091 1505 a
1119 1451 1308 1517 latere,
1337 1451 1473 1504 dena
1500 1464 1530 1504 a
1560 1449 1765 1504 dextris
1792 1448 1955 1502 millia
1985 1445 2010 1486 ἀ

858 1543 1209 1613 591-592
1231 1541 1428 1596 Arente
1452 1540 1664 1593 maxilla
1687 1539 1896 1603 cadent,

714 1633 771 1689 Si
796 1634 936 1688 mala
963 1641 1146 1686 nostra
1177 1632 1320 1684 salva
1353 1631 1443 1684 tiat
1483 1631 1626 1691 otio,

575 1723 678 1779 630
851 1723 978 1788 Quae
1004 1730 1086 1776 est
1107 1737 1206 1774 usu
1227 1720 1418 1774 edendi
1440 1719 1656 1773 mobilis
1685 1737 1696 1770 :

713 1813 846 1878 Quia
873 1812 1168 1868 succulenti
1197 1810 1439 1879 corporis
1460 1809 1673 1864 licentia

853 1901 1173 1956 Retunditur
1195 1899 1434 1969 jejuniis.

711 1990 778 2044 Et
806 1999 931 2046 tunc
958 1991 1277 2062 triumphus,
1301 1989 1526 2060 fonsque
1554 1987 1710 2046 nobis
1736 1989 1972 2044 nascitur

855 2081 913 2135 ln
939 2080 1188 2135 arefactis
1209 2082 1440 2135 ossibus.

572 2169 678 2226 635
713 2169 924 2224 Maxilla
946 2171 1110 2224 telum
1140 2169 1400 2238 przelianti
1428 2181 1546 2237 qua:
1573 2168 1720 2223 dedit
1745 2211 1758 2234 ,

852 2259 954 2312 Dat
988 2259 1237 2313 aestuanti
1264 2258 1514 2326 poculum
1539 2297 1554 2322 ,

709 2348 896 2418 Jejuna
923 2350 1064 2404 succi
1091 2349 1268 2404 carnis
1295 2362 1415 2402 ossa
1444 2355 1670 2401 mortua:

847 2439 1046 2494 Sancto
1073 2439 1279 2507 rigante
1304 2437 1510 2506 spiritu.

710 2528 817 2583 Sed
839 2543 958 2598 qua:
984 2535 1110 2581 ante
1132 2527 1332 2580 sanctis
1360 2526 1412 2578 in
1437 2523 1658 2592 figuram
1680 2533 1828 2592 gesta
1857 2537 2012 2592 sunt;

572 2618 676 2682 640
849 2617 1014 2672 Nobis
1046 2616 1098 2670 in
1128 2623 1304 2669 actum
1334 2615 1533 2683 scripta
1561 2623 1686 2668 sunt
1717 2625 1740 2652 θ
1763 2656 1776 2680 ,

714 2707 781 2764 Ut
802 2706 944 2777 quod
973 2711 1226 2776 parentes
1253 2705 1576 2773 gestitarunt
1603 2720 1830 2774 corpore
1847 2747 1861 2770 ,

847 2797 957 2852 Nos
985 2796 1266 2850 actitemns
1295 2795 1506 2863 spiritu.

705 2887 934 2943 Fluxere
958 2893 1160 2950 vetera,
1183 2893 1373 2939 cuncta
1398 2883 1535 2938 facta
1559 2892 1682 2937 sunt
1709 2899 1867 2950 nova,

841 2975 1102 3031 Vacuavit
1123 2973 1365 3027 umbram
1397 2973 1613 3029 veritas.

571 3067 678 3126 645
715 3067 879 3124 Adest
897 3067 1084 3121 salutis
1106 3063 1216 3133 jam
1237 3064 1371 3126 dies,
1403 3063 1575 3118 hiems
1599 3064 1710 3119 abit

842 3155 912 3210 Et
943 3164 1087 3210 terra
1115 3161 1306 3208 vernat
1332 3150 1554 3206 ﬂoribus
1585 3151 1604 3189 τ
1628 3191 1640 3203 .

701 3244 896 3299 Audita
917 3244 1028 3312 jam
1050 3257 1155 3296 vox
1176 3240 1420 3307 turturis,
1453 3248 1666 3308 tempus
1694 3243 1838 3295 canit

839 3332 1120 3387 lncisionis
1148 3329 1352 3384 adfore.

698 3421 988 3494 Epulemur
1017 3434 1145 3487 ergo
1171 3427 1352 3474 vetere
1377 3417 1641 3475 fermento
1667 3419 1784 3474 sine

557 3514 662 3580 950
837 3511 894 3574 In
919 3510 1164 3572 veritatis
1192 3509 1392 3579 azymis
1406 3519 1461 3575 ες

697 3605 832 3672 Quia
862 3603 1067 3658 Pascha
1093 3610 1335 3658 nostrum
1361 3600 1607 3657 Christus
1629 3601 1938 3670 immolatus
1957 3612 2060 3666 est,

834 3694 1082 3762 Intraque
1104 3707 1202 3746 nos
1230 3705 1450 3760 regnum
1481 3693 1576 3746 Dei
1603 3702 1704 3748 est.

692 3783 870 3851 Quare
891 3783 1116 3838 vetustis
1136 3782 1365 3837 absoluti
1394 3782 1618 3851 legibus,

826 3871 944 3925 Jam
965 3886 1072 3925 non
1095 3871 1148 3924 in
1170 3871 1353 3925 umbra
1383 3871 1645 3939 degimus.

547 3959 652 4022 655
687 3961 833 4027 Quos
857 3960 997 4013 nube
1027 3960 1178 4025 legis,
1209 3970 1264 4012 et
1288 3969 1607 4014 statutorum
1624 3961 1756 4030 jugo
1781 4004 1795 4028 ,

829 4054 991 4120 Quasi
1019 4068 1293 4115 comarum
1322 4056 1528 4107 sarcina

683 4144 929 4201 Christus
950 4142 1148 4196 levavit
1175 4141 1290 4209 ipse
1317 4141 1480 4206 Deus,
1511 4143 1598 4197 ille
1619 4152 1674 4198 et
1698 4147 1808 4200 suis

826 4232 1022 4288 Factus
1044 4230 1297 4284 redemtis
1326 4231 1378 4285 in
1409 4242 1589 4300 caput.

682 4320 800 4388 Quo
821 4321 996 4390 capite
1020 4318 1172 4372 liberi
1200 4335 1361 4389 super
1381 4326 1576 4374 tetrum
1602 4333 1761 4392 caput

541 4409 644 4474 660
821 4409 1062 4464 Dracone
1089 4407 1232 4462 victo
1255 4409 1551 4464 incedimus
1576 4413 1600 4446 ιι
1623 4451 1637 4463 .

680 4501 801 4556 Illos
827 4499 1055 4555 decebat
1075 4499 1513 4569 Impedimentum
1543 4517 1728 4568 coma),

817 4589 1302 4659 Umbraculumque
1330 4591 1565 4666 verticis,

675 4682 876 4748 Quibus
905 4684 1119 4750 tegebat
1157 4683 1319 4736 corda
1346 4683 1610 4749 velamen,
1640 4699 1792 4742 sacra

812 4773 1139 4842 Obnubilans
1160 4774 1431 4845 mysteria.

537 4863 640 4928 1565
677 4862 745 4936 At
769 4879 868 4919 nos
893 4873 1102 4919 remoto
1133 4866 1324 4921 litterae
1349 4866 1616 4924 velamine

604 5028 628 5056 ι
659 5017 790 5074 Vide
819 5027 932 5073 not.
955 5018 1078 5071 279.

606 5087 632 5127 δ
653 5087 788 5142 Vide
809 5095 923 5142 not.
947 5087 1069 5140 280.

607 5168 630 5196 ε
653 5155 694 5210 ll
716 5157 841 5211 Cor.
875 5173 946 5223 iV,
973 5157 1059 5222 16,
1086 5165 1140 5212 ct
1165 5173 1257 5224 xu,
1287 5157 1370 5212 10.

603 5224 629 5265 ει
660 5226 801 5280 Psal.
828 5241 922 5289 xc,
949 5227 1002 5283 7.

603 5305 627 5334 ο
656 5295 673 5347 Ι
703 5293 825 5349 Cor.
849 5313 902 5361 x,
933 5296 1020 5350 11.

604 5365 622 5401 1
646 5364 798 5418 Cant.
831 5381 886 5428 ιι,
918 5366 1003 5418 11.

600 5433 667 5486 Kl
698 5433 822 5487 Cor.
855 5451 906 5498 ν,
932 5434 984 5488 8.

601 5501 626 5552 ιι
653 5501 794 5558 Psal.
828 5519 915 5570 xc,
942 5503 1025 5556 l3.

607 5572 620 5608 ί
656 5571 788 5642 _Vide
817 5588 902 5642 ep.
931 5573 1019 5635 es,
1053 5573 1220 5626 11.22.

603 5651 614 5704 1
653 5639 708 5712 id
734 5651 814 5701 est
835 5639 1152 5698 damnosum.
1189 5644 1317 5700 Vide
1346 5662 1392 5699 γ.
1425 5645 1542 5698 705.
1570 5645 1700 5701 Vide
1721 5655 1832 5703 not.
1862 5647 1986 5708 281.

2177 376 2224 432 Α

2530 374 2586 428 In
2614 375 2733 430 luce
2761 377 3006 445 corporis
3031 378 3114 431 sui

2397 464 2732 520 Enubilatam
2764 467 2779 504 ί
2813 470 3096 521 veritatem
3123 468 3425 533 cernimus,

2538 555 2753 610 Faciem
2783 557 3004 610 revelati
3036 557 3156 610 ﬁde.

2402 643 2540 699 Puer
2565 659 2693 713 ergo
2724 655 2906 699 noster
2932 646 3064 713 legis
3092 655 3250 716 atque
3275 645 3460 713 gratiae

2257 734 2360 788 670
2542 735 2821 798 Alumnus,
2852 751 2919 790 ex
2948 746 3176 803 utroque
3196 738 3269 790 sit

2400 826 2457 879 In
2484 825 2777 894 spiritalem
2799 835 3140 894 comparatus
3163 826 3408 892 gloriam,

2539 915 2610 970 Ut
2633 916 2714 979 (α)
2737 924 2914 970 vetera
2935 925 3148 984 promat
3169 925 3223 970 et
3248 931 3407 970 nova.

2399 1005 2576 1060 Fortis
2596 1006 2802 1074 pudicis
2829 1006 3036 1061 actibus
3057 1005 3235 1061 crines
3251 1014 3392 1074 agat,

2536 1093 2866 1162 Ferrumque
2889 1094 3071 1150 damni
3103 1095 3116 1144 i
3153 1095 3377 1161 nesciat,

2257 1184 2361 1238 675
2397 1183 2468 1238 Ut
2495 1199 2524 1237 a
2557 1185 2820 1238 machaera
2851 1185 3135 1238 noxiorum
3163 1182 3476 1250 dogmatum

2536 1270 2832 1327 Conservet
2859 1272 3114 1326 intactam
3137 1270 3314 1325 tidem.

2397 1358 2502 1415 Sed
2525 1375 2706 1414 rursus
2735 1359 2874 1414 idem
2901 1369 2956 1414 et
2983 1359 3292 1426 evangelica
3319 1357 3551 1427 desuper

2542 1449 2776 1504 Mentem
2805 1457 3042 1504 retectus
3070 1449 3270 1503 lumine
3288 1489 3302 1515 ,

2402 1537 2572 1593 Ponat
2597 1538 2621 1575 ι
2651 1539 2874 1608 capillos
2903 1540 3084 1594 oneris
3115 1550 3171 1594 et
3195 1538 3472 1592 velaminis

2259 1625 2362 1681 680
2538 1627 2738 1682 Servus
2768 1628 2912 1696 ﬁdei,
2940 1636 2995 1682 et
3022 1629 3157 1682 liber
3183 1629 3304 1682 fide.

2400 1715 2551 1771 Hunc
2577 1717 2716 1771 lacte
2737 1719 2910 1786 primo
2935 1733 3032 1787 per
3051 1718 3434 1787 prophetarum
3456 1717 3626 1782 ubera

2537 1805 2648 1859 Lex
2676 1807 2961 1875 paedagoga
2989 1809 3206 1860 nutriat.

2399 1893 2549 1948 Hunc
2571 1896 2881 1961 angelorum
2914 1911 3052 1965 pane
3074 1897 3242 1950 dulcis
3276 1897 3447 1964 gratia

2532 1983 2600 2038 Et
2625 1985 2782 2039 melle
2807 1984 2874 2040 de
2901 1992 3051 2054 petra
3078 1987 3222 2040 cibet
3253 1983 3308 2039 ι.

2253 2071 2358 2128 685
2393 2073 2693 2147 inebrietur
2721 2075 2993 2130 sobriante
3018 2076 3215 2144 poculo

2533 2163 2608 2227 De
2639 2163 2786 2216 fonte
2812 2165 2983 2218 sancti
3011 2164 3258 2234 Spiritus.

2396 2251 2757 2322 593-594
2784 2251 2850 2305 Et
2878 2252 2994 2322 ipse
3017 2261 3076 2307 tu
3096 2268 3223 2307 mox
3250 2252 3529 2324 copulatus

2536 2340 2606 2396 Ut
2628 2342 2803 2411 palma
2833 2342 3085 2399 ﬂorescas
3109 2343 3240 2398 Deo.

2389 2430 2460 2487 Et
2479 2446 2605 2487 ecce
2625 2432 2822 2501 conjux
2844 2434 2898 2488 in
2923 2433 3051 2502 jugo
3071 2432 3290 2499 Christi,
3315 2440 3434 2499 tua,

2247 2519 2351 2576 690
2531 2521 2602 2577 Ut
2618 2523 2741 2577 vitis
2762 2524 2996 2579 exundat
3021 2525 3163 2579 bona
3193 2535 3231 2562 ω

2389 2611 2600 2678 Domui,
2624 2611 2840 2680 Deoque
2875 2631 2887 2667 :
2919 2623 3068 2670 costa
3095 2623 3121 2650 ιι
3151 2615 3308 2671 fortis
3330 2615 3445 2674 hinc
3475 2617 3570 2672 tibi

2528 2701 2810 2759 Lateribus
2840 2705 2893 2757 in
2919 2704 3110 2760 domus
3130 2713 3261 2771 tuae,

2387 2788 2558 2847 Curas
2586 2793 2764 2846 mariti
2793 2795 3082 2861 sustinens,
3115 2811 3308 2851 curans
3333 2795 3512 2861 ﬁdem,

2526 2879 2712 2936 Sancti
2735 2897 2935 2943 corona
2963 2884 3226 2954 conjugis,

2245 2969 2348 3023 695
2389 2970 2444 3024 ln
2468 2975 2718 3028 castitate
2738 2975 2936 3030 liberos
2961 2978 3236 3032 enutriens

2526 3061 2702 3116 Vitam
2725 3064 3058 3120 novellantes
3083 3064 3211 3121 Deo.

2391 3149 2543 3205 llunc
2570 3166 2801 3220 namque
2831 3161 3007 3208 vestra
3034 3155 3145 3208 vite
3170 3153 3340 3208 fusum
3368 3154 3641 3224 palmitem

2516 3239 2605 3295 Sic
2624 3241 2787 3297 credo
2809 3242 3128 3298 firmandum
3147 3244 3277 3307 Deo,
3638 3229 3640 3231 l

2383 3329 2597 3402 Radicis
2623 3333 2736 3402 ipse
2763 3349 2945 3390 ramus
2970 3345 3029 3390 ut
3055 3337 3206 3392 radix
3225 3351 3334 3394 sum

2239 3421 2338 3475 700
2515 3425 2712 3480 Secum
2737 3441 2886 3481 suam
2915 3429 3136 3499 stirpem
3161 3430 3375 3486 trabat.‘

2380 3512 2448 3568 Ut
2474 3514 2562 3569 ille
2589 3516 2860 3584 quondam
2885 3519 3219 3587 providentia
3249 3519 3344 3575 Dei

2513 3606 2810 3663 Distractus
2833 3609 2885 3663 in
2907 3624 3120 3666 servum
3149 3625 3309 3679 puer,

2374 3697 2454 3752 Ad
2481 3712 2606 3755 arva
2629 3697 2837 3768 frugum
2867 3708 2891 3735 ο
2921 3701 3114 3756 missus
3141 3710 3241 3766 est,
3271 3710 3329 3757 ut
3348 3711 3404 3757 et
3425 3711 3632 3776 patrem

2512 3787 2732 3846 Pneiret
2757 3800 2812 3846 et
2841 3791 3030 3847 fratres
3057 3808 3204 3871 suos,

2232 3880 2332 3952 705
2366 3878 2467 3947 Qui
2490 3897 2616 3936 mox
2638 3898 2735 3953 per
2762 3883 2948 3938 orbem
2971 3897 3321 3940 consecutura
3350 3886 3514 3952 fame,

2504 3970 2677 4026 Patris
2697 3973 2836 4028 altor
2857 3982 2913 4027 et
2933 3973 3154 4029 fratrum
3183 3974 3342 4031 foret.

2364 4061 2455 4118 Sic
2482 4063 2583 4119 iste
2610 4063 2787 4118 forsan
2819 4064 2871 4118 in
2900 4081 3110 4120 sacram
3138 4077 3164 4116 P
3191 4067 3344 4136 panis
3372 4067 3593 4123 domum

2508 4153 2618 4208 Vos
2645 4156 2932 4209 antecessit
2961 4155 3126 4220 ﬁlius;

2365 4243 2434 4304 Ut
2461 4254 2515 4302 et
2541 4257 2789 4317 parentes
2810 4258 2996 4317 pascat
3021 4259 3076 4304 et
3098 4250 3290 4308 fratres
3315 4266 3442 4315 suos

2221 4335 2324 4389 710
2499 4337 2557 4392 In
2579 4339 2731 4394 istius
2751 4340 2931 4394 mundi
2960 4341 3120 4398 fame.

2364 4427 2464 4484 Ubi
2487 4438 2627 4484 terra
2655 4431 2878 4484 tribulos
2904 4447 3094 4500 parere
3115 4432 3270 4488 nobis
3297 4433 3515 4502 largior,

2500 4518 2634 4587 Eget
2658 4519 2919 4574 bonorum
2947 4520 3183 4588 frugibus
3215 4539 3228 4574 :

2358 4606 2428 4663 Et
2452 4609 2540 4663 hic
2567 4609 2790 4677 spadoni
2819 4609 3065 4664 venditus
3087 4610 3188 4665 dici
3209 4618 3408 4680 potest,

2493 4695 2596 4762 Qui
2623 4698 2882 4752 castitatis
2910 4713 3094 4753 servus
3122 4708 3234 4764 est;

2215 4787 2316 4860 ’115
2354 4787 2422 4844 Et
2448 4789 2540 4857 qui
2569 4789 2624 4844 in
2645 4789 2828 4843 Severi
2851 4789 2940 4858 jus
2958 4805 3280 4860 manumque
3303 4799 3387 4847 est
3417 4793 3645 4861 traditus

2488 4877 2754 4949 Spadonis
2782 4880 2852 4935 ob
2875 4893 3095 4949 regnum
3124 4881 3240 4944 Dei,

2277 5029 2299 5103 'f
2327 5030 2382 5103 l_d
2407 5038 2489 5103 est
2515 5029 2774 5103 Πέρση-τῃ.
2806 5032 2938 5089 Vide
2965 5048 3132 5093 carm.
3160 5034 3246 5103 H,
3269 5050 3321 5089 v.
3354 5032 3441 5089 81.

2281 5098 2297 5139 ι
2327 5099 2467 5153 Psal.
2494 5098 2657 5164 Lm,
2683 5101 2768 5154 17.

2273 5178 2310 5204 ιη
2331 5167 2470 5228 Psal.
2501 5185 2696 5235 cxxvn,
2727 5170 2780 5222 5.

2273 5246 2298 5273 υ
2330 5237 2461 5291 Vide
2489 5247 2601 5292 not.
2629 5239 2756 5291 282.

2273 5315 2296 5342 ο
2327 5305 2380 5359 ld
2406 5315 2488 5360 est
2516 5309 2788 5428 frugifera.
2822 5309 2954 5367 Vide
2979 5330 3028 5366 v.
3061 5311 3182 5366 674.

2273 5386 2298 5424 ι)
2329 5374 2513 5428 Bethle
2533 5392 2658 5428 iem.

2272 5386 2298 5424 ι)
2329 5374 2658 5430 Bethlehem.

2272 5443 2347 5523 ςα)
2375 5444 2450 5498 Ita
2481 5446 2813 5523 correximus
2840 5464 2906 5503 ex
2935 5465 3034 5504 ms.
3056 5449 3263 5523 _codi_cc
3310 5450 3479 5519 Regio
3509 5461 3565 5507 et
3610 5452 3762 5511 editis

2201 5514 2453 5639 ggisréque,
2486 5514 2794 5585 postulante
2833 5527 3026 5574 metro.
3056 5516 3150 5575 Ed.
3180 5518 3370 5585 Rosv.,
3395 5514 3578 5592 reteri,
3607 5539 3753 5586 men-
