4006 6182
254 307 356 361 629

387 417 505 483 Quo
531 415 821 480 nutriente,
854 417 1139 473 roboratus
1167 417 1222 472 in
1248 416 1425 480 fidem,

529 507 597 562 Et
617 509 933 563 charitatem
956 507 1267 572 masculam,

390 595 687 652 lrretientis
712 600 751 631 ⁸⁸
783 597 944 652 seculi
974 612 1226 667 pompam
1253 597 1445 653 illicem
1464 635 1479 660 ,

251 691 346 745 720
526 691 594 746 Ut
616 692 980 762 impudentem
1005 693 1256 748 feminam

381 780 546 836 Casto
571 782 834 850 superbus
863 784 1066 851 respuit
1089 784 1324 848 fastidio,

531 873 789 941 Nudaque
817 874 1004 927 vitavit
1030 873 1171 940 fuga,

375 960 445 1015 Et
465 963 756 1018 antevertit
786 973 809 998 ιι
841 963 1048 1030 gaudiis
1075 962 1326 1018 letalibus
1349 963 1394 994 ¹⁰

519 1050 711 1107 Poenas
739 1052 1002 1106 salutares
1029 1053 1157 1122 pati.

240 1139 342 1195 725
382 1139 451 1195 Ut
477 1141 567 1195 ille
595 1140 884 1209 quondam,
915 1140 993 1196 sic
1020 1141 1181 1196 modo
1210 1142 1309 1196 iste
1331 1153 1598 1196 carcerem

516 1227 622 1284 Pro
650 1231 901 1283 castitate
937 1230 1172 1298 perferat
1191 1248 1205 1294 ;

381 1316 450 1371 Ut
478 1331 507 1370 a
533 1315 753 1384 juventa
776 1317 1115 1384 singulariter
1138 1318 1348 1382 sedens,

516 1404 808 1473 Tacitaque
835 1406 1078 1460 seclusus
1099 1406 1278 1472 domo,

375 1496 534 1552 Amet
559 1496 755 1566 quietae
784 1504 922 1550 tecta
946 1497 1277 1560 solitudinis,

512 1585 690 1655 Spinis
718 1593 772 1640 et
798 1599 956 1640 aures
976 1586 1168 1654 sepiat.

367 1677 621 1734 Domihus
648 1677 890 1732 ciborum
919 1677 1164 1746 praeferat
1194 1678 1366 1733 luctus
1393 1677 1644 1746 domum,

516 1766 585 1822 Ut
612 1767 862 1836 gaudium
891 1767 1017 1822 ﬂetu
1046 1776 1219 1834 serat;

365 1857 605 1929 Seseque
626 1860 772 1914 duris
803 1869 995 1929 sponte
1021 1868 1201 1916 nectat
1231 1861 1450 1929 legibus,

509 1948 689 2018 Culpa:
715 1958 772 2002 ut
795 1950 1029 2004 resolvat
1057 1950 1310 2014 vinculis,

229 2033 328 2089 755
365 2035 747 2106 Patientiznque
767 2038 1080 2106 compedem
1103 2039 1343 2108 imponat
1367 2041 1487 2102 sibi,

506 2127 615 2182 Nec
642 2127 788 2192 sede,
818 2143 918 2182 nec
939 2143 1100 2183 sensu
1128 2144 1311 2197 vagus.

360 2217 432 2278 Et
452 2226 577 2273 tunc
605 2217 673 2272 ab
700 2218 886 2273 humili
907 2219 1051 2277 celsa
1074 2220 1468 2289 promerebitur
1501 2240 1510 2273 :

507 2309 641 2374 Quia
667 2309 759 2379 qui
788 2310 1046 2379 superbos
1074 2310 1344 2379 demimit,

358 2397 604 2454 Humiles
629 2399 834 2463 inaltat,
868 2399 1107 2466 dansque
1127 2400 1308 2468 parvis
1336 2400 1583 2469 gratiam,

504 2486 724 2541 Resistit
749 2489 1145 2556 arrogantibus.

361 2577 455 2636 Sic
474 2578 564 2634 ille
586 2577 785 2648 Joseph
815 2585 940 2632 ante
967 2592 1164 2647 parvus
1183 2578 1352 2634 factus
1379 2586 1493 2642 est,

505 2669 574 2724 Ut
600 2683 821 2736 magnus
845 2677 987 2724 esset
1011 2687 1024 2720 :
1049 2677 1104 2724 et
1132 2670 1236 2725 nisi

359 2759 564 2816 Servus
587 2759 793 2838 fuisset,
824 2775 932 2814 non
961 2759 1148 2814 fuisset
1188 2759 1240 2813 in
1265 2761 1346 2815 sui

501 2851 714 2906 Tellure
739 2851 940 2905 servitii
966 2859 1174 2920 potens.

225 2942 322 3000 745
358 2941 465 2999 Ubi
492 2943 819 2998 sustinuerat
844 2941 1156 2995 servitutem
1186 2949 1240 2994 et
1269 2953 1561 3005 carcerem,

497 3033 573 3087 lbi
593 3046 814 3100 regnum
844 3045 1078 3100 opesque
1106 3039 1332 3086 nanctus
1355 3039 1453 3085 est.

351 3122 463 3179 Sed
490 3121 802 3177 sustinendo
831 3121 1125 3189 iniquitatis
1153 3121 1364 3177 vincula
1381 3159 1396 3182 ,

493 3213 718 3268 Justitia:
745 3214 888 3282 cepit
913 3215 1151 3282 prmmia.

353 3304 516 3383 595
541 3334 567 3344 -
593 3303 754 3377 596
788 3302 869 3356 Sit
907 3311 962 3356 et
1005 3303 1092 3356 hic
1117 3302 1374 3371 probatus
1418 3303 1657 3372 corporis
1690 3317 1787 3359 cuc-

1475 3394 1608 3464 [stos
1635 3393 1716 3449 sui

235 1586 336 1640 750

225 2484 324 2540 740

222 3483 315 3539 750
501 3482 566 3538 Ut
593 3483 825 3540 claustra
855 3491 1036 3537 teneat
1060 3484 1313 3537 carceris.

350 3572 409 3628 Si
437 3574 566 3628 vitia
594 3574 772 3629 carnis
797 3572 1073 3626 strinxerit
1101 3571 1298 3626 Christi
1328 3581 1492 3637 metu,

497 3660 658 3728 Quasi
683 3660 712 3700 δ
742 3661 1023 3715 vinculatis
1055 3670 1078 3699 ο
1101 3661 1334 3729 prmerit,

349 3752 594 3819 Aliisque
621 3751 803 3805 mundi
825 3750 1031 3805 carceri
1056 3749 1276 3806 inclusis
1302 3750 1493 3815 adhuc.

495 3841 563 3895 Et
589 3841 818 3908 alligatis
843 3839 1046 3903 seculo,

217 3927 316 3983 755
351 3928 424 3986 Ut
454 3929 588 3984 liber
608 3933 750 3999 ipse;
774 3930 995 3998 jamque
1023 3928 1341 3984 commissus
1367 3927 1488 3994 sibi,

482 4011 749 4088 Magister
777 4027 832 4073 et
859 4026 1041 4073 custos
1070 4018 1193 4072 erit.

347 4109 592 4180 Namque
620 4111 708 4164 ille
729 4109 851 4178 jure
878 4109 970 4178 qui
998 4123 1148 4164 suam
1177 4109 1490 4172 servaverit,

495 4199 733 4254 Aliorum
763 4199 925 4253 habet
949 4198 1278 4263 custodiam;

347 4288 467 4342 Non
491 4296 548 4341 ut
577 4288 812 4342 tenebris
836 4303 1152 4356 permanere
1179 4289 1428 4349 carceris,

495 4377 602 4431 Seu
625 4377 824 4431 liberos
849 4377 1058 4432 vinctos
1086 4379 1214 4431 velit
1238 4395 1249 4428 :

343 4469 454 4528 Sed
487 4481 542 4522 ut
570 4477 818 4538 receptos
843 4468 1038 4523 doceat
1058 4469 1305 4538 exemplo
1333 4485 1431 4523 suo

491 4561 670 4616 Mundi
699 4562 904 4617 catenis
925 4563 1067 4625 exui,

340 4649 413 4706 Et
441 4650 614 4716 facile,
652 4651 883 4720 propriis
913 4651 1188 4706 absolutus
1213 4651 1459 4715 vinculis,

485 4744 632 4799 Solvi
659 4743 875 4799 docebit
899 4743 1143 4808 crimine,

207 4834 305 4891 765
338 4836 631 4903 Bonusque
659 4834 854 4889 mentis
879 4835 960 4888 vir
977 4835 1303 4902 gubernator
1328 4849 1457 4899 suae,

482 4925 549 4979 Et
572 4925 825 4981 Ecclesiae
845 4923 871 4962 ει
901 4939 1089 4979 navem
1118 4932 1289 4994 reget.

339 5015 476 5071 Nam
506 5014 780 5084 quomodo
804 5014 892 5069 ille
920 5014 1226 5084 prmsidebit
1252 5014 1550 5084 proximis,

485 5103 720 5175 Prmesse
748 5104 840 5172 qui
867 5104 1040 5159 nescit
1067 5103 1202 5158 sibi?

340 5191 450 5250 Sed
477 5209 655 5250 sermo
682 5193 862 5264 lapsus
889 5193 1196 5249 decucurrit
1216 5193 1445 5262 longius,

484 5283 747 5344 Revertar
773 5282 839 5337 ad
861 5281 1059 5353 Ioseph
1089 5298 1290 5338 meum.

213 4374 311 4430 760

207 5281 304 5336 770

273 5422 298 5484 ξι
331 5413 390 5484 id
419 5421 500 5484 est
528 5417 774 5484 prwtulit.
807 5414 940 5470 Vide
967 5431 1019 5469 ν.
1052 5413 1175 5468 544.

271 5481 299 5519 δ
335 5483 474 5553 Vide
496 5481 582 5553 ep.
615 5483 702 5547 50,
728 5501 784 5537 n.
820 5484 908 5537 17.

276 5561 298 5590 ε
332 5551 466 5606 Vide
489 5551 732 5606 eamdem
761 5553 939 5609 licent.
968 5569 1024 5613 ν.
1052 5552 1175 5607 871.

272 5621 298 5655 ιι
331 5620 462 5674 Vide
489 5629 602 5675 not.
643 5621 766 5676 239.

277 5700 298 5725 ε
329 5689 518 5747 Matth.
541 5706 614 5757 xi,
643 5691 728 5746 50.

1654 302 1883 357 POEMA
1923 303 2103 361 XXIV.

1847 421 1897 475 Δ
2064 419 2258 476 Castus
2284 423 2457 477 beatae
2482 422 2615 478 flore
2637 433 2825 481 vemet
2852 427 3060 497 gratim,

1849 3029 2002 3128 ¹800

3385 316 3492 373 630

2207 512 2274 567 Ut
2299 514 2531 583 paradisi
2559 516 2724 570 lilium
2752 534 2765 569 :

2064 601 2134 658 Ut
2162 604 2325 658 corde
2352 621 2486 674 puro
2515 607 2709 663 omlitis
2731 607 3030 677 prudentiae

2203 691 2397 749 Potum
2427 695 2648 764 pudicus
2671 697 2917 759 hauriat;

1924 777 2026 830 775
2064 779 2340 851 Responsa
2364 783 2540 841 dubiis
2567 793 2781 840 exserat
2808 787 3124 842 mortalibus

2202 873 2443 928 Arcanus
2473 875 2736 946 interpres
2764 877 2878 942 Dei,

2060 958 2123 1012 Et
2152 962 2414 1018 emicante
2442 964 2612 1032 gloria
2641 967 2795 1021 fama:
2820 969 2976 1024 bonae

2201 1051 2453 1108 Notescat
2483 1056 2536 1108 in
2564 1057 2703 1123 regis
2725 1057 2906 1113 domo.

2065 1139 2402 1210 Placitusque
2429 1145 2542 1213 regi
2571 1146 2764 1215 spiritu
2787 1148 3100 1217 prudentiae,

2196 1227 2450 1286 Sumatur
2476 1232 2531 1286 in
2558 1235 2707 1302 regni
2734 1237 2923 1292 ducem
2950 1255 2964 1292 :

2058 1314 2420 1376 Possessionis
2447 1323 2609 1391 regiae
2636 1326 2884 1395 princeps
2913 1338 3022 1391 eat,

2197 1404 2484 1466 Praefectus
2512 1411 2565 1467 in
2591 1428 2784 1482 magna
2812 1415 2996 1480 domo,

2055 1496 2265 1554 Stolam
2292 1503 2387 1556 sed
2413 1503 2514 1558 iste
2541 1504 2814 1575 byssinam
2841 1515 2896 1561 et
2925 1513 3169 1576 torquem
3200 1523 3419 1564 aureum

2193 1589 2378 1656 Cerat,
2407 1602 2530 1663 apta
2558 1592 2774 1650 Christo
2799 1597 3048 1664 insignia;

1917 1674 2019 1728 785
2057 1675 2285 1732 Textam
2306 1695 2556 1750 supernas
2586 1685 2770 1751 gratim
2797 1693 3001 1741 vestem
3024 1687 3227 1754 induat,

1921 1227 2021 1280 780

1840 1756 1888 1816 B
2195 1768 2434 1826 Stolatus
2463 1773 2786 1828 innocentia.

2050 1857 2316 1914 Contexta
2345 1862 2508 1932 bysso
2531 1866 2694 1918 vestis
2723 1865 2980 1935 irruptam
3011 1866 3167 1922 fidem

2191 1947 2378 2014 Signat
2412 1952 2614 2006 valenti
2643 1954 2894 2016 stamine,

2050 2035 2181 2090 Nam
2214 2037 2298 2092 fila
2327 2039 2471 2110 byssi
2501 2041 2722 2097 fortiora
2752 2050 2806 2098 et
2830 2046 3059 2113 sparteis

2188 2128 2455 2185 Feruntur
2483 2147 2602 2188 esse
2621 2132 2854 2188 funibus.

2051 2214 2155 2271 Pro
2187 2224 2395 2287 torque,
2428 2221 2570 2276 collo
2598 2224 2836 2278 caritatis
2860 2238 3037 2277 aurem.

2186 2306 2458 2363 Przedulce
2485 2311 2777 2365 circumdet
2799 2312 2984 2380 jugum
3019 2322 3065 2379 θ,

2046 2396 2198 2462 Quod
2227 2413 2391 2452 suave
2421 2397 2655 2467 Christo,
2687 2418 2789 2457 nec
2821 2403 3123 2467 molestum,
3153 2404 3391 2475 pondere

2187 2486 2484 2559 Adstringit
2511 2491 2668 2557 colla,
2700 2507 2811 2547 non
2841 2493 3053 2562 premit.

1906 2572 2008 2628 795
2043 2574 2168 2631 Haec
2195 2577 2335 2631 inter
2363 2579 2501 2634 idem
2529 2581 2669 2636 dona
2694 2590 2891 2650 sumat,
2921 2585 3054 2652 regii

2179 2666 2389 2736 Insigne
2411 2669 2567 2737 juris,
2598 2673 2873 2738 annulum,

2040 2755 2367 2826 Comtusque
2393 2761 2533 2814 trino
2557 2761 2834 2817 Trinitatis
2861 2777 3099 2828 munere,

2181 2841 2355 2901 Curru
2383 2850 2609 2904 vehatur
2637 2853 2804 2918 regio.

2041 2938 2256 3006 Regalis
2282 2941 2485 2994 etenim
2516 2957 2704 2996 currus
2726 2952 2808 2997 est
2835 2942 3032 2998 Christi
3057 2959 3203 3008 caro,

2178 3031 2492 3101 Corpusque
2521 3042 2764 3088 sanctum
2793 3035 3052 3102 Ecclesia,

2037 3121 2155 3188 Quo
2187 3123 2399 3176 vehitur
2427 3124 2541 3192 ipse
2570 3125 2802 3181 millibus
2829 3126 3124 3181 lzetantium
3160 3126 3179 3166 ¹

2181 3213 2428 3280 Agitator
2452 3213 2615 3269 Israel
2646 3224 2670 3261 ε
2701 3215 2859 3271 Deus.

2035 3300 2251 3360 Imitare
2279 3301 2588 3361 Christum:
2621 3304 2707 3360 fac
2734 3305 2953 3369 bonum,
2988 3306 3097 3360 vita
3124 3305 3343 3374 malum,

2173 3391 2308 3447 (Σαξιί
2338 3394 2501 3448 vitam
2530 3394 2582 3448 in
2614 3395 2772 3450 terris
2799 3410 2898 3464 age
2926 3393 2973 3448 ιι.

1891 3482 1996 3538 805
2033 3482 2100 3538 Et
2119 3483 2233 3554 ipse
2259 3493 2311 3539 te
2335 3500 2430 3540 rex
2460 3492 2624 3554 ponet
2650 3486 2703 3539 in
2732 3500 2947 3541 currum
2975 3501 3151 3552 suum,

2175 3575 2449 3644 Regnique
2478 3583 2787 3636 consortem
2815 3575 2983 3629 dabit.

2031 3663 2098 3718 Et
2126 3680 2332 3720 summa
2360 3666 2511 3732 regni
2533 3664 2654 3732 jura
2683 3664 2984 3719 committet
3011 3665 3117 3730 sui,

2171 3754 2480 3822 Pandetque
2508 3755 2787 3807 thesauros
2816 3768 2965 3806 suos.

2030 3842 2136 3897 Sed
2158 3851 2283 3896 ante
2311 3842 2469 3910 digna
2500 3841 2757 3908 largietur
2777 3841 3020 3908 pignora,

2175 3931 2244 3990 Ut
2272 3932 2433 4000 regiis
2457 3929 2751 3998 insignibus

2030 4021 2186 4092 597
2217 4049 2244 4062 -
2270 4023 2432 4092 598
2457 4019 2686 4075 Ornatus
2706 4020 2872 4074 altum
2894 4019 3034 4088 regis
3053 4021 3307 4076 ascendas
3319 4022 3462 4077 thro-

3216 4109 3398 4181 [mum

1911 2126 2011 2179 790

1889 3931 1994 3988 810

2169 4197 2506 4268 Reseresque
2529 4197 2737 4266 regales
2762 4212 2953 4267 penus,

2029 4285 2319 4357 Sapientia:
2344 4287 2559 4353 monile,
2592 4287 2775 4354 gloriae
2802 4288 3016 4354 stolam,

2168 4377 2422 4445 Fideique
2447 4387 2661 4446 gestans
2678 4377 2962 4435 annulum.

1813 4462 1862 4520 D
1890 4465 1995 4522 815
2030 4466 2138 4526 Sed
2167 4477 2224 4523 ut
2250 4470 2339 4524 ille
2365 4477 2530 4524 totam
2557 4469 2641 4522 vir
2669 4483 2764 4538 per
2795 4468 3084 4538 [Egyptum
3111 4476 3306 4539 potens

2172 4558 2294 4613 Fuit
2322 4568 2474 4613 exter
2499 4557 2718 4624 [Egypti
2746 4557 2894 4622 solo;

2047 4649 2114 4705 Et
2141 4650 2263 4716 iste,
2294 4648 2476 4702 mundi
2502 4648 2703 4703 viribus
2731 4647 3022 4715 potentior,

2168 4741 2248 4797 Sit
2276 4739 2428 4794 fortis
2455 4735 2746 4806 iEgyptum
2772 4750 2953 4804 super,

2029 4831 2403 4904 Egyptiorum
2431 4827 2525 4886 sed
2548 4826 2861 4896 peregrinus
2887 4826 3076 4893 domo,

2168 4922 2257 4976 Sic
2281 4921 2500 4985 mixtus,
2529 4926 2588 4972 ut
2615 4933 2722 4972 non
2751 4918 2949 4971 mixtus
2970 4918 3058 4982 sit,

2027 5011 2304 5078 Distetque
2323 5016 2589 5074 sanctum,
2619 5007 2752 5062 sede
2779 5008 3048 5061 communi
3077 5007 3222 5076 licet,

2163 5099 2241 5153 De
2265 5106 2425 5168 gente
2452 5113 2560 5152 non
2585 5105 2769 5151 sancta
2798 5110 2986 5164 genus,

2021 5190 2354 5258 Tantumque
2398 5187 2480 5258 (α)
2519 5187 2576 5244 in
2611 5187 2750 5253 isto,
2802 5195 3072 5258 tamquam
3122 5189 3175 5242 in
3219 5188 3454 5261 [Egypto

3183 5280 3370 5354 [situs,

1883 4924 1991 4984 820

1957 5416 1975 5451 ί
2010 5413 2147 5467 Psal.
2180 5431 2337 5474 vau.
2374 5413 2460 5472 l8.

1955 5494 1978 5530 ε
2011 5484 2139 5536 Vide
2169 5492 2282 5537 not.
2316 5483 2438 5535 285.

1953 5551 1977 5588 ιι
2009 5552 2144 5606 Psal.
2177 5569 2354 5614 xxxvi,
2388 5551 2474 5607 27.

1952 5623 2027 5689 (α)
2067 5621 2160 5675 Ms.
2205 5621 2371 5675 codex
2421 5622 2614 5688 Regius
2662 5637 2779 5689 cum
2828 5621 2983 5676 editis
3021 5631 3270 5688 quatuor,
3306 5615 3446 5673 Nam

1888 5688 2000 5746 tunc
2032 5693 2079 5746 in
2111 5692 2228 5749 iuo.
2264 5690 2398 5746 Edit.
2431 5691 2638 5755 Scllot.,
2674 5688 2810 5742 Nam
2842 5706 2992 5743 nunc.
