2003 3091
300 164 348 194 εει
767 161 796 189 S.
816 160 950 188 PAULINI
969 158 1092 187 NOLANI
1111 156 1263 186 EPISCOPI
1299 155 1470 184 POEMATA.
1853 153 1898 183 632

439 218 484 248 Sic
495 218 649 247 demoretur
662 217 767 252 seculo,

299 263 352 291 eas
370 264 480 293 melius
493 269 523 292 ut
534 265 569 292 sit
579 264 663 293 seculi
674 263 789 298 negotiis

438 310 561 341 Caelestis
572 310 647 338 urbis
660 309 759 341 incola.

369 353 402 386 In
413 361 493 383 carne
506 355 607 387 vivens,
621 354 676 382 vita
688 353 776 381 carnis
786 351 901 383 exsules,

439 399 468 426 ln
481 399 540 434 lege
554 399 652 426 mentis
662 398 813 429 ambulans,

373 442 524 477 Totamque
536 443 612 476 regni
626 441 720 469 crediti
732 445 831 468 terram
844 438 896 466 sibi

302 487 354 518 850
441 486 570 521 Peragret
584 487 611 514 in
626 486 700 513 libris
713 484 805 512 sacris.

372 530 405 559 Et
419 531 487 558 sicut
501 530 546 558 ille
559 530 600 558 vir
614 529 661 557 Dei
674 528 772 563 Joseph
787 527 849 562 pius

442 573 627 608 Memphiticos
641 572 708 599 ﬂnes
720 571 789 603 obit,

372 616 407 644 Et
418 617 553 651 ampliatis
565 616 670 644 horreis
680 615 754 642 betas
764 621 831 648 opes

440 661 622 688 Fecunditatis
636 666 795 694 congerens,

302 705 354 734 855
367 704 567 733 Exuberantum
578 705 652 732 dives
664 711 794 731 annorum
807 703 895 734 bonis,

443 747 538 783 lejuna
551 748 624 783 pavit
638 752 759 782 tempora
774 756 782 773 ε

374 791 419 820 Sic
431 792 481 819 iste
495 795 586 819 naster
599 791 627 818 in
638 791 750 818 sacratis
763 790 873 818 Litteris

444 835 615 863 Perambulet
626 842 737 869 regnum
748 835 804 862 Dei.

373 878 510 913 Scriptura
522 886 637 913 namque
650 882 743 905 sancto
757 878 821 905 ﬂata
834 877 934 913 Spiritu

304 921 356 951 840
443 923 528 957 Regni
540 922 665 957 perennis
675 926 761 949 mater
770 926 821 954 est,

374 966 407 994 Et
421 967 471 994 iste
485 975 549 994 cura
562 967 675 1001 spiritali
690 967 834 1001 providens

442 1010 535 1038 Struat
549 1011 636 1045 ampla
646 1011 744 1038 mentis
757 1011 864 1044 horrea,

375 1055 411 1083 Ut
423 1055 534 1084 dilatato
545 1057 619 1091 larga
632 1057 694 1083 vitae
705 1057 826 1091 perpetis

446 1099 578 1128 Alimenta
592 1101 690 1128 condat
704 1106 828 1136 pectore;

303 1142 357 1173 845
374 1143 408 1171 Et
420 1151 481 1172 cum
491 1145 566 1172 vitali
579 1145 686 1172 divitem
698 1146 847 1173 substantia

443 1191 589 1223 Perfecerit
602 1198 705 1224 terram
716 1202 802 1227 suam,

374 1236 448 1265 Ttmc
465 1242 493 1265 tu
506 1243 535 1265 ut
546 1238 642 1266 fruaris
653 1238 699 1267 ﬁlii
712 1241 831 1275 potentia

443 1281 590 1317 Tamquam
601 1283 682 1311 lsrael
694 1285 744 1313 ibis
754 1293 848 1319 senex,

372 1324 406 1352 Et
419 1326 541 1354 introibis
555 1327 640 1360 laetus,
655 1329 741 1356 accito
755 1330 833 1357 simul

303 1367 355 1395 850
443 1369 617 1404 Cognationis
628 1373 743 1407 agmine.

332 1413 336 1416 ”
374 1412 521 1449 Pascetque
533 1420 611 1443 natus
627 1416 654 1444 in
670 1418 750 1446 domo
761 1418 831 1452 regis
846 1423 919 1446 tuam

441 1459 529 1489 Partis
540 1466 553 1481 "
566 1468 702 1491 senectam
717 1465 839 1500 panibus.

373 1508 407 1536 Ut
419 1510 507 1544 pullus
521 1511 616 1545 aquilae
630 1511 729 1539 dicitur
744 1512 757 1531 δ
772 1520 917 1548 repascero

441 1553 511 1583 Cura
526 1560 651 1589 parentes
663 1560 767 1588 mutua,

301 1600 354 1627 855
371 1600 443 1640 Quos
455 1603 495 1629 vis
508 1608 623 1631 senectae
632 1611 724 1632 rursus
739 1605 879 1640 implumes
891 1607 964 1638 facit,

440 1646 562 1681 Nidoque
576 1650 725 1683 pascendos
737 1649 819 1677 refert
833 1659 839 1676 :

371 1694 462 1727 Donec
472 1696 586 1730 replumi
600 1697 749 1725 vestiantur
761 1706 885 1733 corpore,

440 1739 591 1775 Pennisque
605 1742 749 1771 ﬂorescant
762 1745 849 1773 novis.

372 1785 447 1814 Versi
461 1787 578 1814 vicissim
590 1796 667 1816 more
680 1794 783 1818 natura:
797 1799 867 1821 novo

300 1829 352 1858 860
438 1830 506 1858 Sunt
519 1831 577 1860 ﬁliis
591 1833 656 1867 pulli
669 1841 757 1862 senes.

369 1874 405 1902 At
416 1882 477 1903 cum
490 1880 604 1904 veterno
614 1877 741 1907 defamata
755 1879 849 1908 fecerit

440 1922 529 1950 Novos
537 1923 647 1957 juventa
659 1930 801 1961 praepetes,

371 1968 484 1997 Desueta
501 1969 538 2004 (a)
554 1970 634 2005 longo
648 1973 757 2005 remigia
772 1981 920 2007 pennarum
934 1977 1011 2008 senio

440 2013 515 2040 Natis
529 2014 661 2047 magistris
674 2016 812 2047 inchoant,

299 2053 352 2083 865
369 2054 497 2092 Mixtique
510 2056 589 2090 pullis
598 2057 741 2084 convolant
755 2059 885 2087 altoribus

441 2098 505 2125 Leni
520 2106 570 2133 per
580 2107 663 2126 auras
676 2100 794 2134 impetu;

371 2142 510 2177 Liquidum
525 2150 620 2170 sereno
631 2145 760 2172 tractibus
771 2145 850 2174 lentis
861 2147 911 2175 iter

438 2184 535 2212 Secare
549 2186 656 2214 sublimi
668 2187 753 2221 juvat.

370 2229 566 2265 599e600
597 2230 757 2267 Placideque
794 2235 889 2262 sudum
926 2238 1084 2267 ventilanlcs
1097 2231 1124 2262 Ι)

936 2280 1046 2315 [aerem,

300 2317 352 2349 870
420 2344 424 2347 ,
441 2319 489 2346 Ala
501 2327 579 2354 pares
592 2320 721 2349 immobili

371 2362 438 2390 Dum
452 2370 481 2389 se
495 2367 651 2397 sequuntur,
666 2369 693 2391 et
707 2366 823 2394 vicissim
838 2373 957 2402 prmeunt
973 2375 984 2388 ε
997 2371 1030 2402 ¹¹,

447 2406 527 2437 Serio
541 2412 672 2435 coronant
682 2409 794 2443 circulo,

337 2484 350 2499 ι
363 2479 430 2507 Vide
442 2483 498 2509 not.
514 2479 576 2508 284.

336 2513 351 2533 δ
365 2513 430 2541 Vide
440 2521 483 2547 ep.
497 2513 540 2546 Μ,
553 2523 579 2541 n.
596 2516 622 2548 l.

337 2554 348 2567 ε
365 2547 429 2575 Vide
443 2556 512 2576 vers.
530 2549 590 2576 752.

335 2581 349 2600 ιι
364 2582 430 2609 Vide
443 2587 500 2610 not.
514 2583 578 2612 28.5.

336 2616 391 2660 ξ
405 2621 446 2660 est
461 2619 604 2660 remigium
624 2628 671 2648 seu
685 2622 832 2657 imaginem.
855 2624 920 2651 Vide
941 2633 1022 2653 carm.
1041 2627 1083 2660 18,

300 2650 398 2682 v.181,
415 2655 442 2678 et
455 2657 511 2680 not.
527 2650 589 2680 286.

339 2686 348 2705 ι
365 2685 430 2712 Vide
445 2691 501 2713 not.
515 2687 576 2714 287.

337 2726 349 2744 ε
364 2720 449 2761 ld-es't
460 2721 564 2749 Christi.
581 2723 648 2752 Vide
657 2732 740 2753 carm.
757 2726 799 2759 i7,
822 2735 846 2754 v.
871 2727 931 2761 MO,
955 2733 982 2757 et
997 2738 1080 2758 carm.

300 2755 344 2790 22,
360 2764 385 2782 ν.
401 2755 458 2782 us.

337 2790 348 2828 If
404 2795 445 2817 est
460 2792 539 2829 vanis2
553 2791 619 2821 Vide
629 2802 712 2822 carm.
724 2795 768 2829 22,
784 2805 809 2824 v.
828 2796 888 2826 159.

331 2825 350 2847 "‘
362 2825 391 2855 id
405 2829 445 2854 est
458 2826 562 2854 divitiis.

1095 215 1120 244 Α
1205 210 1325 246 Utroque
1338 212 1362 227 "
1375 210 1451 244 regni
1462 210 1559 238 cmlitis
1572 210 1586 229 ‘
1598 210 1725 246 mysteria

1275 254 1355 282 Mutat
1369 255 1514 288 loquuntur
1528 254 1614 287 alites,

1135 298 1188 327 875
1204 299 1315 328 Sacrum
1329 300 1446 334 potentis
1459 292 1601 333 explicanl
1609 303 1621 317 ο
1637 298 1721 325 instar
1734 298 1818 326 crucis

1274 343 1409 379 Suspensa
1424 344 1519 378 pennis
1533 350 1657 378 corpora.

1207 390 1317 418 Volatus
1330 394 1421 416 autem
1436 390 1613 416 circumactus
1627 388 1727 416 ambitu

1275 434 1396 469 Spondet
1410 434 1509 461 laboris
1523 434 1671 468 przem‘rum.

1206 478 1252 507 Sic
1264 479 1315 506 iste
1335 478 1423 513 pullus
1439 477 1448 497 ¹
1464 479 1610 512 gratiarum
1626 477 1706 509 illius,

1138 522 1190 550 880
1278 522 1379 550 Vestrae
1393 523 1487 550 salutis
1500 523 1626 557 praevius,

1208 567 1303 595 Avium
1315 575 1365 602 per
1378 568 1431 594 alta
1442 572 1640 595 commeantum
1652 567 1741 595 nubila

1277 612 1318 640 Sit
1330 612 1459 647 spiritalis
1474 612 1595 639 aemulus.

1209 657 1349 690 Cornibus,
1364 661 1392 685 et
1406 657 1455 684 alis
1468 657 1558 684 ardua:
1571 656 1653 685 fultus
1663 658 1750 685 erucis

1278 703 1356 730 Volet
1366 703 1392 729 in
1408 709 1536 729 coronam
1552 702 1652 735 gloriae.

1139 747 1191 776 885
1209 747 1260 781 Qui
1273 747 1347 775 fonte
1361 747 1470 782 proprio
1483 750 1525 774 est
1539 747 1682 779 derivatus,
1697 751 1727 774 ut
1736 755 1809 775 suam

1282 792 1354 820 Fons
1366 796 1439 819 totus
1453 792 1480 819 in
1493 799 1589 819 venam
1601 792 1677 826 ﬂuat,

1210 837 1386 871 Vestrumque
1399 837 1476 871 proni
1489 837 1603 864 rivulum
1615 837 1772 872 sequamini.

1104 883 1127 913 Β
1278 880 1314 909 Ut
1328 882 1365 918 (ιι)
1380 881 1477 909 ﬂumen
1491 890 1507 910 e
1520 883 1623 910 cunctis
1636 887 1680 910 eat

1211 926 1356 955 Benedicta
1371 927 1471 962 proles,
1488 931 1581 955 sancta
1593 927 1678 961 radix,
1694 931 1722 955 et
1733 927 1809 955 bona

1140 970 1192 999 890
1280 971 1358 999 Rami
1369 972 1471 999 feraces
1485 972 1600 1000 arboris.

1210 1017 1265 1045 Deo
1275 1017 1385 1045 dedistis
1399 1018 1568 1045 nutriendum
1584 1018 1681 1051 lilium;

1279 1062 1313 1091 Et
1324 1063 1368 1090 ille
1383 1063 1421 1090 sic
1431 1063 1506 1090 vobis
1518 1063 1575 1095 alit,
1600 1068 1604 1072 '

1209 1106 1264 1134 Vos
1278 1112 1308 1133 ut
1321 1107 1438 1134 vicissim
1453 1108 1552 1134 nutriat
1562 1107 1598 1142 (ε)
1613 1114 1694 1134 canos
1708 1114 1790 1142 puer;

1278 1151 1392 1179 Senibus
1407 1152 1428 1167 "
1442 1152 1567 1185 magister
1582 1152 1717 1185 parvulus,

1139 1196 1192 1226 895
1210 1196 1321 1224 Pietatis
1336 1197 1483 1223 admirabili
1500 1197 1625 1231 mysterio

1281 1240 1377 1268 Factus
1391 1249 1487 1274 parens
1503 1241 1664 1275 parentibus.

1212 1284 1312 1313 Deinde
1324 1286 1424 1318 cuncti,
1442 1290 1496 1311 tota
1512 1290 1666 1312 sanctorum
1677 1285 1785 1318 cohors,

1279 1329 1318 1357 Ad
1333 1338 1430 1365 corpus
1440 1330 1503 1357 illud
1516 1335 1528 1353 ε
1542 1330 1657 1362 verticis,

1209 1376 1268 1409 Quo
1281 1376 1349 1403 sicut
1362 1376 1456 1410 aquilas
1470 1376 1702 1411 congregabuntur
1715 1377 1762 1412 pii,

1139 1421 1191 1449 900
1280 1422 1314 1449 Et
1327 1429 1375 1449 vos
1386 1422 1506 1449 volantes
1518 1422 1598 1449 ibitis.

1208 1466 1285 1500 Quod
1300 1474 1353 1494 non
1368 1467 1506 1499 valebunt,
1518 1474 1586 1501 quos
1599 1467 1681 1494 humo
1695 1467 1752 1494 tolli
1766 1471 1856 1495 vetant

1280 1511 1504 1539 Patrimoniorum
1520 1512 1650 1547 pondera.

1099 1559 1123 1590 ε
1209 1555 1276 1583 Cum
1291 1556 1377 1591 prima
1387 1557 1490 1591 signum
1505 1557 1662 1584 suscitandis
1676 1557 1789 1585 mortuis

1276 1602 1351 1630 Caelo
1366 1602 1428 1629 tuba
1442 1602 1615 1637 intonaverit,

1136 1647 1189 1675 905
1207 1648 1238 1676 lli
1253 1656 1324 1675 nunc
1337 1648 1411 1676 obesi
1425 1648 1520 1683 spiritu
1534 1648 1666 1683 superbiae

1278 1693 1312 1722 Et
1325 1694 1421 1728 opibus
1435 1693 1519 1720 inﬂati
1533 1694 1605 1721 cavis
1620 1692 1644 1726 ιι,

1207 1739 1287 1775 Humi
1300 1740 1445 1767 manebunt
1456 1739 1612 1774 compediti,
1628 1747 1678 1767 nec
1691 1741 1748 1768 suis
1767 1766 1771 1770 τ

1257 1806 1259 1809 .
1276 1784 1341 1812 Sese
1355 1785 1526 1819 explicabunt
1541 1785 1580 1819 (ά)
1593 1785 1724 1812 vinculis:

1208 1829 1310 1863 Quibus
1324 1828 1444 1857 inﬁdeles
1457 1837 1527 1857 nunc
1540 1830 1665 1864 ligantur,
1680 1834 1710 1858 ut
1719 1831 1825 1865 volunt.

1136 1874 1189 1902 9l0
1276 1873 1351 1901 Tunc
1362 1874 1492 1902 attinendi
1507 1882 1541 1902 ne
1556 1875 1658 1907 volent,

1205 1919 1273 1952 Quia
1287 1920 1435 1947 sarcinatos
1448 1924 1475 1947 et
1490 1927 1585 1955 graves
1598 1921 1678 1949 rebus
1694 1920 1702 1939 ί
1719 1921 1785 1954 suis,

1278 1964 1368 1992 Mundi
1382 1965 1475 1992 caduci
1489 1965 1596 1999 divites,

1207 2008 1318 2036 Portare
1332 2012 1423 2037 tenera
1438 2018 1492 2037 non
1507 2010 1633 2037 valebunt
1646 2011 1737 2039 nubila

1281 2055 1322 2085 Ad
1336 2056 1406 2090 regis
1420 2063 1560 2084 occursum
1575 2056 1638 2090 Dei;

1135 2098 1188 2125 9ιὸ
1206 2099 1259 2127 Sed
1274 2100 1427 2128 batsitantes
1439 2101 1465 2128 in
1477 2101 1533 2128 luto
1547 2101 1618 2129 itecis
1632 2109 1686 2130 sua!

1279 2143 1418 2179 Opumque
1429 2152 1536 2179 pressos
1550 2146 1678 2180 molibus,

1207 2190 1229 2216 A
1242 2190 1390 2217 meridiano
1405 2191 1528 2218 incendio
1543 2191 1633 2218 mundi
1647 2199 1747 2227 repens

1281 2235 1367 2262 Ruina
1382 2236 1476 2263 mortis
1490 2236 1632 2270 opprimet.

1207 2278 1246 2307 Ne
1259 2287 1350 2314 quaeso
1365 2279 1492 2307 Dominus
1504 2280 1596 2307 talium
1608 2281 1710 2315 virgam
1725 2281 1796 2309 Deus

1137 2324 1189 2354 920
1277 2325 1407 2352 Admittat
1421 2326 1447 2352 in
1461 2330 1561 2353 sortem
1576 2335 1669 2359 suam;

1207 2370 1298 2405 Neque
1313 2378 1361 2397 nos
1375 2370 1400 2397 in
1412 2371 1506 2397 horum
1519 2370 1629 2398 divitum
1644 2371 1744 2399 fructus
1756 2372 1830 2400 sinat

1277 2414 1370 2442 Manus
1381 2415 1486 2450 iniquas
1500 2415 1620 2444 tendere.
1635 2439 1638 2442 .

1172 2491 1210 2526 (ιι)
1314 2499 1366 2527 vox
1380 2491 1458 2527 longe
1468 2492 1494 2519 in
1508 2493 1587 2520 editis
1594 2493 1668 2520 Grin.
1679 2498 1707 2521 et
1714 2493 1816 2521 Poelm.
1828 2494 1909 2521 Morbo

1127 2525 1277 2562 .incurabili
1292 2525 1449 2553 medicinam
1466 2527 1553 2554 facere
1565 2536 1618 2555 non
1634 2529 1718 2562 potui.

1172 2560 1208 2592 (ὁ)
1220 2559 1295 2587 Hunc
1311 2568 1416 2588 versum
1430 2559 1677 2589 emendavimus'ex
1697 2563 1814 2590 editione
1827 2562 1909 2590 Schot.

1136 2599 1163 2622 et
1178 2602 1227 2621 ms.
1246 2594 1311 2628 lieg.
1328 2595 1397 2622 Ante
1411 2600 1470 2622 erat
1485 2596 1520 2623 Ut
1531 2597 1678 2626 ﬂuminibus
1692 2599 1790 2624 cunctis
1804 2601 1854 2624 eat.

1172 2630 1206 2662 (ε)
1228 2628 1277 2656 Ms.
1301 2629 1400 2663 Regius
1424 2631 1510 2658 codex
1530 2639 1591 2659 cum
1611 2631 1689 2659 editis
1703 2632 1781 2664 Bad.,
1796 2631 1872 2659 Grav.
1887 2633 1909 2656 et

1136 2663 1240 2700 Sch_ot.,
1266 2672 1345 2700 canus
1359 2672 1445 2700 Apueyry;
1465 2673 1517 2700 non
1535 2666 1645 2693 omnino
1662 2667 1733 2694 male
1747 2667 1796 2700 (ait
1810 2664 1909 2693 Sacchi-

1137 2697 1210 2731 nus),
1224 2701 1253 2724 ut
1270 2697 1394 2732 respiciat
1408 2699 1481 2731 illud,
1498 2699 1562 2727 Cani
1574 2705 1634 2727 sunt
1646 2709 1736 2728 senm
1751 2697 1871 2732 hominis,
1889 2702 1909 2724 ιι

1136 2733 1348 2769 a’tassgnectgtis
1363 2734 1413 2759 vita
1426 2734 1600 2769 immaculata.
1617 2734 1681 2769 Sap.
1696 2743 1732 2768 1v,
1747 2735 1773 2761 9.

1173 2767 1212 2800 (ά)
1228 2766 1276 2793 Ms.
1292 2764 1356 2800 Reg.
1372 2772 1400 2794 et
1409 2768 1468 2795 edd.
1485 2768 1511 2799 ι.
1528 2770 1604 2796 vitiis.
1620 2764 1782 2799 Sa'ecbinus:
1798 2769 1836 2796 An
1853 2767 1909 2794 divi-

1137 2801 1198 2861 tilils?
1212 2800 1264 2840 Sed
1279 2807 1382 2829 rectum
1396 2802 1492 2838 Opinor
1506 2804 1623 2838 vinculis,
1643 2808 1670 2832 et
1684 2804 1789 2832 numeri
1803 2810 1878 2835 causa
1885 2805 1908 2829 et

1137 2843 1151 2861 a
1172 2841 1279 2861 exortae.

1137 2841 1280 2872 allegoria.
