3990 6182
301 290 400 344 655
1669 276 1902 332 POEMA

2033 277 2082 332 .V
2094 318 2106 331 .
3443 275 3545 330 650

438 401 546 456 Vos
573 413 725 469 ergo,
751 413 944 470 magna
971 411 1098 453 cura
1125 393 1362 466 pectoris
1383 392 1511 459 mei,

577 493 734 562 601
755 523 781 533 -
812 493 973 562 602
1002 489 1268 543 Paramini
1295 485 1508 540 Christo
1535 485 1697 538 leves.

301 581 402 636 925
435 581 659 651 Jamque
687 581 924 650 expediti
951 580 1175 634 sarcinis
1203 577 1484 648 egentibus
1509 575 1575 634 ".

576 670 778 723 Laxate
803 669 1028 723 vinculis
1052 670 1242 735 pedes;

445 758 515 813 Ut
541 759 760 828 ecpiosa
790 759 909 812 luce
936 759 1260 820 vestiamini,

581 850 766 903 Estote
789 848 919 902 nudi
943 850 1145 911 seculo,

440 940 676 995 Veniens
699 949 756 994 ut
783 941 941 1007 hujus
963 940 1128 993 seculi
1159 939 1404 1008 princeps
1426 936 1555 991 nihil

303 1029 404 1084 950
582 1028 823 1083 Inveniat
849 1029 901 1081 in
932 1028 1084 1082 vobis
1112 1043 1284 1083 suum.

445 1117 514 1172 Et
540 1134 635 1174 vos
662 1125 999 1186 prementum
1028 1119 1169 1171 mole
1195 1132 1372 1171 rerum
1395 1116 1610 1179 liberos,

586 1207 653 1260 Et
681 1209 800 1260 labe
827 1222 987 1276 puros
1014 1208 1320 1273 criminum,

443 1298 626 1354 Facile
651 1299 943 1351 allevautes
971 1297 1238 1365 perferant
1269 1297 1414 1350 tenui
1441 1297 1561 1350 sinu

595 1387 774 1441 Nubes
802 1388 1012 1456 piorum
1042 1386 1251 1454 bajuke,

309 1479 407 1535 935
444 1479 764 1550 Sponsoque
793 1485 976 1531 vectos
1001 1478 1213 1530 obviam
1245 1477 1355 1544 regi
1385 1475 1526 1530 Deus
1547 1475 1592 1506 ”

597 1567 826 1635 Fulgore
855 1565 1139 1634 perfundat
1165 1581 1287 1631 suo,

451 1662 523 1718 Ut
548 1660 886 1728 sempiterna:
911 1659 1055 1711 clara
1083 1658 1205 1710 vitae
1230 1656 1399 1724 gloria

591 1749 815 1804 Mortale
833 1757 1070 1802 vestrum
1099 1747 1332 1811 sorbeat,

453 1844 519 1897 Et
545 1843 610 1896 ad
639 1855 924 1910 supernam
955 1839 1184 1894 restituti
1209 1837 1490 1904 imaginem

315 1936 410 1989 940
594 1933 771 1987 Herile
799 1930 873 2000 (a)
896 1928 1195 1984 conformet
1221 1927 1401 1993 decus,

455 2023 651 2079 IEvum
680 2035 934 2092 perenne,
965 2027 1211 2087 perpetes
1235 2027 1294 2071 ut
1321 2018 1516 2086 angeli,

592 2114 725 2170 Cum
754 2127 879 2181 rege
910 2111 1099 2165 vivatis
1125 2109 1257 2163 Deo.

859 2241 1091 2296 POEMA
1128 2241 1266 2293 XXV
1301 2243 1337 2293 '.

641 2349 1032 2392 EPITHALAMIL’M
1071 2348 1269 2386 JULIANI
1310 2347 1377 2384 ET
1417 2347 1484 2384 Mi
1516 2340 1561 2384 ".

315 2455 582 2508 Juiiauum
610 2450 850 2503 Memoris
881 2446 1100 2515 episcopi
1129 2445 1294 2513 ﬁlium
1333 2453 1381 2496 et
1414 2444 1700 2515 Iamdocet
1745 2441 1886 2493 Pau-

381 2526 524 2576 linus
545 2519 791 2590 quomodo
813 2519 865 2590 in
885 2511 1209 2590 matrimonio
1240 2530 1292 2590 se
1324 2530 1494 2583 gerere
1517 2511 1748 2590 debeant,
1774 2529 1892 2590 quo-

380 2593 539 2645 modo
557 2583 766 2642 'domum
805 2588 1089 2651 instituere,
1125 2583 1279 2636 seculi
1303 2599 1540 2652 pompam
1564 2584 1757 2652 fugere,
1795 2584 1889 2635 lio-

381 2678 540 2714 nores
561 2660 840 2719 declinare,
874 2664 978 2709 etc.

461 2747 766 2804 Concordes
794 2746 983 2799 anima:
1011 2753 1160 2799 casto
1189 2744 1461 2798 sociantur
1482 2756 1686 2806 amore,

601 2838 761 2905 Virgo
784 2851 917 2906 puer
941 2833 1158 2900 Christi,
1189 2835 1339 2902 virgo
1367 2833 1545 2902 puella
1573 2832 1686 2886 Dei.

461 2929 673 2984 Christe
696 2925 1056 2994 Deus,pariles
1080 2925 1182 2978 duc
1203 2924 1268 2977 ad
1297 2931 1390 2977 tua
1420 2922 1567 2976 frena
1589 2920 1888 2982 columbas;

605 3019 671 3072 Et
695 3018 974 3072 moderare
1001 3015 1104 3069 levi
1134 3014 1344 3069 subdita
1372 3014 1509 3068 colla
1530 3013 1680 3081 jugo.

386 3115 421 3167 5
466 3113 705 3180 Namque
748 3119 899 3164 tuum
945 3106 1317 3165 leve.Christe
1349 3106 1537 3174 jugum
1584 3115 1697 3171 est,
1749 3102 1888 3172 quod
1919 3104 1968 3166 α

1265 3196 1528 3269 [prompta
1558 3195 1811 3255 voluntas

613 3291 866 3361 Suscipit,
890 3298 944 3343 et
971 3286 1112 3343 facili
1140 3287 1244 3342 fert
1266 3302 1419 3342 amor
1446 3285 1726 3353 obsequio.

470 3385 650 3439 Invitis
675 3383 850 3452 gravis
869 3388 953 3435 est
977 3387 1137 3435 casta:
1163 3380 1248 3449 pia
1277 3379 1486 3433 sarcina
1513 3377 1644 3445 legis
1671 3394 1682 3428 :

614 3476 777 3530 Dulce
801 3475 903 3542 piis
932 3487 1066 3526 onus
1095 3479 1178 3526 est
1205 3472 1418 3524 vincere
1445 3469 1622 3523 carnis
1651 3483 1803 3537 opus.

470 3567 620 3621 Absit
647 3565 713 3619 ab
736 3565 817 3617 his
842 3562 1089 3617 thalamis
1117 3561 1240 3614 vani
1262 3561 1477 3614 lascivia
1507 3559 1668 3625 vulgi,

360 3659 424 3714 10
608 3654 765 3720 Juno,
795 3652 1020 3721 Cupido,
1047 3650 1242 3714 Venus,
1277 3651 1492 3704 nomina
1515 3648 1756 3701 luxuriae.

469 3751 669 3806 Sancta
696 3745 988 3802 sacerdotis
1015 3742 1322 3799 venerando
1347 3743 1571 3812 pignora
1600 3749 1760 3811 pacto

615 3837 912 3904 Junguntur
939 3854 949 3887 :
974 3843 1165 3890 coeant
1192 3849 1319 3903 pax,
1341 3833 1532 3903 pudor,
1565 3840 1620 3886 et
1639 3832 1830 3902 pietas.

474 3932 610 3986 Nam
631 3930 842 3999 pietatis
862 3943 1012 3982 amor
1029 3926 1188 3981 simul
1209 3933 1311 3990 est,
1336 3933 1392 3979 et
1412 3925 1610 3980 amoris
1630 3926 1901 3988 honestas,

622 4019 837 4087 Paxque
865 4019 974 4072 Deo
1001 4031 1228 4072 concors
1257 4016 1447 4084 copula
1485 4015 1734 4083 conjugii.

373 4111 440 4164 l5
480 4109 719 4165 Foederis
745 4108 900 4176 hujus
929 4123 1063 4177 opus
1095 4107 1311 4177 proprio
1343 4106 1479 4160 Deus
1507 4121 1600 4160 ore
1623 4105 1873 4172 sacravit,

622 4200 914 4268 Divinaque
938 4214 1099 4252 manu
1124 4213 1221 4266 par
1245 4197 1519 4251 hominum
1540 4196 1746 4250 statuit.

481 4289 706 4359 Quoque
727 4289 1053 4343 individuum
1081 4288 1250 4355 magis
1277 4287 1570 4355 assignaret
1591 4301 1849 4350 amorem,

633 4379 711 4432 Ex
741 4394 842 4433 una
874 4378 1001 4433 fecit
1023 4393 1183 4432 carne
1206 4392 1423 4432 manere
1451 4377 1602 4430 duos.

491 4473 623 4527 Nam
643 4472 844 4540 sopitus
872 4471 1038 4524 Adam
1069 4478 1218 4524 costa
1253 4471 1491 4539 privatus
1522 4469 1728 4522 ademta
1761 4479 1844 4523 est
1866 4471 1912 4535 ιε,

381 4567 451 4621 20
628 4562 857 4630 Moxque
884 4578 982 4616 suo
1005 4560 1196 4614 factam
1223 4561 1412 4614 sumsit
1445 4561 1511 4614 ab
1540 4577 1660 4614 osse
1689 4576 1872 4629 parem
1898 4579 1909 4612 :

492 4655 599 4710 Nec
626 4653 808 4709 lateris
832 4654 1102 4716 damnum,
1135 4652 1377 4721 suppleta
1403 4667 1562 4705 carne
1590 4652 1842 4719 vicissim,

638 4745 834 4809 Sensit,
855 4753 910 4798 et
937 4743 1153 4813 agnovit
1171 4743 1314 4810 quod
1341 4743 1640 4810 geminatus
1665 4750 1810 4807 erat;

496 4838 670 4909 Seque
694 4838 852 4891 alium
884 4851 948 4891 ex
979 4850 1097 4890 sese
1121 4834 1304 4889 sociali
1339 4835 1390 4887 in
1417 4849 1642 4902 corpore
1671 4849 1915 4898 cernens,

632 4927 750 4997 lpse
779 4926 1037 4995 propheta
1066 4924 1148 4978 sui
1176 4938 1303 4977 mox
1331 4922 1428 4976 fuit
1455 4938 1549 4977 ore
1583 4938 1742 4977 novo.

393 5016 466 5074 9.5
500 5017 640 5082 l-lzec,
672 5015 859 5084 inquit,
892 5029 1018 5068 caro
1045 5027 1206 5068 carne
1233 5027 1353 5068 mea
1381 5021 1495 5068 est:
1526 5028 1586 5068 os
1615 5013 1684 5067 ab
1713 5011 1923 5066 ossibus

1694 5103 1854 5177 [istud

434 5271 458 5297 η
487 5262 615 5316 Vide
639 5270 750 5315 not.
782 5260 886 5313 288
912 5269 969 5314 et
993 5258 1118 5313 289.

433 5330 459 5368 δ
490 5330 678 5385 Cenes.
707 5347 762 5392 ιι,
786 5330 872 5381 21.

438 5412 458 5436 ε
491 5401 680 5455 Genes.
708 5417 762 5460 ιι,
788 5399 874 5451 23.

432 5468 459 5505 ά
493 5470 544 5522 Id
575 5479 655 5523 est
684 5479 884 5523 ornato.

438 5549 462 5574 θ
493 5539 606 5593 lsai.
643 5555 714 5600 in,
744 5537 831 5589 Ἡ.

436 5610 452 5629 ⁸
486 5608 622 5663 Alias
658 5593 717 5659 lxi
743 5607 910 5678 :quod
928 5614 1110 5678 autem
1131 5608 1199 5678 2'2
1222 5617 1357 5674 erat,
1386 5624 1526 5665 nunc
1539 5607 1626 5662 20.
1657 5593 1920 5678 Scriptum

366 5679 504 5732 circa
531 5693 724 5732 annum
755 5677 878 5744 400,
908 5686 1030 5733 ante
1061 5677 1182 5739 408.

1947 4461 1994 4520 D

2264 390 2442 448 Nosco
2471 406 2648 448 meum
2665 409 2677 446 :
2697 393 2882 447 istluec
2905 401 2986 447 est
3004 401 3151 448 costa
3171 393 3279 446 mei
3301 392 3480 446 lateris
3500 403 3544 446 ο.

2112 482 2262 540 Nunc
2289 485 2468 554 igitur,
2510 483 2686 554 prisca
2725 484 2976 553 quoniam
3018 485 3117 538 sub
3155 484 3384 551 imagine
3426 497 3547 536 san-

3311 576 3479 646 [ctum

2255 662 2449 718 Fmdus
2480 664 2706 718 Aroneis
2735 664 3045 733 pignoribus
3071 664 3290 730 geritur,

2115 751 2267 805 Seria
2301 754 2598 820 tranquillis
2620 755 2889 821 agitentur
2912 753 3101 822 gaudia
3129 753 3264 807 votis
3291 770 3303 805 :

2013 839 2082 894 50
2257 839 2500 896 Christus
2529 843 2721 912 ubique
2747 844 2821 912 pii
2850 858 2982 897 voce
3009 851 3167 896 sonet
3194 842 3375 912 populi

2120 930 2270 983 Nulla
2302 946 2398 998 per
2421 941 2640 985 ornatas
2669 933 2885 986 insultet
2914 933 3067 986 turba
3089 932 3293 1001 plateas
3319 949 3331 984 :

2267 1021 2438 1076 Nemo
2464 1022 2637 1077 solum
2667 1023 2827 1087 foliis,
2860 1024 3040 1077 limina
3065 1023 3250 1077 fronde
3282 1029 3445 1092 tegat.

2119 1113 2277 1184 603
2304 1143 2330 1154 -
2352 1112 2517 1184 604
2541 1115 2618 1169 Ne
2642 1116 2710 1168 sit
2737 1115 3108 1170 Christicolam
3141 1115 3366 1168 fanatica
3397 1113 3551 1168 turba

3103 1206 3223 1277 [per
3248 1205 3433 1259 urbem
3461 1222 3474 1257 :

2262 1292 2396 1347 Nolo
2425 1293 2644 1362 profana
2674 1293 2791 1364 pios
2815 1293 3017 1363 polluat
3045 1295 3285 1348 ambitio.

2019 1379 2088 1435 '55
2120 1379 2274 1435 Nulla
2295 1381 2593 1449 peregrinis
2623 1381 2820 1450 fragret
2850 1382 3128 1435 nidoribus
3157 1397 3284 1435 aura
3310 1400 3322 1435 :

2265 1469 2464 1524 Cuncta
2495 1469 2759 1539 pudicitiae
2786 1470 3071 1523 munditias
3102 1470 3300 1524 oleant.

2127 1555 2468 1626 Unguentum
2520 1557 2720 1612 sanctis
2763 1573 2925 1612 unum
2977 1565 3096 1624 est,
3153 1557 3293 1626 quod
3345 1555 3559 1610 nomine

3269 1642 3488 1717 [Christi

2271 1733 2528 1788 Diffusum
2557 1742 2705 1789 casto
2727 1735 2896 1804 spirat
2921 1735 3085 1788 odore
3114 1735 3300 1788 Deum.

2130 1821 2263 1876 Nolo
2295 1825 2639 1890 supervacuis
2659 1833 2920 1878 ornentur
2945 1823 3140 1877 fercula
3169 1823 3323 1877 donis
3349 1840 3362 1874 :

2025 1909 2093 1962 40
2270 1911 2507 1965 Moribus
2537 1921 2777 1975 ornatur,
2812 1927 2916 1965 non
2949 1911 3137 1980 opibus
3169 1911 3424 1980 probitas.

2130 2002 2324 2057 Sancta
2364 2004 2658 2058 sacerdotis
2691 2005 2704 2034 ⁸
2746 2017 2930 2067 nurus,
2976 2009 3029 2054 et
3068 2007 3312 2055 matrona
3353 2000 3427 2069 (ὁ)
3470 2014 3560 2054 sa-

2202 2158 2204 2160 .
3268 2091 3490 2161 [‘cratam

2268 2179 2386 2235 Jam
2415 2181 2536 2251 puri
2565 2182 2747 2236 dotem
2771 2181 2983 2237 luminis
3004 2180 3231 2248 accipiet
3258 2181 3299 2232 '.

2133 2268 2360 2324 Horreat
2387 2270 2617 2325 inclusas
2645 2271 2663 2300 ³
2693 2286 2844 2336 auro,
2872 2271 2957 2324 vel
2981 2269 3181 2323 murice
3207 2278 3380 2322 vestes
3408 2286 3419 2319 :

2274 2356 2448 2410 Aurea
2478 2359 2641 2413 vestis
2663 2359 2785 2412 huic
2814 2358 2982 2426 gratia
3013 2368 3144 2427 pUra
3179 2356 3270 2410 Dei
3301 2364 3402 2409 est.

2029 2447 2097 2501 45
2136 2447 2377 2517 Respuat
2403 2457 2458 2502 et
2482 2449 2644 2502 variis
2670 2449 2920 2504 distincta
2950 2447 3166 2501 monilia
3191 2446 3434 2514 gemmis,

2272 2535 2475 2590 Nobilis
2505 2543 2564 2590 ut
2591 2535 2818 2590 Domino
2843 2550 3052 2604 gemma
3077 2535 3146 2588 sit
3173 2534 3283 2603 ipsa
3305 2533 3434 2588 Deo.

2135 2622 2410 2680 Cervicem
2442 2624 2638 2680 Christi
2677 2626 2888 2680 Domini
2913 2625 3036 2693 juga
3068 2624 3206 2678 ferre
3235 2624 3464 2679 dicatam

2273 2711 2391 2766 Non
2423 2720 2635 2781 premat
2663 2713 2844 2766 invisae
2873 2713 3080 2782 pondus
3109 2712 3363 2765 avaritiae.

2135 2801 2394 2857 lnteriore
2423 2803 2591 2869 magis
2615 2804 2812 2856 mundo
2843 2802 2866 2838 ἀ
2898 2804 3159 2871 placitura
3188 2802 3412 2869 colatur,

2031 2887 2101 2944 50
2275 2889 2463 2944 Comta
2494 2888 2785 2943 salutiferis
2811 2889 3025 2944 dotibus
3049 2890 3340 2958 ingenium.

2137 2978 2251 3033 Non
2281 2979 2460 3048 cupiat
2500 2978 2733 3047 lapidum
2770 2977 3032 3047 pretium,
3078 2991 3185 3030 non
3231 2976 3429 3030 vellera
3464 2973 3568 3030 Se~

3333 3062 3497 3134 (rum,

2273 3153 2547 3208 Incassum
2576 3152 2778 3206 reditus
2799 3152 3092 3221 dilapidare
3119 3166 3266 3217 suos,

2137 3243 2370 3300 Ornetur
2392 3244 2553 3298 castis
2579 3243 2649 3314 (c)
2681 3245 2910 3297 animam
2935 3243 3239 3307 virtutibus,
3272 3249 3329 3295 ut
3355 3240 3424 3295 sit

2282 3330 2397 3387 Non
2429 3332 2684 3386 damnosa
2705 3347 2824 3399 suo,
2856 3331 2949 3386 sed
2975 3332 3208 3400 pretiosa
3235 3330 3370 3383 viro.

2035 3420 2102 3474 55
2141 3420 2382 3489 Namque
2413 3421 2501 3475 ubi
2529 3435 2801 3491 corporeae
2830 3427 3048 3474 curatur
3071 3419 3238 3487 gloria
3264 3430 3493 3488 pompae,

2283 3511 2504 3564 VileScit
2533 3509 2707 3578 pretio
2736 3508 3068 3578 depretiatus
3089 3507 3270 3568 homo,

2091 3603 2097 3610 '
2141 3597 2210 3652 Et
2238 3600 2377 3652 male
2400 3613 2551 3652 mens
2575 3598 2724 3667 pravi
2755 3605 2950 3652 omenta
2978 3595 3196 3650 libidine
3225 3593 3333 3646 voti

2290 3686 2562 3740 Sordescit
2591 3685 2769 3738 nitidis
2796 3685 3037 3753 corporis
3069 3682 3294 3744 exuviis,

2149 3776 2254 3828 Nec
2293 3775 2455 3827 sentit
2490 3787 2650 3841 quam
2690 3781 2847 3841 turpe
2886 3771 3050 3825 decus
3078 3776 3228 3836 gerat
3278 3768 3575 3837 improbus,

3336 3860 3417 3931 [ut
3443 3858 3512 3911 sit

2048 3953 2115 4008 60
2295 3951 2458 4006 Veste
2485 3966 2581 4005 sua
2606 3949 2797 4014 levior,
2827 3949 2918 4018 qui
2946 3948 3044 4002 sibi
3069 3958 3216 4003 veste
3246 3949 3441 4017 placet.

2150 4041 2301 4096 Absit
2325 4050 2383 4094 ut
2409 4040 2486 4110 (ά)
2510 4038 2687 4093 idolici
2715 4037 2966 4091 videatur
2995 4036 3099 4090 illia
3129 4036 3331 4105 templi,

2290 4131 2478 4186 Gentis
2501 4129 2808 4200 apostolica:
2834 4127 2938 4182 ﬁlia
2970 4127 3106 4183 facta
3135 4128 3315 4182 domo.
3387 4137 3390 4140 ‘

2156 4221 2270 4275 Non
2297 4219 2432 4273 fucis
2459 4218 2599 4271 male
2623 4216 2744 4272 ficta
2773 4225 2970 4282 cutem,
3018 4231 3190 4284 neque
3211 4217 3408 4269 lumina
3439 4215 3588 4284 nigro

2293 4306 2548 4369 "Pulvere,
2578 4322 2677 4360 nec
2706 4305 2842 4359 ﬂavo
2870 4305 3032 4358 tincta
3064 4306 3246 4358 colore
3271 4320 3501 4358 comam.

2053 4396 2123 4450 65
2160 4395 2356 4449 Purum
2388 4403 2592 4447 natura:
2621 4393 2789 4447 decus
2816 4400 3100 4460 aspernata
3124 4393 3355 4460 superbo

2299 4482 2554 4545 Crimine,
2585 4480 2823 4534 divinum
2854 4479 2906 4532 in
2937 4494 2994 4532 se
3023 4479 3122 4532 sibi
3156 4478 3372 4531 damnat
3401 4494 3555 4548 opus.

2157 4571 2373 4626 Frustra
2399 4569 2513 4622 haec
2539 4581 2596 4622 se
2619 4567 2810 4620 mulier
2827 4565 3114 4633 jactaverit
3139 4580 3256 4626 esse
3285 4565 3552 4634 pudicam,

2301 4660 2430 4726 Quae
2455 4673 2512 4713 se
2533 4666 2640 4711 tam
2662 4657 2824 4710 variis
2851 4664 3007 4710 ornat
3029 4655 3328 4709 adulteriis.

2163 4751 2268 4806 Vos
2283 4758 2482 4811 autem,
2498 4749 2722 4816 juvenes
2736 4746 2951 4810 Christi,
2974 4745 3136 4812 fugite
3164 4747 3340 4798 omnia
3367 4761 3598 4814 quorum

2058 4841 2123 4894 70
2302 4840 2358 4893 In
2387 4839 2582 4894 damno
2613 4837 2843 4906 pretium
2868 4843 2969 4899 est,
3003 4851 3129 4888 usus
3161 4837 3210 4887 in
3234 4835 3472 4889 interitu.

2170 4929 2387 4985 Credite
2416 4925 2609 4980 divinis
2636 4924 2833 4991 verbis,
2855 4923 2923 4978 de
2952 4923 3181 4977 cultibus
3210 4922 3323 4976 istis

2310 5017 2581 5072 Pmnalem
2605 5014 2811 5084 cupidis
2839 5026 3056 5080 surgere
3085 5013 3383 5076 materiam,

2168 5106 2330 5160 Isaias
2355 5116 2376 5141 θ
2406 5103 2575 5171 rigida
2605 5099 2890 5169 cingendas
2917 5107 3058 5154 reste
3081 5100 3330 5162 minatur,

2106 5265 2180 5332 (a)
2210 5261 2309 5332 Ms.
2334 5259 2503 5332 codex
2530 5258 2661 5325 Reg.
2689 5271 2810 5311 cum
2832 5255 2988 5332 editis
3008 5255 3260 5332 quinque,
3294 5255 3598 5332 confertum.

2107 5321 2180 5399 (b’)
2208 5330 2263 5384 ln
2291 5331 2377 5384 ed.
2412 5321 2685 5383 Schot.ex
2705 5342 2801 5380 ms.
2826 5326 3011 5380 codice
3030 5321 3264 5391 Belgico.
3292 5321 3387 5375 Ed.
3415 5321 3600 5383 Rosv.,

2033 5403 2272 5463 sacratis,
2305 5399 2579 5453 menzlosc.

2105 5472 2175 5539 (c)
2207 5459 2301 5523 Hic
2326 5466 2573 5539 loquendi
2598 5463 2789 5539 modus
2812 5461 3036 5539 Paulino
3061 5459 3600 5539 familiaris,pr:esgr‘-

2033 5525 2126 5595 tin'i
2159 5525 2208 5592 in
2244 5539 2347 5592 hoc
2376 5525 2632 5590 carmine.
2685 5531 2815 5586 Vide
2854 5548 2905 5584 v.
2940 5531 3027 5596 64,
3074 5547 3124 5582 ν.
3163 5527 3281 5593 162,
3316 5535 3372 5580 ct
3398 5540 3483 5596 ep.
3514 5525 3603 5592 52,

2032 5627 2086 5664 u.
2120 5609 2168 5665 6,
2203 5624 2254 5659 v.
2287 5609 2367 5660 il.
2404 5605 2497 5658 Ed.
2531 5605 2738 5665 Schot.,
2773 5603 2997 5655 animus.

2104 5663 2181 5749 (ά)
2213 5675 2407 5733 Eadem
2437 5676 2645 5730 licentia
2675 5663 2938 5743 reperitur
2957 5666 3096 5739 apud
3117 5663 3461 5721 Prudentium
3484 5665 3556 5721 lib
