3990 6182
334 271 434 325 637
1736 258 1910 314 POEM

2019 259 2206 314 XXVI.
3481 272 3584 328 658

613 381 681 434 Et
707 380 864 435 simul
890 389 970 434 cst
992 378 1202 432 Domini
1224 391 1419 446 sponsa
1440 388 1700 442 sororque
1728 375 1828 427 sui.
1931 373 1984 429 Α
2154 373 2330 431 Nosco
2357 375 2552 440 virum,
2580 390 2741 444 quem
2769 377 2934 433 divini
2959 382 3285 438 comitantur
3313 385 3532 456 odores,

470 470 678 543 Sponsa
724 469 876 540 quasi
922 466 1115 535 conjux
1141 485 1152 519 :
1185 481 1339 521 soror
1378 473 1478 526 est,
1525 464 1649 533 quia
1693 461 1904 516 subdita
2294 464 2364 517 Et
2389 466 2475 519 cui
2505 465 2768 519 sidereum
2797 468 3042 536 splendet
3071 470 3121 522 in
3153 487 3248 525 ore
3276 473 3457 529 decus.

1565 552 1703 623 [non
1733 559 1832 606 est.
2010 552 2113 607 210
2151 552 2250 608 Hic
2281 554 2360 608 vir
2385 553 2475 609 hic
2502 562 2602 620 est,
2636 554 2847 610 Domini
2870 571 3157 613 numeroso
3183 575 3403 616 munere
3429 561 3586 617 Chri-

3388 649 3480 704 lsti

612 649 1623 686 ,...........

335 740 434 795 170
472 739 598 797 lude
624 746 810 794 manet
835 747 1006 793 mater
1027 737 1054 775 δ
1083 735 1265 791 aeterni
1293 734 1496 789 semine
1525 732 1686 787 Verbi
2290 730 2466 798 Dives,
2497 733 2575 787 vir
2594 734 2772 803 superi
2802 734 3016 791 luminis
3043 734 3289 791 IEmilius
3321 649 3408 791 ¹.[

611 829 931 899 concipiens
951 828 1198 898 populos,
1229 833 1282 880 et
1311 825 1509 894 pariter
1530 823 1762 892 pariens.
2151 824 2350 898 Surge,
2382 828 2603 892 Memor.
2652 845 2906 886 venerare
2951 839 3179 901 patrem,
3229 831 3587 900 complectere

471 922 607 978 Hinc
642 937 800 978 soror
845 929 902 976 et
943 919 1175 988 conjux:
1207 917 1461 987 quoniam
1501 915 1617 969 sine
1670 912 1910 981 corporis
3213 921 3474 992 “mu-em,

1715 1004 1834 1074 [nsu
2293 1005 2412 1060 Uno
2441 1017 2726 1076 utrumque
2753 1011 2848 1065 tibi
2877 1026 3071 1066 nomen
3101 1011 3154 1066 in
3186 1011 3407 1065 Aimilio
3427 1021 3527 1072 est,

610 1100 790 1155 Mente
812 1100 942 1165 coit,
964 1101 1049 1155 cui
1079 1099 1161 1153 vir
1188 1113 1293 1153 non
1316 1097 1497 1160 homo,
1521 1093 1614 1149 sed
1635 1093 1775 1148 Deus
1803 1101 1902 1147 est.
2151 1095 2340 1151 Junior
2367 1106 2422 1152 et
2449 1101 2628 1153 senior
2656 1099 2860 1154 Memor
2893 1110 3012 1155 est:
3040 1102 3279 1156 mirabile
3301 1100 3480 1168 magni

474 1193 586 1248 llac
605 1192 863 1261 genitrice
889 1206 1055 1246 senex
1082 1205 1232 1258 teque
1253 1196 1560 1256 generatur,
1591 1195 1652 1240 ut
1678 1186 1869 1239 infans.
2013 1182 2118 1235 215
2296 1185 2486 1240 Munus
2516 1203 2757 1257 opusque
2779 1189 2902 1254 Dei;
2933 1191 3024 1260 qui
3067 1192 3271 1258 minor,
3310 1191 3396 1244 hic
3435 1196 3584 1258 pater

334 1282 438 1338 I75
613 1281 850 1335 jEtatem
877 1289 931 1334 et
951 1295 1136 1334 sexum
1168 1295 1272 1332 non
1298 1279 1460 1332 habet
1487 1278 1599 1330 haec
1626 1276 1860 1330 soboles.
3343 1281 3477 1351 last;

472 1372 593 1427 llaec
631 1372 832 1426 etenim
873 1379 956 1426 est
997 1370 1278 1426 benedicta
1309 1368 1401 1422 Dei
1441 1367 1747 1436 generatio,
1790 1381 1908 1434 qua:
2153 1365 2424 1420 Posterius
2453 1375 2632 1434 natus,
2664 1369 2847 1422 senior
2879 1369 3040 1438 :quia
3067 1370 3192 1424 sede
3217 1370 3469 1425 sacerdos

1708 1457 1836 1526 [non
2293 1454 2478 1510 Gestat
2506 1458 2856 1525 apostolicam
2878 1467 3096 1526 pectore
3121 1460 3391 1513 canitiem.

610 1547 842 1602 Seminis
865 1548 1101 1614 humani,
1132 1548 1226 1603 sed
1253 1546 1462 1617 generis
1479 1545 1658 1614 superi
1683 1555 1782 1600 est.
2151 1545 2318 1600 Filius
2344 1555 2446 1610 est,
2487 1544 2756 1617 fraterque
2787 1548 2990 1603 Memor
3017 1567 3028 1602 :
3061 1550 3272 1603 laetatur
3291 1549 3484 1604 adesse

477 1639 600 1694 Inde
641 1639 895 1706 magister
933 1639 1008 1692 ait
1039 1657 1052 1691 :
1085 1638 1218 1703 Quia
1260 1637 1370 1706 jam
1400 1651 1501 1692 nec
1536 1635 1728 1690 femina
1750 1677 1764 1701 ,
1809 1649 1908 1689 nec
2289 1637 2639 1692 Communem
2669 1639 2882 1693 sibimet
2907 1641 3322 1708 pignoribusque
3355 1648 3582 1709 patrem.

1698 1725 1835 1796 [mas
1939 1712 1980 1771 Β
2011 1724 2116 1779 2'20
2148 1724 2360 1780 Justitia
2391 1735 2445 1780 et
2473 1742 2579 1796 pax
2607 1742 2665 1781 se
2686 1729 2895 1794 gemina
2924 1729 3040 1782 vice
3065 1730 3513 1797 complectuntur,

612 1822 668 1875 ln
697 1821 932 1888 Christo,
954 1819 1047 1876 sed
1069 1819 1210 1874 idem
1237 1833 1451 1887 corpus,
1481 1824 1536 1872 et
1560 1831 1664 1870 una
1693 1815 1842 1869 lides.
2292 1817 2424 1871 Cum
2453 1817 2657 1872 Memor
2692 1817 2914 1873 Aimilio
2938 1819 3177 1886 jungitur
3204 1820 3476 1873 unanimo.

332 1913 436 1977 180
476 1912 711 1982 Namque
750 1925 936 1967 omnes
982 1923 1150 1965 unum
1197 1921 1392 1976 corpus
1435 1920 1618 1962 sumus
1663 1922 1676 1956 :
1727 1903 1906 1958 omnia
2149 1905 2321 1960 lnfula
2351 1905 2630 1976 pontifices
2658 1908 2839 1962 divino
2861 1908 3038 1976 jungit
3055 1910 3296 1963 honore:

1594 1993 1834 2066 [Christo
2293 1997 2538 2052 Humano
2564 1999 2735 2067 pietas
2759 1999 2934 2066 jungit
2962 2013 3145 2053 amore
3171 2014 3343 2067 pares.

613 2093 870 2157 Membra,
892 2091 1084 2161 quibus
1110 2087 1353 2143 Christus
1381 2084 1621 2154 corporis
1659 2084 1712 2136 in
1748 2091 1908 2152 caput
2150 2088 2287 2143 llinc
2318 2089 2537 2154 Memor,
2571 2090 2732 2144 officii
2761 2107 2867 2145 non
2893 2093 3194 2156 immemor,
3223 2091 3410 2146 ordine
3434 2098 3582 2146 recto

1643 2172 1747 2243 [est
1779 2181 1832 2225 ο.
2009 2178 2114 2231 125
2296 2180 2478 2234 Tradit
2507 2183 2574 2234 ad
2604 2181 2804 2236 {Emilii
2834 2184 3059 2251 pignora
3088 2197 3211 2238 cara
3240 2199 3452 2238 manus.

475 2273 540 2328 Et
567 2275 688 2344 quia
705 2270 817 2340 jam
842 2271 1106 2325 Christum
1147 2265 1348 2327 induti,
1371 2263 1687 2332 deponimus
1716 2259 1904 2326 Adam,
2147 2267 2240 2322 Ille
2263 2269 2455 2337 jugans
2483 2271 2656 2340 capita
2676 2272 2951 2326 amborum
2979 2272 3078 2326 sub
3098 2287 3228 2342 pace
3250 2272 3438 2340 jugali,

612 2361 861 2416 Protinus
899 2361 952 2414 in
981 2358 1211 2428 speciem
1240 2355 1508 2410 tendimus
1535 2351 1848 2420 angelicam.
2290 2360 2448 2414 Velat
2467 2375 2561 2414 eos
2580 2360 2792 2426 dextra,
2815 2377 2950 2430 quos
2971 2377 3132 2430 prece
3152 2360 3466 2417 sancliﬁcat.

475 2455 762 2524 Pr0pterea
788 2454 890 2507 hoc
907 2466 1040 2520 opus
1066 2459 1148 2505 est
1175 2449 1380 2504 cunctis
1399 2447 1717 2515 baptismate
1742 2443 1902 2504 nalis.
2145 2446 2376 2512 Christe,
2401 2450 2710 2505 sacerdotes
2733 2451 2946 2515 exaudi,
2975 2450 3203 2517 Christe,
3221 2459 3522 2520 precantes,

332 2546 435 2604 185
614 2544 914 2598 Perfectum
944 2550 1002 2595 ut
1029 2541 1207 2610 capiat
1233 2554 1393 2594 sexus
1422 2546 1647 2606 uterque
1675 2537 1866 2598 vii-nm,
2287 2536 2355 2591 Et
2385 2539 2472 2607 pia
2501 2548 2625 2593 vota
2655 2541 2820 2595 sacris
2840 2555 3014 2594 annue
3035 2541 3381 2608 supplicibus.

471 2636 537 2690 Et
558 2649 840 2692 commune
859 2640 1018 2705 caput
1037 2640 1144 2688 stet
1165 2632 1187 2663 ⁸
1209 2631 1263 2685 in
1285 2629 1532 2684 omnibus
1557 2627 1733 2682 omnia
1753 2625 1907 2680 Chri-
2006 2626 2110 2682 230
2147 2627 2348 2696 lnibue,
2394 2630 2632 2696 Christe,
2672 2648 2841 2687 novos
2879 2631 2947 2687 de
2991 2641 3177 2688 sancto
3218 2634 3454 2687 antistite
3483 2649 3585 2688 nu-

1667 2716 1800 2787 [stus
1817 2753 1832 2777 ,
3315 2723 3480 2794 [Ρῐοεν

614 2818 850 2873 Tradens
872 2818 925 2872 in
953 2829 1173 2884 regnum
1202 2828 1297 2869 rex
1324 2826 1421 2867 sua
1443 2811 1680 2865 membra
1702 2806 1864 2861 Patri.
2287 2811 2498 2882 Perque
2525 2827 2718 2866 manus
2747 2821 2924 2868 castas
2953 2813 3114 2868 corda
3135 2813 3326 2883 pudica
3344 2813 3492 2882 juva,

471 2907 682 2962 Nubere
705 2907 790 2962 vel
819 2907 944 2962 nubi
970 2906 1168 2974 fragilis
1189 2904 1298 2972 jam
1325 2900 1523 2957 deserit
1549 2900 1570 2930 °
1597 2907 1744 2962 mtas,
2150 2902 2219 2957 Ut
2239 2904 2308 2957 sit
2338 2905 2389 2957 in
2419 2904 2678 2958 ambobus
2702 2904 2991 2959 concordia
3017 2905 3368 2972 virginitatis,

611 2996 866 3051 Omnibus
894 3003 1094 3050 aeterno
1113 3007 1340 3064 corpore
1368 2991 1698 3061 compositis.
1948 3062 1975 3065 _
2289 2997 2393 3048 Aut
2421 2997 2529 3049 sint
2556 2997 2713 3050 ambo
2741 2997 2908 3050 sacris
2935 2997 3136 3051 semina
3165 2998 3475 3065 virginibus.

333 3087 434 3150 I90
473 3086 613 3157 Ergo
640 3087 743 3141 mei
765 3100 1029 3140 memores
1051 3099 1148 3154 par
1176 3062 1484 3138 inviolabile
1510 3095 1725 3149 semper
1930 3062 1980 3127 (ἶ
2151 3085 2408 3140 Votorum
2436 3087 2584 3154 prior
2611 3086 2699 3140 hic
2738 3086 2932 3154 gradus
2953 3095 3055 3151 est,
3083 3095 3142 3140 ut
3166 3062 3343 3141 nescia
3371 3086 3549 3142 carnis

611 3177 788 3232 Vivite
813 3196 825 3229 :
853 3177 922 3231 sit
952 3177 1102 3230 vobis
1125 3190 1256 3230 crux
1275 3171 1579 3227 veneranda
1597 3171 1802 3239 jugum.
2005 3175 2110 3229 235
2285 3175 2518 3231 Membra
2547 3185 2766 3245 gerant;
2796 3177 2940 3247 quod
2979 3178 3023 3232 si
3051 3193 3276 3247 corpore
3319 3191 3583 3247 congrue-

478 3269 620 3324 lllius
647 3277 705 3322 ut
725 3268 910 3322 matris
939 3267 1068 3330 nati,
1095 3280 1212 3333 qua:
1235 3279 1430 3334 sponsa
1453 3276 1716 3329 sororque
1741 3269 1841 3325 est,
3327 3270 3476 3342 μείω,

609 3359 815 3413 Sumite
833 3357 989 3424 digna
1019 3357 1119 3424 piis
1149 3363 1370 3424 pectora
1400 3353 1723 3414 nominibus,
2151 3358 2310 3413 Casta
2339 3360 2674 3416 sacerdotale
2702 3374 2870 3428 genus
2897 3370 3121 3417 ventura
3151 3376 3408 3431 propago,

479 3449 544 3503 ΕΙ.
572 3448 723 3502 vobis
749 3445 898 3500 fratri
920 3445 1100 3514 sponsi
1129 3443 1430 3498 concurrite
1457 3441 1689 3503 Christo,
2286 3450 2350 3503 Ει
2369 3452 2560 3506 domus
2583 3451 2727 3506 Aron
2752 3453 2819 3506 sit
2847 3461 2956 3507 ιοω
2986 3453 3176 3508 domus
3205 3451 3478 3518 Memoris,

335 3540 439 3595 195
617 3538 744 3592 Sitis
772 3545 830 3591 ut
855 3535 1039 3590 :Bterni
1067 3533 1310 3602 corporis
1337 3547 1438 3584 una
1467 3546 1612 3584 0³1³οο
2287 3541 2730 3609 Christoruinque
2769 3542 2960 3596 domus
3000 3544 3070 3596 sit
3110 3543 3302 3598 domus
3327 3542 3441 3596 haec
3469 3540 3582 3596 Me-

479 3630 574 3686 Hic
602 3645 697 3685 vos
725 3636 905 3683 nectat
931 3641 1112 3691 amor,
1160 3623 1236 3694 (a)
1284 3639 1392 3693 quo
1415 3621 1626 3688 stringit
1663 3619 1901 3675 Ecclesia
3285 3630 3490 3701 [mox-is,

1466 3711 1513 3786 [ά
1544 3713 1830 3776 Christum,
2289 3719 2416 3773 Esto
2441 3728 2496 3774 et
2527 3718 2732 3772 Paulini
2762 3719 3042 3772 Therasiaet

1815 3753 1830 3776 ν
2289 3719 2416 3773 Esto
2441 3728 2496 3774 et
2527 3718 2732 3772 Paulini
2762 3719 3132 3787 Therasichue
3158 3734 3385 3782 memor,

619 3810 843 3880 Quoque
878 3807 1109 3863 vicissim
1151 3806 1294 3859 illam
1323 3803 1568 3860 Christus
1605 3817 1789 3856 amore
1827 3801 1907 3855 fo-
2007 3808 2110 3860 240
2287 3807 2354 3861 Et
2379 3823 2587 3863 memor
2611 3818 2866 3862 aatemum
2895 3808 3134 3862 Christus
3178 3809 3282 3863 erit
3306 3806 3578 3863 Memoris.

1667 3892 1797 3965 [vet.

1622 3892 1797 4003 ,Ϋίθλ
2539 3939 2767 3992 POEMA
2807 3937 2969 3993 xxw
2992 3944 3031 3994 ο.

481 3996 596 4065 Ipse
627 4002 780 4063 pater
805 3992 957 4046 vobis
976 3988 1256 4045 benedieat
1276 3988 1586 4056 episcopus,
1620 3988 1734 4053 ipse

619 4082 878 4138 Praecinat
904 4079 1234 4151 hymnisonis
1256 4077 1465 4132 cantica
1492 4084 1675 4129 sancta
1704 4073 1901 4128 choris.
2228 4069 2297 4107 νε
2334 4067 2380 4108 3-
2421 4068 2608 4107 ῖειιθε
2647 4068 2970 4107 “Hum”
3009 4067 3217 4106 “ME”
3255 4066 3366 4105 “"°

338 4177 442 4235 200
476 4179 611 4235 Duc.
642 4175 847 4230 Memor
877 4184 899 4211 ε
921 4173 1092 4234 alme,
1135 4178 1256 4224 tuos
1297 4167 1524 4222 Domino
1567 4174 1692 4219 ante
1721 4165 1905 4218 altaria
2010 4164 2186 4219 Gothis
2211 4165 2421 4218 Italiam
2449 4165 2766 4219 vastantibus
2797 4164 3048 4218 Paulinus
3075 4165 3130 4216 in
3154 4164 3213 4235 S.
3245 4162 3435 4217 Felicis
3460 4179 3580 4231 pro-

597 4219 611 4244 ν
642 4219 838 4230 σπη’-ν·
921 4219 1059 4226 "'""
1078 4219 1092 4234 ’
1139 4219 1253 4224 ’““
1298 4219 1321 4221 ί
1351 4219 1409 4222 ν
1437 4219 1449 4220 ί
1500 4219 1514 4221 ’
1533 4257 1728 4328 [natos’
2078 4236 2295 4290 εεειίοηε
2323 4236 2554 4304 conﬁdit.
2593 4236 2778 4306 Aliqua
2806 4235 2917 4304 (jus
2947 4234 3194 4288 ιπίνααιια
3223 4219 3510 4287 enumera.“

2221 4324 2360 4379 Ecce
2388 4325 2501 4379 dies
2531 4325 2685 4379 nobis
2709 4339 2849 4378 anno
2875 4325 3116 4380 revoluta
3138 4333 3354 4394 peracto

617 4354 1054 4423 Commendaque
1081 4367 1305 4423 precaris
1332 4348 1696 4404 sanctificante
1722 4363 1903 4402 manu.

2151 4414 2412 4468 lllustrem
2441 4415 2648 4469 revehit
2675 4414 2867 4468 Felicis
2895 4415 3108 4467 nomine
3139 4414 3330 4467 lucem.

475 4447 583 4504 Sed
611 4449 730 4515 quis
758 4446 893 4501 odor
920 4460 1074 4500 nares
1099 4444 1349 4502 allabitur
1373 4442 1572 4496 mthere
1595 4440 1854 4493 manans?
1934 4423 1988 4484 Ι)

622 4503 771 4592 ὺηάο
797 4551 946 4592 meos
973 4536 1183 4603 stringit
1210 4535 1297 4587 lux
1329 4533 1545 4602 inopina
1578 4531 1799 4586 oculos?
2149 4505 2524 4603 Temi’mfm‘
2544 4504 2677 4603 Ῑωιίξ
2701 4503 2860 4603 modo
2887 4517 3135 4603 promere
3163 4503 3349 4571 gaudia
3383 4504 3579 4570 vermst

478 4629 609 4696 Quis
629 4629 812 4699 procul
856 4629 945 4682 ille
977 4595 1252 4681 hominum
1297 4595 1517 4695 placidis
1561 4639 1618 4677 sc
1665 4623 1907 4691 passibus

1795 4623 1907 4675 ibus
2151 4595 2322 4649 Anxia
2351 4595 2394 4648 si
2420 4595 2565 4648 lictas
2593 4600 2903 4662 paterentur
2924 4601 3162 4661 tempora
3196 4608 3371 4648 voces.

1570 4681 1759 4784 [adi-‘9”
1779 4751 1793 4772 ο
2149 4684 2255 4740 Sed
2281 4695 2460 4738 tamen
2490 4683 2591 4736 ista
2621 4681 2752 4745 dies,
2776 4682 2902 4735 licet
2923 4681 3061 4735 inter
3087 4697 3146 4750 pr

2149 4684 2255 4740 Sed
2281 4695 2460 4738 tamen
2490 4683 2591 4736 ista
2621 4681 2752 4745 dies,
2776 4682 2902 4735 licet
2923 4681 3061 4735 inter
3087 4682 3288 4750 pnelia,
3321 4683 3474 4737 nobis

2152 4775 2370 4829 Laetitia:
2391 4774 2642 4843 pacisque
2669 4772 2783 4826 dies
2805 4772 2938 4835 erit;
2970 4772 3190 4826 horrida
3220 4773 3377 4840 longe

334 4809 439 4871 205
615 4807 848 4863 Plurima
876 4823 1033 4877 quem
1057 4807 1251 4863 Christi
1279 4807 1450 4875 gratia
1473 4806 1850 4875 prosequitur?
2152 4806 2370 4829 “‘“m‘”
2392 4806 2642 4843 imum!“
2669 4806 2783 4872 “"1”
2805 4806 2908 4826 ""'
2925 4815 2938 4835 '
2966 4806 3190 4872 f“""““
3220 4806 3377 4872 “"35”
3522 4863 3532 4872 ο

477 4899 519 4918 η
780 4916 791 4918 μ
1078 4915 1153 4918 -__
1291 4899 1384 4918 -_,_
1418 4898 1699 4918 ,μη-μ.-.
2151 4865 2295 4918 Bella
2324 4863 2574 4918 fremant.
2597 4870 2792 4918 nostris
2812 4877 2917 4918 nax
2943 4862 3110 4917 libera
3136 4863 3402 4917 mentibus
3423 4862 3532 4916 adsi

477 4899 644 4967 Quem
662 4901 941 4957 benedicta
962 4901 1157 4955 cohors
1183 4899 1389 4968 superis
1411 4898 1704 4954 circumdat
1732 4899 1901 4952 alum«

1696 4989 1797 5011 με-

2152 4871 2295 4919 Bella
2324 4871 2574 4928 fremant,
2597 4871 2792 4918 nostris
2812 4877 2917 4931 pax
2943 4871 3110 4917 libera
3136 4871 3402 4917 mentibus
3423 4871 3579 4918 adsit.

2150 4957 2368 5011 Laetitiae
2396 4955 2606 5010 dulcem
2635 4971 2740 5008 non
2764 4954 3096 5010 obliviscitur
3125 4971 3279 5010 usum

1696 4989 1830 5064 [nis,
2150 4989 2300 5011 ⁸⁸³⁵⁵⁸⁵

724 5083 964 5155 7-608
985 5081 1224 5152 Angelici
1271 5081 1508 5138 referens
1544 5081 1767 5150 agminis
1787 5081 1902 5134 efli-
2049 5140 2106 5155 ,η
2146 5049 2300 5155 Ξωλέ

2150 4989 2368 5011 μιῠιιιιω
2396 4989 2606 5010 υιιιιιῠιη
2635 4989 2740 5008 ιιυιι
2764 4989 2874 5010 υυιι
2884 4989 2900 5008 V
2913 4989 3086 5010 ιῦυιιιιι
3127 4989 3279 5010 uaulu

1893 5111 1902 5120 _
2146 5049 2295 5104 Mens
2319 5046 2542 5101 adsueta
2571 5046 2673 5115 piis
2701 5061 2794 5099 sua
2823 5045 3034 5100 solvere
3063 5053 3284 5115 pectora
3315 5046 3469 5110 votis,

2049 5140 2106 5155 In
2148 5137 2203 5155 rx.
2234 5138 2380 5155 n_,__°
2433 5151 2450 5155 Α
2493 5135 2635 5155 ιι--.ε-
2675 5143 2812 5155 ---ΛΑ
2839 5134 3063 5155 ..-___I-_-
3095 5135 3274 5155 j!-l..--

613 5084 964 5168 607608
985 5084 1224 5152 AnSelici
1271 5084 1508 5138 referens
1544 5084 1767 5150 agminis
1787 5084 1902 5134 efli-
2146 5084 2295 5104 ωυιισ
2319 5084 2542 5148 «fnum-
2571 5084 2673 5146 ις-ια
2701 5084 2794 5158 σιξ..
2823 5084 3034 5100 σνυνιν
3063 5084 3284 5146 poem...

639 5162 643 5166 ’
1669 5172 1863 5244 [sum]?
2048 5140 2108 5192 10
2147 5137 2210 5192 Et
2233 5138 2458 5192 Domino
2493 5135 2640 5191 festis
2668 5143 2816 5190 caste
2833 5134 3067 5203 gaudere
3089 5135 3295 5190 diebus.

335 5303 522 5369 sensus
547 5289 935 5369 subsequentes
958 5290 1241 5360 imperant.
1268 5290 1405 5344 Ante
1428 5297 1543 5345 erat
1567 5306 1778 5361 quoque.
2085 5307 2107 5369 ξ
2141 5295 2270 5369 Vide
2291 5301 2401 5348 not.
2425 5292 2550 5369 ἓξξε.

405 5357 555 5429 fliic
574 5357 952 5429 deest'versus.
1027 5357 1050 5429 ξ
1169 5428 1180 5429 ί
1493 5428 1498 5429 ί
1579 5357 1588 5361 ⁷
1677 5357 1685 5360 ’

1027 5357 1050 5429 κ-
1169 5428 1180 5429 ,
1493 5428 1498 5429 γ
1579 5357 1588 5361 ⁷
1677 5357 1685 5360 ⁷
2087 5365 2269 5418 τνίᾱθ
2295 5371 2406 5416 not.
2431 5362 2550 5415 292.

402 5423 431 5508 ξ
460 5426 692 5482 Licentia
714 5425 715 5429 “
737 5431 964 5498 poetica.
999 5428 1131 5483 Vide
1167 5428 1438 5484 Prudentii
1488 5428 1801 5498 lliiinartig.,
1849 5447 1901 5483 v.
2086 5440 2100 5508 ᾖ
2129 5434 2394 5508 Scriptum
2428 5447 2568 5508 anno
2583 5429 2702 5491 401,
2741 5425 3206 5508 (lienllnlanuar'h
3261 5493 3297 5508 η
3546 5498 3556 5508 .

336 5491 504 5572 908.-
541 5564 556 5572 _
707 5491 766 5572 ,ξ
825 5566 843 5572 _
874 5566 904 5572 _
1148 5567 1210 5572 __
1731 5491 1755 5498 ⁷
1792 5491 1797 5493 ’
2085 5503 2160 5572 (a)
2189 5491 2278 5559 Sic
2305 5500 2644 5557 emendatum
2675 5515 2741 5554 ex
2764 5499 2888 5553 edit.
2921 5494 3109 5562 Schot.
3132 5494 3225 5550 Ed.
3260 5493 3444 5562 Rosv.,
3470 5498 3584 5566 qui-

409 5573 430 5640 ῗ
601 5580 671 5630 ¹¹¹ν
703 5565 990 5640 23_:_i_C0i'.
1025 5584 1113 5632 XII,
1142 5567 1230 5621 27.
2018 5559 2222 5630 νηόν.
2254 5585 2366 5640 κη.
3002 5560 3004 5562 τ
3432 5559 3441 5581 ί

405 5631 432 5670 ά
463 5630 592 5690 Vide
620 5643 728 5690 not.
757 5635 877 5690 239.
