3990 6182
415 258 522 314 659
1351 264 1407 322 S.
1451 263 1722 320 PAULlNl
1763 265 2009 322 NOLANI
2049 265 2349 324 EPlSCOPl
2388 267 2732 324 POEMATA.
3551 274 3654 332 διο

680 379 858 442 Quare
896 377 1280 446 importunam,
1326 377 1570 445 quamvis
1607 378 1706 431 sub
1734 386 1975 446 tempore
2005 379 2053 438 Α
2121 378 2190 433 55
2369 377 2458 434 Sic
2500 380 2661 449 igitur
2705 379 2868 434 modo
2919 393 3018 434 nos
3055 380 3271 435 turbato
3321 381 3372 436 in
3420 389 3654 453 tempore

1745 467 1979 534 [mmsto,

1970 501 1979 528 ι
3391 471 3512 542 [laeti
3531 511 3546 536 ,

547 556 735 612 Pellite
765 556 1053 621 tristitiam,
1074 555 1216 609 bona
1244 554 1456 623 gaudia,
1485 554 1661 609 dulcia
1689 555 1875 620 verba,
2225 559 2404 615 Mente
2423 559 2510 630 pia
2535 559 2729 615 festum
2754 560 2933 615 dilecti
2957 562 3208 633 martyris
3236 577 3426 618 omnes

548 645 717 700 Omne
736 646 881 715 pium
904 646 1188 712 laetumque
1215 644 1301 698 die
1322 644 1514 698 Felicis
1536 660 1773 700 amemus
1789 685 1804 709 ,
2224 651 2447 704 Collatis
2467 651 2642 706 hilare
2655 651 2844 706 studiis
2869 651 3083 720 pietatis
3105 665 3341 718 agamus.

550 734 723 788 Natali
747 735 863 788 sine
892 734 996 787 line
1017 733 1122 797 die,
1152 734 1275 801 quia
1307 742 1464 788 natus
1493 734 1542 787 in
1574 735 1674 788 ista
1700 743 1782 788 est
2225 739 2388 794 Forte
2415 740 2582 808 magis
2609 741 2781 808 pietas
2811 741 2962 794 nobis
2989 739 3138 794 dabit
3165 740 3264 794 ista
3287 741 3529 807 salutem,

447 824 516 876 15
554 823 829 892 Perpetuis
858 823 1007 877 Felix
1035 823 1213 890 seclis,
1235 839 1340 892 qua
1371 824 1614 893 corporis
1642 838 1812 878 aevum
2225 829 2282 885 Si
2312 836 2526 884 nostras
2555 829 2676 883 ideo
2706 829 2869 882 libeat
2895 829 3167 898 deponere
3197 831 3212 861 ¹
3245 845 3420 896 curas,

550 913 784 968 Functus
815 922 862 979 ⁸,
893 912 960 965 ad
997 922 1250 967 aeternam
1293 913 1540 981 migravit
1577 913 1630 966 in
1673 914 1873 968 aethera
1901 914 1983 968 vi-
2121 918 2190 973 60
2232 917 2302 973 Ut
2321 917 2614 973 confessori
2635 918 2868 971 laetantia
2897 918 3059 972 corda
3089 919 3342 987 feramus,

1739 1003 1890 1075 [tam.
2227 1009 2392 1078 Cujus
2417 1008 2628 1063 honore
2653 997 2794 1063 Deus
2839 1008 3064 1075 gaudet,
3092 1009 3215 1078 quia
3244 997 3448 1081 martyr
3489 1011 3662 1066 hono-

695 1093 837 1162 Ergo
865 1102 1039 1148 metus
1067 1095 1262 1148 abeant
1291 1092 1500 1158 tristes,
1530 1093 1857 1162 redeantque
1895 1107 1984 1147 re-
3419 1100 3556 1170 [rem

1740 1182 1916 1251 [fectis
2225 1188 2522 1244 Contemsit
2548 1190 2826 1258 proprium
2869 1187 3078 1242 Domini
3112 1202 3211 1257 pro
3249 1187 3466 1243 nomine
3509 1187 3659 1242 Chri-

553 1273 757 1329 Gaudia
781 1273 1117 1343 pectoribus;
1149 1271 1224 1342 (a)
1257 1271 1412 1326 decet
1439 1271 1616 1326 omnia
1645 1271 1844 1340 pellere
1865 1286 1986 1326 san-
3445 1276 3558 1347 [sti,

1679 1362 1843 1434 [ctum
2230 1368 2399 1421 Vilior
2425 1369 2538 1436 ipse
2567 1367 2689 1433 sibi,
2718 1374 2776 1420 ut
2799 1364 3015 1420 Christo
3042 1366 3329 1435 pretiosior
3357 1373 3518 1420 esset.

553 1457 903 1528 609-610
930 1455 1116 1510 Mcesta
1147 1453 1310 1520 diem,
1335 1453 1466 1507 tanti
1492 1468 1650 1522 quem
1669 1453 1835 1520 gloria
1856 1467 1986 1506 con-
2232 1459 2524 1528 Propterea
2556 1459 2647 1511 tali
2678 1458 2886 1526 placeat
2914 1457 3146 1524 gaudere
3167 1464 3416 1525 patrono,

1682 1540 1920 1612 [feSSOI'iS
2125 1552 2194 1605 65
2229 1549 2579 1616 Natalemque
2604 1548 2746 1601 diem
2775 1547 2934 1615 sopiti
2963 1561 3097 1615 pace
3116 1547 3274 1599 beata

452 1634 522 1688 20
551 1633 823 1701 insignem
851 1633 1057 1688 cunctis
1085 1648 1182 1702 per
1209 1641 1452 1700 tempora
1482 1639 1594 1685 tota
1623 1630 1811 1684 diebus
2228 1638 2472 1708 Martyris
2500 1637 2758 1706 expositis
2785 1633 2811 1672 εἰ
2843 1636 3085 1689 manantes
3107 1633 3304 1687 ducere
3323 1633 3486 1688 curis.

555 1721 781 1778 Elucere
803 1723 945 1785 facit,
968 1722 1283 1791 populisque
1310 1721 1676 1788 frequentibus
1705 1727 1881 1774 ornat.
2018 1718 2066 1778 Β
2373 1727 2469 1780 llic
2490 1740 2705 1794 quoque
2726 1723 2934 1778 devotis
2959 1723 3151 1788 aderit,
3176 1723 3220 1775 si
3245 1720 3434 1776 fortior
3456 1729 3635 1777 exstet

692 1809 843 1865 Hunc
870 1809 897 1848 δ
920 1824 1019 1878 ego
1051 1811 1095 1864 si
1125 1810 1323 1865 Geticis
1352 1825 1566 1880 agerem
1587 1809 1727 1864 male
1749 1810 1990 1865 subditus
2232 1817 2383 1872 Nunc
2405 1815 2472 1870 ad
2492 1815 2728 1868 lmtitiam
2750 1813 2989 1877 affectus,
3021 1827 3181 1881 quam
3209 1827 3368 1866 causa
3397 1812 3610 1868 timoris

1751 1899 1955 1971 [δι’ῐηίδν
2233 1905 2312 1962 Ad
2333 1903 2753 1962 consternendas
2782 1902 3012 1957 obducto
3039 1908 3256 1970 pectore
3277 1908 3506 1954 mentes.

556 1989 701 2045 lnter
721 1999 775 2044 et
795 1990 1025 2045 immites
1045 1989 1371 2044 celebrarem
1395 1989 1544 2044 laztus
1567 1989 1783 2055 Alanos,
2129 1997 2195 2052 70
2372 1995 2602 2060 Credite,
2645 2009 2754 2049 non
2791 1993 2952 2047 armis
2969 2029 2984 2056 ,
3025 2005 3199 2060 neque
3226 1989 3427 2044 viribus
3453 2004 3578 2046 esse
3606 1990 3666 2047 ti-

558 2080 689 2135 Etsi
719 2081 1007 2149 multijugze
1037 2089 1339 2148 premerent
1367 2095 1485 2133 mea
1509 2080 1644 2134 colla
1672 2088 1890 2144 catenae,
3351 2078 3602 2149 [mendos

452 2171 526 2223 εδ
561 2170 798 2239 Captivis
826 2171 1059 2223 animum
1087 2171 1339 2224 membris
1367 2186 1474 2223 non
1500 2169 1746 2238 jungeret
1783 2168 1988 2233 hostis;
2237 2175 2578 2246 Allophylum
2607 2171 2852 2243 populos,
2883 2184 3017 2239 quos
3054 2175 3274 2239 propter
3313 2167 3540 2222 erimina
3572 2183 3668 2222 no-

565 2261 790 2315 Pectore
819 2276 925 2314 non
948 2261 1020 2330 (b)
1049 2261 1210 2324 victo,
1242 2260 1473 2314 calcaret
1501 2260 1652 2314 triste
1671 2259 1898 2328 superba
3541 2255 3669 2326 [stra

559 2349 842 2402 Servitium
872 2351 1059 2418 pietas.
1088 2348 1236 2403 Licet
1256 2349 1392 2403 inter
1412 2349 1638 2403 barbara
1663 2349 1859 2414 vincla.
2234 2354 2432 2409 Oﬂ‘ensi
2452 2360 2634 2407 movet
2661 2352 2739 2406 ira
2767 2350 2881 2415 Dei,
2907 2359 2966 2403 ut
2996 2347 3278 2404 formidine
3303 2347 3496 2402 mortis

562 2438 720 2494 Liber
759 2454 912 2493 amor
940 2439 1148 2508 placitis
1192 2447 1408 2494 caneret
1461 2455 1580 2494 mea
1634 2448 1758 2494 vota
1805 2440 1992 2508 loque-
2237 2445 2445 2499 Excitet
2474 2443 2540 2497 ad
2561 2456 2742 2496 curam
2769 2440 2891 2493 vita:
2916 2437 3180 2508 torpentia
3200 2435 3383 2491 corda.

1765 2531 1885 2604 [lis.
2379 2533 2518 2600 Ergo
2540 2531 2707 2585 Deum
2735 2530 2916 2583 mitem
2938 2543 3080 2581 saevo
3105 2527 3385 2580 timeamus
3410 2524 3462 2578 in
3495 2525 3672 2589 hoste,

706 2620 1050 2688 Νυηοίείῑυτν
1075 2619 1318 2689 quamvis
1344 2620 1518 2676 varias
1545 2636 1678 2691 vaga
1722 2621 1859 2675 fama
1899 2636 1996 2690 per
2130 2626 2200 2680 75
2237 2626 2388 2680 Absit
2430 2632 2490 2678 ut
2531 2625 2686 2678 hoste
2732 2629 2927 2686 metus,
2975 2632 3135 2686 quem
3163 2614 3450 2671 formidare
3501 2629 3674 2669 mere-

1779 2711 1925 2783 [oras
3425 2700 3574 2773 [mur

458 2801 527 2854 50
567 2799 832 2855 Terrilicis
862 2800 1081 2869 pavidas
1104 2797 1260 2854 feriat
1279 2799 1582 2854 rumoribus
1609 2815 1786 2865 aures,
2241 2805 2358 2880 Hd]
2387 2805 2502 2860 Non
2527 2800 2813 2858 metuendo
2841 2798 3043 2861 Deum,
3090 2793 3298 2866 placida
3339 2809 3500 2863 quem
3548 2807 3676 2862 pace

563 2889 672 2945 Nos
701 2897 876 2944 tamen
903 2890 953 2943 in
981 2890 1206 2944 Domino
1236 2890 1439 2944 stabilis
1466 2889 1658 2943 fiducia
1687 2889 1898 2946 Christo
3401 2885 3675 2956 [remissi)

565 2979 826 3046 Roboret,
857 2989 912 3034 et
939 2987 1086 3033 recto
1108 2979 1226 3032 lixis
1246 2978 1382 3048 pede
1411 2979 1677 3032 mentibus
1696 2987 1888 3032 armet.
2040 3057 2059 3058 ί
2245 2988 2586 3058 negligimus,
2613 2983 2804 3039 saltem
2824 2981 2878 3035 vi
2905 2979 3263 3049 compellente
3286 2983 3607 3041 tremamus,

563 3071 674 3126 Nec
703 3087 870 3140 pavor
891 3079 1006 3125 ater
1036 3071 1089 3124 in
1117 3071 1259 3124 hanc
1289 3069 1518 3124 obducat
1544 3069 1722 3124 nubila
1751 3070 1922 3125 lucem
1940 3109 1956 3138 ,
2021 3057 2068 3120 C
2238 3057 2583 3151 6.11.612
2611 3072 2891 3128 Placemus
2933 3083 3167 3124 maerore
3205 3065 3432 3121 humiles
3455 3103 3470 3128 ,
3517 3079 3675 3135 quem

563 3162 735 3228 Quam
765 3163 903 3216 Deus
932 3162 1153 3215 aetherio
1182 3161 1370 3214 Felicis
1382 3161 1587 3214 honore
1614 3167 1848 3213 serenat.
3250 3155 3392 3227 [laeta
3411 3155 3676 3209 ferentem

458 3253 529 3306 35
569 3253 777 3320 Legifer
805 3262 862 3305 ut
888 3253 1155 3319 quondam
1186 3253 1363 3304 Pharii
1394 3251 1580 3304 tellure
1608 3250 1819 3321 tyranni
2235 3258 2546 3330 spei-nimus
2573 3270 2641 3310 ex
2669 3254 2782 3324 ipsa
2808 3265 2934 3306 mox
2965 3247 3320 3319 prosperitate
3349 3245 3595 3314 superbi.

567 3340 770 3395 Pascha
799 3356 1009 3394 sacrum
1039 3342 1110 3410 (ε)
1141 3340 1350 3410 Moyses
1377 3339 1547 3408 prima
1575 3339 1676 3393 sub
1704 3339 1821 3406 lege
1847 3339 1994 3393 dica-
2133 3352 2143 3403 ι

2133 3351 2200 3405 80
2379 3347 2561 3403 Prisca
2599 3349 2950 3400 retractemus
3001 3348 3024 3376 θ
3072 3345 3377 3392 sanctorum
3425 3333 3675 3403 exempla

1721 3426 1818 3496 [vit
1841 3437 1888 3492 ο,
3337 3427 3676 3499 (parentum,

569 3521 872 3590 Sanctaque
902 3529 1029 3574 tunc
1051 3517 1230 3572 Iudaea
1259 3518 1439 3589 (domo
1470 3517 1594 3571 licet
1618 3517 1810 3586 impius
1832 3517 1949 3571 illos

2239 3529 2340 3595 Qui
2361 3527 2552 3584 merita
2582 3522 2833 3578 immissis
2858 3520 3148 3575 tolerantes
3177 3517 3399 3571 verbera
3424 3515 3609 3582 bellis,

564 3611 832 3664 Maturare
862 3609 1036 3679 fugam
1068 3609 1244 3663 valida
1268 3610 1317 3662 vi
1343 3617 1556 3676 cogeret
1582 3608 1774 3677 hostis)
2241 3618 2356 3673 Non
2403 3615 2564 3670 armis
2605 3611 2737 3677 sibi,
2769 3625 2870 3666 nec
2908 3609 3073 3663 muris
3117 3605 3377 3676 capienda
3408 3605 3477 3674 (ε)
3519 3619 3676 3674 para.

566 3702 834 3758 Libertate
865 3711 1042 3757 tamen
1067 3701 1247 3756 devoti
1276 3700 1508 3769 pectoris
1534 3698 1727 3762 audax,
3417 3694 3576 3764 [bant

458 3798 528 3852 40
564 3797 672 3851 Nec
699 3797 945 3850 turbante
972 3803 1117 3849 metu
1142 3794 1347 3862 jussum
1368 3791 1608 3847 sollenne
1629 3789 1870 3857 reliquit;
2241 3795 2512 3852 Praesidia.
2542 3792 2800 3847 Humanis
2822 3789 3011 3859 opibus
3038 3800 3256 3857 sperare
3277 3784 3508 3839 salutem
3627 3857 3632 3861 ι

439 3892 448 3897 ’
564 3889 669 3943 Sed
699 3889 968 3957 trepidans
991 3886 1299 3954 fugiensque
1326 3884 1466 3947 licet,
1498 3882 1674 3935 divina
1703 3881 1908 3951 peregit
2240 3887 2390 3941 Nulla
2419 3884 2584 3940 salus,
2637 3881 2747 3936 Nec
2795 3879 2940 3935 enim
2995 3883 3223 3932 mortem
3269 3871 3520 3928 inermia
3564 3870 3679 3940 pe]-

569 3979 744 4043 Festa,
772 3978 1047 4032 salutifero
1076 3977 1209 4029 [artis
1239 3976 1484 4045 epulatus
1515 3974 1565 4026 in
1591 3989 1729 4042 agno
3473 3961 3643 4033 [lent.

567 4069 825 4131 Cmtibus,
859 4077 912 4121 et
940 4069 1063 4121 [icto
1091 4066 1288 4118 Christi
1312 4065 1422 4131 jam
1450 4064 1706 4129 sanguine
1733 4063 1925 4126 victor,
2135 4068 2210 4124 85
2383 4061 2526 4132 Ergo
2553 4059 2677 4130 quia
2704 4066 2786 4115 est
2812 4071 2955 4113 curae
2991 4063 3231 4124 tempus,
3282 4051 3352 4106 sit
3395 4064 3531 4105 cura
3560 4063 3684 4118 pre-

567 4160 726 4214 Duxit
755 4173 920 4212 ovans
945 4157 1094 4207 laetas
1122 4154 1278 4206 victo-
1323 4151 1598 4206 Pharaone
1625 4151 1870 4208 choreas.
3498 4139 3683 4212 [candi

474 4250 534 4304 l5
713 4247 839 4301 lude
868 4246 1003 4312 fuga:
1033 4255 1300 4296 memores
1327 4240 1487 4295 etiam
1521 4256 1662 4296 nunc
1698 4255 1881 4312 azyma
1910 4255 2002 4295 su-

2247 4245 2533 4302 leestem
2559 4241 2866 4304 Dominum,
2893 4253 2922 4292 a
2952 4252 3059 4307 quo
3085 4243 3276 4290 mmsta
3305 4241 3411 4289 aut.
3431 4231 3556 4285 lzeta
3587 4245 3680 4299 pa-

1830 4332 2005 4403 [munt
3375 4322 3594 4394 [rantur
3613 4339 3632 4389 ;

569 4428 757 4496 Judmi,
783 4427 898 4483 solo
924 4426 1218 4481 retinentes
1246 4423 1459 4476 nomine
1486 4430 1718 4491 gentem,
2034 4406 2080 4464 ί)
2245 4427 2344 4494 Qui
2383 4426 2530 4482 solus
2564 4431 2818 4494 praastare
2843 4429 3022 4491 potest
3044 4420 3246 4475 ditione
3274 4430 3506 4485 superna

569 4518 958 4573 lnfermentatis
988 4517 1122 4587 pulsi
1145 4516 1268 4584 quia
1293 4513 1518 4584 panibus
1547 4512 1674 4566 olim
2251 4519 2452 4572 Rursus
2480 4525 2539 4571 ut
2559 4515 2761 4571 exactis
2779 4520 3106 4568 renoventur
3125 4509 3320 4578 gaudia
3337 4507 3501 4561 curis.

573 4608 825 4680 IEgypto,
851 4607 1023 4662 fecere
1049 4605 1222 4671 fugam
1253 4621 1265 4656 :
1293 4603 1509 4673 paribus
1533 4600 1693 4654 modo
1733 4599 1894 4666 signis

2250 4609 2364 4664 Hoc
2393 4608 2590 4663 etenim
2611 4606 2749 4674 regit
2769 4613 2823 4658 et
2848 4604 3021 4656 variat
3047 4602 3184 4655 Deus
3218 4599 3418 4652 arbiter
3441 4612 3541 4650 usu

573 4699 614 4751 Ρ
617 4716 676 4753 ει·
704 4699 922 4767 Patrios:
955 4695 1048 4751 sed
1067 4696 1176 4764 iam
1207 4709 1303 4763 ρον
1331 4693 1508 4746 inania
1537 4690 1780 4755 sabbata,
1804 4689 1934 4742 Γίιυδ
2143 4698 2212 4752 90
2249 4697 2355 4753 Res
2386 4698 2688 4760 hominum,
2721 4703 2778 4748 ut
2816 4707 3026 4762 semper
3063 4690 3350 4745 succedant
3377 4687 3560 4740 nubila
3600 4701 3685 4739 su~

468 4787 534 4843 50
573 4790 787 4856 Antiqui
811 4787 1053 4841 recolunt
1082 4785 1302 4850 vestigia
1327 4791 1474 4852 grata
1507 4780 1730 4834 timoris.
3448 4776 3579 4846 [dis,

573 4881 703 4934 Nam
734 4880 925 4933 frustra
953 4887 1187 4932 veterem
1219 4891 1386 4930 vacua
1406 4873 1504 4928 sub
1527 4871 1756 4939 imagine
1785 4870 1954 4938 legem
2252 4881 2425 4950 Mque
2467 4880 2659 4933 “enim
2693 4875 2893 4944 fugiam
2921 4873 3118 4927 imbres
3144 4870 3403 4925 redeunte
3432 4882 3651 4922 sereno.

575 4969 860 5031 Exercent,
893 4982 1075 5021 verum
1103 4965 1256 5018 nobis
1283 4963 1407 5031 quia
1435 4962 1637 5015 Pascha
1672 4958 1898 5029 replevit
2388 4969 2597 5036 Quanta
2627 4981 2844 5037 precum
2886 4965 3082 5027 vii-ius,
3125 4977 3243 5031 qua:
3291 4961 3362 5014 sit
3386 4959 3687 5037 'medicina,

575 5061 722 5116 Unus
749 5028 856 5129 pro
875 5057 1079 5112 cunctis
1107 5054 1251 5107 Patri
1279 5028 1434 5107 datus
1453 5051 1628 5105 hostia
1657 5028 1896 5103 Christus
1927 5065 1937 5098 :
2397 5028 2452 5129 ⁷⁷-
2607 5028 2645 5129 -’
2801 5124 2813 5129 -
3143 5028 3158 5031 ⁷
3212 5117 3272 5129 ψ
3318 5117 3329 5128 α
3385 5028 3622 5129 [parenti

576 5115 643 5204 Et
670 5115 794 5219 quia
821 5162 1014 5216 corpus
1036 5145 1187 5198 adest
1213 5144 1353 5208 vitaz,
1387 5142 1525 5212 perit
1546 5139 1733 5195 umbra
1766 5139 1963 5207 ligulae.
2253 5130 2406 5185 Flere
2428 5127 2557 5192 Deo,
2589 5126 2782 5181 doceat
2801 5124 2944 5178 luctu
2973 5129 3183 5177 servata
3212 5117 3400 5172 Ninive
3426 5115 3473 5182 ί,

505 5296 530 5322 η
561 5283 692 5337 Vide
721 5291 832 5336 not.
865 5280 962 5333 5'51
997 5287 1051 5333 et
1075 5277 1198 5332 552.
2185 5262 2260 5337 (α)
2291 5261 2387 5316 Ms.
2412 5255 3028 5337 codex__Germ.,.ﬁgant,
3075 5252 3192 5320 lege
3241 5249 3472 5320 fugiant,
3522 5244 3695 5306 decet,

506 5354 533 5393 ι’
999 5325 1050 5333 ﬂ
1078 5325 1197 5332 νὴ-
2113 5325 2545 5411 οηιᾷςξαιξωξιιιηι
2572 5327 2754 5411 Maesta
2778 5325 2932 5378 diem.

509 5436 531 5464 ο
2186 5403 2261 5475 (ὁ)
2392 5397 2595 5460 Germ.,
2622 5397 2803 5475 vinclo.

509 5436 531 5464 ο
564 5404 731 5475 Bibe;
753 5404 855 5474 xu.

507 5493 532 5530 ⁴
563 5492 618 5546 Id
633 5500 715 5545 est
743 5491 1004 5561 άεροδὶιὶδ.
1028 5487 1162 5543 Vide
1189 5500 1326 5539 vers.
1359 5484 1426 5536 59

511 5573 534 5590 ο
565 5562 615 5590 1,Ι
641 5569 712 5590 ...4
739 5563 1014 5590 ..ηρηιηηηη
1058 5573 1150 5590 cn"
1183 5555 1488 5590 vmmlnnnmc

2209 5404 2237 5455 ὸ
2292 5404 2359 5452 Μ.
2392 5404 2595 5460 Germ.,
2622 5404 2803 5448 vinclo.

2186 5404 2261 5590 ῳ
2293 5469 2435 5523 Ideni
2467 5482 2564 5519 ms.
2597 5465 2766 5519 codex
2796 5461 2999 5523 Germ.,
3029 5459 3216 5513 Moses.
3302 5526 3311 5536 ι

2189 5543 2202 5590 ι
2252 5542 2266 5590 ὶ
2291 5539 2487 5590 Versus
2517 5535 2603 5589 ille
2631 5533 2838 5590 additus
2865 5540 2945 5585 est
2972 5545 3036 5583 ex
3067 5543 3164 5581 ms.
3196 5525 3311 5582 cod:

511 5524 532 5530 -
563 5524 618 5546 ιυ
633 5524 715 5545 συ.
743 5524 1004 5561 πμυουω.
1043 5524 1162 5543 "ue
1197 5524 1326 5539 τωο.
1359 5524 1422 5536 υυ
2193 5524 2204 5537 ι
2318 5539 2331 5550 ,
2517 5537 2526 5546 ,
2737 5533 2748 5543 ,
3302 5526 3312 5536 .

511 5573 534 5599 ο
564 5562 617 5614 ld
641 5569 718 5615 est
739 5563 1036 5627 recolamus,
1058 5573 1151 5616 seu
1183 5555 1510 5610 revolvamus.
2618 5533 3043 5627 Λῆίξέιιυξ-ξξξξξ
3067 5525 3381 5627 ηλδληεξξξιξξξ
3401 5524 3593 5581 Gem“

516 5595 530 5669 ἶ
564 5595 1036 5688 SBETHEW‘W'M’
1059 5595 1151 5616 ww
1183 5595 1510 5610 mwmm'
2189 5595 2261 5677 (ei
2287 5606 2384 5663 Ms.
2411 5605 2547 5661 idem
2567 5603 2770 5667 Germ.,
2799 5599 3064 5670 putabant,
3098 5611 3203 5654 non
3233 5595 3392 5652 male.
