  <div class='ocr_page' id='page_1' title='image "/cluster/home/n/w/nwhite01/storage/ocr_20150623/61/hvd.32044054758685/326.png"; bbox 0 0 3990 6182; ppageno 0'>
   <div class='ocr_carea' id='block_1_1' title="bbox 296 319 382 375">
    <p class='ocr_par' dir='ltr' id='par_1_1' title="bbox 296 319 382 375">
     <span class='ocr_line' id='line_1_1' title="bbox 296 319 382 375; baseline -0.023 0"><span class='ocrx_word' id='word_1_1' title='bbox 296 319 382 375; x_wconf 73' lang='grc'><strong>641</strong></span> 
     </span>
    </p>
   </div>
   <div class='ocr_carea' id='block_1_2' title="bbox 1695 300 2142 369">
    <p class='ocr_par' dir='ltr' id='par_1_2' title="bbox 1695 300 2142 369">
     <span class='ocr_line' id='line_1_2' title="bbox 1695 300 2142 369; baseline -0.013 -8"><span class='ocrx_word' id='word_1_2' title='bbox 1695 305 1922 369; x_wconf 83' lang='lat' dir='ltr'><strong>POEMA</strong></span> <span class='ocrx_word' id='word_1_3' title='bbox 1960 300 2142 361; x_wconf 74' lang='lat' dir='ltr'><strong>XXVI.</strong></span> 
     </span>
    </p>
   </div>
   <div class='ocr_carea' id='block_1_3' title="bbox 3426 298 3533 357">
    <p class='ocr_par' dir='ltr' id='par_1_3' title="bbox 3426 298 3533 357">
     <span class='ocr_line' id='line_1_3' title="bbox 3426 298 3533 357; baseline -0.019 0"><span class='ocrx_word' id='word_1_4' title='bbox 3426 298 3533 357; x_wconf 69' lang='grc' dir='ltr'>ω</span> 
     </span>
    </p>
   </div>
   <div class='ocr_carea' id='block_1_4' title="bbox 426 410 3385 491">
    <p class='ocr_par' dir='ltr' id='par_1_4' title="bbox 426 410 3385 491">
     <span class='ocr_line' id='line_1_4' title="bbox 426 410 3385 491; baseline -0.004 -13"><span class='ocrx_word' id='word_1_5' title='bbox 426 423 493 478; x_wconf 81' lang='lat' dir='ltr'><strong>Et</strong></span> <span class='ocrx_word' id='word_1_6' title='bbox 511 420 658 479; x_wconf 86' lang='lat' dir='ltr'><strong>senis</strong></span> <span class='ocrx_word' id='word_1_7' title='bbox 684 419 923 491; x_wconf 87' lang='lat' dir='ltr'><strong>impensa</strong></span> <span class='ocrx_word' id='word_1_8' title='bbox 952 417 1121 490; x_wconf 80' lang='lat' dir='ltr'><strong>Moysi</strong></span> <span class='ocrx_word' id='word_1_9' title='bbox 1146 431 1308 489; x_wconf 82' lang='lat' dir='ltr'><strong>prece</strong></span> <span class='ocrx_word' id='word_1_10' title='bbox 1334 418 1507 473; x_wconf 89' lang='lat' dir='ltr'><strong>victus</strong></span> <span class='ocrx_word' id='word_1_11' title='bbox 1534 416 1752 472; x_wconf 84' lang='lat' dir='ltr'><strong>Amalec</strong></span> <span class='ocrx_word' id='word_1_12' title='bbox 1771 426 1819 479; x_wconf 79' lang='grc' dir='ltr'>ι,</span> <span class='ocrx_word' id='word_1_13' title='bbox 1887 424 1935 480; x_wconf 80' lang='grc' dir='ltr'>Α</span> <span class='ocrx_word' id='word_1_14' title='bbox 1962 415 2064 471; x_wconf 72' lang='grc'><strong>135</strong></span> <span class='ocrx_word' id='word_1_15' title='bbox 2100 412 2215 480; x_wconf 84' lang='lat' dir='ltr'><strong>Qua</strong></span> <span class='ocrx_word' id='word_1_16' title='bbox 2243 410 2455 467; x_wconf 78' lang='lat' dir='ltr'><strong>famulis</strong></span> <span class='ocrx_word' id='word_1_17' title='bbox 2477 411 2687 468; x_wconf 81' lang='lat' dir='ltr'><strong>Domini</strong></span> <span class='ocrx_word' id='word_1_18' title='bbox 2716 420 2832 467; x_wconf 94' lang='lat' dir='ltr'><strong>tuto</strong></span> <span class='ocrx_word' id='word_1_19' title='bbox 2860 410 2959 466; x_wconf 83' lang='lat' dir='ltr'><strong>fuit</strong></span> <span class='ocrx_word' id='word_1_20' title='bbox 2986 412 3194 482; x_wconf 89' lang='lat' dir='ltr'><strong>hospita</strong></span> <span class='ocrx_word' id='word_1_21' title='bbox 3225 419 3385 477; x_wconf 89' lang='lat' dir='ltr'><strong>tecto,</strong></span> 
     </span>
    </p>
   </div>
   <div class='ocr_carea' id='block_1_5' title="bbox 328 505 1864 579">
    <p class='ocr_par' dir='ltr' id='par_1_5' title="bbox 328 505 1864 579">
     <span class='ocr_line' id='line_1_5' title="bbox 328 505 1864 579; baseline -0.005 -11"><span class='ocrx_word' id='word_1_22' title='bbox 328 514 394 568; x_wconf 82' lang='lat'><strong>95</strong></span> <span class='ocrx_word' id='word_1_23' title='bbox 432 512 498 567; x_wconf 88' lang='lat' dir='ltr'><strong>Et</strong></span> <span class='ocrx_word' id='word_1_24' title='bbox 517 511 833 567; x_wconf 89' lang='lat' dir='ltr'><strong>maledictus</strong></span> <span class='ocrx_word' id='word_1_25' title='bbox 860 508 1027 566; x_wconf 84' lang='lat' dir='ltr'><strong>Aman</strong></span> <span class='ocrx_word' id='word_1_26' title='bbox 1064 515 1264 565; x_wconf 61' lang='lat' dir='ltr'><strong>sancta:</strong></span> <span class='ocrx_word' id='word_1_27' title='bbox 1299 523 1459 579; x_wconf 84' lang='lat' dir='ltr'><strong>prece</strong></span> <span class='ocrx_word' id='word_1_28' title='bbox 1486 507 1725 578; x_wconf 89' lang='lat' dir='ltr'><strong>perditus</strong></span> <span class='ocrx_word' id='word_1_29' title='bbox 1762 505 1864 560; x_wconf 88' lang='lat' dir='ltr'><strong>Es-</strong></span> 
     </span>
    </p>
   </div>
   <div class='ocr_carea' id='block_1_6' title="bbox 1581 594 1793 667">
    <p class='ocr_par' dir='ltr' id='par_1_6' title="bbox 1581 594 1793 667">
     <span class='ocr_line' id='line_1_6' title="bbox 1581 594 1793 667; baseline 0.005 -18"><span class='ocrx_word' id='word_1_30' title='bbox 1581 595 1726 667; x_wconf 88' lang='lat' dir='ltr'><strong>|ther</strong></span> <span class='ocrx_word' id='word_1_31' title='bbox 1744 594 1793 661; x_wconf 63' lang='grc' dir='ltr'><strong>δ,</strong></span> 
     </span>
    </p>
   </div>
   <div class='ocr_carea' id='block_1_7' title="bbox 429 684 1867 758">
    <p class='ocr_par' dir='ltr' id='par_1_7' title="bbox 429 684 1867 758">
     <span class='ocr_line' id='line_1_7' title="bbox 429 684 1867 758; baseline -0.006 -13"><span class='ocrx_word' id='word_1_32' title='bbox 429 690 529 758; x_wconf 88' lang='lat' dir='ltr'><strong>Qui</strong></span> <span class='ocrx_word' id='word_1_33' title='bbox 565 690 705 745; x_wconf 85' lang='lat' dir='ltr'><strong>bene</strong></span> <span class='ocrx_word' id='word_1_34' title='bbox 744 701 1020 758; x_wconf 79' lang='lat' dir='ltr'><strong>pomarum</strong></span> <span class='ocrx_word' id='word_1_35' title='bbox 1054 700 1208 741; x_wconf 87' lang='lat' dir='ltr'><strong>versa</strong></span> <span class='ocrx_word' id='word_1_36' title='bbox 1249 686 1387 753; x_wconf 84' lang='lat' dir='ltr'><strong>vice,</strong></span> <span class='ocrx_word' id='word_1_37' title='bbox 1417 699 1535 755; x_wconf 61' lang='lat' dir='ltr'><strong>qua;</strong></span> <span class='ocrx_word' id='word_1_38' title='bbox 1574 684 1715 739; x_wconf 89' lang='lat' dir='ltr'><strong>male</strong></span> <span class='ocrx_word' id='word_1_39' title='bbox 1739 699 1867 739; x_wconf 84' lang='lat' dir='ltr'><strong>san-</strong></span> 
     </span>
    </p>
   </div>
   <div class='ocr_carea' id='block_1_8' title="bbox 652 774 1764 847">
    <p class='ocr_par' dir='ltr' id='par_1_8' title="bbox 652 774 1764 847">
     <span class='ocr_line' id='line_1_8' title="bbox 652 774 1764 847; baseline -0.004 -12"><span class='ocrx_word' id='word_1_40' title='bbox 652 788 659 792; x_wconf 82' lang='lat'><strong>‘</strong></span> <span class='ocrx_word' id='word_1_41' title='bbox 1640 774 1764 847; x_wconf 88' lang='lat' dir='ltr'><strong>[etis</strong></span> 
     </span>
    </p>
   </div>
   <div class='ocr_carea' id='block_1_9' title="bbox 440 866 1756 938">
    <p class='ocr_par' dir='ltr' id='par_1_9' title="bbox 440 866 1756 938">
     <span class='ocr_line' id='line_1_9' title="bbox 440 866 1756 938; baseline -0.003 -15"><span class='ocrx_word' id='word_1_42' title='bbox 440 869 745 937; x_wconf 72' lang='lat' dir='ltr'><strong>Miscuerat,</strong></span> <span class='ocrx_word' id='word_1_43' title='bbox 767 869 913 924; x_wconf 90' lang='lat' dir='ltr'><strong>solus</strong></span> <span class='ocrx_word' id='word_1_44' title='bbox 931 868 1066 924; x_wconf 94' lang='lat' dir='ltr'><strong>bibit</strong></span> <span class='ocrx_word' id='word_1_45' title='bbox 1085 868 1294 938; x_wconf 89' lang='lat' dir='ltr'><strong>impius,</strong></span> <span class='ocrx_word' id='word_1_46' title='bbox 1324 876 1378 923; x_wconf 92' lang='lat' dir='ltr'><strong>et</strong></span> <span class='ocrx_word' id='word_1_47' title='bbox 1400 882 1558 923; x_wconf 90' lang='lat' dir='ltr'><strong>cruce</strong></span> <span class='ocrx_word' id='word_1_48' title='bbox 1581 866 1722 935; x_wconf 86' lang='lat' dir='ltr'><strong>justa</strong></span> <span class='ocrx_word' id='word_1_49' title='bbox 1741 906 1756 930; x_wconf 93' lang='lat'><strong>,</strong></span> 
     </span>
    </p>
   </div>
   <div class='ocr_carea' id='block_1_10' title="bbox 437 958 1868 1031">
    <p class='ocr_par' dir='ltr' id='par_1_10' title="bbox 437 958 1868 1031">
     <span class='ocr_line' id='line_1_10' title="bbox 437 958 1868 1031; baseline -0.006 -15"><span class='ocrx_word' id='word_1_50' title='bbox 437 960 610 1028; x_wconf 85' lang='lat' dir='ltr'><strong>Quam</strong></span> <span class='ocrx_word' id='word_1_51' title='bbox 648 961 724 1031; x_wconf 84' lang='grc' dir='ltr'><strong>(η)</strong></span> <span class='ocrx_word' id='word_1_52' title='bbox 764 959 962 1015; x_wconf 89' lang='lat' dir='ltr'><strong>famulo</strong></span> <span class='ocrx_word' id='word_1_53' title='bbox 1000 960 1208 1015; x_wconf 88' lang='lat' dir='ltr'><strong>Domini</strong></span> <span class='ocrx_word' id='word_1_54' title='bbox 1248 958 1567 1029; x_wconf 60' lang='lat' dir='ltr'><strong>praiﬁxerat,</strong></span> <span class='ocrx_word' id='word_1_55' title='bbox 1617 958 1732 1025; x_wconf 91' lang='lat' dir='ltr'><strong>ipse</strong></span> <span class='ocrx_word' id='word_1_56' title='bbox 1769 969 1868 1024; x_wconf 81' lang='lat' dir='ltr'><strong>pe-</strong></span> 
     </span>
    </p>
   </div>
   <div class='ocr_carea' id='block_1_11' title="bbox 1642 1043 1867 1117">
    <p class='ocr_par' dir='ltr' id='par_1_11' title="bbox 1642 1043 1867 1117">
     <span class='ocr_line' id='line_1_11' title="bbox 1642 1043 1867 1117; baseline -0.013 -19"><span class='ocrx_word' id='word_1_57' title='bbox 1642 1043 1867 1117; x_wconf 84' lang='lat' dir='ltr'><strong>[pendit.</strong></span> 
     </span>
    </p>
   </div>
   <div class='ocr_carea' id='block_1_12' title="bbox 579 1134 1765 1209">
    <p class='ocr_par' dir='ltr' id='par_1_12' title="bbox 579 1134 1765 1209">
     <span class='ocr_line' id='line_1_12' title="bbox 579 1134 1765 1209; baseline -0.008 -15"><span class='ocrx_word' id='word_1_58' title='bbox 579 1142 720 1209; x_wconf 78' lang='lat' dir='ltr'><strong>Ergo</strong></span> <span class='ocrx_word' id='word_1_59' title='bbox 748 1139 882 1194; x_wconf 91' lang='lat' dir='ltr'><strong>ﬁdes</strong></span> <span class='ocrx_word' id='word_1_60' title='bbox 908 1141 1089 1193; x_wconf 81' lang='lat' dir='ltr'><strong>innixa</strong></span> <span class='ocrx_word' id='word_1_61' title='bbox 1119 1139 1231 1193; x_wconf 93' lang='lat' dir='ltr'><strong>Deo</strong></span> <span class='ocrx_word' id='word_1_62' title='bbox 1252 1136 1570 1206; x_wconf 74' lang='lat' dir='ltr'><strong>trepidantia</strong></span> <span class='ocrx_word' id='word_1_63' title='bbox 1592 1134 1765 1189; x_wconf 90' lang='lat' dir='ltr'><strong>ﬁrmet</strong></span> 
     </span>
    </p>
   </div>
   <div class='ocr_carea' id='block_1_13' title="bbox 302 1229 1871 1295">
    <p class='ocr_par' dir='ltr' id='par_1_13' title="bbox 302 1229 1871 1295">
     <span class='ocr_line' id='line_1_13' title="bbox 302 1229 1871 1295; baseline -0.006 -10"><span class='ocrx_word' id='word_1_64' title='bbox 302 1232 403 1286; x_wconf 65' lang='lat'><strong>100</strong></span> <span class='ocrx_word' id='word_1_65' title='bbox 444 1229 669 1285; x_wconf 87' lang='lat' dir='ltr'><strong>Pectora</strong></span> <span class='ocrx_word' id='word_1_66' title='bbox 686 1269 701 1294; x_wconf 97' lang='lat'><strong>,</strong></span> <span class='ocrx_word' id='word_1_67' title='bbox 736 1237 791 1282; x_wconf 93' lang='lat' dir='ltr'><strong>et</strong></span> <span class='ocrx_word' id='word_1_68' title='bbox 818 1229 871 1281; x_wconf 92' lang='lat' dir='ltr'><strong>in</strong></span> <span class='ocrx_word' id='word_1_69' title='bbox 899 1236 1094 1283; x_wconf 64' lang='lat' dir='ltr'><strong>maesto</strong></span> <span class='ocrx_word' id='word_1_70' title='bbox 1117 1242 1363 1282; x_wconf 89' lang='lat' dir='ltr'><strong>securum</strong></span> <span class='ocrx_word' id='word_1_71' title='bbox 1392 1234 1635 1295; x_wconf 90' lang='lat' dir='ltr'><strong>tempore</strong></span> <span class='ocrx_word' id='word_1_72' title='bbox 1663 1233 1871 1293; x_wconf 88' lang='lat' dir='ltr'><strong>tempus</strong></span> 
     </span>
    </p>
   </div>
   <div class='ocr_carea' id='block_1_14' title="bbox 441 1312 1709 1384">
    <p class='ocr_par' dir='ltr' id='par_1_14' title="bbox 441 1312 1709 1384">
     <span class='ocr_line' id='line_1_14' title="bbox 441 1312 1709 1384; baseline -0.006 -12"><span class='ocrx_word' id='word_1_73' title='bbox 441 1314 955 1374; x_wconf 73' lang='lat' dir='ltr'><strong>Pnesumatconﬁsa</strong></span> <span class='ocrx_word' id='word_1_74' title='bbox 984 1316 1117 1383; x_wconf 91' lang='lat' dir='ltr'><strong>Deo,</strong></span> <span class='ocrx_word' id='word_1_75' title='bbox 1146 1315 1271 1384; x_wconf 86' lang='lat' dir='ltr'><strong>quia</strong></span> <span class='ocrx_word' id='word_1_76' title='bbox 1301 1330 1409 1369; x_wconf 93' lang='lat' dir='ltr'><strong>non</strong></span> <span class='ocrx_word' id='word_1_77' title='bbox 1437 1312 1709 1368; x_wconf 85' lang='lat' dir='ltr'><strong>metuendi</strong></span> 
     </span>
    </p>
   </div>
   <div class='ocr_carea' id='block_1_15' title="bbox 443 1403 1872 1475">
    <p class='ocr_par' dir='ltr' id='par_1_15' title="bbox 443 1403 1872 1475">
     <span class='ocr_line' id='line_1_15' title="bbox 443 1403 1872 1475; baseline -0.006 -11"><span class='ocrx_word' id='word_1_78' title='bbox 443 1408 633 1473; x_wconf 87' lang='lat' dir='ltr'><strong>Causa,</strong></span> <span class='ocrx_word' id='word_1_79' title='bbox 664 1408 855 1462; x_wconf 89' lang='lat' dir='ltr'><strong>timere</strong></span> <span class='ocrx_word' id='word_1_80' title='bbox 880 1407 1067 1470; x_wconf 89' lang='lat' dir='ltr'><strong>Deum,</strong></span> <span class='ocrx_word' id='word_1_81' title='bbox 1094 1420 1256 1475; x_wconf 91' lang='lat' dir='ltr'><strong>quem</strong></span> <span class='ocrx_word' id='word_1_82' title='bbox 1283 1406 1525 1474; x_wconf 85' lang='lat' dir='ltr'><strong>quisquis</strong></span> <span class='ocrx_word' id='word_1_83' title='bbox 1563 1419 1671 1459; x_wconf 89' lang='lat' dir='ltr'><strong>non</strong></span> <span class='ocrx_word' id='word_1_84' title='bbox 1718 1403 1872 1457; x_wconf 89' lang='lat' dir='ltr'><strong>timet</strong></span> 
     </span>
    </p>
   </div>
   <div class='ocr_carea' id='block_1_16' title="bbox 1660 1495 1868 1568">
    <p class='ocr_par' dir='ltr' id='par_1_16' title="bbox 1660 1495 1868 1568">
     <span class='ocr_line' id='line_1_16' title="bbox 1660 1495 1868 1568; baseline -0.005 -21"><span class='ocrx_word' id='word_1_85' title='bbox 1660 1495 1868 1568; x_wconf 84' lang='lat' dir='ltr'><strong>[unum,</strong></span> 
     </span>
    </p>
   </div>
   <div class='ocr_carea' id='block_1_17' title="bbox 441 1583 1631 1659">
    <p class='ocr_par' dir='ltr' id='par_1_17' title="bbox 441 1583 1631 1659">
     <span class='ocr_line' id='line_1_17' title="bbox 441 1583 1631 1659; baseline -0.003 -18"><span class='ocrx_word' id='word_1_86' title='bbox 441 1587 629 1642; x_wconf 87' lang='lat' dir='ltr'><strong>Omnia</strong></span> <span class='ocrx_word' id='word_1_87' title='bbox 646 1585 768 1654; x_wconf 89' lang='lat' dir='ltr'><strong>jure</strong></span> <span class='ocrx_word' id='word_1_88' title='bbox 788 1585 959 1640; x_wconf 91' lang='lat' dir='ltr'><strong>timet.</strong></span> <span class='ocrx_word' id='word_1_89' title='bbox 991 1584 1182 1639; x_wconf 86' lang='lat' dir='ltr'><strong>Fidant</strong></span> <span class='ocrx_word' id='word_1_90' title='bbox 1206 1584 1503 1659; x_wconf 88' lang='lat' dir='ltr'><strong>legionibus</strong></span> <span class='ocrx_word' id='word_1_91' title='bbox 1524 1583 1631 1651; x_wconf 94' lang='lat' dir='ltr'><strong>illi,</strong></span> 
     </span>
    </p>
   </div>
   <div class='ocr_carea' id='block_1_18' title="bbox 445 1672 1737 1743">
    <p class='ocr_par' dir='ltr' id='par_1_18' title="bbox 445 1672 1737 1743">
     <span class='ocr_line' id='line_1_18' title="bbox 445 1672 1737 1743; baseline -0.003 -14"><span class='ocrx_word' id='word_1_92' title='bbox 445 1673 798 1742; x_wconf 88' lang='lat' dir='ltr'><strong>Perfugioque</strong></span> <span class='ocrx_word' id='word_1_93' title='bbox 826 1682 1017 1743; x_wconf 90' lang='lat' dir='ltr'><strong>parent</strong></span> <span class='ocrx_word' id='word_1_94' title='bbox 1043 1672 1303 1742; x_wconf 83' lang='lat' dir='ltr'><strong>reparatis</strong></span> <span class='ocrx_word' id='word_1_95' title='bbox 1331 1673 1525 1728; x_wconf 74' lang='lat' dir='ltr'><strong>mmnia</strong></span> <span class='ocrx_word' id='word_1_96' title='bbox 1553 1673 1737 1735; x_wconf 89' lang='lat' dir='ltr'><strong>muris,</strong></span> 
     </span>
    </p>
   </div>
   <div class='ocr_carea' id='block_1_19' title="bbox 310 1760 1689 1830">
    <p class='ocr_par' dir='ltr' id='par_1_19' title="bbox 310 1760 1689 1830">
     <span class='ocr_line' id='line_1_19' title="bbox 310 1760 1689 1830; baseline -0.003 -13"><span class='ocrx_word' id='word_1_97' title='bbox 310 1764 409 1821; x_wconf 79' lang='grc'>105</span> <span class='ocrx_word' id='word_1_98' title='bbox 444 1763 596 1818; x_wconf 85' lang='lat' dir='ltr'><strong>Nulla</strong></span> <span class='ocrx_word' id='word_1_99' title='bbox 625 1761 883 1817; x_wconf 83' lang='lat' dir='ltr'><strong>salutiferi</strong></span> <span class='ocrx_word' id='word_1_100' title='bbox 904 1762 1096 1830; x_wconf 89' lang='lat' dir='ltr'><strong>quibus</strong></span> <span class='ocrx_word' id='word_1_101' title='bbox 1124 1769 1206 1817; x_wconf 93' lang='lat' dir='ltr'><strong>est</strong></span> <span class='ocrx_word' id='word_1_102' title='bbox 1234 1760 1425 1816; x_wconf 90' lang='lat' dir='ltr'><strong>ﬁducia</strong></span> <span class='ocrx_word' id='word_1_103' title='bbox 1453 1760 1651 1815; x_wconf 90' lang='lat' dir='ltr'><strong>Christi</strong></span> <span class='ocrx_word' id='word_1_104' title='bbox 1676 1779 1689 1813; x_wconf 88' lang='lat'><strong>:</strong></span> 
     </span>
    </p>
   </div>
   <div class='ocr_carea' id='block_1_20' title="bbox 446 1850 1797 1919">
    <p class='ocr_par' dir='ltr' id='par_1_20' title="bbox 446 1850 1797 1919">
     <span class='ocr_line' id='line_1_20' title="bbox 446 1850 1797 1919; baseline -0.004 -11"><span class='ocrx_word' id='word_1_105' title='bbox 446 1853 553 1909; x_wconf 87' lang='lat' dir='ltr'><strong>Nos</strong></span> <span class='ocrx_word' id='word_1_106' title='bbox 572 1854 745 1907; x_wconf 87' lang='lat' dir='ltr'><strong>crucis</strong></span> <span class='ocrx_word' id='word_1_107' title='bbox 763 1853 972 1908; x_wconf 58' lang='lat' dir='ltr'><strong>invictae.</strong></span> <span class='ocrx_word' id='word_1_108' title='bbox 991 1852 1218 1919; x_wconf 89' lang='lat' dir='ltr'><strong>signum,</strong></span> <span class='ocrx_word' id='word_1_109' title='bbox 1248 1859 1305 1906; x_wconf 90' lang='lat' dir='ltr'><strong>et</strong></span> <span class='ocrx_word' id='word_1_110' title='bbox 1318 1850 1584 1906; x_wconf 81' lang='lat' dir='ltr'><strong>confessio</strong></span> <span class='ocrx_word' id='word_1_111' title='bbox 1608 1850 1797 1915; x_wconf 82' lang='lat' dir='ltr'><strong>munit,</strong></span> 
     </span>
    </p>
   </div>
   <div class='ocr_carea' id='block_1_21' title="bbox 446 1940 1783 2012">
    <p class='ocr_par' dir='ltr' id='par_1_21' title="bbox 446 1940 1783 2012">
     <span class='ocr_line' id='line_1_21' title="bbox 446 1940 1783 2012; baseline -0.005 -13"><span class='ocrx_word' id='word_1_112' title='bbox 446 1944 756 2012; x_wconf 84' lang='lat' dir='ltr'><strong>Armatique</strong></span> <span class='ocrx_word' id='word_1_113' title='bbox 783 1943 894 1997; x_wconf 88' lang='lat' dir='ltr'><strong>Deo</strong></span> <span class='ocrx_word' id='word_1_114' title='bbox 921 1948 1178 2004; x_wconf 90' lang='lat' dir='ltr'><strong>mentem,</strong></span> <span class='ocrx_word' id='word_1_115' title='bbox 1200 1955 1310 1995; x_wconf 92' lang='lat' dir='ltr'><strong>non</strong></span> <span class='ocrx_word' id='word_1_116' title='bbox 1329 1940 1616 2008; x_wconf 73' lang='lat' dir='ltr'><strong>quzerimus</strong></span> <span class='ocrx_word' id='word_1_117' title='bbox 1636 1954 1783 1993; x_wconf 91' lang='lat' dir='ltr'><strong>arma</strong></span> 
     </span>
    </p>
   </div>
   <div class='ocr_carea' id='block_1_22' title="bbox 446 2028 1872 2105">
    <p class='ocr_par' dir='ltr' id='par_1_22' title="bbox 446 2028 1872 2105">
     <span class='ocr_line' id='line_1_22' title="bbox 446 2028 1872 2105; baseline -0.006 -14"><span class='ocrx_word' id='word_1_118' title='bbox 446 2034 734 2105; x_wconf 82' lang='lat' dir='ltr'><strong>Corporis;</strong></span> <span class='ocrx_word' id='word_1_119' title='bbox 766 2039 821 2088; x_wconf 93' lang='lat' dir='ltr'><strong>et</strong></span> <span class='ocrx_word' id='word_1_120' title='bbox 846 2045 1169 2101; x_wconf 91' lang='lat' dir='ltr'><strong>quamquam</strong></span> <span class='ocrx_word' id='word_1_121' title='bbox 1196 2029 1450 2085; x_wconf 84' lang='lat' dir='ltr'><strong>membris</strong></span> <span class='ocrx_word' id='word_1_122' title='bbox 1476 2028 1753 2084; x_wconf 82' lang='lat' dir='ltr'><strong>videamur</strong></span> <span class='ocrx_word' id='word_1_123' title='bbox 1790 2030 1872 2083; x_wconf 91' lang='lat' dir='ltr'><strong>in-</strong></span> 
     </span>
    </p>
   </div>
   <div class='ocr_carea' id='block_1_23' title="bbox 1657 2120 1874 2192">
    <p class='ocr_par' dir='ltr' id='par_1_23' title="bbox 1657 2120 1874 2192">
     <span class='ocr_line' id='line_1_23' title="bbox 1657 2120 1874 2192; baseline 0 -19"><span class='ocrx_word' id='word_1_124' title='bbox 1657 2120 1874 2192; x_wconf 88' lang='lat' dir='ltr'><strong>[ermes,</strong></span> 
     </span>
    </p>
   </div>
   <div class='ocr_carea' id='block_1_24' title="bbox 448 2210 1878 2283">
    <p class='ocr_par' dir='ltr' id='par_1_24' title="bbox 448 2210 1878 2283">
     <span class='ocr_line' id='line_1_24' title="bbox 448 2210 1878 2283; baseline -0.003 -14"><span class='ocrx_word' id='word_1_125' title='bbox 448 2217 606 2269; x_wconf 85' lang='lat' dir='ltr'><strong>Arma</strong></span> <span class='ocrx_word' id='word_1_126' title='bbox 646 2224 826 2269; x_wconf 91' lang='lat' dir='ltr'><strong>tamen</strong></span> <span class='ocrx_word' id='word_1_127' title='bbox 873 2212 1133 2283; x_wconf 79' lang='lat' dir='ltr'><strong>gerimus,</strong></span> <span class='ocrx_word' id='word_1_128' title='bbox 1167 2210 1360 2280; x_wconf 90' lang='lat' dir='ltr'><strong>quibus</strong></span> <span class='ocrx_word' id='word_1_129' title='bbox 1397 2221 1453 2266; x_wconf 91' lang='lat' dir='ltr'><strong>et</strong></span> <span class='ocrx_word' id='word_1_130' title='bbox 1494 2210 1594 2265; x_wconf 87' lang='lat' dir='ltr'><strong>sub</strong></span> <span class='ocrx_word' id='word_1_131' title='bbox 1636 2225 1769 2281; x_wconf 89' lang='lat' dir='ltr'><strong>pace</strong></span> <span class='ocrx_word' id='word_1_132' title='bbox 1792 2224 1878 2265; x_wconf 89' lang='lat' dir='ltr'><strong>sc-</strong></span> 
     </span>
    </p>
   </div>
   <div class='ocr_carea' id='block_1_25' title="bbox 1725 2299 1876 2371">
    <p class='ocr_par' dir='ltr' id='par_1_25' title="bbox 1725 2299 1876 2371">
     <span class='ocr_line' id='line_1_25' title="bbox 1725 2299 1876 2371; baseline -0.013 -18"><span class='ocrx_word' id='word_1_133' title='bbox 1725 2299 1876 2371; x_wconf 90' lang='lat' dir='ltr'><strong>[rena</strong></span> 
     </span>
    </p>
   </div>
   <div class='ocr_carea' id='block_1_26' title="bbox 318 2388 1820 2462">
    <p class='ocr_par' dir='ltr' id='par_1_26' title="bbox 318 2388 1820 2462">
     <span class='ocr_line' id='line_1_26' title="bbox 318 2388 1820 2462; baseline -0.005 -14"><span class='ocrx_word' id='word_1_134' title='bbox 318 2395 413 2449; x_wconf 87' lang='lat' dir='ltr'><strong>H0</strong></span> <span class='ocrx_word' id='word_1_135' title='bbox 446 2392 642 2450; x_wconf 88' lang='lat' dir='ltr'><strong>Contra</strong></span> <span class='ocrx_word' id='word_1_136' title='bbox 670 2394 1021 2462; x_wconf 88' lang='lat' dir='ltr'><strong>incorporeos</strong></span> <span class='ocrx_word' id='word_1_137' title='bbox 1049 2389 1241 2444; x_wconf 91' lang='lat' dir='ltr'><strong>animis</strong></span> <span class='ocrx_word' id='word_1_138' title='bbox 1261 2388 1596 2443; x_wconf 86' lang='lat' dir='ltr'><strong>decernimus</strong></span> <span class='ocrx_word' id='word_1_139' title='bbox 1621 2388 1820 2442; x_wconf 88' lang='lat' dir='ltr'><strong>hostes.</strong></span> 
     </span>
    </p>
   </div>
   <div class='ocr_carea' id='block_1_27' title="bbox 450 2475 1781 2551">
    <p class='ocr_par' dir='ltr' id='par_1_27' title="bbox 450 2475 1781 2551">
     <span class='ocr_line' id='line_1_27' title="bbox 450 2475 1781 2551; baseline -0.007 -14"><span class='ocrx_word' id='word_1_140' title='bbox 450 2483 601 2537; x_wconf 86' lang='lat' dir='ltr'><strong>Nunc</strong></span> <span class='ocrx_word' id='word_1_141' title='bbox 624 2497 760 2551; x_wconf 91' lang='lat' dir='ltr'><strong>opus</strong></span> <span class='ocrx_word' id='word_1_142' title='bbox 788 2480 1032 2549; x_wconf 77' lang='lat' dir='ltr'><strong>adiutore</strong></span> <span class='ocrx_word' id='word_1_143' title='bbox 1061 2479 1192 2545; x_wconf 90' lang='lat' dir='ltr'><strong>Deo,</strong></span> <span class='ocrx_word' id='word_1_144' title='bbox 1217 2478 1469 2546; x_wconf 89' lang='lat' dir='ltr'><strong>solusque</strong></span> <span class='ocrx_word' id='word_1_145' title='bbox 1498 2475 1781 2541; x_wconf 89' lang='lat' dir='ltr'><strong>timendus,</strong></span> 
     </span>
    </p>
   </div>
   <div class='ocr_carea' id='block_1_28' title="bbox 450 2568 1881 2640">
    <p class='ocr_par' dir='ltr' id='par_1_28' title="bbox 450 2568 1881 2640">
     <span class='ocr_line' id='line_1_28' title="bbox 450 2568 1881 2640; baseline -0.006 -12"><span class='ocrx_word' id='word_1_146' title='bbox 450 2573 565 2640; x_wconf 84' lang='lat' dir='ltr'><strong>Quo</strong></span> <span class='ocrx_word' id='word_1_147' title='bbox 594 2574 710 2628; x_wconf 88' lang='lat' dir='ltr'><strong>sine</strong></span> <span class='ocrx_word' id='word_1_148' title='bbox 730 2580 786 2627; x_wconf 92' lang='lat' dir='ltr'><strong>et</strong></span> <span class='ocrx_word' id='word_1_149' title='bbox 810 2585 959 2625; x_wconf 91' lang='lat' dir='ltr'><strong>arma</strong></span> <span class='ocrx_word' id='word_1_150' title='bbox 981 2568 1200 2635; x_wconf 89' lang='lat' dir='ltr'><strong>cadunt,</strong></span> <span class='ocrx_word' id='word_1_151' title='bbox 1224 2582 1321 2638; x_wconf 89' lang='lat' dir='ltr'><strong>per</strong></span> <span class='ocrx_word' id='word_1_152' title='bbox 1346 2582 1507 2637; x_wconf 90' lang='lat' dir='ltr'><strong>quem</strong></span> <span class='ocrx_word' id='word_1_153' title='bbox 1536 2568 1814 2622; x_wconf 89' lang='lat' dir='ltr'><strong>ﬁrmantur</strong></span> <span class='ocrx_word' id='word_1_154' title='bbox 1826 2573 1881 2620; x_wconf 90' lang='lat' dir='ltr'><strong>et</strong></span> 
     </span>
    </p>
   </div>
   <div class='ocr_carea' id='block_1_29' title="bbox 1676 2656 1880 2728">
    <p class='ocr_par' dir='ltr' id='par_1_29' title="bbox 1676 2656 1880 2728">
     <span class='ocr_line' id='line_1_29' title="bbox 1676 2656 1880 2728; baseline 0.005 -19"><span class='ocrx_word' id='word_1_155' title='bbox 1676 2656 1845 2728; x_wconf 88' lang='lat' dir='ltr'><strong>[arma</strong></span> <span class='ocrx_word' id='word_1_156' title='bbox 1864 2674 1880 2723; x_wconf 90' lang='lat'><strong>;</strong></span> 
     </span>
    </p>
   </div>
   <div class='ocr_carea' id='block_1_30' title="bbox 450 2747 1714 2820">
    <p class='ocr_par' dir='ltr' id='par_1_30' title="bbox 450 2747 1714 2820">
     <span class='ocr_line' id='line_1_30' title="bbox 450 2747 1714 2820; baseline -0.003 -15"><span class='ocrx_word' id='word_1_157' title='bbox 450 2751 567 2820; x_wconf 82' lang='lat' dir='ltr'><strong>Ipse</strong></span> <span class='ocrx_word' id='word_1_158' title='bbox 590 2752 727 2804; x_wconf 89' lang='lat' dir='ltr'><strong>intra</strong></span> <span class='ocrx_word' id='word_1_159' title='bbox 757 2764 940 2805; x_wconf 86' lang='lat' dir='ltr'><strong>muros</strong></span> <span class='ocrx_word' id='word_1_160' title='bbox 969 2748 1126 2803; x_wconf 89' lang='lat' dir='ltr'><strong>turris</strong></span> <span class='ocrx_word' id='word_1_161' title='bbox 1152 2747 1269 2815; x_wconf 88' lang='lat' dir='ltr'><strong>tibi,</strong></span> <span class='ocrx_word' id='word_1_162' title='bbox 1292 2747 1383 2816; x_wconf 91' lang='lat' dir='ltr'><strong>qui</strong></span> <span class='ocrx_word' id='word_1_163' title='bbox 1411 2748 1528 2801; x_wconf 90' lang='lat' dir='ltr'><strong>sine</strong></span> <span class='ocrx_word' id='word_1_164' title='bbox 1548 2747 1714 2801; x_wconf 89' lang='lat' dir='ltr'><strong>muris</strong></span> 
     </span>
    </p>
   </div>
   <div class='ocr_carea' id='block_1_31' title="bbox 452 2837 1830 2907">
    <p class='ocr_par' dir='ltr' id='par_1_31' title="bbox 452 2837 1830 2907">
     <span class='ocr_line' id='line_1_31' title="bbox 452 2837 1830 2907; baseline -0.004 -12"><span class='ocrx_word' id='word_1_165' title='bbox 452 2841 635 2896; x_wconf 79' lang='lat' dir='ltr'><strong>Murus</strong></span> <span class='ocrx_word' id='word_1_166' title='bbox 659 2842 781 2895; x_wconf 92' lang='lat' dir='ltr'><strong>crit.</strong></span> <span class='ocrx_word' id='word_1_167' title='bbox 812 2839 1133 2895; x_wconf 90' lang='lat' dir='ltr'><strong>Recolamus</strong></span> <span class='ocrx_word' id='word_1_168' title='bbox 1159 2839 1352 2893; x_wconf 88' lang='lat' dir='ltr'><strong>abhinc</strong></span> <span class='ocrx_word' id='word_1_169' title='bbox 1380 2839 1585 2907; x_wconf 89' lang='lat' dir='ltr'><strong>signata</strong></span> <span class='ocrx_word' id='word_1_170' title='bbox 1606 2837 1830 2892; x_wconf 88' lang='lat' dir='ltr'><strong>sacratis</strong></span> 
     </span>
    </p>
   </div>
   <div class='ocr_carea' id='block_1_32' title="bbox 324 2927 1743 3001">
    <p class='ocr_par' dir='ltr' id='par_1_32' title="bbox 324 2927 1743 3001">
     <span class='ocr_line' id='line_1_32' title="bbox 324 2927 1743 3001; baseline -0.005 -14"><span class='ocrx_word' id='word_1_171' title='bbox 324 2931 421 2987; x_wconf 85' lang='grc'><strong>115</strong></span> <span class='ocrx_word' id='word_1_172' title='bbox 455 2930 617 2987; x_wconf 88' lang='lat' dir='ltr'><strong>Gesta</strong></span> <span class='ocrx_word' id='word_1_173' title='bbox 638 2939 849 3001; x_wconf 89' lang='lat' dir='ltr'><strong>patrum</strong></span> <span class='ocrx_word' id='word_1_174' title='bbox 874 2930 1040 2994; x_wconf 91' lang='lat' dir='ltr'><strong>libris,</strong></span> <span class='ocrx_word' id='word_1_175' title='bbox 1072 2935 1128 2983; x_wconf 90' lang='lat' dir='ltr'><strong>et</strong></span> <span class='ocrx_word' id='word_1_176' title='bbox 1150 2928 1393 2998; x_wconf 88' lang='lat' dir='ltr'><strong>perspice</strong></span> <span class='ocrx_word' id='word_1_177' title='bbox 1420 2928 1510 2995; x_wconf 92' lang='lat' dir='ltr'><strong>qui</strong></span> <span class='ocrx_word' id='word_1_178' title='bbox 1532 2927 1743 2995; x_wconf 90' lang='lat' dir='ltr'><strong>potiore</strong></span> 
     </span>
    </p>
   </div>
   <div class='ocr_carea' id='block_1_33' title="bbox 453 3014 1831 3088">
    <p class='ocr_par' dir='ltr' id='par_1_33' title="bbox 453 3014 1831 3088">
     <span class='ocr_line' id='line_1_33' title="bbox 453 3014 1831 3088; baseline -0.008 -11"><span class='ocrx_word' id='word_1_179' title='bbox 453 3021 709 3077; x_wconf 65' lang='lat' dir='ltr'><strong>Praesidio</strong></span> <span class='ocrx_word' id='word_1_180' title='bbox 730 3019 944 3084; x_wconf 88' lang='lat' dir='ltr'><strong>fuerint,</strong></span> <span class='ocrx_word' id='word_1_181' title='bbox 975 3033 1112 3088; x_wconf 88' lang='lat' dir='ltr'><strong>quos</strong></span> <span class='ocrx_word' id='word_1_182' title='bbox 1132 3017 1260 3071; x_wconf 89' lang='lat' dir='ltr'><strong>urbs</strong></span> <span class='ocrx_word' id='word_1_183' title='bbox 1279 3016 1605 3071; x_wconf 90' lang='lat' dir='ltr'><strong>circumdata</strong></span> <span class='ocrx_word' id='word_1_184' title='bbox 1627 3014 1831 3081; x_wconf 85' lang='lat' dir='ltr'><strong>magnis</strong></span> 
     </span>
    </p>
   </div>
   <div class='ocr_carea' id='block_1_34' title="bbox 2108 500 3138 570">
    <p class='ocr_par' dir='ltr' id='par_1_34' title="bbox 2108 500 3138 570">
     <span class='ocr_line' id='line_1_34' title="bbox 2108 500 3138 570; baseline -0.003 -14"><span class='ocrx_word' id='word_1_185' title='bbox 2108 501 2413 570; x_wconf 91' lang='lat' dir='ltr'><strong>Celatisque</strong></span> <span class='ocrx_word' id='word_1_186' title='bbox 2436 502 2523 570; x_wconf 91' lang='lat' dir='ltr'><strong>pie</strong></span> <span class='ocrx_word' id='word_1_187' title='bbox 2543 501 2686 556; x_wconf 83' lang='lat' dir='ltr'><strong>cives</strong></span> <span class='ocrx_word' id='word_1_188' title='bbox 2710 500 2875 555; x_wconf 90' lang='lat' dir='ltr'><strong>illusit</strong></span> <span class='ocrx_word' id='word_1_189' title='bbox 2901 500 3138 568; x_wconf 90' lang='lat' dir='ltr'><strong>iniquos,</strong></span> 
     </span>
    </p>
   </div>
   <div class='ocr_carea' id='block_1_35' title="bbox 2108 588 3336 654">
    <p class='ocr_par' dir='ltr' id='par_1_35' title="bbox 2108 588 3336 654">
     <span class='ocr_line' id='line_1_35' title="bbox 2108 588 3336 654; baseline -0.002 -10"><span class='ocrx_word' id='word_1_190' title='bbox 2108 590 2315 644; x_wconf 88' lang='lat' dir='ltr'><strong>Fraude</strong></span> <span class='ocrx_word' id='word_1_191' title='bbox 2343 592 2483 645; x_wconf 92' lang='lat' dir='ltr'><strong>bona</strong></span> <span class='ocrx_word' id='word_1_192' title='bbox 2507 589 2686 654; x_wconf 81' lang='lat' dir='ltr'><strong>fallax,</strong></span> <span class='ocrx_word' id='word_1_193' title='bbox 2717 590 2896 643; x_wconf 84' lang='lat' dir='ltr'><strong>animo</strong></span> <span class='ocrx_word' id='word_1_194' title='bbox 2924 590 3144 643; x_wconf 91' lang='lat' dir='ltr'><strong>mentita</strong></span> <span class='ocrx_word' id='word_1_195' title='bbox 3174 588 3336 644; x_wconf 89' lang='lat' dir='ltr'><strong>ﬁdeli.</strong></span> 
     </span>
    </p>
   </div>
   <div class='ocr_carea' id='block_1_36' title="bbox 2106 680 3290 750">
    <p class='ocr_par' dir='ltr' id='par_1_36' title="bbox 2106 680 3290 750">
     <span class='ocr_line' id='line_1_36' title="bbox 2106 680 3290 750; baseline 0.002 -16"><span class='ocrx_word' id='word_1_196' title='bbox 2106 680 2414 749; x_wconf 84' lang='lat' dir='ltr'><strong>Hospitibus</strong></span> <span class='ocrx_word' id='word_1_197' title='bbox 2442 682 2566 750; x_wconf 91' lang='lat' dir='ltr'><strong>quia</strong></span> <span class='ocrx_word' id='word_1_198' title='bbox 2597 681 2699 735; x_wconf 89' lang='lat' dir='ltr'><strong>ﬁda</strong></span> <span class='ocrx_word' id='word_1_199' title='bbox 2723 681 2843 749; x_wconf 92' lang='lat' dir='ltr'><strong>piis,</strong></span> <span class='ocrx_word' id='word_1_200' title='bbox 2868 680 3027 735; x_wconf 90' lang='lat' dir='ltr'><strong>inﬁda</strong></span> <span class='ocrx_word' id='word_1_201' title='bbox 3052 680 3290 749; x_wconf 80' lang='lat' dir='ltr'><strong>profanis</strong></span> 
     </span>
    </p>
   </div>
   <div class='ocr_carea' id='block_1_37' title="bbox 2109 770 3533 840">
    <p class='ocr_par' dir='ltr' id='par_1_37' title="bbox 2109 770 3533 840">
     <span class='ocr_line' id='line_1_37' title="bbox 2109 770 3533 840; baseline 0.001 -14"><span class='ocrx_word' id='word_1_202' title='bbox 2109 770 2327 826; x_wconf 87' lang='lat' dir='ltr'><strong>Civibus</strong></span> <span class='ocrx_word' id='word_1_203' title='bbox 2347 772 2645 837; x_wconf 82' lang='lat' dir='ltr'><strong>exstiterat,</strong></span> <span class='ocrx_word' id='word_1_204' title='bbox 2670 771 2854 838; x_wconf 91' lang='lat' dir='ltr'><strong>vitam,</strong></span> <span class='ocrx_word' id='word_1_205' title='bbox 2893 771 3227 840; x_wconf 92' lang='lat' dir='ltr'><strong>patriamque</strong></span> <span class='ocrx_word' id='word_1_206' title='bbox 3244 809 3260 836; x_wconf 93' lang='lat'><strong>,</strong></span> <span class='ocrx_word' id='word_1_207' title='bbox 3287 771 3533 828; x_wconf 86' lang='lat' dir='ltr'><strong>domum-</strong></span> 
     </span>
    </p>
   </div>
   <div class='ocr_carea' id='block_1_38' title="bbox 3410 863 3537 934">
    <p class='ocr_par' dir='ltr' id='par_1_38' title="bbox 3410 863 3537 934">
     <span class='ocr_line' id='line_1_38' title="bbox 3410 863 3537 934; baseline 0 0"><span class='ocrx_word' id='word_1_208' title='bbox 3410 863 3537 934; x_wconf 80' lang='lat' dir='ltr'><strong>[que</strong></span> 
     </span>
    </p>
   </div>
   <div class='ocr_carea' id='block_1_39' title="bbox 1969 951 3446 1023">
    <p class='ocr_par' dir='ltr' id='par_1_39' title="bbox 1969 951 3446 1023">
     <span class='ocr_line' id='line_1_39' title="bbox 1969 951 3446 1023; baseline 0.001 -16"><span class='ocrx_word' id='word_1_209' title='bbox 1969 952 2073 1007; x_wconf 77' lang='grc'><strong>140</strong></span> <span class='ocrx_word' id='word_1_210' title='bbox 2108 951 2334 1007; x_wconf 67' lang='lat' dir='ltr'><strong>Prazlato</strong></span> <span class='ocrx_word' id='word_1_211' title='bbox 2353 962 2660 1023; x_wconf 89' lang='lat' dir='ltr'><strong>contempta</strong></span> <span class='ocrx_word' id='word_1_212' title='bbox 2688 954 2799 1008; x_wconf 93' lang='lat' dir='ltr'><strong>Deo</strong></span> <span class='ocrx_word' id='word_1_213' title='bbox 2847 969 2973 1009; x_wconf 86' lang='lat' dir='ltr'><strong>mox</strong></span> <span class='ocrx_word' id='word_1_214' title='bbox 3001 961 3194 1009; x_wconf 82' lang='lat' dir='ltr'><strong>cuncta</strong></span> <span class='ocrx_word' id='word_1_215' title='bbox 3213 952 3446 1021; x_wconf 91' lang='lat' dir='ltr'><strong>benigno</strong></span> 
     </span>
    </p>
   </div>
   <div class='ocr_carea' id='block_1_40' title="bbox 2111 1042 3505 1113">
    <p class='ocr_par' dir='ltr' id='par_1_40' title="bbox 2111 1042 3505 1113">
     <span class='ocr_line' id='line_1_40' title="bbox 2111 1042 3505 1113; baseline 0.002 -18"><span class='ocrx_word' id='word_1_216' title='bbox 2111 1042 2366 1111; x_wconf 85' lang='lat' dir='ltr'><strong>Repperit</strong></span> <span class='ocrx_word' id='word_1_217' title='bbox 2394 1042 2447 1096; x_wconf 93' lang='lat' dir='ltr'><strong>in</strong></span> <span class='ocrx_word' id='word_1_218' title='bbox 2477 1042 2736 1107; x_wconf 90' lang='lat' dir='ltr'><strong>Domino;</strong></span> <span class='ocrx_word' id='word_1_219' title='bbox 2758 1058 2907 1111; x_wconf 66' lang='lat' dir='ltr'><strong>quae,</strong></span> <span class='ocrx_word' id='word_1_220' title='bbox 2934 1044 2979 1097; x_wconf 90' lang='lat' dir='ltr'><strong>si</strong></span> <span class='ocrx_word' id='word_1_221' title='bbox 3000 1043 3264 1113; x_wconf 87' lang='lat' dir='ltr'><strong>posuisset</strong></span> <span class='ocrx_word' id='word_1_222' title='bbox 3287 1042 3342 1097; x_wconf 93' lang='lat' dir='ltr'><strong>in</strong></span> <span class='ocrx_word' id='word_1_223' title='bbox 3372 1042 3505 1099; x_wconf 87' lang='lat' dir='ltr'><strong>urbe</strong></span> 
     </span>
    </p>
   </div>
   <div class='ocr_carea' id='block_1_41' title="bbox 2112 1130 3359 1201">
    <p class='ocr_par' dir='ltr' id='par_1_41' title="bbox 2112 1130 3359 1201">
     <span class='ocr_line' id='line_1_41' title="bbox 2112 1130 3359 1201; baseline 0.003 -17"><span class='ocrx_word' id='word_1_224' title='bbox 2112 1130 2440 1196; x_wconf 65' lang='lat' dir='ltr'><strong>Praesidium,</strong></span> <span class='ocrx_word' id='word_1_225' title='bbox 2471 1134 2656 1201; x_wconf 89' lang='lat' dir='ltr'><strong>patriis</strong></span> <span class='ocrx_word' id='word_1_226' title='bbox 2683 1133 2961 1188; x_wconf 87' lang='lat' dir='ltr'><strong>cecidisset</strong></span> <span class='ocrx_word' id='word_1_227' title='bbox 2978 1134 3145 1187; x_wconf 79' lang='lat' dir='ltr'><strong>mixta</strong></span> <span class='ocrx_word' id='word_1_228' title='bbox 3172 1133 3359 1197; x_wconf 89' lang='lat' dir='ltr'><strong>ruinis,</strong></span> 
     </span>
    </p>
   </div>
   <div class='ocr_carea' id='block_1_42' title="bbox 2106 1221 3539 1295">
    <p class='ocr_par' dir='ltr' id='par_1_42' title="bbox 2106 1221 3539 1295">
     <span class='ocr_line' id='line_1_42' title="bbox 2106 1221 3539 1295; baseline 0.003 -19"><span class='ocrx_word' id='word_1_229' title='bbox 2106 1221 2383 1277; x_wconf 82' lang='lat' dir='ltr'><strong>lndefensa</strong></span> <span class='ocrx_word' id='word_1_230' title='bbox 2411 1222 2522 1278; x_wconf 92' lang='lat' dir='ltr'><strong>Deo</strong></span> <span class='ocrx_word' id='word_1_231' title='bbox 2554 1241 2567 1275; x_wconf 91' lang='lat'><strong>:</strong></span> <span class='ocrx_word' id='word_1_232' title='bbox 2599 1225 2854 1278; x_wconf 82' lang='lat' dir='ltr'><strong>meretrix</strong></span> <span class='ocrx_word' id='word_1_233' title='bbox 2893 1225 2986 1279; x_wconf 90' lang='lat' dir='ltr'><strong>sed</strong></span> <span class='ocrx_word' id='word_1_234' title='bbox 3023 1225 3245 1295; x_wconf 82' lang='lat' dir='ltr'><strong>mystica</strong></span> <span class='ocrx_word' id='word_1_235' title='bbox 3272 1224 3539 1281; x_wconf 86' lang='lat' dir='ltr'><strong>Christum</strong></span> 
     </span>
    </p>
   </div>
   <div class='ocr_carea' id='block_1_43' title="bbox 2114 1312 3367 1383">
    <p class='ocr_par' dir='ltr' id='par_1_43' title="bbox 2114 1312 3367 1383">
     <span class='ocr_line' id='line_1_43' title="bbox 2114 1312 3367 1383; baseline 0.004 -18"><span class='ocrx_word' id='word_1_236' title='bbox 2114 1312 2338 1368; x_wconf 88' lang='lat' dir='ltr'><strong>Provida</strong></span> <span class='ocrx_word' id='word_1_237' title='bbox 2354 1314 2587 1383; x_wconf 91' lang='lat' dir='ltr'><strong>pollutas</strong></span> <span class='ocrx_word' id='word_1_238' title='bbox 2601 1322 2866 1369; x_wconf 90' lang='lat' dir='ltr'><strong>emturum</strong></span> <span class='ocrx_word' id='word_1_239' title='bbox 2894 1315 3150 1382; x_wconf 79' lang='lat' dir='ltr'><strong>sanguine</strong></span> <span class='ocrx_word' id='word_1_240' title='bbox 3179 1322 3367 1381; x_wconf 85' lang='lat' dir='ltr'><strong>gentes</strong></span> 
     </span>
    </p>
   </div>
   <div class='ocr_carea' id='block_1_44' title="bbox 1974 1402 3388 1474">
    <p class='ocr_par' dir='ltr' id='par_1_44' title="bbox 1974 1402 3388 1474">
     <span class='ocr_line' id='line_1_44' title="bbox 1974 1402 3388 1474; baseline 0.002 -18"><span class='ocrx_word' id='word_1_241' title='bbox 1974 1402 2077 1457; x_wconf 74' lang='grc'>145</span> <span class='ocrx_word' id='word_1_242' title='bbox 2114 1403 2353 1457; x_wconf 85' lang='lat' dir='ltr'><strong>Puniceo</strong></span> <span class='ocrx_word' id='word_1_243' title='bbox 2382 1406 2653 1473; x_wconf 90' lang='lat' dir='ltr'><strong>proprium</strong></span> <span class='ocrx_word' id='word_1_244' title='bbox 2677 1405 2903 1474; x_wconf 82' lang='lat' dir='ltr'><strong>signavit</strong></span> <span class='ocrx_word' id='word_1_245' title='bbox 2929 1406 3128 1460; x_wconf 91' lang='lat' dir='ltr'><strong>vellere</strong></span> <span class='ocrx_word' id='word_1_246' title='bbox 3157 1413 3388 1472; x_wconf 90' lang='lat' dir='ltr'><strong>tectum,</strong></span> 
     </span>
    </p>
   </div>
   <div class='ocr_carea' id='block_1_45' title="bbox 2112 1490 3400 1563">
    <p class='ocr_par' dir='ltr' id='par_1_45' title="bbox 2112 1490 3400 1563">
     <span class='ocr_line' id='line_1_45' title="bbox 2112 1490 3400 1563; baseline 0.005 -19"><span class='ocrx_word' id='word_1_247' title='bbox 2112 1490 2441 1562; x_wconf 88' lang='lat' dir='ltr'><strong>Excepitque</strong></span> <span class='ocrx_word' id='word_1_248' title='bbox 2467 1509 2617 1546; x_wconf 90' lang='lat' dir='ltr'><strong>suam</strong></span> <span class='ocrx_word' id='word_1_249' title='bbox 2645 1495 2819 1562; x_wconf 91' lang='lat' dir='ltr'><strong>patria</strong></span> <span class='ocrx_word' id='word_1_250' title='bbox 2846 1503 3104 1563; x_wconf 89' lang='lat' dir='ltr'><strong>pereunte</strong></span> <span class='ocrx_word' id='word_1_251' title='bbox 3140 1494 3400 1562; x_wconf 86' lang='lat' dir='ltr'><strong>salutem;</strong></span> 
     </span>
    </p>
   </div>
   <div class='ocr_carea' id='block_1_46' title="bbox 2116 1580 3349 1652">
    <p class='ocr_par' dir='ltr' id='par_1_46' title="bbox 2116 1580 3349 1652">
     <span class='ocr_line' id='line_1_46' title="bbox 2116 1580 3349 1652; baseline 0.003 -16"><span class='ocrx_word' id='word_1_252' title='bbox 2116 1580 2434 1648; x_wconf 90' lang='lat' dir='ltr'><strong>Signiﬁcans</strong></span> <span class='ocrx_word' id='word_1_253' title='bbox 2460 1582 2581 1638; x_wconf 89' lang='lat' dir='ltr'><strong>illos</strong></span> <span class='ocrx_word' id='word_1_254' title='bbox 2606 1583 2804 1638; x_wconf 91' lang='lat' dir='ltr'><strong>mundo</strong></span> <span class='ocrx_word' id='word_1_255' title='bbox 2832 1584 3046 1639; x_wconf 89' lang='lat' dir='ltr'><strong>labente</strong></span> <span class='ocrx_word' id='word_1_256' title='bbox 3072 1585 3349 1652; x_wconf 82' lang='lat' dir='ltr'><strong>tegendos,</strong></span> 
     </span>
    </p>
   </div>
   <div class='ocr_carea' id='block_1_47' title="bbox 2113 1669 3545 1747">
    <p class='ocr_par' dir='ltr' id='par_1_47' title="bbox 2113 1669 3545 1747">
     <span class='ocr_line' id='line_1_47' title="bbox 2113 1669 3545 1747; baseline 0.006 -24"><span class='ocrx_word' id='word_1_257' title='bbox 2113 1669 2260 1736; x_wconf 83' lang='lat' dir='ltr'><strong>Quos</strong></span> <span class='ocrx_word' id='word_1_258' title='bbox 2304 1672 2477 1727; x_wconf 87' lang='lat' dir='ltr'><strong>crucis</strong></span> <span class='ocrx_word' id='word_1_259' title='bbox 2518 1673 2731 1728; x_wconf 63' lang='lat' dir='ltr'><strong>invicta:</strong></span> <span class='ocrx_word' id='word_1_260' title='bbox 2775 1675 2952 1742; x_wconf 89' lang='lat' dir='ltr'><strong>signat</strong></span> <span class='ocrx_word' id='word_1_261' title='bbox 3004 1690 3184 1730; x_wconf 90' lang='lat' dir='ltr'><strong>cruor.</strong></span> <span class='ocrx_word' id='word_1_262' title='bbox 3233 1675 3371 1732; x_wconf 85' lang='lat' dir='ltr'><strong>llinc</strong></span> <span class='ocrx_word' id='word_1_263' title='bbox 3413 1692 3545 1747; x_wconf 85' lang='lat' dir='ltr'><strong>cape</strong></span> 
     </span>
    </p>
   </div>
   <div class='ocr_carea' id='block_1_48' title="bbox 3267 1764 3546 1836">
    <p class='ocr_par' dir='ltr' id='par_1_48' title="bbox 3267 1764 3546 1836">
     <span class='ocr_line' id='line_1_48' title="bbox 3267 1764 3546 1836; baseline 0.004 -17"><span class='ocrx_word' id='word_1_264' title='bbox 3267 1764 3546 1836; x_wconf 88' lang='lat' dir='ltr'><strong>[quantum</strong></span> 
     </span>
    </p>
   </div>
   <div class='ocr_carea' id='block_1_49' title="bbox 2088 1854 3299 1927">
    <p class='ocr_par' dir='ltr' id='par_1_49' title="bbox 2088 1854 3299 1927">
     <span class='ocr_line' id='line_1_49' title="bbox 2088 1854 3299 1927; baseline -0.002 -17"><span class='ocrx_word' id='word_1_265' title='bbox 2088 1857 2228 1927; x_wconf 72' lang='lat' dir='ltr'><strong>“Ipse</strong></span> <span class='ocrx_word' id='word_1_266' title='bbox 2256 1871 2416 1912; x_wconf 80' lang='lat' dir='ltr'><strong>cruor</strong></span> <span class='ocrx_word' id='word_1_267' title='bbox 2445 1855 2640 1920; x_wconf 89' lang='lat' dir='ltr'><strong>valeat,</strong></span> <span class='ocrx_word' id='word_1_268' title='bbox 2664 1856 2817 1922; x_wconf 88' lang='lat' dir='ltr'><strong>cujus</strong></span> <span class='ocrx_word' id='word_1_269' title='bbox 2836 1854 3075 1909; x_wconf 87' lang='lat' dir='ltr'><strong>salvabat</strong></span> <span class='ocrx_word' id='word_1_270' title='bbox 3105 1855 3299 1923; x_wconf 89' lang='lat' dir='ltr'><strong>imago.</strong></span> 
     </span>
    </p>
   </div>
   <div class='ocr_carea' id='block_1_50' title="bbox 2256 1944 3545 2014">
    <p class='ocr_par' dir='ltr' id='par_1_50' title="bbox 2256 1944 3545 2014">
     <span class='ocr_line' id='line_1_50' title="bbox 2256 1944 3545 2014; baseline 0.002 -13"><span class='ocrx_word' id='word_1_271' title='bbox 2256 1946 2481 2014; x_wconf 88' lang='lat' dir='ltr'><strong>Semper</strong></span> <span class='ocrx_word' id='word_1_272' title='bbox 2525 1944 2579 1998; x_wconf 91' lang='lat' dir='ltr'><strong>in</strong></span> <span class='ocrx_word' id='word_1_273' title='bbox 2618 1959 2778 1999; x_wconf 91' lang='lat' dir='ltr'><strong>omne</strong></span> <span class='ocrx_word' id='word_1_274' title='bbox 2814 1945 3014 1999; x_wconf 88' lang='lat' dir='ltr'><strong>bonum</strong></span> <span class='ocrx_word' id='word_1_275' title='bbox 3057 1945 3226 2000; x_wconf 88' lang='lat' dir='ltr'><strong>valuit</strong></span> <span class='ocrx_word' id='word_1_276' title='bbox 3271 1946 3545 2003; x_wconf 87' lang='lat' dir='ltr'><strong>conﬁdere</strong></span> 
     </span>
    </p>
   </div>
   <div class='ocr_carea' id='block_1_51' title="bbox 3279 2037 3544 2111">
    <p class='ocr_par' dir='ltr' id='par_1_51' title="bbox 3279 2037 3544 2111">
     <span class='ocr_line' id='line_1_51' title="bbox 3279 2037 3544 2111; baseline 0.004 -18"><span class='ocrx_word' id='word_1_277' title='bbox 3279 2037 3515 2111; x_wconf 89' lang='lat' dir='ltr'><strong>[Christo</strong></span> <span class='ocrx_word' id='word_1_278' title='bbox 3531 2058 3544 2094; x_wconf 93' lang='lat'><strong>:</strong></span> 
     </span>
    </p>
   </div>
   <div class='ocr_carea' id='block_1_52' title="bbox 2115 2126 3445 2199">
    <p class='ocr_par' dir='ltr' id='par_1_52' title="bbox 2115 2126 3445 2199">
     <span class='ocr_line' id='line_1_52' title="bbox 2115 2126 3445 2199; baseline 0.001 -16"><span class='ocrx_word' id='word_1_279' title='bbox 2115 2126 2347 2183; x_wconf 89' lang='lat' dir='ltr'><strong>Credere</strong></span> <span class='ocrx_word' id='word_1_280' title='bbox 2374 2136 2565 2183; x_wconf 85' lang='lat' dir='ltr'><strong>cuncta</strong></span> <span class='ocrx_word' id='word_1_281' title='bbox 2593 2126 2705 2181; x_wconf 92' lang='lat' dir='ltr'><strong>Deo</strong></span> <span class='ocrx_word' id='word_1_282' title='bbox 2727 2128 2980 2189; x_wconf 85' lang='lat' dir='ltr'><strong>virtutum</strong></span> <span class='ocrx_word' id='word_1_283' title='bbox 3004 2144 3018 2194; x_wconf 94' lang='lat'><strong>;</strong></span> <span class='ocrx_word' id='word_1_284' title='bbox 3049 2143 3249 2199; x_wconf 89' lang='lat' dir='ltr'><strong>ponere</strong></span> <span class='ocrx_word' id='word_1_285' title='bbox 3271 2131 3445 2185; x_wconf 88' lang='lat' dir='ltr'><strong>solum</strong></span> 
     </span>
    </p>
   </div>
   <div class='ocr_carea' id='block_1_53' title="bbox 2113 2217 3551 2290">
    <p class='ocr_par' dir='ltr' id='par_1_53' title="bbox 2113 2217 3551 2290">
     <span class='ocr_line' id='line_1_53' title="bbox 2113 2217 3551 2290; baseline 0.002 -19"><span class='ocrx_word' id='word_1_286' title='bbox 2113 2217 2303 2272; x_wconf 92' lang='lat' dir='ltr'><strong>Omnia</strong></span> <span class='ocrx_word' id='word_1_287' title='bbox 2332 2233 2537 2272; x_wconf 92' lang='lat' dir='ltr'><strong>summa</strong></span> <span class='ocrx_word' id='word_1_288' title='bbox 2560 2218 2728 2272; x_wconf 88' lang='lat' dir='ltr'><strong>Deum</strong></span> <span class='ocrx_word' id='word_1_289' title='bbox 2754 2235 2768 2283; x_wconf 91' lang='lat'><strong>;</strong></span> <span class='ocrx_word' id='word_1_290' title='bbox 2795 2218 2916 2272; x_wconf 88' lang='lat' dir='ltr'><strong>talis</strong></span> <span class='ocrx_word' id='word_1_291' title='bbox 2942 2233 3104 2288; x_wconf 88' lang='lat' dir='ltr'><strong>super</strong></span> <span class='ocrx_word' id='word_1_292' title='bbox 3134 2220 3313 2273; x_wconf 91' lang='lat' dir='ltr'><strong>omnia</strong></span> <span class='ocrx_word' id='word_1_293' title='bbox 3330 2226 3551 2290; x_wconf 73' lang='lat' dir='ltr'><strong>Semper</strong></span> 
     </span>
    </p>
   </div>
   <div class='ocr_carea' id='block_1_54' title="bbox 2118 2307 3306 2378">
    <p class='ocr_par' dir='ltr' id='par_1_54' title="bbox 2118 2307 3306 2378">
     <span class='ocr_line' id='line_1_54' title="bbox 2118 2307 3306 2378; baseline 0.002 -17"><span class='ocrx_word' id='word_1_294' title='bbox 2118 2308 2279 2361; x_wconf 87' lang='lat' dir='ltr'><strong>Arma</strong></span> <span class='ocrx_word' id='word_1_295' title='bbox 2310 2307 2439 2362; x_wconf 90' lang='lat' dir='ltr'><strong>ﬁdes</strong></span> <span class='ocrx_word' id='word_1_296' title='bbox 2462 2308 2660 2372; x_wconf 90' lang='lat' dir='ltr'><strong>valuit;</strong></span> <span class='ocrx_word' id='word_1_297' title='bbox 2694 2308 2789 2362; x_wconf 89' lang='lat' dir='ltr'><strong>tali</strong></span> <span class='ocrx_word' id='word_1_298' title='bbox 2815 2323 2951 2378; x_wconf 89' lang='lat' dir='ltr'><strong>puer</strong></span> <span class='ocrx_word' id='word_1_299' title='bbox 2967 2308 3055 2363; x_wconf 91' lang='lat' dir='ltr'><strong>ille</strong></span> <span class='ocrx_word' id='word_1_300' title='bbox 3082 2309 3306 2378; x_wconf 89' lang='lat' dir='ltr'><strong>pusillus</strong></span> 
     </span>
    </p>
   </div>
   <div class='ocr_carea' id='block_1_55' title="bbox 2119 2398 3487 2469">
    <p class='ocr_par' dir='ltr' id='par_1_55' title="bbox 2119 2398 3487 2469">
     <span class='ocr_line' id='line_1_55' title="bbox 2119 2398 3487 2469; baseline 0.001 -17"><span class='ocrx_word' id='word_1_301' title='bbox 2119 2398 2333 2454; x_wconf 81' lang='lat' dir='ltr'><strong>Robore</strong></span> <span class='ocrx_word' id='word_1_302' title='bbox 2361 2399 2576 2466; x_wconf 90' lang='lat' dir='ltr'><strong>grandis</strong></span> <span class='ocrx_word' id='word_1_303' title='bbox 2604 2406 2741 2463; x_wconf 89' lang='lat' dir='ltr'><strong>erat,</strong></span> <span class='ocrx_word' id='word_1_304' title='bbox 2768 2400 2857 2469; x_wconf 90' lang='lat' dir='ltr'><strong>qui</strong></span> <span class='ocrx_word' id='word_1_305' title='bbox 2886 2400 3079 2468; x_wconf 91' lang='lat' dir='ltr'><strong>spretis</strong></span> <span class='ocrx_word' id='word_1_306' title='bbox 3107 2398 3295 2453; x_wconf 88' lang='lat' dir='ltr'><strong>fortior</strong></span> <span class='ocrx_word' id='word_1_307' title='bbox 3323 2399 3487 2454; x_wconf 89' lang='lat' dir='ltr'><strong>armis</strong></span> 
     </span>
    </p>
   </div>
   <div class='ocr_carea' id='block_1_56' title="bbox 1976 1943 2079 1999">
    <p class='ocr_par' dir='ltr' id='par_1_56' title="bbox 1976 1943 2079 1999">
     <span class='ocr_line' id='line_1_56' title="bbox 1976 1943 2079 1999; baseline 0.01 -1"><span class='ocrx_word' id='word_1_308' title='bbox 1976 1943 2079 1999; x_wconf 83' lang='grc'><strong>150</strong></span> 
     </span>
    </p>
   </div>
   <div class='ocr_carea' id='block_1_57' title="bbox 1979 2488 3414 2558">
    <p class='ocr_par' dir='ltr' id='par_1_57' title="bbox 1979 2488 3414 2558">
     <span class='ocr_line' id='line_1_57' title="bbox 1979 2488 3414 2558; baseline 0 -15"><span class='ocrx_word' id='word_1_309' title='bbox 1979 2488 2086 2543; x_wconf 86' lang='grc'><strong>155</strong></span> <span class='ocrx_word' id='word_1_310' title='bbox 2120 2488 2358 2546; x_wconf 88' lang='lat' dir='ltr'><strong>Perculit</strong></span> <span class='ocrx_word' id='word_1_311' title='bbox 2384 2499 2647 2544; x_wconf 91' lang='lat' dir='ltr'><strong>armatum</strong></span> <span class='ocrx_word' id='word_1_312' title='bbox 2675 2490 2841 2545; x_wconf 90' lang='lat' dir='ltr'><strong>silicis</strong></span> <span class='ocrx_word' id='word_1_313' title='bbox 2860 2490 3057 2544; x_wconf 84' lang='lat' dir='ltr'><strong>virtute</strong></span> <span class='ocrx_word' id='word_1_314' title='bbox 3077 2490 3342 2558; x_wconf 88' lang='lat' dir='ltr'><strong>gigantem</strong></span> <span class='ocrx_word' id='word_1_315' title='bbox 3368 2498 3414 2543; x_wconf 78' lang='grc' dir='ltr'><strong>ο.</strong></span> 
     </span>
    </p>
   </div>
   <div class='ocr_carea' id='block_1_58' title="bbox 2261 2579 3560 2657">
    <p class='ocr_par' dir='ltr' id='par_1_58' title="bbox 2261 2579 3560 2657">
     <span class='ocr_line' id='line_1_58' title="bbox 2261 2579 3560 2657; baseline 0.002 -24"><span class='ocrx_word' id='word_1_316' title='bbox 2261 2580 2423 2634; x_wconf 82' lang='lat' dir='ltr'><strong>Arma</strong></span> <span class='ocrx_word' id='word_1_317' title='bbox 2464 2579 2568 2635; x_wconf 85' lang='lat' dir='ltr'><strong>fide</strong></span> <span class='ocrx_word' id='word_1_318' title='bbox 2606 2595 2838 2649; x_wconf 89' lang='lat' dir='ltr'><strong>semper,</strong></span> <span class='ocrx_word' id='word_1_319' title='bbox 2864 2594 3174 2657; x_wconf 75' lang='lat' dir='ltr'><strong>numquam</strong></span> <span class='ocrx_word' id='word_1_320' title='bbox 3212 2580 3560 2648; x_wconf 84' lang='lat' dir='ltr'><strong>cognovimus</strong></span> 
     </span>
    </p>
   </div>
   <div class='ocr_carea' id='block_1_59' title="bbox 3380 2669 3563 2741">
    <p class='ocr_par' dir='ltr' id='par_1_59' title="bbox 3380 2669 3563 2741">
     <span class='ocr_line' id='line_1_59' title="bbox 3380 2669 3563 2741; baseline 0.011 -18"><span class='ocrx_word' id='word_1_321' title='bbox 3380 2669 3563 2741; x_wconf 84' lang='lat' dir='ltr'><strong>[armis</strong></span> 
     </span>
    </p>
   </div>
   <div class='ocr_carea' id='block_1_60' title="bbox 2119 2757 3385 2830">
    <p class='ocr_par' dir='ltr' id='par_1_60' title="bbox 2119 2757 3385 2830">
     <span class='ocr_line' id='line_1_60' title="bbox 2119 2757 3385 2830; baseline -0.001 -16"><span class='ocrx_word' id='word_1_322' title='bbox 2119 2759 2413 2829; x_wconf 88' lang='lat' dir='ltr'><strong>Indiguisse</strong></span> <span class='ocrx_word' id='word_1_323' title='bbox 2438 2760 2616 2816; x_wconf 85' lang='lat' dir='ltr'><strong>ﬁdem.</strong></span> <span class='ocrx_word' id='word_1_324' title='bbox 2650 2759 2815 2830; x_wconf 90' lang='lat' dir='ltr'><strong>Rupit</strong></span> <span class='ocrx_word' id='word_1_325' title='bbox 2836 2775 2985 2815; x_wconf 90' lang='lat' dir='ltr'><strong>mare</strong></span> <span class='ocrx_word' id='word_1_326' title='bbox 3009 2761 3154 2829; x_wconf 87' lang='lat' dir='ltr'><strong>virga</strong></span> <span class='ocrx_word' id='word_1_327' title='bbox 3178 2757 3347 2814; x_wconf 88' lang='lat' dir='ltr'><strong>ﬁdelis</strong></span> <span class='ocrx_word' id='word_1_328' title='bbox 3368 2797 3385 2822; x_wconf 92' lang='lat'><strong>,</strong></span> 
     </span>
    </p>
   </div>
   <div class='ocr_carea' id='block_1_61' title="bbox 2125 2847 3561 2919">
    <p class='ocr_par' dir='ltr' id='par_1_61' title="bbox 2125 2847 3561 2919">
     <span class='ocr_line' id='line_1_61' title="bbox 2125 2847 3561 2919; baseline -0.001 -16"><span class='ocrx_word' id='word_1_329' title='bbox 2125 2848 2279 2915; x_wconf 85' lang='lat' dir='ltr'><strong>Quod</strong></span> <span class='ocrx_word' id='word_1_330' title='bbox 2306 2864 2475 2905; x_wconf 89' lang='lat' dir='ltr'><strong>vacua</strong></span> <span class='ocrx_word' id='word_1_331' title='bbox 2503 2864 2653 2904; x_wconf 85' lang='lat' dir='ltr'><strong>arma</strong></span> <span class='ocrx_word' id='word_1_332' title='bbox 2679 2847 2784 2904; x_wconf 89' lang='lat' dir='ltr'><strong>ﬁde</strong></span> <span class='ocrx_word' id='word_1_333' title='bbox 2811 2864 2933 2904; x_wconf 90' lang='lat' dir='ltr'><strong>cum</strong></span> <span class='ocrx_word' id='word_1_334' title='bbox 2961 2850 3202 2919; x_wconf 90' lang='lat' dir='ltr'><strong>principe</strong></span> <span class='ocrx_word' id='word_1_335' title='bbox 3230 2848 3417 2903; x_wconf 88' lang='lat' dir='ltr'><strong>mersit</strong></span> <span class='ocrx_word' id='word_1_336' title='bbox 3455 2847 3561 2902; x_wconf 85' lang='lat' dir='ltr'><strong>ini-</strong></span> 
     </span>
    </p>
   </div>
   <div class='ocr_carea' id='block_1_62' title="bbox 3356 2938 3559 3008">
    <p class='ocr_par' dir='ltr' id='par_1_62' title="bbox 3356 2938 3559 3008">
     <span class='ocr_line' id='line_1_62' title="bbox 3356 2938 3559 3008; baseline 0 -15"><span class='ocrx_word' id='word_1_337' title='bbox 3356 2938 3488 3008; x_wconf 90' lang='lat' dir='ltr'><strong>[quo</strong></span> <span class='ocrx_word' id='word_1_338' title='bbox 3517 2938 3559 2993; x_wconf 71' lang='grc' dir='ltr'><strong>ί.</strong></span> 
     </span>
    </p>
   </div>
   <div class='ocr_carea' id='block_1_63' title="bbox 2267 3027 3458 3098">
    <p class='ocr_par' dir='ltr' id='par_1_63' title="bbox 2267 3027 3458 3098">
     <span class='ocr_line' id='line_1_63' title="bbox 2267 3027 3458 3098; baseline -0.001 -15"><span class='ocrx_word' id='word_1_339' title='bbox 2267 3030 2547 3085; x_wconf 81' lang='lat' dir='ltr'><strong>Femineas</strong></span> <span class='ocrx_word' id='word_1_340' title='bbox 2573 3044 2786 3098; x_wconf 90' lang='lat' dir='ltr'><strong>quoque</strong></span> <span class='ocrx_word' id='word_1_341' title='bbox 2809 3044 3070 3098; x_wconf 88' lang='lat' dir='ltr'><strong>personas</strong></span> <span class='ocrx_word' id='word_1_342' title='bbox 3098 3027 3298 3083; x_wconf 86' lang='lat' dir='ltr'><strong>virtute</strong></span> <span class='ocrx_word' id='word_1_343' title='bbox 3317 3028 3458 3082; x_wconf 91' lang='lat' dir='ltr'><strong>virili</strong></span> 
     </span>
    </p>
   </div>
   <div class='ocr_carea' id='block_1_64' title="bbox 454 3104 1851 3187">
    <p class='ocr_par' dir='ltr' id='par_1_64' title="bbox 454 3104 1851 3182">
     <span class='ocr_line' id='line_1_64' title="bbox 454 3104 1851 3182; baseline -0.007 -13"><span class='ocrx_word' id='word_1_344' title='bbox 454 3115 668 3182; x_wconf 85' lang='lat' dir='ltr'><strong>Absque</strong></span> <span class='ocrx_word' id='word_1_345' title='bbox 686 3111 797 3166; x_wconf 92' lang='lat' dir='ltr'><strong>Deo</strong></span> <span class='ocrx_word' id='word_1_346' title='bbox 822 3110 1007 3176; x_wconf 89' lang='lat' dir='ltr'><strong>muris,</strong></span> <span class='ocrx_word' id='word_1_347' title='bbox 1039 3123 1108 3162; x_wconf 91' lang='lat' dir='ltr'><strong>an</strong></span> <span class='ocrx_word' id='word_1_348' title='bbox 1127 3122 1263 3177; x_wconf 90' lang='lat' dir='ltr'><strong>quos</strong></span> <span class='ocrx_word' id='word_1_349' title='bbox 1282 3108 1399 3161; x_wconf 90' lang='lat' dir='ltr'><strong>sine</strong></span> <span class='ocrx_word' id='word_1_350' title='bbox 1423 3106 1685 3161; x_wconf 61' lang='lat' dir='ltr'><strong>moenibus</strong></span> <span class='ocrx_word' id='word_1_351' title='bbox 1707 3104 1851 3159; x_wconf 89' lang='lat' dir='ltr'><strong>urbis</strong></span> 
     </span>
    </p>
   </div>
   <div class='ocr_carea' id='block_1_65' title="bbox 2005 3104 3499 3187">
    <p class='ocr_par' dir='ltr' id='par_1_65' title="bbox 2005 3116 3499 3187">
     <span class='ocr_line' id='line_1_65' title="bbox 2005 3116 3499 3187; baseline 0 -16"><span class='ocrx_word' id='word_1_352' title='bbox 2005 3117 2094 3173; x_wconf 80' lang='lat'><strong>160</strong></span> <span class='ocrx_word' id='word_1_353' title='bbox 2129 3116 2307 3173; x_wconf 86' lang='lat' dir='ltr'><strong>Induit</strong></span> <span class='ocrx_word' id='word_1_354' title='bbox 2332 3118 2472 3172; x_wconf 88' lang='lat' dir='ltr'><strong>alma</strong></span> <span class='ocrx_word' id='word_1_355' title='bbox 2503 3117 2634 3173; x_wconf 88' lang='lat' dir='ltr'><strong>ﬁdes</strong></span> <span class='ocrx_word' id='word_1_356' title='bbox 2662 3137 2674 3171; x_wconf 89' lang='lat'>:</span> <span class='ocrx_word' id='word_1_357' title='bbox 2706 3119 2897 3173; x_wconf 82' lang='lat' dir='ltr'><strong>mulier</strong></span> <span class='ocrx_word' id='word_1_358' title='bbox 2924 3131 3028 3187; x_wconf 88' lang='lat' dir='ltr'><strong>qua</strong></span> <span class='ocrx_word' id='word_1_359' title='bbox 3057 3124 3243 3171; x_wconf 88' lang='lat' dir='ltr'><strong>sancta</strong></span> <span class='ocrx_word' id='word_1_360' title='bbox 3269 3117 3499 3187; x_wconf 90' lang='lat' dir='ltr'><strong>peremit</strong></span> 
     </span>
    </p>
   </div>
   <div class='ocr_carea' id='block_1_66' title="bbox 456 3196 1495 3260">
    <p class='ocr_par' dir='ltr' id='par_1_66' title="bbox 456 3196 1495 3260">
     <span class='ocr_line' id='line_1_66' title="bbox 456 3196 1495 3260; baseline -0.01 0"><span class='ocrx_word' id='word_1_361' title='bbox 456 3205 702 3260; x_wconf 79' lang='lat' dir='ltr'><strong>Vallabat</strong></span> <span class='ocrx_word' id='word_1_362' title='bbox 720 3202 867 3257; x_wconf 87' lang='lat' dir='ltr'><strong>socio</strong></span> <span class='ocrx_word' id='word_1_363' title='bbox 890 3200 1060 3254; x_wconf 91' lang='lat' dir='ltr'><strong>virtus</strong></span> <span class='ocrx_word' id='word_1_364' title='bbox 1086 3198 1265 3253; x_wconf 89' lang='lat' dir='ltr'><strong>divina</strong></span> <span class='ocrx_word' id='word_1_365' title='bbox 1294 3196 1495 3251; x_wconf 82' lang='lat' dir='ltr'><strong>favore.</strong></span> 
     </span>
    </p>
   </div>
   <div class='ocr_carea' id='block_1_67' title="bbox 600 3284 1889 3357">
    <p class='ocr_par' dir='ltr' id='par_1_67' title="bbox 600 3284 1889 3357">
     <span class='ocr_line' id='line_1_67' title="bbox 600 3284 1889 3357; baseline -0.006 -11"><span class='ocrx_word' id='word_1_366' title='bbox 600 3291 750 3346; x_wconf 87' lang='lat' dir='ltr'><strong>Illam</strong></span> <span class='ocrx_word' id='word_1_367' title='bbox 787 3290 909 3345; x_wconf 84' lang='lat' dir='ltr'><strong>dico</strong></span> <span class='ocrx_word' id='word_1_368' title='bbox 938 3288 1125 3343; x_wconf 90' lang='lat' dir='ltr'><strong>urbem</strong></span> <span class='ocrx_word' id='word_1_369' title='bbox 1166 3302 1327 3357; x_wconf 89' lang='lat' dir='ltr'><strong>quam</strong></span> <span class='ocrx_word' id='word_1_370' title='bbox 1354 3285 1585 3357; x_wconf 88' lang='lat' dir='ltr'><strong>perdidit</strong></span> <span class='ocrx_word' id='word_1_371' title='bbox 1636 3300 1761 3340; x_wconf 90' lang='lat' dir='ltr'><strong>acer</strong></span> <span class='ocrx_word' id='word_1_372' title='bbox 1806 3284 1889 3339; x_wconf 88' lang='lat' dir='ltr'><strong>le-</strong></span> 
     </span>
    </p>
   </div>
   <div class='ocr_carea' id='block_1_68' title="bbox 1714 3373 1887 3445">
    <p class='ocr_par' dir='ltr' id='par_1_68' title="bbox 1714 3373 1887 3445">
     <span class='ocr_line' id='line_1_68' title="bbox 1714 3373 1887 3445; baseline 0 -18"><span class='ocrx_word' id='word_1_373' title='bbox 1714 3373 1823 3445; x_wconf 86' lang='lat' dir='ltr'><strong>[sus</strong></span> <span class='ocrx_word' id='word_1_374' title='bbox 1843 3383 1887 3437; x_wconf 68' lang='grc' dir='ltr'><strong>ο,</strong></span> 
     </span>
    </p>
   </div>
   <div class='ocr_carea' id='block_1_69' title="bbox 332 3465 1712 3539">
    <p class='ocr_par' dir='ltr' id='par_1_69' title="bbox 332 3465 1712 3539">
     <span class='ocr_line' id='line_1_69' title="bbox 332 3465 1712 3539; baseline -0.008 -12"><span class='ocrx_word' id='word_1_375' title='bbox 332 3472 426 3526; x_wconf 58' lang='lat' dir='ltr'><strong>lat)</strong></span> <span class='ocrx_word' id='word_1_376' title='bbox 460 3471 694 3526; x_wconf 79' lang='lat' dir='ltr'><strong>Mutatus</strong></span> <span class='ocrx_word' id='word_1_377' title='bbox 712 3468 985 3539; x_wconf 90' lang='lat' dir='ltr'><strong>proprium</strong></span> <span class='ocrx_word' id='word_1_378' title='bbox 1009 3466 1221 3520; x_wconf 90' lang='lat' dir='ltr'><strong>virtutis</strong></span> <span class='ocrx_word' id='word_1_379' title='bbox 1248 3465 1467 3520; x_wconf 91' lang='lat' dir='ltr'><strong>nomine</strong></span> <span class='ocrx_word' id='word_1_380' title='bbox 1495 3478 1712 3527; x_wconf 91' lang='lat' dir='ltr'><strong>nomen,</strong></span> 
     </span>
    </p>
   </div>
   <div class='ocr_carea' id='block_1_70' title="bbox 462 3552 1692 3626">
    <p class='ocr_par' dir='ltr' id='par_1_70' title="bbox 462 3552 1692 3626">
     <span class='ocr_line' id='line_1_70' title="bbox 462 3552 1692 3626; baseline -0.007 -13"><span class='ocrx_word' id='word_1_381' title='bbox 462 3560 633 3626; x_wconf 86' lang='lat' dir='ltr'><strong>Quam</strong></span> <span class='ocrx_word' id='word_1_382' title='bbox 654 3574 761 3613; x_wconf 91' lang='lat' dir='ltr'><strong>non</strong></span> <span class='ocrx_word' id='word_1_383' title='bbox 782 3557 983 3611; x_wconf 78' lang='lat' dir='ltr'><strong>militia:</strong></span> <span class='ocrx_word' id='word_1_384' title='bbox 1007 3555 1165 3609; x_wconf 87' lang='lat' dir='ltr'><strong>solito</strong></span> <span class='ocrx_word' id='word_1_385' title='bbox 1193 3554 1258 3608; x_wconf 94' lang='lat' dir='ltr'><strong>de</strong></span> <span class='ocrx_word' id='word_1_386' title='bbox 1284 3568 1436 3609; x_wconf 91' lang='lat' dir='ltr'><strong>more</strong></span> <span class='ocrx_word' id='word_1_387' title='bbox 1463 3552 1692 3621; x_wconf 89' lang='lat' dir='ltr'><strong>subegit,</strong></span> 
     </span>
    </p>
   </div>
   <div class='ocr_carea' id='block_1_71' title="bbox 466 3642 1835 3713">
    <p class='ocr_par' dir='ltr' id='par_1_71' title="bbox 466 3642 1835 3713">
     <span class='ocr_line' id='line_1_71' title="bbox 466 3642 1835 3713; baseline -0.007 -7"><span class='ocrx_word' id='word_1_388' title='bbox 466 3650 533 3707; x_wconf 88' lang='lat' dir='ltr'><strong>Ut</strong></span> <span class='ocrx_word' id='word_1_389' title='bbox 569 3648 785 3704; x_wconf 88' lang='lat' dir='ltr'><strong>solitum</strong></span> <span class='ocrx_word' id='word_1_390' title='bbox 816 3654 918 3713; x_wconf 90' lang='lat' dir='ltr'><strong>est,</strong></span> <span class='ocrx_word' id='word_1_391' title='bbox 942 3646 1100 3713; x_wconf 88' lang='lat' dir='ltr'><strong>longa</strong></span> <span class='ocrx_word' id='word_1_392' title='bbox 1122 3644 1230 3699; x_wconf 91' lang='lat' dir='ltr'><strong>dux</strong></span> <span class='ocrx_word' id='word_1_393' title='bbox 1255 3644 1533 3698; x_wconf 87' lang='lat' dir='ltr'><strong>obsidione</strong></span> <span class='ocrx_word' id='word_1_394' title='bbox 1557 3642 1835 3705; x_wconf 89' lang='lat' dir='ltr'><strong>laborans;</strong></span> 
     </span>
    </p>
   </div>
   <div class='ocr_carea' id='block_1_72' title="bbox 463 3732 1826 3808">
    <p class='ocr_par' dir='ltr' id='par_1_72' title="bbox 463 3732 1826 3808">
     <span class='ocr_line' id='line_1_72' title="bbox 463 3732 1826 3808; baseline -0.007 -13"><span class='ocrx_word' id='word_1_395' title='bbox 463 3740 659 3795; x_wconf 82' lang='lat' dir='ltr'><strong>Verum</strong></span> <span class='ocrx_word' id='word_1_396' title='bbox 686 3752 789 3808; x_wconf 90' lang='lat' dir='ltr'><strong>ope</strong></span> <span class='ocrx_word' id='word_1_397' title='bbox 812 3737 1009 3799; x_wconf 91' lang='lat' dir='ltr'><strong>divina,</strong></span> <span class='ocrx_word' id='word_1_398' title='bbox 1040 3749 1190 3789; x_wconf 91' lang='lat' dir='ltr'><strong>sacra</strong></span> <span class='ocrx_word' id='word_1_399' title='bbox 1216 3748 1312 3805; x_wconf 90' lang='lat' dir='ltr'><strong>per</strong></span> <span class='ocrx_word' id='word_1_400' title='bbox 1335 3733 1587 3804; x_wconf 89' lang='lat' dir='ltr'><strong>mysteria</strong></span> <span class='ocrx_word' id='word_1_401' title='bbox 1610 3732 1826 3787; x_wconf 89' lang='lat' dir='ltr'><strong>vibrans</strong></span> 
     </span>
    </p>
   </div>
   <div class='ocr_carea' id='block_1_73' title="bbox 467 3824 1721 3895">
    <p class='ocr_par' dir='ltr' id='par_1_73' title="bbox 467 3824 1721 3895">
     <span class='ocr_line' id='line_1_73' title="bbox 467 3824 1721 3895; baseline -0.007 -8"><span class='ocrx_word' id='word_1_402' title='bbox 467 3833 615 3895; x_wconf 86' lang='lat' dir='ltr'><strong>Tela,</strong></span> <span class='ocrx_word' id='word_1_403' title='bbox 639 3846 741 3886; x_wconf 90' lang='lat' dir='ltr'><strong>nec</strong></span> <span class='ocrx_word' id='word_1_404' title='bbox 764 3843 1039 3891; x_wconf 86' lang='lat' dir='ltr'><strong>exercens,</strong></span> <span class='ocrx_word' id='word_1_405' title='bbox 1073 3826 1248 3881; x_wconf 90' lang='lat' dir='ltr'><strong>tacitis</strong></span> <span class='ocrx_word' id='word_1_406' title='bbox 1276 3824 1541 3879; x_wconf 83' lang='lat' dir='ltr'><strong>exercitus</strong></span> <span class='ocrx_word' id='word_1_407' title='bbox 1560 3824 1721 3878; x_wconf 88' lang='lat' dir='ltr'><strong>armis</strong></span> 
     </span>
    </p>
   </div>
   <div class='ocr_carea' id='block_1_74' title="bbox 340 3907 1758 3988">
    <p class='ocr_par' dir='ltr' id='par_1_74' title="bbox 340 3907 1758 3988">
     <span class='ocr_line' id='line_1_74' title="bbox 340 3907 1758 3988; baseline -0.006 -7"><span class='ocrx_word' id='word_1_408' title='bbox 340 3927 433 3982; x_wconf 71' lang='lat'><strong>[9.5</strong></span> <span class='ocrx_word' id='word_1_409' title='bbox 468 3926 736 3983; x_wconf 90' lang='lat' dir='ltr'><strong>Lustravit</strong></span> <span class='ocrx_word' id='word_1_410' title='bbox 755 3930 999 3978; x_wconf 90' lang='lat' dir='ltr'><strong>cessante</strong></span> <span class='ocrx_word' id='word_1_411' title='bbox 1026 3935 1208 3987; x_wconf 90' lang='lat' dir='ltr'><strong>manu,</strong></span> <span class='ocrx_word' id='word_1_412' title='bbox 1230 3907 1543 3988; x_wconf 79' lang='lat' dir='ltr'><strong>septemque</strong></span> <span class='ocrx_word' id='word_1_413' title='bbox 1571 3917 1758 3972; x_wconf 89' lang='lat' dir='ltr'><strong>diebus</strong></span> 
     </span>
    </p>
   </div>
   <div class='ocr_carea' id='block_1_75' title="bbox 469 4009 1755 4087">
    <p class='ocr_par' dir='ltr' id='par_1_75' title="bbox 469 4009 1755 4087">
     <span class='ocr_line' id='line_1_75' title="bbox 469 4009 1755 4087; baseline -0.007 -15"><span class='ocrx_word' id='word_1_414' title='bbox 469 4017 730 4087; x_wconf 85' lang='lat' dir='ltr'><strong>Septenos</strong></span> <span class='ocrx_word' id='word_1_415' title='bbox 759 4015 957 4069; x_wconf 87' lang='lat' dir='ltr'><strong>iterans</strong></span> <span class='ocrx_word' id='word_1_416' title='bbox 983 4010 1083 4065; x_wconf 90' lang='lat' dir='ltr'><strong>sibi</strong></span> <span class='ocrx_word' id='word_1_417' title='bbox 1111 4010 1312 4064; x_wconf 91' lang='lat' dir='ltr'><strong>circum</strong></span> <span class='ocrx_word' id='word_1_418' title='bbox 1354 4009 1548 4063; x_wconf 65' lang='lat' dir='ltr'><strong>muenia</strong></span> <span class='ocrx_word' id='word_1_419' title='bbox 1577 4022 1755 4078; x_wconf 87' lang='lat' dir='ltr'><strong>gyros.</strong></span> 
     </span>
    </p>
   </div>
   <div class='ocr_carea' id='block_1_76' title="bbox 468 4097 1721 4173">
    <p class='ocr_par' dir='ltr' id='par_1_76' title="bbox 468 4097 1721 4173">
     <span class='ocr_line' id='line_1_76' title="bbox 468 4097 1721 4173; baseline -0.008 -10"><span class='ocrx_word' id='word_1_420' title='bbox 468 4107 708 4163; x_wconf 89' lang='lat' dir='ltr'><strong>Obtinuit</strong></span> <span class='ocrx_word' id='word_1_421' title='bbox 734 4110 920 4173; x_wconf 89' lang='lat' dir='ltr'><strong>captos</strong></span> <span class='ocrx_word' id='word_1_422' title='bbox 948 4101 1157 4164; x_wconf 87' lang='lat' dir='ltr'><strong>numeri</strong></span> <span class='ocrx_word' id='word_1_423' title='bbox 1178 4097 1203 4137; x_wconf 77' lang='grc' dir='ltr'>ἀ</span> <span class='ocrx_word' id='word_1_424' title='bbox 1233 4101 1428 4154; x_wconf 88' lang='lat' dir='ltr'><strong>virtute</strong></span> <span class='ocrx_word' id='word_1_425' title='bbox 1453 4100 1686 4169; x_wconf 89' lang='lat' dir='ltr'><strong>potentis</strong></span> <span class='ocrx_word' id='word_1_426' title='bbox 1706 4136 1721 4162; x_wconf 92' lang='lat'><strong>,</strong></span> 
     </span>
    </p>
   </div>
   <div class='ocr_carea' id='block_1_77' title="bbox 472 4190 1758 4268">
    <p class='ocr_par' dir='ltr' id='par_1_77' title="bbox 472 4190 1758 4268">
     <span class='ocr_line' id='line_1_77' title="bbox 472 4190 1758 4268; baseline -0.005 -16"><span class='ocrx_word' id='word_1_427' title='bbox 472 4198 643 4268; x_wconf 83' lang='lat' dir='ltr'><strong>Atque</strong></span> <span class='ocrx_word' id='word_1_428' title='bbox 666 4193 1000 4251; x_wconf 88' lang='lat' dir='ltr'><strong>sacerdotum</strong></span> <span class='ocrx_word' id='word_1_429' title='bbox 1024 4191 1166 4246; x_wconf 90' lang='lat' dir='ltr'><strong>lituis</strong></span> <span class='ocrx_word' id='word_1_430' title='bbox 1185 4191 1435 4267; x_wconf 87' lang='lat' dir='ltr'><strong>clangore</strong></span> <span class='ocrx_word' id='word_1_431' title='bbox 1464 4190 1758 4256; x_wconf 92' lang='lat' dir='ltr'><strong>tremendo,</strong></span> 
     </span>
    </p>
   </div>
   <div class='ocr_carea' id='block_1_78' title="bbox 473 4284 1760 4356">
    <p class='ocr_par' dir='ltr' id='par_1_78' title="bbox 473 4284 1760 4356">
     <span class='ocr_line' id='line_1_78' title="bbox 473 4284 1760 4356; baseline -0.006 -11"><span class='ocrx_word' id='word_1_432' title='bbox 473 4292 777 4347; x_wconf 89' lang='lat' dir='ltr'><strong>Fulmineos</strong></span> <span class='ocrx_word' id='word_1_433' title='bbox 803 4300 1009 4356; x_wconf 84' lang='lat' dir='ltr'><strong>superae</strong></span> <span class='ocrx_word' id='word_1_434' title='bbox 1038 4286 1268 4340; x_wconf 89' lang='lat' dir='ltr'><strong>tonitrus</strong></span> <span class='ocrx_word' id='word_1_435' title='bbox 1300 4284 1628 4338; x_wconf 84' lang='lat' dir='ltr'><strong>imitantibus</strong></span> <span class='ocrx_word' id='word_1_436' title='bbox 1650 4284 1760 4337; x_wconf 67' lang='lat' dir='ltr'><strong>iraa.</strong></span> 
     </span>
    </p>
   </div>
   <div class='ocr_carea' id='block_1_79' title="bbox 350 4371 1725 4449">
    <p class='ocr_par' dir='ltr' id='par_1_79' title="bbox 350 4371 1725 4449">
     <span class='ocr_line' id='line_1_79' title="bbox 350 4371 1725 4449; baseline -0.007 -15"><span class='ocrx_word' id='word_1_437' title='bbox 350 4381 439 4437; x_wconf 75' lang='lat' dir='ltr'><strong>l50</strong></span> <span class='ocrx_word' id='word_1_438' title='bbox 476 4381 621 4436; x_wconf 87' lang='lat' dir='ltr'><strong>Tunc</strong></span> <span class='ocrx_word' id='word_1_439' title='bbox 641 4380 732 4449; x_wconf 89' lang='lat' dir='ltr'><strong>qui</strong></span> <span class='ocrx_word' id='word_1_440' title='bbox 760 4376 958 4433; x_wconf 90' lang='lat' dir='ltr'><strong>divitiis</strong></span> <span class='ocrx_word' id='word_1_441' title='bbox 979 4374 1211 4444; x_wconf 89' lang='lat' dir='ltr'><strong>populus</strong></span> <span class='ocrx_word' id='word_1_442' title='bbox 1240 4372 1453 4438; x_wconf 91' lang='lat' dir='ltr'><strong>ﬁdebat,</strong></span> <span class='ocrx_word' id='word_1_443' title='bbox 1484 4380 1539 4426; x_wconf 92' lang='lat' dir='ltr'><strong>et</strong></span> <span class='ocrx_word' id='word_1_444' title='bbox 1566 4371 1725 4437; x_wconf 90' lang='lat' dir='ltr'><strong>urbe,</strong></span> 
     </span>
    </p>
   </div>
   <div class='ocr_carea' id='block_1_80' title="bbox 477 4463 1638 4533">
    <p class='ocr_par' dir='ltr' id='par_1_80' title="bbox 477 4463 1638 4533">
     <span class='ocr_line' id='line_1_80' title="bbox 477 4463 1638 4533; baseline -0.01 -5"><span class='ocrx_word' id='word_1_445' title='bbox 477 4473 681 4528; x_wconf 89' lang='lat' dir='ltr'><strong>lnteriit</strong></span> <span class='ocrx_word' id='word_1_446' title='bbox 701 4470 881 4525; x_wconf 82' lang='lat' dir='ltr'><strong>mixtis</strong></span> <span class='ocrx_word' id='word_1_447' title='bbox 911 4469 1051 4523; x_wconf 88' lang='lat' dir='ltr'><strong>inter</strong></span> <span class='ocrx_word' id='word_1_448' title='bbox 1070 4482 1166 4522; x_wconf 88' lang='lat' dir='ltr'><strong>sua</strong></span> <span class='ocrx_word' id='word_1_449' title='bbox 1194 4473 1335 4520; x_wconf 92' lang='lat' dir='ltr'><strong>tecta</strong></span> <span class='ocrx_word' id='word_1_450' title='bbox 1362 4463 1638 4533; x_wconf 87' lang='lat' dir='ltr'><strong>sepulcris.</strong></span> 
     </span>
    </p>
   </div>
   <div class='ocr_carea' id='block_1_81' title="bbox 616 4553 1904 4625">
    <p class='ocr_par' dir='ltr' id='par_1_81' title="bbox 616 4553 1904 4625">
     <span class='ocr_line' id='line_1_81' title="bbox 616 4553 1904 4625; baseline -0.008 -8"><span class='ocrx_word' id='word_1_451' title='bbox 616 4563 742 4619; x_wconf 89' lang='lat' dir='ltr'><strong>Sola</strong></span> <span class='ocrx_word' id='word_1_452' title='bbox 764 4561 949 4615; x_wconf 91' lang='lat' dir='ltr'><strong>Rahab</strong></span> <span class='ocrx_word' id='word_1_453' title='bbox 974 4558 1226 4615; x_wconf 83' lang='lat' dir='ltr'><strong>meretrix</strong></span> <span class='ocrx_word' id='word_1_454' title='bbox 1249 4564 1451 4612; x_wconf 89' lang='lat' dir='ltr'><strong>castam</strong></span> <span class='ocrx_word' id='word_1_455' title='bbox 1474 4571 1590 4625; x_wconf 80' lang='lat' dir='ltr'><strong>quae</strong></span> <span class='ocrx_word' id='word_1_456' title='bbox 1612 4554 1776 4623; x_wconf 87' lang='lat' dir='ltr'><strong>gessit</strong></span> <span class='ocrx_word' id='word_1_457' title='bbox 1802 4553 1904 4608; x_wconf 87' lang='lat' dir='ltr'><strong>ini—</strong></span> 
     </span>
    </p>
   </div>
   <div class='ocr_carea' id='block_1_82' title="bbox 1781 4646 1907 4718">
    <p class='ocr_par' dir='ltr' id='par_1_82' title="bbox 1781 4646 1907 4718">
     <span class='ocr_line' id='line_1_82' title="bbox 1781 4646 1907 4718; baseline 0 -19"><span class='ocrx_word' id='word_1_458' title='bbox 1781 4646 1907 4718; x_wconf 90' lang='lat' dir='ltr'><strong>[qua</strong></span> 
     </span>
    </p>
   </div>
   <div class='ocr_carea' id='block_1_83' title="bbox 481 4739 1740 4808">
    <p class='ocr_par' dir='ltr' id='par_1_83' title="bbox 481 4739 1740 4808">
     <span class='ocr_line' id='line_1_83' title="bbox 481 4739 1740 4808; baseline -0.005 -9"><span class='ocrx_word' id='word_1_459' title='bbox 481 4745 651 4801; x_wconf 80' lang='lat' dir='ltr'><strong>Gente</strong></span> <span class='ocrx_word' id='word_1_460' title='bbox 671 4744 848 4808; x_wconf 90' lang='lat' dir='ltr'><strong>ﬁdem,</strong></span> <span class='ocrx_word' id='word_1_461' title='bbox 873 4759 980 4799; x_wconf 93' lang='lat' dir='ltr'><strong>non</strong></span> <span class='ocrx_word' id='word_1_462' title='bbox 1002 4742 1137 4797; x_wconf 85' lang='lat' dir='ltr'><strong>freta</strong></span> <span class='ocrx_word' id='word_1_463' title='bbox 1167 4742 1277 4797; x_wconf 90' lang='lat' dir='ltr'><strong>suis</strong></span> <span class='ocrx_word' id='word_1_464' title='bbox 1305 4740 1531 4796; x_wconf 90' lang='lat' dir='ltr'><strong>evadere</strong></span> <span class='ocrx_word' id='word_1_465' title='bbox 1559 4739 1740 4805; x_wconf 90' lang='lat' dir='ltr'><strong>muris,</strong></span> 
     </span>
    </p>
   </div>
   <div class='ocr_carea' id='block_1_84' title="bbox 482 4827 1911 4907">
    <p class='ocr_par' dir='ltr' id='par_1_84' title="bbox 482 4827 1911 4907">
     <span class='ocr_line' id='line_1_84' title="bbox 482 4827 1911 4907; baseline -0.009 -11"><span class='ocrx_word' id='word_1_466' title='bbox 482 4833 823 4907; x_wconf 63' lang='lat'><strong>613-615</strong></span> <span class='ocrx_word' id='word_1_467' title='bbox 858 4831 964 4888; x_wconf 90' lang='lat' dir='ltr'><strong>Sed</strong></span> <span class='ocrx_word' id='word_1_468' title='bbox 1004 4832 1207 4903; x_wconf 92' lang='lat' dir='ltr'><strong>pietate</strong></span> <span class='ocrx_word' id='word_1_469' title='bbox 1250 4829 1363 4895; x_wconf 86' lang='lat' dir='ltr'><strong>Dei,</strong></span> <span class='ocrx_word' id='word_1_470' title='bbox 1402 4830 1651 4885; x_wconf 89' lang='lat' dir='ltr'><strong>meritum</strong></span> <span class='ocrx_word' id='word_1_471' title='bbox 1698 4827 1911 4898; x_wconf 89' lang='lat' dir='ltr'><strong>pietatis</strong></span> 
     </span>
    </p>
   </div>
   <div class='ocr_carea' id='block_1_85' title="bbox 1556 4920 1908 4992">
    <p class='ocr_par' dir='ltr' id='par_1_85' title="bbox 1556 4920 1908 4992">
     <span class='ocr_line' id='line_1_85' title="bbox 1556 4920 1908 4992; baseline -0.014 -18"><span class='ocrx_word' id='word_1_472' title='bbox 1556 4920 1768 4992; x_wconf 86' lang='lat' dir='ltr'><strong>[adepta</strong></span> <span class='ocrx_word' id='word_1_473' title='bbox 1789 4927 1871 4975; x_wconf 88' lang='lat' dir='ltr'><strong>est</strong></span> <span class='ocrx_word' id='word_1_474' title='bbox 1894 4934 1908 4969; x_wconf 91' lang='lat'><strong>:</strong></span> 
     </span>
    </p>
   </div>
   <div class='ocr_carea' id='block_1_86' title="bbox 421 5077 919 5142">
    <p class='ocr_par' dir='ltr' id='par_1_86' title="bbox 421 5077 919 5142">
     <span class='ocr_line' id='line_1_86' title="bbox 421 5077 919 5142; baseline -0.004 -10"><span class='ocrx_word' id='word_1_475' title='bbox 421 5088 446 5116; x_wconf 72' lang='grc'>⁸</span> <span class='ocrx_word' id='word_1_476' title='bbox 475 5077 640 5134; x_wconf 86' lang='lat' dir='ltr'><strong>Exod.</strong></span> <span class='ocrx_word' id='word_1_477' title='bbox 668 5094 798 5142; x_wconf 87' lang='lat' dir='ltr'><strong>xvn,</strong></span> <span class='ocrx_word' id='word_1_478' title='bbox 835 5077 919 5130; x_wconf 88' lang='grc'>11.</span> 
     </span>
    </p>
   </div>
   <div class='ocr_carea' id='block_1_87' title="bbox 422 5146 785 5203">
    <p class='ocr_par' dir='ltr' id='par_1_87' title="bbox 422 5146 785 5203">
     <span class='ocr_line' id='line_1_87' title="bbox 422 5146 785 5203; baseline -0.006 0"><span class='ocrx_word' id='word_1_479' title='bbox 422 5146 447 5184; x_wconf 67' lang='grc'><strong>³³</strong></span> <span class='ocrx_word' id='word_1_480' title='bbox 474 5146 665 5203; x_wconf 84' lang='lat' dir='ltr'><strong>Esther</strong></span> <span class='ocrx_word' id='word_1_481' title='bbox 692 5164 785 5202; x_wconf 89' lang='lat' dir='ltr'><strong>vn.</strong></span> 
     </span>
    </p>
   </div>
   <div class='ocr_carea' id='block_1_88' title="bbox 426 5215 731 5272">
    <p class='ocr_par' dir='ltr' id='par_1_88' title="bbox 426 5215 731 5272">
     <span class='ocr_line' id='line_1_88' title="bbox 426 5215 731 5272; baseline 0.003 -3"><span class='ocrx_word' id='word_1_482' title='bbox 426 5226 447 5254; x_wconf 80' lang='grc' dir='ltr'><strong>ο</strong></span> <span class='ocrx_word' id='word_1_483' title='bbox 476 5215 633 5272; x_wconf 85' lang='lat' dir='ltr'><strong>Josue</strong></span> <span class='ocrx_word' id='word_1_484' title='bbox 662 5233 731 5271; x_wconf 80' lang='lat' dir='ltr'><strong>vl.</strong></span> 
     </span>
    </p>
   </div>
   <div class='ocr_carea' id='block_1_89' title="bbox 424 5281 1550 5355">
    <p class='ocr_par' dir='ltr' id='par_1_89' title="bbox 424 5281 1550 5355">
     <span class='ocr_line' id='line_1_89' title="bbox 424 5281 1550 5355; baseline -0.002 -16"><span class='ocrx_word' id='word_1_485' title='bbox 424 5286 449 5320; x_wconf 68' lang='grc' dir='ltr'><em>ά</em></span> <span class='ocrx_word' id='word_1_486' title='bbox 477 5285 539 5355; x_wconf 14' lang='lat' dir='ltr'><strong>id,</strong></span> <span class='ocrx_word' id='word_1_487' title='bbox 552 5295 633 5341; x_wconf 90' lang='lat' dir='ltr'><strong>est</strong></span> <span class='ocrx_word' id='word_1_488' title='bbox 659 5288 854 5355; x_wconf 83' lang='lat' dir='ltr'><strong>populi.</strong></span> <span class='ocrx_word' id='word_1_489' title='bbox 889 5283 1024 5340; x_wconf 85' lang='lat' dir='ltr'><strong>Vide</strong></span> <span class='ocrx_word' id='word_1_490' title='bbox 1051 5298 1214 5340; x_wconf 84' lang='lat' dir='ltr'><strong>carm.</strong></span> <span class='ocrx_word' id='word_1_491' title='bbox 1238 5284 1327 5352; x_wconf 86' lang='grc'>16,</span> <span class='ocrx_word' id='word_1_492' title='bbox 1348 5300 1400 5338; x_wconf 83' lang='lat' dir='ltr'><strong>v.</strong></span> <span class='ocrx_word' id='word_1_493' title='bbox 1424 5281 1550 5338; x_wconf 72' lang='lat'><strong>250.</strong></span> 
     </span>
    </p>
   </div>
   <div class='ocr_carea' id='block_1_90' title="bbox 432 5353 932 5424">
    <p class='ocr_par' dir='ltr' id='par_1_90' title="bbox 432 5353 932 5424">
     <span class='ocr_line' id='line_1_90' title="bbox 432 5353 932 5424; baseline 0 -15"><span class='ocrx_word' id='word_1_494' title='bbox 432 5363 453 5391; x_wconf 76' lang='grc'><strong><em>⁸</em></strong></span> <span class='ocrx_word' id='word_1_495' title='bbox 480 5353 668 5424; x_wconf 63' lang='grc' dir='ltr'><strong>[Βθεζ</strong></span> <span class='ocrx_word' id='word_1_496' title='bbox 688 5353 813 5424; x_wconf 83' lang='lat' dir='ltr'><strong>xvn,</strong></span> <span class='ocrx_word' id='word_1_497' title='bbox 844 5355 932 5409; x_wconf 67' lang='lat'><strong>49.</strong></span> 
     </span>
    </p>
   </div>
   <div class='ocr_carea' id='block_1_91' title="bbox 432 5422 797 5549">
    <p class='ocr_par' dir='ltr' id='par_1_91' title="bbox 432 5422 797 5549">
     <span class='ocr_line' id='line_1_91' title="bbox 441 5422 779 5480; baseline 0 0"><span class='ocrx_word' id='word_1_498' title='bbox 441 5443 452 5480; x_wconf 84' lang='grc' dir='ltr'><strong>ι</strong></span> <span class='ocrx_word' id='word_1_499' title='bbox 486 5422 649 5479; x_wconf 79' lang='lat' dir='ltr'><strong>Exod.</strong></span> <span class='ocrx_word' id='word_1_500' title='bbox 673 5441 779 5480; x_wconf 79' lang='lat' dir='ltr'><strong>xiv.</strong></span> 
     </span>
     <span class='ocr_line' id='line_1_92' title="bbox 432 5490 797 5549; baseline 0.008 -5"><span class='ocrx_word' id='word_1_501' title='bbox 432 5502 455 5538; x_wconf 67' lang='grc' dir='ltr'><strong><em>ε</em></strong></span> <span class='ocrx_word' id='word_1_502' title='bbox 480 5490 658 5548; x_wconf 80' lang='lat' dir='ltr'><strong>Judith</strong></span> <span class='ocrx_word' id='word_1_503' title='bbox 686 5510 797 5549; x_wconf 85' lang='lat' dir='ltr'><strong>xm.</strong></span> 
     </span>
    </p>
   </div>
   <div class='ocr_carea' id='block_1_92' title="bbox 436 5559 896 5619">
    <p class='ocr_par' dir='ltr' id='par_1_92' title="bbox 436 5559 896 5619">
     <span class='ocr_line' id='line_1_93' title="bbox 436 5559 896 5619; baseline 0.004 -4"><span class='ocrx_word' id='word_1_504' title='bbox 436 5559 458 5597; x_wconf 72' lang='grc' dir='ltr'>δ</span> <span class='ocrx_word' id='word_1_505' title='bbox 484 5560 612 5618; x_wconf 87' lang='lat' dir='ltr'><strong>Vide</strong></span> <span class='ocrx_word' id='word_1_506' title='bbox 640 5573 751 5618; x_wconf 90' lang='lat' dir='ltr'><strong>not.</strong></span> <span class='ocrx_word' id='word_1_507' title='bbox 777 5564 896 5619; x_wconf 69' lang='grc'>554.</span> 
     </span>
    </p>
   </div>
   <div class='ocr_carea' id='block_1_93' title="bbox 441 5628 841 5713">
    <p class='ocr_par' dir='ltr' id='par_1_93' title="bbox 441 5628 841 5713">
     <span class='ocr_line' id='line_1_94' title="bbox 441 5628 841 5713; baseline 0.013 -31"><span class='ocrx_word' id='word_1_508' title='bbox 441 5630 454 5713; x_wconf 70' lang='grc' dir='ltr'><strong>ξ</strong></span> <span class='ocrx_word' id='word_1_509' title='bbox 480 5628 701 5713; x_wconf 52' lang='lat' dir='ltr'><strong>anReg.</strong></span> <span class='ocrx_word' id='word_1_510' title='bbox 730 5648 841 5713; x_wconf 79' lang='lat' dir='ltr'><strong>x|_x_.</strong></span> 
     </span>
    </p>
   </div>
   <div class='ocr_carea' id='block_1_94' title="bbox 438 5694 1922 5771">
    <p class='ocr_par' dir='ltr' id='par_1_94' title="bbox 438 5694 1922 5771">
     <span class='ocr_line' id='line_1_95' title="bbox 438 5694 1922 5771; baseline -0.006 -14"><span class='ocrx_word' id='word_1_511' title='bbox 438 5701 508 5767; x_wconf 80' lang='grc' dir='ltr'><strong>(α)</strong></span> <span class='ocrx_word' id='word_1_512' title='bbox 537 5694 679 5756; x_wconf 78' lang='lat' dir='ltr'><strong>Editi</strong></span> <span class='ocrx_word' id='word_1_513' title='bbox 702 5701 937 5771; x_wconf 88' lang='lat' dir='ltr'><strong>codices,</strong></span> <span class='ocrx_word' id='word_1_514' title='bbox 974 5701 1180 5770; x_wconf 82' lang='lat' dir='ltr'><strong>papula.</strong></span> <span class='ocrx_word' id='word_1_515' title='bbox 1221 5698 1287 5754; x_wconf 83' lang='lat' dir='ltr'><strong>At</strong></span> <span class='ocrx_word' id='word_1_516' title='bbox 1325 5714 1390 5754; x_wconf 85' lang='lat' dir='ltr'><strong>ex</strong></span> <span class='ocrx_word' id='word_1_517' title='bbox 1420 5714 1520 5755; x_wconf 86' lang='lat' dir='ltr'><strong>ms.</strong></span> <span class='ocrx_word' id='word_1_518' title='bbox 1565 5696 1748 5752; x_wconf 88' lang='lat' dir='ltr'><strong>codice</strong></span> <span class='ocrx_word' id='word_1_519' title='bbox 1787 5694 1922 5749; x_wconf 84' lang='lat' dir='ltr'><strong>Cer-</strong></span> 
     </span>
    </p>
   </div>
   <div class='ocr_carea' id='block_1_95' title="bbox 2132 3206 3493 3278">
    <p class='ocr_par' dir='ltr' id='par_1_95' title="bbox 2132 3206 3493 3278">
     <span class='ocr_line' id='line_1_96' title="bbox 2132 3206 3493 3278; baseline 0 -17"><span class='ocrx_word' id='word_1_520' title='bbox 2132 3207 2446 3263; x_wconf 88' lang='lat' dir='ltr'><strong>Terribilem</strong></span> <span class='ocrx_word' id='word_1_521' title='bbox 2474 3208 2708 3263; x_wconf 88' lang='lat' dir='ltr'><strong>Sisaram</strong></span> <span class='ocrx_word' id='word_1_522' title='bbox 2739 3207 3050 3262; x_wconf 77' lang='lat' dir='ltr'><strong>transﬁxum</strong></span> <span class='ocrx_word' id='word_1_523' title='bbox 3080 3215 3323 3278; x_wconf 91' lang='lat' dir='ltr'><strong>tempora</strong></span> <span class='ocrx_word' id='word_1_524' title='bbox 3351 3206 3493 3277; x_wconf 91' lang='lat' dir='ltr'><strong>palo,</strong></span> 
     </span>
    </p>
   </div>
   <div class='ocr_carea' id='block_1_96' title="bbox 2129 3297 3567 3368">
    <p class='ocr_par' dir='ltr' id='par_1_96' title="bbox 2129 3297 3567 3368">
     <span class='ocr_line' id='line_1_97' title="bbox 2129 3297 3567 3368; baseline 0.001 -16"><span class='ocrx_word' id='word_1_525' title='bbox 2129 3298 2550 3367; x_wconf 83' lang='lat' dir='ltr'><strong>Terrentemque</strong></span> <span class='ocrx_word' id='word_1_526' title='bbox 2577 3314 2738 3353; x_wconf 90' lang='lat' dir='ltr'><strong>manu</strong></span> <span class='ocrx_word' id='word_1_527' title='bbox 2782 3299 2889 3354; x_wconf 92' lang='lat' dir='ltr'><strong>late</strong></span> <span class='ocrx_word' id='word_1_528' title='bbox 2918 3298 3145 3368; x_wconf 90' lang='lat' dir='ltr'><strong>populos</strong></span> <span class='ocrx_word' id='word_1_529' title='bbox 3169 3297 3512 3355; x_wconf 83' lang='lat' dir='ltr'><strong>Holofernem</strong></span> <span class='ocrx_word' id='word_1_530' title='bbox 3542 3305 3567 3345; x_wconf 75' lang='grc' dir='ltr'>ε</span> 
     </span>
    </p>
   </div>
   <div class='ocr_carea' id='block_1_97' title="bbox 2136 3387 3299 3459">
    <p class='ocr_par' dir='ltr' id='par_1_97' title="bbox 2136 3387 3299 3459">
     <span class='ocr_line' id='line_1_98' title="bbox 2136 3387 3299 3459; baseline 0.001 -17"><span class='ocrx_word' id='word_1_531' title='bbox 2136 3388 2267 3444; x_wconf 88' lang='lat' dir='ltr'><strong>Arte</strong></span> <span class='ocrx_word' id='word_1_532' title='bbox 2295 3388 2562 3458; x_wconf 68' lang='lat' dir='ltr'><strong>pudicitia:</strong></span> <span class='ocrx_word' id='word_1_533' title='bbox 2585 3389 2867 3459; x_wconf 87' lang='lat' dir='ltr'><strong>deceptum</strong></span> <span class='ocrx_word' id='word_1_534' title='bbox 2897 3390 3088 3444; x_wconf 90' lang='lat' dir='ltr'><strong>callida</strong></span> <span class='ocrx_word' id='word_1_535' title='bbox 3114 3387 3299 3443; x_wconf 86' lang='lat' dir='ltr'><strong>Judith</strong></span> 
     </span>
    </p>
   </div>
   <div class='ocr_carea' id='block_1_98' title="bbox 2138 3478 3338 3548">
    <p class='ocr_par' dir='ltr' id='par_1_98' title="bbox 2138 3478 3338 3548">
     <span class='ocr_line' id='line_1_99' title="bbox 2138 3478 3338 3548; baseline 0 -16"><span class='ocrx_word' id='word_1_536' title='bbox 2138 3478 2297 3545; x_wconf 82' lang='lat' dir='ltr'><strong>Risit,</strong></span> <span class='ocrx_word' id='word_1_537' title='bbox 2329 3479 2381 3532; x_wconf 93' lang='lat' dir='ltr'><strong>in</strong></span> <span class='ocrx_word' id='word_1_538' title='bbox 2408 3479 2620 3548; x_wconf 86' lang='lat' dir='ltr'><strong>impuro</strong></span> <span class='ocrx_word' id='word_1_539' title='bbox 2650 3494 2768 3547; x_wconf 71' lang='lat' dir='ltr'><strong>qua:</strong></span> <span class='ocrx_word' id='word_1_540' title='bbox 2793 3495 2901 3534; x_wconf 91' lang='lat' dir='ltr'><strong>non</strong></span> <span class='ocrx_word' id='word_1_541' title='bbox 2930 3480 3131 3548; x_wconf 86' lang='lat' dir='ltr'><strong>polluta</strong></span> <span class='ocrx_word' id='word_1_542' title='bbox 3156 3479 3338 3545; x_wconf 93' lang='lat' dir='ltr'><strong>cubili,</strong></span> 
     </span>
    </p>
   </div>
   <div class='ocr_carea' id='block_1_99' title="bbox 1998 3562 3517 3633">
    <p class='ocr_par' dir='ltr' id='par_1_99' title="bbox 1998 3562 3517 3633">
     <span class='ocr_line' id='line_1_100' title="bbox 1998 3562 3517 3633; baseline 0.001 -14"><span class='ocrx_word' id='word_1_543' title='bbox 1998 3562 2097 3619; x_wconf 82' lang='grc'>165</span> <span class='ocrx_word' id='word_1_544' title='bbox 2138 3567 2390 3631; x_wconf 86' lang='lat' dir='ltr'><strong>Barbara,</strong></span> <span class='ocrx_word' id='word_1_545' title='bbox 2426 3576 2670 3622; x_wconf 90' lang='lat' dir='ltr'><strong>truncato</strong></span> <span class='ocrx_word' id='word_1_546' title='bbox 2694 3569 2887 3622; x_wconf 87' lang='lat' dir='ltr'><strong>victrix</strong></span> <span class='ocrx_word' id='word_1_547' title='bbox 2915 3568 3066 3631; x_wconf 92' lang='lat' dir='ltr'><strong>duce,</strong></span> <span class='ocrx_word' id='word_1_548' title='bbox 3091 3575 3268 3621; x_wconf 88' lang='lat' dir='ltr'><strong>castra</strong></span> <span class='ocrx_word' id='word_1_549' title='bbox 3296 3566 3517 3633; x_wconf 90' lang='lat' dir='ltr'><strong>fugavit.</strong></span> 
     </span>
    </p>
   </div>
   <div class='ocr_carea' id='block_1_100' title="bbox 2276 3654 3512 3720">
    <p class='ocr_par' dir='ltr' id='par_1_100' title="bbox 2276 3654 3512 3720">
     <span class='ocr_line' id='line_1_101' title="bbox 2276 3654 3512 3720; baseline 0.002 -13"><span class='ocrx_word' id='word_1_550' title='bbox 2276 3654 2424 3709; x_wconf 89' lang='lat' dir='ltr'><strong>Nuda</strong></span> <span class='ocrx_word' id='word_1_551' title='bbox 2456 3656 2585 3709; x_wconf 91' lang='lat' dir='ltr'><strong>ﬁdes</strong></span> <span class='ocrx_word' id='word_1_552' title='bbox 2606 3664 2809 3709; x_wconf 90' lang='lat' dir='ltr'><strong>armata</strong></span> <span class='ocrx_word' id='word_1_553' title='bbox 2835 3656 2947 3709; x_wconf 90' lang='lat' dir='ltr'><strong>Deo</strong></span> <span class='ocrx_word' id='word_1_554' title='bbox 2974 3663 3087 3720; x_wconf 91' lang='lat' dir='ltr'><strong>est;</strong></span> <span class='ocrx_word' id='word_1_555' title='bbox 3112 3656 3308 3709; x_wconf 89' lang='lat' dir='ltr'><strong>virtute</strong></span> <span class='ocrx_word' id='word_1_556' title='bbox 3337 3654 3459 3709; x_wconf 87' lang='lat' dir='ltr'><strong>fidei</strong></span> <span class='ocrx_word' id='word_1_557' title='bbox 3485 3654 3512 3693; x_wconf 75' lang='grc' dir='ltr'>ιι</span> 
     </span>
    </p>
   </div>
   <div class='ocr_carea' id='block_1_101' title="bbox 2137 3744 3442 3814">
    <p class='ocr_par' dir='ltr' id='par_1_101' title="bbox 2137 3744 3442 3814">
     <span class='ocr_line' id='line_1_102' title="bbox 2137 3744 3442 3814; baseline 0.001 -15"><span class='ocrx_word' id='word_1_558' title='bbox 2137 3744 2351 3800; x_wconf 87' lang='lat' dir='ltr'><strong>Fortior</strong></span> <span class='ocrx_word' id='word_1_559' title='bbox 2379 3744 2636 3799; x_wconf 82' lang='lat' dir='ltr'><strong>Ezechias</strong></span> <span class='ocrx_word' id='word_1_560' title='bbox 2664 3745 2868 3814; x_wconf 91' lang='lat' dir='ltr'><strong>paucis,</strong></span> <span class='ocrx_word' id='word_1_561' title='bbox 2899 3760 3061 3814; x_wconf 90' lang='lat' dir='ltr'><strong>quam</strong></span> <span class='ocrx_word' id='word_1_562' title='bbox 3090 3744 3323 3798; x_wconf 89' lang='lat' dir='ltr'><strong>millibus</strong></span> <span class='ocrx_word' id='word_1_563' title='bbox 3352 3745 3442 3800; x_wconf 87' lang='lat' dir='ltr'><strong>ille</strong></span> 
     </span>
    </p>
   </div>
   <div class='ocr_carea' id='block_1_102' title="bbox 2142 3833 3471 3904">
    <p class='ocr_par' dir='ltr' id='par_1_102' title="bbox 2142 3833 3471 3904">
     <span class='ocr_line' id='line_1_103' title="bbox 2142 3833 3471 3904; baseline -0.001 -14"><span class='ocrx_word' id='word_1_564' title='bbox 2142 3834 2525 3900; x_wconf 88' lang='lat' dir='ltr'><strong>Sennacherib,</strong></span> <span class='ocrx_word' id='word_1_565' title='bbox 2548 3834 2700 3902; x_wconf 85' lang='lat' dir='ltr'><strong>cujus</strong></span> <span class='ocrx_word' id='word_1_566' title='bbox 2728 3833 2964 3904; x_wconf 84' lang='lat' dir='ltr'><strong>Babylon</strong></span> <span class='ocrx_word' id='word_1_567' title='bbox 2993 3842 3049 3888; x_wconf 93' lang='lat' dir='ltr'><strong>et</strong></span> <span class='ocrx_word' id='word_1_568' title='bbox 3075 3835 3253 3903; x_wconf 89' lang='lat' dir='ltr'><strong>opima</strong></span> <span class='ocrx_word' id='word_1_569' title='bbox 3279 3833 3471 3889; x_wconf 89' lang='lat' dir='ltr'><strong>Ninive</strong></span> 
     </span>
    </p>
   </div>
   <div class='ocr_carea' id='block_1_103' title="bbox 2142 3924 3574 3996">
    <p class='ocr_par' dir='ltr' id='par_1_103' title="bbox 2142 3924 3574 3996">
     <span class='ocr_line' id='line_1_104' title="bbox 2142 3924 3574 3996; baseline 0 -16"><span class='ocrx_word' id='word_1_570' title='bbox 2142 3926 2384 3995; x_wconf 89' lang='lat' dir='ltr'><strong>Regnum</strong></span> <span class='ocrx_word' id='word_1_571' title='bbox 2414 3933 2531 3980; x_wconf 88' lang='lat' dir='ltr'><strong>erat</strong></span> <span class='ocrx_word' id='word_1_572' title='bbox 2557 3924 2599 3978; x_wconf 80' lang='grc' dir='ltr'><strong>ί.</strong></span> <span class='ocrx_word' id='word_1_573' title='bbox 2632 3926 2876 3996; x_wconf 78' lang='lat' dir='ltr'><strong>Assyrias</strong></span> <span class='ocrx_word' id='word_1_574' title='bbox 2912 3926 3049 3980; x_wconf 89' lang='lat' dir='ltr'><strong>vires</strong></span> <span class='ocrx_word' id='word_1_575' title='bbox 3088 3934 3142 3979; x_wconf 88' lang='lat' dir='ltr'><strong>et</strong></span> <span class='ocrx_word' id='word_1_576' title='bbox 3168 3925 3370 3980; x_wconf 84' lang='lat' dir='ltr'><strong>Medica</strong></span> <span class='ocrx_word' id='word_1_577' title='bbox 3413 3933 3574 3993; x_wconf 82' lang='lat' dir='ltr'><strong>regna</strong></span> 
     </span>
    </p>
   </div>
   <div class='ocr_carea' id='block_1_104' title="bbox 2002 4008 3522 4083">
    <p class='ocr_par' dir='ltr' id='par_1_104' title="bbox 2002 4008 3522 4083">
     <span class='ocr_line' id='line_1_105' title="bbox 2002 4008 3522 4083; baseline -0.002 -13"><span class='ocrx_word' id='word_1_578' title='bbox 2002 4016 2104 4071; x_wconf 87' lang='grc'><strong>170</strong></span> <span class='ocrx_word' id='word_1_579' title='bbox 2140 4016 2398 4080; x_wconf 82' lang='lat' dir='ltr'><strong>Moverat,</strong></span> <span class='ocrx_word' id='word_1_580' title='bbox 2430 4023 2486 4069; x_wconf 91' lang='lat' dir='ltr'><strong>et</strong></span> <span class='ocrx_word' id='word_1_581' title='bbox 2513 4015 2717 4083; x_wconf 87' lang='lat' dir='ltr'><strong>magnis</strong></span> <span class='ocrx_word' id='word_1_582' title='bbox 2745 4008 3053 4082; x_wconf 79' lang='lat' dir='ltr'><strong>legionibus</strong></span> <span class='ocrx_word' id='word_1_583' title='bbox 3070 4015 3248 4070; x_wconf 89' lang='lat' dir='ltr'><strong>omnia</strong></span> <span class='ocrx_word' id='word_1_584' title='bbox 3279 4014 3480 4069; x_wconf 90' lang='lat' dir='ltr'><strong>circum</strong></span> <span class='ocrx_word' id='word_1_585' title='bbox 3500 4016 3522 4045; x_wconf 80' lang='lat'>&#39;</span> 
     </span>
    </p>
   </div>
   <div class='ocr_carea' id='block_1_105' title="bbox 2143 4103 3575 4174">
    <p class='ocr_par' dir='ltr' id='par_1_105' title="bbox 2143 4103 3575 4174">
     <span class='ocr_line' id='line_1_106' title="bbox 2143 4103 3575 4174; baseline -0.003 -13"><span class='ocrx_word' id='word_1_586' title='bbox 2143 4105 2324 4174; x_wconf 91' lang='lat' dir='ltr'><strong>Regna</strong></span> <span class='ocrx_word' id='word_1_587' title='bbox 2342 4114 2539 4168; x_wconf 90' lang='lat' dir='ltr'><strong>terens,</strong></span> <span class='ocrx_word' id='word_1_588' title='bbox 2557 4119 2762 4159; x_wconf 90' lang='lat' dir='ltr'><strong>sacram</strong></span> <span class='ocrx_word' id='word_1_589' title='bbox 2786 4104 2992 4158; x_wconf 92' lang='lat' dir='ltr'><strong>Domini</strong></span> <span class='ocrx_word' id='word_1_590' title='bbox 3010 4104 3261 4159; x_wconf 90' lang='lat' dir='ltr'><strong>tendebat</strong></span> <span class='ocrx_word' id='word_1_591' title='bbox 3276 4103 3341 4157; x_wconf 91' lang='lat' dir='ltr'><strong>ad</strong></span> <span class='ocrx_word' id='word_1_592' title='bbox 3369 4104 3575 4169; x_wconf 88' lang='lat' dir='ltr'><strong>urbem,</strong></span> 
     </span>
    </p>
   </div>
   <div class='ocr_carea' id='block_1_106' title="bbox 2144 4194 3362 4265">
    <p class='ocr_par' dir='ltr' id='par_1_106' title="bbox 2144 4194 3362 4265">
     <span class='ocr_line' id='line_1_107' title="bbox 2144 4194 3362 4265; baseline -0.002 -15"><span class='ocrx_word' id='word_1_593' title='bbox 2144 4198 2319 4265; x_wconf 85' lang='lat' dir='ltr'><strong>Atque</strong></span> <span class='ocrx_word' id='word_1_594' title='bbox 2350 4210 2509 4250; x_wconf 90' lang='lat' dir='ltr'><strong>unam</strong></span> <span class='ocrx_word' id='word_1_595' title='bbox 2540 4202 2650 4250; x_wconf 90' lang='lat' dir='ltr'><strong>tota</strong></span> <span class='ocrx_word' id='word_1_596' title='bbox 2675 4194 2937 4249; x_wconf 91' lang='lat' dir='ltr'><strong>bellorum</strong></span> <span class='ocrx_word' id='word_1_597' title='bbox 2959 4195 3101 4249; x_wconf 91' lang='lat' dir='ltr'><strong>mole</strong></span> <span class='ocrx_word' id='word_1_598' title='bbox 3126 4194 3362 4263; x_wconf 90' lang='lat' dir='ltr'><strong>petebat.</strong></span> 
     </span>
    </p>
   </div>
   <div class='ocr_carea' id='block_1_107' title="bbox 2147 4282 3487 4355">
    <p class='ocr_par' dir='ltr' id='par_1_107' title="bbox 2147 4282 3487 4355">
     <span class='ocr_line' id='line_1_108' title="bbox 2147 4282 3487 4355; baseline -0.004 -14"><span class='ocrx_word' id='word_1_599' title='bbox 2147 4287 2284 4341; x_wconf 91' lang='lat' dir='ltr'><strong>Dum</strong></span> <span class='ocrx_word' id='word_1_600' title='bbox 2305 4292 2463 4355; x_wconf 90' lang='lat' dir='ltr'><strong>parat</strong></span> <span class='ocrx_word' id='word_1_601' title='bbox 2484 4285 2588 4339; x_wconf 91' lang='lat' dir='ltr'><strong>hoc</strong></span> <span class='ocrx_word' id='word_1_602' title='bbox 2607 4284 2763 4339; x_wconf 91' lang='lat' dir='ltr'><strong>bellis</strong></span> <span class='ocrx_word' id='word_1_603' title='bbox 2789 4283 3145 4338; x_wconf 88' lang='lat' dir='ltr'><strong>retinentibus</strong></span> <span class='ocrx_word' id='word_1_604' title='bbox 3174 4282 3335 4351; x_wconf 86' lang='lat' dir='ltr'><strong>impia</strong></span> <span class='ocrx_word' id='word_1_605' title='bbox 3362 4290 3487 4336; x_wconf 88' lang='lat' dir='ltr'><strong>vota</strong></span> 
     </span>
    </p>
   </div>
   <div class='ocr_carea' id='block_1_108' title="bbox 2146 4372 3406 4453">
    <p class='ocr_par' dir='ltr' id='par_1_108' title="bbox 2146 4372 3406 4453">
     <span class='ocr_line' id='line_1_109' title="bbox 2146 4372 3406 4453; baseline -0.005 -23"><span class='ocrx_word' id='word_1_606' title='bbox 2146 4374 2475 4453; x_wconf 84' lang='lat' dir='ltr'><strong>Impediente</strong></span> <span class='ocrx_word' id='word_1_607' title='bbox 2504 4374 2635 4439; x_wconf 93' lang='lat' dir='ltr'><strong>Deo,</strong></span> <span class='ocrx_word' id='word_1_608' title='bbox 2659 4373 2914 4443; x_wconf 71' lang='lat' dir='ltr'><strong>prmmisit</strong></span> <span class='ocrx_word' id='word_1_609' title='bbox 2937 4373 3132 4442; x_wconf 87' lang='lat' dir='ltr'><strong>scripta</strong></span> <span class='ocrx_word' id='word_1_610' title='bbox 3162 4372 3406 4441; x_wconf 91' lang='lat' dir='ltr'><strong>superbis</strong></span> 
     </span>
    </p>
   </div>
   <div class='ocr_carea' id='block_1_109' title="bbox 1936 4461 3482 4533">
    <p class='ocr_par' dir='ltr' id='par_1_109' title="bbox 1936 4461 3482 4533">
     <span class='ocr_line' id='line_1_110' title="bbox 1936 4461 3482 4533; baseline -0.004 -12"><span class='ocrx_word' id='word_1_611' title='bbox 1936 4470 1983 4528; x_wconf 88' lang='lat' dir='ltr'><strong>D</strong></span> <span class='ocrx_word' id='word_1_612' title='bbox 2013 4468 2114 4522; x_wconf 85' lang='grc'>175</span> <span class='ocrx_word' id='word_1_613' title='bbox 2151 4467 2292 4522; x_wconf 90' lang='lat' dir='ltr'><strong>Dura</strong></span> <span class='ocrx_word' id='word_1_614' title='bbox 2314 4466 2494 4532; x_wconf 92' lang='lat' dir='ltr'><strong>minis,</strong></span> <span class='ocrx_word' id='word_1_615' title='bbox 2525 4479 2642 4533; x_wconf 72' lang='lat' dir='ltr'><strong>qua:</strong></span> <span class='ocrx_word' id='word_1_616' title='bbox 2668 4472 2842 4518; x_wconf 91' lang='lat' dir='ltr'><strong>sumta</strong></span> <span class='ocrx_word' id='word_1_617' title='bbox 2871 4463 3059 4518; x_wconf 90' lang='lat' dir='ltr'><strong>dolens</strong></span> <span class='ocrx_word' id='word_1_618' title='bbox 3079 4463 3267 4517; x_wconf 90' lang='lat' dir='ltr'><strong>altaria</strong></span> <span class='ocrx_word' id='word_1_619' title='bbox 3294 4462 3438 4517; x_wconf 91' lang='lat' dir='ltr'><strong>circa</strong></span> <span class='ocrx_word' id='word_1_620' title='bbox 3460 4461 3482 4492; x_wconf 82' lang='grc'>⁸</span> 
     </span>
    </p>
   </div>
   <div class='ocr_carea' id='block_1_110' title="bbox 2145 4548 3532 4621">
    <p class='ocr_par' dir='ltr' id='par_1_110' title="bbox 2145 4548 3532 4621">
     <span class='ocr_line' id='line_1_111' title="bbox 2145 4548 3532 4621; baseline -0.004 -11"><span class='ocrx_word' id='word_1_621' title='bbox 2145 4554 2329 4610; x_wconf 87' lang='lat' dir='ltr'><strong>Intulit</strong></span> <span class='ocrx_word' id='word_1_622' title='bbox 2356 4553 2614 4608; x_wconf 83' lang='lat' dir='ltr'><strong>Ezechias</strong></span> <span class='ocrx_word' id='word_1_623' title='bbox 2644 4551 2892 4619; x_wconf 90' lang='lat' dir='ltr'><strong>Domino,</strong></span> <span class='ocrx_word' id='word_1_624' title='bbox 2924 4551 3278 4621; x_wconf 87' lang='lat' dir='ltr'><strong>lacrymisque</strong></span> <span class='ocrx_word' id='word_1_625' title='bbox 3300 4548 3532 4620; x_wconf 87' lang='lat' dir='ltr'><strong>profusis</strong></span> 
     </span>
    </p>
   </div>
   <div class='ocr_carea' id='block_1_111' title="bbox 2153 4639 3585 4711">
    <p class='ocr_par' dir='ltr' id='par_1_111' title="bbox 2153 4639 3585 4711">
     <span class='ocr_line' id='line_1_112' title="bbox 2153 4639 3585 4711; baseline -0.003 -10"><span class='ocrx_word' id='word_1_626' title='bbox 2153 4646 2288 4701; x_wconf 91' lang='lat' dir='ltr'><strong>Dum</strong></span> <span class='ocrx_word' id='word_1_627' title='bbox 2316 4644 2509 4699; x_wconf 88' lang='lat' dir='ltr'><strong>recitat</strong></span> <span class='ocrx_word' id='word_1_628' title='bbox 2537 4640 2648 4697; x_wconf 90' lang='lat' dir='ltr'><strong>fera</strong></span> <span class='ocrx_word' id='word_1_629' title='bbox 2668 4642 2831 4697; x_wconf 90' lang='lat' dir='ltr'><strong>verba</strong></span> <span class='ocrx_word' id='word_1_630' title='bbox 2862 4639 2937 4711; x_wconf 75' lang='grc' dir='ltr'><strong>(ὁ)</strong></span> <span class='ocrx_word' id='word_1_631' title='bbox 2962 4640 3165 4706; x_wconf 91' lang='lat' dir='ltr'><strong>lavans,</strong></span> <span class='ocrx_word' id='word_1_632' title='bbox 3189 4649 3508 4709; x_wconf 90' lang='lat' dir='ltr'><strong>prostratus,</strong></span> <span class='ocrx_word' id='word_1_633' title='bbox 3532 4650 3585 4696; x_wconf 89' lang='lat' dir='ltr'><strong>et</strong></span> 
     </span>
    </p>
   </div>
   <div class='ocr_carea' id='block_1_112' title="bbox 3427 4747 3587 4787">
    <p class='ocr_par' dir='ltr' id='par_1_112' title="bbox 3427 4747 3587 4787">
     <span class='ocr_line' id='line_1_113' title="bbox 3427 4747 3587 4787; baseline 0.013 -2"><span class='ocrx_word' id='word_1_634' title='bbox 3427 4747 3587 4787; x_wconf 89' lang='lat' dir='ltr'><strong>orans</strong></span> 
     </span>
    </p>
   </div>
   <div class='ocr_carea' id='block_1_113' title="bbox 2154 4732 3428 4895">
    <p class='ocr_par' dir='ltr' id='par_1_113' title="bbox 2154 4732 3428 4895">
     <span class='ocr_line' id='line_1_114' title="bbox 2154 4732 3428 4895; baseline -0.004 -12"><span class='ocrx_word' id='word_1_635' title='bbox 2154 4830 2341 4883; x_wconf 85' lang='lat' dir='ltr'><strong>Atrata</strong></span> <span class='ocrx_word' id='word_1_636' title='bbox 2362 4840 2482 4881; x_wconf 89' lang='lat' dir='ltr'><strong>cum</strong></span> <span class='ocrx_word' id='word_1_637' title='bbox 2510 4824 2688 4895; x_wconf 91' lang='lat' dir='ltr'><strong>plebe,</strong></span> <span class='ocrx_word' id='word_1_638' title='bbox 2717 4822 2883 4877; x_wconf 90' lang='lat' dir='ltr'><strong>Deum</strong></span> <span class='ocrx_word' id='word_1_639' title='bbox 2912 4822 3208 4891; x_wconf 89' lang='lat' dir='ltr'><strong>permovit;</strong></span> <span class='ocrx_word' id='word_1_640' title='bbox 3240 4830 3294 4877; x_wconf 92' lang='lat' dir='ltr'><strong>et</strong></span> <span class='ocrx_word' id='word_1_641' title='bbox 3323 4732 3428 4878; x_wconf 67' lang='lat' dir='ltr'><strong>unzli</strong></span> 
     </span>
    </p>
   </div>
   <div class='ocr_carea' id='block_1_114' title="bbox 2162 4915 3558 4987">
    <p class='ocr_par' dir='ltr' id='par_1_114' title="bbox 2162 4915 3558 4987">
     <span class='ocr_line' id='line_1_115' title="bbox 2162 4915 3558 4987; baseline -0.001 -15"><span class='ocrx_word' id='word_1_642' title='bbox 2162 4918 2291 4972; x_wconf 88' lang='lat' dir='ltr'><strong>Tam</strong></span> <span class='ocrx_word' id='word_1_643' title='bbox 2331 4917 2510 4987; x_wconf 87' lang='lat' dir='ltr'><strong>gravis</strong></span> <span class='ocrx_word' id='word_1_644' title='bbox 2535 4916 2712 4971; x_wconf 87' lang='lat' dir='ltr'><strong>exitiis</strong></span> <span class='ocrx_word' id='word_1_645' title='bbox 2730 4915 2904 4970; x_wconf 91' lang='lat' dir='ltr'><strong>victor</strong></span> <span class='ocrx_word' id='word_1_646' title='bbox 2928 4930 3088 4985; x_wconf 86' lang='lat' dir='ltr'><strong>prece</strong></span> <span class='ocrx_word' id='word_1_647' title='bbox 3107 4915 3337 4985; x_wconf 89' lang='lat' dir='ltr'><strong>perculit</strong></span> <span class='ocrx_word' id='word_1_648' title='bbox 3364 4916 3558 4971; x_wconf 90' lang='lat' dir='ltr'><strong>absens</strong></span> 
     </span>
    </p>
   </div>
   <div class='ocr_carea' id='block_1_115' title="bbox 2018 5065 3591 5190">
    <p class='ocr_par' dir='ltr' id='par_1_115' title="bbox 2018 5065 3591 5190">
     <span class='ocr_line' id='line_1_116' title="bbox 2018 5065 3591 5190; baseline -0.006 -63"><span class='ocrx_word' id='word_1_649' title='bbox 2018 5071 2261 5129; x_wconf 88' lang='lat' dir='ltr'><strong>manensi</strong></span> <span class='ocrx_word' id='word_1_650' title='bbox 2288 5068 2689 5125; x_wconf 86' lang='lat' dir='ltr'><strong>emendavimus</strong></span> <span class='ocrx_word' id='word_1_651' title='bbox 2742 5067 2935 5190; x_wconf 54' lang='lat' dir='ltr'><strong>{patulo</strong></span> <span class='ocrx_word' id='word_1_652' title='bbox 2953 5105 2968 5131; x_wconf 94' lang='lat'><strong>,</strong></span> <span class='ocrx_word' id='word_1_653' title='bbox 3008 5066 3214 5121; x_wconf 88' lang='lat' dir='ltr'><strong>scilicet</strong></span> <span class='ocrx_word' id='word_1_654' title='bbox 3239 5065 3591 5131; x_wconf 78' lang='lat' dir='ltr'><strong>Mardochwo,</strong></span> 
     </span>
     <span class='ocr_line' id='line_1_117' title="bbox 2019 5134 3591 5190; baseline 0 0"><span class='ocrx_word' id='word_1_655' title='bbox 2019 5144 2105 5190; x_wconf 76' lang='lat' dir='ltr'><strong>cui</strong></span> <span class='ocrx_word' id='word_1_656' title='bbox 2132 5142 2301 5190; x_wconf 87' lang='lat' dir='ltr'><strong>Aman</strong></span> <span class='ocrx_word' id='word_1_657' title='bbox 2328 5148 2612 5190; x_wconf 86' lang='lat' dir='ltr'><strong>naraverat</strong></span> <span class='ocrx_word' id='word_1_658' title='bbox 2637 5136 2744 5190; x_wconf 90' lang='lat' dir='ltr'><strong>nati</strong></span> <span class='ocrx_word' id='word_1_659' title='bbox 2784 5138 2953 5190; x_wconf 92' lang='lat' dir='ltr'><strong>ulum.</strong></span> <span class='ocrx_word' id='word_1_660' title='bbox 2990 5136 3109 5189; x_wconf 90' lang='lat' dir='ltr'><strong>vide</strong></span> <span class='ocrx_word' id='word_1_661' title='bbox 3132 5150 3249 5190; x_wconf 87' lang='lat' dir='ltr'><strong>can.</strong></span> <span class='ocrx_word' id='word_1_662' title='bbox 3283 5151 3352 5189; x_wconf 86' lang='lat' dir='ltr'><strong>vn</strong></span> <span class='ocrx_word' id='word_1_663' title='bbox 3381 5134 3591 5190; x_wconf 87' lang='lat' dir='ltr'><strong>Esther.</strong></span> 
     </span>
    </p>
   </div>
   <div class='ocr_carea' id='block_1_116' title="bbox 2019 5134 3594 5207">
    <p class='ocr_par' dir='ltr' id='par_1_116' title="bbox 2019 5134 3594 5207">
     <span class='ocr_line' id='line_1_118' title="bbox 2019 5134 3594 5207; baseline -0.007 -9"><span class='ocrx_word' id='word_1_664' title='bbox 2019 5144 2105 5198; x_wconf 90' lang='lat' dir='ltr'><strong>cui</strong></span> <span class='ocrx_word' id='word_1_665' title='bbox 2132 5142 2301 5195; x_wconf 88' lang='lat' dir='ltr'><strong>Aman</strong></span> <span class='ocrx_word' id='word_1_666' title='bbox 2328 5148 2612 5207; x_wconf 87' lang='lat' dir='ltr'><strong>paraverat</strong></span> <span class='ocrx_word' id='word_1_667' title='bbox 2637 5134 2953 5207; x_wconf 79' lang='lat' dir='ltr'><strong>patibulum,</strong></span> <span class='ocrx_word' id='word_1_668' title='bbox 2990 5136 3109 5189; x_wconf 91' lang='lat' dir='ltr'><strong>vide</strong></span> <span class='ocrx_word' id='word_1_669' title='bbox 3132 5150 3249 5204; x_wconf 90' lang='lat' dir='ltr'><strong>cap.</strong></span> <span class='ocrx_word' id='word_1_670' title='bbox 3283 5151 3352 5207; x_wconf 76' lang='lat' dir='ltr'><strong>vn</strong></span> <span class='ocrx_word' id='word_1_671' title='bbox 3381 5134 3594 5199; x_wconf 89' lang='lat' dir='ltr'><strong>Esther,</strong></span> 
     </span>
    </p>
   </div>
   <div class='ocr_carea' id='block_1_117' title="bbox 2020 5204 3597 5275">
    <p class='ocr_par' dir='ltr' id='par_1_117' title="bbox 2020 5204 3597 5275">
     <span class='ocr_line' id='line_1_119' title="bbox 2020 5204 3597 5275; baseline -0.008 -9"><span class='ocrx_word' id='word_1_672' title='bbox 2020 5228 2069 5267; x_wconf 91' lang='lat' dir='ltr'><strong>v.</strong></span> <span class='ocrx_word' id='word_1_673' title='bbox 2108 5210 2203 5273; x_wconf 87' lang='lat' dir='ltr'><strong>l0;</strong></span> <span class='ocrx_word' id='word_1_674' title='bbox 2236 5204 2345 5263; x_wconf 83' lang='lat' dir='ltr'><strong>non</strong></span> <span class='ocrx_word' id='word_1_675' title='bbox 2370 5217 2546 5261; x_wconf 92' lang='lat' dir='ltr'><strong>autem</strong></span> <span class='ocrx_word' id='word_1_676' title='bbox 2571 5204 2769 5275; x_wconf 80' lang='lat' dir='ltr'><strong>popqu</strong></span> <span class='ocrx_word' id='word_1_677' title='bbox 2789 5204 3268 5275; x_wconf 15' lang='lat' dir='ltr'><strong>Judasorum,iqnos</strong></span> <span class='ocrx_word' id='word_1_678' title='bbox 3282 5205 3369 5260; x_wconf 91' lang='lat' dir='ltr'><strong>die</strong></span> <span class='ocrx_word' id='word_1_679' title='bbox 3397 5212 3597 5275; x_wconf 66' lang='lat' dir='ltr'><strong>statuto</strong></span> 
     </span>
    </p>
   </div>
   <div class='ocr_carea' id='block_1_118' title="bbox 2021 5272 3601 5345">
    <p class='ocr_par' dir='ltr' id='par_1_118' title="bbox 2021 5272 3601 5345">
     <span class='ocr_line' id='line_1_120' title="bbox 2021 5272 3601 5345; baseline -0.005 -10"><span class='ocrx_word' id='word_1_680' title='bbox 2021 5272 2246 5335; x_wconf 88' lang='lat' dir='ltr'><strong>interﬁci</strong></span> <span class='ocrx_word' id='word_1_681' title='bbox 2274 5286 2328 5332; x_wconf 90' lang='lat' dir='ltr'><strong>et</strong></span> <span class='ocrx_word' id='word_1_682' title='bbox 2364 5276 2539 5345; x_wconf 83' lang='lat' dir='ltr'><strong>gladio</strong></span> <span class='ocrx_word' id='word_1_683' title='bbox 2574 5272 2755 5345; x_wconf 77' lang='lat' dir='ltr'><strong>perire</strong></span> <span class='ocrx_word' id='word_1_684' title='bbox 2792 5274 3049 5329; x_wconf 86' lang='lat' dir='ltr'><strong>edixerat.</strong></span> <span class='ocrx_word' id='word_1_685' title='bbox 3088 5272 3219 5330; x_wconf 85' lang='lat' dir='ltr'><strong>Vide</strong></span> <span class='ocrx_word' id='word_1_686' title='bbox 3252 5289 3373 5344; x_wconf 90' lang='lat' dir='ltr'><strong>cap.</strong></span> <span class='ocrx_word' id='word_1_687' title='bbox 3420 5290 3473 5328; x_wconf 88' lang='grc' dir='ltr'><strong>ιιι</strong></span> <span class='ocrx_word' id='word_1_688' title='bbox 3502 5272 3601 5333; x_wconf 77' lang='lat' dir='ltr'><strong>Es—</strong></span> 
     </span>
    </p>
   </div>
   <div class='ocr_carea' id='block_1_119' title="bbox 2020 5352 3593 5488">
    <p class='ocr_par' dir='ltr' id='par_1_119' title="bbox 2020 5352 3593 5488">
     <span class='ocr_line' id='line_1_121' title="bbox 2020 5352 3593 5488; baseline -0.008 -15"><span class='ocrx_word' id='word_1_689' title='bbox 2020 5352 2167 5488; x_wconf 44' lang='lat' dir='ltr'><strong>tmilli.)</strong></span> <span class='ocrx_word' id='word_1_690' title='bbox 2198 5417 2359 5488; x_wconf 84' lang='lat' dir='ltr'><strong>Forte</strong></span> <span class='ocrx_word' id='word_1_691' title='bbox 2396 5414 2675 5488; x_wconf 81' lang='lat' dir='ltr'><strong>legendum</strong></span> <span class='ocrx_word' id='word_1_692' title='bbox 2695 5452 2710 5478; x_wconf 92' lang='lat'><strong>,</strong></span> <span class='ocrx_word' id='word_1_693' title='bbox 2754 5412 2947 5488; x_wconf 68' lang='lat' dir='ltr'><strong>levans.</strong></span> <span class='ocrx_word' id='word_1_694' title='bbox 2979 5411 3275 5488; x_wconf 72' lang='lat' dir='ltr'><strong>sacchinus</strong></span> <span class='ocrx_word' id='word_1_695' title='bbox 3299 5429 3311 5463; x_wconf 91' lang='lat'><strong>:</strong></span> <span class='ocrx_word' id='word_1_696' title='bbox 3345 5409 3593 5488; x_wconf 42' lang='lat' dir='ltr'><strong>Nopdis-</strong></span> 
     </span>
    </p>
   </div>
   <div class='ocr_carea' id='block_1_120' title="bbox 1981 5479 3594 5557">
    <p class='ocr_par' dir='ltr' id='par_1_120' title="bbox 1981 5479 3594 5557">
     <span class='ocr_line' id='line_1_122' title="bbox 1981 5479 3594 5557; baseline -0.008 -16"><span class='ocrx_word' id='word_1_697' title='bbox 1981 5499 1984 5503; x_wconf 79' lang='lat'>‘</span> <span class='ocrx_word' id='word_1_698' title='bbox 2022 5479 2183 5557; x_wconf 78' lang='lat' dir='ltr'><strong>plicet</strong></span> <span class='ocrx_word' id='word_1_699' title='bbox 2203 5486 2421 5557; x_wconf 82' lang='lat' dir='ltr'><strong>intelligi</strong></span> <span class='ocrx_word' id='word_1_700' title='bbox 2452 5479 2634 5539; x_wconf 65' lang='lat' dir='ltr'><strong>lavisse</strong></span> <span class='ocrx_word' id='word_1_701' title='bbox 2658 5484 2900 5549; x_wconf 75' lang='lat' dir='ltr'><strong>lacrymis</strong></span> <span class='ocrx_word' id='word_1_702' title='bbox 2928 5483 3140 5557; x_wconf 69' lang='lat' dir='ltr'><strong>scripta.</strong></span> <span class='ocrx_word' id='word_1_703' title='bbox 3170 5479 3278 5557; x_wconf 84' lang='lat' dir='ltr'><strong>_S__ed</strong></span> <span class='ocrx_word' id='word_1_704' title='bbox 3322 5489 3379 5532; x_wconf 89' lang='lat' dir='ltr'><strong>et</strong></span> <span class='ocrx_word' id='word_1_705' title='bbox 3416 5479 3594 5557; x_wconf 72' lang='lat' dir='ltr'><strong>liben-</strong></span> 
     </span>
    </p>
   </div>
   <div class='ocr_carea' id='block_1_121' title="bbox 2022 5548 3598 5623">
    <p class='ocr_par' dir='ltr' id='par_1_121' title="bbox 2022 5548 3598 5623">
     <span class='ocr_line' id='line_1_123' title="bbox 2022 5548 3598 5623; baseline -0.006 -14"><span class='ocrx_word' id='word_1_706' title='bbox 2022 5548 2107 5610; x_wconf 73' lang='lat' dir='ltr'><strong>ter</strong></span> <span class='ocrx_word' id='word_1_707' title='bbox 2136 5548 2592 5623; x_wconf 43' lang='lat' dir='ltr'><strong>legerimflevans,</strong></span> <span class='ocrx_word' id='word_1_708' title='bbox 2625 5562 2930 5623; x_wconf 72' lang='lat' dir='ltr'><strong>prostratus,</strong></span> <span class='ocrx_word' id='word_1_709' title='bbox 2964 5548 3381 5623; x_wconf 46' lang='lat' dir='ltr'><strong>ut&#39;intelligatur</strong></span> <span class='ocrx_word' id='word_1_710' title='bbox 3408 5548 3598 5601; x_wconf 79' lang='lat' dir='ltr'><strong>levasse</strong></span> 
     </span>
    </p>
   </div>
   <div class='ocr_carea' id='block_1_122' title="bbox 2026 5616 3597 5705">
    <p class='ocr_par' dir='ltr' id='par_1_122' title="bbox 2026 5616 3597 5705">
     <span class='ocr_line' id='line_1_124' title="bbox 2026 5616 3597 5705; baseline -0.005 -27"><span class='ocrx_word' id='word_1_711' title='bbox 2026 5627 2147 5678; x_wconf 83' lang='lat' dir='ltr'><strong>dum</strong></span> <span class='ocrx_word' id='word_1_712' title='bbox 2175 5616 2260 5705; x_wconf 37' lang='lat' dir='ltr'><strong>(ut.</strong></span> <span class='ocrx_word' id='word_1_713' title='bbox 2283 5616 2443 5678; x_wconf 80' lang='lat' dir='ltr'><strong>Isaias</strong></span> <span class='ocrx_word' id='word_1_714' title='bbox 2463 5622 2557 5691; x_wconf 89' lang='lat' dir='ltr'><strong>ait)</strong></span> <span class='ocrx_word' id='word_1_715' title='bbox 2582 5616 2899 5691; x_wconf 15' lang='lat' dir='ltr'><strong>Vespanderet</strong></span> <span class='ocrx_word' id='word_1_716' title='bbox 2926 5635 3099 5676; x_wconf 85' lang='lat' dir='ltr'><strong>coram</strong></span> <span class='ocrx_word' id='word_1_717' title='bbox 3128 5616 3375 5684; x_wconf 80' lang='lat' dir='ltr'><strong>Domino,</strong></span> <span class='ocrx_word' id='word_1_718' title='bbox 3403 5627 3450 5671; x_wconf 83' lang='lat' dir='ltr'><strong>et</strong></span> <span class='ocrx_word' id='word_1_719' title='bbox 3481 5633 3597 5687; x_wconf 81' lang='lat' dir='ltr'><strong>pro-</strong></span> 
     </span>
    </p>
   </div>
   <div class='ocr_carea' id='block_1_123' title="bbox 2024 5700 2559 5760">
    <p class='ocr_par' dir='ltr' id='par_1_123' title="bbox 2024 5700 2559 5760">
     <span class='ocr_line' id='line_1_125' title="bbox 2024 5700 2559 5760; baseline -0.007 -11"><span class='ocrx_word' id='word_1_720' title='bbox 2024 5705 2217 5749; x_wconf 75' lang='lat' dir='ltr'><strong>stratus</strong></span> <span class='ocrx_word' id='word_1_721' title='bbox 2242 5700 2350 5760; x_wconf 72' lang='lat' dir='ltr'><strong>ipse</strong></span> <span class='ocrx_word' id='word_1_722' title='bbox 2371 5700 2559 5745; x_wconf 73' lang='lat' dir='ltr'><strong>oraret.</strong></span> 
     </span>
    </p>
   </div>
  </div>
