3990 6182
364 259 469 315 015
1307 253 1366 310 S.
1412 248 1680 305 PAULLN'I
1719 246 1968 304 NOLANl
2005 246 2306 305 EPISGOPI
2347 247 2691 305 POEMATA.
3548 242 3652 297 611

367 370 471 427 180
507 368 779 441 Assyrios,
807 372 1078 438 pugnante
1107 364 1247 429 Deo;
1280 360 1599 432 compendia
1625 367 1774 413 tanta
1977 366 2027 423 Α
2193 358 2297 415 Lot
2321 357 2563 430 fugiens,
2601 366 2863 425 castaque
2908 362 3106 425 potens
3138 365 3305 424 prece
3331 350 3536 407 libent
3561 367 3650 406 ur-

505 460 859 526 Promeritus,
882 472 952 513 ne
975 463 1160 513 nosset
1188 470 1333 521 eum,
1356 468 1518 524 quem
1548 451 1820 512 vinceret,
1852 449 1953 503 ho-
3226 482 3229 483 ν
3484 442 3652 516 [bam

1777 541 1958 613 [stent
2204 543 2554 615 Electamque
2583 544 2748 600 domo
2782 542 2974 609 suniit;
3003 540 3126 611 quia
3158 538 3288 595 sede
3314 536 3519 609 pudica

649 643 782 699 Nam
818 648 942 713 post
980 639 1224 696 Ezechiae
1270 636 1527 709 querulos
1577 643 1727 689 trans
1779 631 1959 687 sidera
2060 635 2168 691 225
2201 636 2416 706 Integer
2440 638 2659 693 incestae
2680 642 3052 707 permanserat
3080 631 3257 688 incola
3282 638 3445 685 terrae

1756 719 1961 793 [Πειυεν
2202 726 2505 782 Permixtus
2534 726 2783 782 Sodoma:
2813 725 2991 790 tectis,
3023 723 3121 778 sed
3150 721 3392 776 moribus
3422 727 3604 775 exter.

510 823 580 878 Et
603 822 670 878 de
692 822 857 878 corde
885 820 1074 875 humili
1113 821 1304 874 missas
1344 831 1507 885 super
1536 820 1681 869 astra
1708 810 1960 880 querelas
2349 818 2491 885 Quid
2522 819 2715 890 loquar
2752 816 2883 872 Elia:
2923 816 3172 888 precibus
3213 813 3456 869 clausum
3499 820 3664 880 atque

514 916 660 970 Voce
687 914 774 984 pia
804 912 1045 981 impulsis
1073 910 1271 966 summi
1300 906 1475 961 Patris
1496 904 1735 969 auribus,
1766 900 1890 956 alta:
3365 903 3663 978 [reclusum

372 1005 475 1060 185
515 1004 585 1061 Ut
612 1012 833 1076 patuere
860 1001 1006 1057 tores
1033 1000 1177 1065 cmli,
1208 998 1475 1053 delabitur
1502 996 1617 1050 ales

2204 1004 2431 1069 Caelum,
2469 1010 2526 1057 et
2563 1000 2903 1070 sanctiloquo
2946 1009 2969 1038 ο
3013 996 3256 1053 sublimis
3295 996 3352 1051 in
3392 1010 3493 1051 ore
3541 1010 3665 1064 pro-

510 1096 764 1164 Angelus,
795 1093 1070 1147 balantem
1100 1094 1228 1161 (qua
1259 1088 1479 1159 labitur)
1517 1101 1640 1142 aera
1661 1085 1886 1153 ducens,
3467 1086 3665 1157 [phetm

511 1185 766 1239 Αῐηιδιιιε
784 1183 934 1238 Verbi
963 1182 1163 1251 διθάίο,
1192 1180 1317 1235 rem
1345 1180 1508 1249 impia
1528 1184 1729 1244 castra:
2204 1186 2490 1242 Terrarum
2514 1183 2778 1240 mansisse
2806 1181 3024 1246 famem,
3067 1178 3295 1235 rediisse
3321 1178 3598 1232 salutem?

514 1278 581 1332 Et
608 1276 908 1346 sopitorum
936 1274 1203 1329 taciturna
1231 1282 1415 1339 strage
1435 1269 1791 1338 triumphans,
2060 1278 2090 1331 9

2089 1278 2166 1333 50
2349 1276 2418 1333 Ut
2444 1274 2715 1347 quondam
2745 1274 2847 1330 hos
2864 1272 3054 1328 habuit
3072 1280 3227 1327 vetus
3254 1280 3409 1334 tetas,
3437 1270 3523 1325 sic
3546 1283 3665 1323 mo-

510 1369 738 1425 Centum
767 1366 1043 1435 octoginta
1065 1364 1214 1419 dedit
1236 1363 1328 1419 uni
1350 1362 1517 1416 millia
1548 1362 1679 1425 leto,
3339 1359 3433 1433 [do
3459 1366 3665 1421 nostra,

372 1463 475 1516 190
511 1460 577 1514 Et
599 1474 709 1514 nox
734 1471 841 1513 una
866 1457 966 1511 fuit
992 1465 1105 1511 tam
1137 1455 1318 1522 magni
1350 1452 1569 1508 conscia
1598 1450 1745 1505 belli.

2207 1457 2441 1514 Felicem
2470 1456 2662 1512 sortita
2689 1454 2856 1519 salus,
2888 1459 3041 1523 petat
3065 1464 3228 1506 omne
3255 1448 3407 1519 quod
3444 1448 3629 1513 audet,

636 1549 795 1605 Mane
816 1550 997 1605 milia!
1015 1561 1111 1601 νει
1139 1544 1310 1613 sufﬁit
1328 1543 1535 1608 adhuc;
1559 1549 1615 1597 ει
1633 1555 1761 1596 ιῐιοΧ
1781 1538 1964 1602 ιηίεθτ,
2201 1547 2463 1616 Quodque
2490 1546 2657 1615 cupit,
2694 1544 2788 1600 tali
2816 1549 3001 1613 speret
3028 1540 3234 1596 conlisa
3262 1546 3523 1609 patrono.

1775 1628 1963 1702 [annis
2350 1635 2549 1693 Sancte
2580 1636 2691 1691 Deo
2718 1633 2934 1698 dilecte,
2965 1632 3057 1687 Dei
3087 1639 3145 1685 tu
3173 1629 3416 1695 dextera,
3450 1627 3629 1694 Felix,

515 1728 872 1800 διε-εις
915 1725 1085 1781 Milite
1131 1724 1310 1781 deleto
1341 1722 1547 1787 vacuis,
1580 1719 1715 1788 fugit
1752 1717 1966 1787 agmine
1995 1716 2046 1779 B

1888 1719 1966 1772 ine
1995 1716 2046 1779 Β
2212 1727 2358 1793 Esto,
2385 1743 2599 1799 precor,
2626 1727 2782 1781 nobis
2810 1734 2867 1780 tu
2897 1724 3257 1778 munitissima
3281 1722 3464 1777 turris.

1796 1810 1965 1884 [Γαΐου
2068 1819 2173 1873 2⁸55
2210 1818 2341 1873 Nam
2380 1818 2524 1873 Deus
2562 1816 2832 1871 Abraham
2857 1853 2873 1881 ,
2915 1815 3059 1871 Deus
3104 1820 3189 1869 est
3224 1822 3368 1878 tuus,

2088 1819 2173 1873 155
2210 1818 2341 1873 Nam
2380 1818 2524 1873 Deus
2562 1816 2832 1871 Abraham
2857 1853 2873 1881 ,
2915 1815 3059 1871 Deus
3104 1820 3189 1869 est
3224 1822 3368 1878 tuus,
3418 1819 3479 1866 et
3525 1810 3664 1867 Deus

517 1908 803 1965 Ezechiam
832 1908 1041 1978 fugiens
1068 1907 1175 1963 alio
1202 1906 1391 1978 procul
1423 1903 1555 1960 orbe
1582 1902 1892 1967 diremtum,
3511 1902 3665 1974 |lsac,

514 2000 613 2056 Cui
638 2000 797 2055 modo
826 1998 1078 2069 praesenti
1108 1996 1284 2052 fuerat
1311 2010 1407 2051 sua
1439 1994 1609 2049 vincla
1639 1993 1893 2047 minatus.
2208 1999 2279 2054 Et
2305 1999 2448 2055 Deus
2476 1997 2662 2066 Israel,
2685 1996 2828 2051 Deus
2848 2003 2933 2051 est
2952 2002 3105 2060 tuus;
3129 1996 3219 2049 ille
3245 1993 3516 2048 Rubentis

375 2092 404 2146 ῐ
409 2091 479 2147 95
624 2090 776 2146 Tunc
790 2090 939 2145 velut
967 2088 1208 2144 Ezechiae
1236 2086 1337 2141 fuit
1364 2086 1702 2141 interventor
1730 2083 1894 2140 Isaias
1918 2082 1963 2150 ⁸,
2214 2089 2424 2143 Divisor
2449 2088 2649 2158 pelagi,
2673 2093 2731 2141 et
2758 2084 3006 2141 dulcator
3026 2083 3190 2139 fontis
3218 2083 3427 2149 amari;

517 2182 601 2238 Ad
631 2183 916 2237 Dominum
944 2180 1100 2235 nobis
1124 2179 1228 2234 isto
1257 2178 1327 2233 sit
1355 2185 1601 2246 tempore
1623 2175 1795 2243 Felix,
2210 2182 2304 2237 me
2332 2180 2491 2236 dator
2513 2194 2725 2235 manna:
2753 2178 2916 2245 ςωιο,
2944 2176 3102 2232 dator
3114 2172 3564 2245 ortygis‘Ausn-o,

514 2272 787 2327 Jactemus
815 2277 1027 2325 nostras
1054 2277 1110 2323 et
1136 2266 1568 2324 transfundamus
1596 2266 1649 2320 in
1676 2265 1852 2334 ipsum
1872 2263 1896 2295 '
2209 2270 2276 2326 Et
2296 2270 2526 2326 sitientis
2552 2270 2701 2323 humi
2730 2281 2987 2339 percussa
3022 2278 3157 2336 rupe
3197 2266 3402 2333 rigator
3427 2283 3441 2319 :

518 2362 691 2418 curas
719 2370 881 2430 ειειιιε
907 2368 1102 2416 ωθιυεο
1135 2357 1294 2415 ιθνίε
1320 2356 1624 2412 “usuram
1650 2363 1896 2409 ηοδιΐωῐι
2067 2361 2173 2418 240
2211 2362 2330 2433 lpse
2357 2369 2481 2416 tuus
2506 2360 2647 2416 Deus
2676 2366 2777 2425 est,
2803 2358 2896 2428 qui
2927 2372 3026 2429 per
3053 2357 3267 2413 deserta
3297 2364 3623 2426 sequentem

521 2449 739 2505 Pondus
779 2449 902 2516 erit,
951 2449 1079 2517 quia
1123 2446 1270 2517 quod
1304 2446 1486 2517 parvis
1524 2459 1681 2512 0mm,
1713 2444 1822 2500 hoc
1849 2443 1970 2499 leve
2212 2451 2497 2507 Praecessit
2523 2450 2803 2520 populum,
2836 2457 2893 2505 et
2919 2455 3233 2519 praetentam
3279 2453 3441 2502 nocte
3467 2445 3668 2515 dieque

1715 2537 1963 2611 [magniS-
2213 2543 2495 2613 Temporis
2518 2542 2727 2597 alterna
2754 2541 2982 2595 mutavit
3010 2540 3127 2608 lege
3152 2540 3484 2606 columnam,

378 2630 482 2685 200
517 2629 606 2687 Sic
630 2630 773 2685 Deus
802 2629 914 2699 ipse
939 2628 1217 2683 hominum
1239 2628 1405 2698 gessit
1431 2633 1672 2698 peccata,
1703 2642 1805 2682 nec
1833 2627 1970 2681 hau-
2211 2633 2422 2702 Quique
2469 2640 2663 2700 quater
2696 2631 2868 2686 denos
2897 2630 3038 2685 inter
3065 2629 3281 2684 deserta
3328 2644 3429 2700 per
3469 2644 3665 2693 annos,

1845 2715 1964 2788 [sit.
2172 2782 2180 2789 ,
2212 2723 2470 2793 Angelico
2502 2721 2715 2793 plebem
2741 2719 2809 2776 de
2838 2719 2989 2776 caelis
3008 2734 3149 2790 pane
3178 2719 3399 2784 cibavit,

520 2808 591 2864 Et
620 2816 852 2865 mortem
892 2824 1116 2880 passuS.
1156 2824 1266 2865 non
1305 2807 1527 2880 pertulit
1571 2809 1625 2863 in
1670 2822 1831 2863 cruce
1856 2808 1971 2863 cul-
2068 2817 2175 2871 245
2212 2815 2280 2871 Et
2301 2823 2460 2885 rupta
2481 2815 2533 2870 in
2563 2813 2757 2868 ﬂuvios
2782 2812 3053 2869 sitientem
3076 2819 3200 2867 cote
3227 2810 3434 2867 refecit.

1784 2898 1962 2971 [pam:
2353 2905 2544 2973 Posce,
2576 2919 2804 2977 precor,
2857 2902 3126 2974 placidum
3166 2904 3364 2959 nostris
3407 2894 3670 2960 accedere

519 2991 758 3048 Perdidit
784 2990 896 3059 ille,
927 3006 1102 3047 meam
1130 2998 1409 3063 repararet
1444 2997 1503 3045 ut
1542 2989 1599 3045 in
1644 3004 1839 3056 cruce,
1889 2989 1971 3043 vi-
3370 2997 3667 3071 [Christum

1801 3082 1969 3154 [tam;
1997 3081 2045 3144 C
2221 3088 2500 3153 Partibus;
2534 3086 2651 3157 ipse
2677 3094 2798 3142 tuus
2824 3085 2967 3142 Deus
2996 3095 3097 3151 est,
3130 3101 3239 3157 quo
3267 3085 3420 3143 fortis
3447 3087 3602 3144 lesus

518 3174 615 3230 Ille
642 3188 769 3229 reus
797 3174 989 3238 factus,
1015 3189 1083 3230 ne
1106 3175 1207 3230 sim
1237 3190 1391 3241 reus;
1424 3176 1564 3229 inter
1592 3175 1806 3243 iniquos
2213 3179 2370 3235 Stare
2392 3178 2502 3233 suis
2516 3178 2679 3248 jussit
2697 3177 2869 3233 solem
2894 3177 3185 3248 lunamque
3215 3178 3500 3248 triumphis
3519 3175 3574 3246 δ,

524 3266 928 3322 Condemnatus
955 3267 1089 3329 obit,
1123 3281 1221 3321 nos
1249 3274 1311 3320 ut
1337 3266 1610 3320 discernat
1635 3265 1849 3335 iniquis.
2216 3269 2287 3323 Et
2313 3268 2429 3332 tibi,
2452 3283 2576 3322 cum
2598 3267 2857 3323 Dominus
2885 3266 3115 3322 Romani
3143 3282 3403 3338 prospera
3428 3269 3588 3339 regni

382 3359 486 3415 205
521 3359 696 3415 Morte
740 3361 828 3431 pia
876 3359 1136 3413 Dominus
1180 3357 1311 3412 mihi
1349 3364 1616 3423 mortuus,
1647 3364 1708 3411 ut
1745 3356 1848 3412 sibi
1890 3357 1971 3411 vi-
2070 3359 2176 3415 250
2214 3359 2494 3425 Annuerit,
2525 3358 2740 3413 famulis
2767 3358 3049 3415 elementis
3075 3358 3326 3429 prmcipe,
3351 3358 3526 3423 Felix,

1804 3445 1972 3519 [vam,
2218 3450 2298 3505 Ad
2325 3456 2569 3505 nostrum
2596 3448 2802 3503 servire
2825 3448 3048 3503 bonum:
3076 3447 3334 3520 procedat
3362 3455 3418 3503 et
3438 3449 3605 3506 astris

520 3539 589 3595 Et
617 3555 830 3596 merear
856 3554 1072 3610 semper
1098 3538 1327 3593 viventis
1354 3538 1539 3593 vivere
1565 3536 1755 3592 vitam-
2216 3541 2493 3598 Stantibus
2521 3547 2677 3595 aucta
2706 3538 2853 3606 dies;
2880 3538 2962 3593 sol
2983 3546 3090 3593 stet
3119 3538 3235 3603 tibi,
3270 3537 3506 3608 lunaque
3532 3555 3668 3596 cons

522 3632 614 3689 Sic
639 3634 853 3703 potiora
882 3630 999 3700 ejus
1026 3630 1336 3685 venerando
1365 3629 1418 3683 in
1448 3643 1679 3698 corpore
1701 3623 1967 3683 membra,
3502 3628 3649 3702 [con

521 3725 785 3797 Martyres
813 3723 888 3796 (in
909 3722 1104 3792 quibus
1133 3730 1217 3777 est
1244 3721 1439 3791 insigni
1460 3721 1657 3775 robore
1681 3718 1831 3774 Felix
1848 3758 1864 3787 ,
2220 3721 2431 3776 llmreat
2457 3720 2637 3776 oblixo
2666 3719 2997 3789 suspendens
3025 3720 3201 3774 sidera
3229 3735 3389 3775 cursu
3406 3761 3423 3785 ,

523 3815 670 3872 lntcr
695 3816 861 3871 divini
888 3817 1081 3888 capitis
1101 3830 1255 3871 sacra
1274 3815 1478 3870 lumina
1506 3812 1738 3883 fulgens)
2214 3814 2571 3886 617-318
2597 3812 2733 3866 Dum
2765 3811 3007 3866 Romana
3035 3827 3191 3866 suum
3225 3812 3403 3882 capiat
3442 3813 3669 3867 victoria

384 3908 484 3965 2n)
518 3907 647 3964 Jure
665 3905 779 3964 Deo
807 3908 988 3974 validi,
1019 3907 1146 3977 quia
1170 3905 1388 3961 Christo
1409 3906 1654 3974 proxima
1679 3903 1840 3973 passi.
3461 3901 3668 3975 [lincm.-

662 3999 1063 4055 Concurramus
1090 3997 1159 4051 ad
1180 3997 1324 4052 hunc
1364 4010 1461 4065 spe
1489 3996 1836 4065 conspirante
1877 4010 1976 4065 pa-
2076 3994 2182 4050 255
2353 3992 2504 4049 Sicut
2533 3994 2584 4047 in
2607 3991 2827 4064 Assyria
2855 3991 3047 4047 Daniel
3074 3991 3348 4066 Babylone
3379 3994 3569 4049 leones

1708 4083 1973 4155 [tronutn;
2220 4084 2401 4140 ElTusa
2431 4085 2639 4141 domuit
2664 4085 2841 4140 victor
2868 4097 3035 4155 prece
3058 4095 3118 4151 ες
3151 4087 3230 4142 sic
3259 4087 3376 4154 tibi,
3398 4084 3573 4154 Felix,

523 4178 793 4248 Suscipiet
821 4185 1032 4231 nostras
1054 4173 1264 4245 placida
1294 4174 1497 4245 pietate
1521 4173 1793 4244 querelas,
2221 4177 2395 4231 Effera
2423 4176 2697 4231 barbaries
2727 4174 2942 4231 Christo
2970 4173 3249 4244 frangente
3277 4177 3548 4245 dometur,

526 4268 598 4322 Et
623 4268 745 4322 dum
773 4268 1004 4321 natalem
1030 4266 1196 4345 ipsius
1217 4265 1551 4320 celebramus
1586 4272 1830 4329 ovantes,
2225 4269 2291 4323 Et
2316 4278 2405 4322 tua
2427 4267 2627 4338 captivi
2650 4267 2868 4336 jaceant
2899 4268 3121 4335 vestigia
3151 4270 3375 4334 circum,

534 4358 627 4412 llle
655 4372 844 4428 preces
871 4366 1084 4411 nostras
1105 4355 1313 4410 meritis
1336 4354 1457 4425 pius
1480 4354 1692 4409 adseret
1721 4354 1868 4421 altis,
2221 4358 2335 4415 Ceu
2354 4358 2676 4429 quandoque
2705 4358 2831 4414 ferae
2856 4359 3058 4414 circum
3083 4360 3303 4430 iacuere
3329 4364 3669 4432 prophetam,

392 4446 494 4501 215
528 4445 695 4517 Inque
714 4446 887 4501 vicem
914 4444 1063 4501 flebit
1091 4445 1266 4512 nobis,
1299 4444 1422 4516 quia
1449 4451 1632 4499 mente
1659 4442 1838 4498 dicata
2009 4440 2060 4501 D
2083 4451 2186 4505 260
2221 4449 2544 4521 Orantisque
2567 4449 2733 4520 pedes
2754 4449 2946 4519 linguis
2973 4449 3208 4505 mulsere
3227 4450 3493 4520 benignis,

532 4538 643 4594 Nos
684 4537 928 4593 lwtamur
967 4537 1037 4592 ei.
1079 4534 1197 4591 Non
1226 4543 1310 4591 est
1348 4549 1476 4591 cura
1518 4534 1633 4588 huic
1664 4546 1804 4587 nova
1851 4546 1977 4588 sall-
2225 4542 2478 4599 Naturam
2499 4545 2884 4606 mutanteDeo.
2901 4541 3249 4597 utdamnaret
3278 4545 3471 4600 acerba

1859 4625 1982 4697 [clis
2228 4633 2407 4688 Mente
2438 4633 2581 4688 feros
2608 4633 2856 4687 homines
2881 4632 3116 4687 humana
3142 4649 3281 4703 pace
3308 4633 3563 4691 ferarum.

530 4719 771 4775 Exorare
802 4722 968 4777 Deum
998 4736 1097 4791 pro
1127 4719 1500 4791 peccatoribus
1526 4717 1704 4787 mgris,
2370 4724 2461 4780 Sic
2500 4733 2555 4778 et
2607 4723 2878 4779 crudelem
2928 4722 3171 4779 confudit
3218 4723 3431 4781 flamma
3484 4734 3671 4798 tyrana-

537 4811 703 4881 Vique
728 4812 853 4865 boni
883 4811 1060 4865 meriti
1091 4810 1339 4863 meritum
1382 4823 1641 4877 superare
1682 4806 1979 4862 sinistrum.
3490 4820 3658 4890 ιηυηι,

673 4901 765 4957 Sic
794 4902 1020 4971 legimus
1049 4900 1268 4972 Moysen
1313 4900 1513 4971 populo
1553 4910 1811 4970 peccante
1858 4915 1981 4970 pre-
2231 4907 2443 4964 Sanctis
2470 4914 2804 4979 spectantem
2834 4907 3017 4978 pueris
3045 4907 3252 4964 servire
3281 4908 3553 4975 caminos;

1716 5009 1735 5028 ι
1779 4991 1981 5065 [catum
2088 4997 2195 5054 265
2230 4998 2493 5054 Innocuos
2513 5005 2734 5053 cantare
2760 5012 2907 5064 reos,
2942 4996 3132 5055 ardere
3156 4997 3453 5055 ministros.

398 5084 498 5140 2‘20
535 5081 867 5139 Exstinxisse
891 5095 1083 5151 graves
1110 5080 1299 5137 aeterni
1329 5079 1568 5138 Vindicis
1595 5081 1703 5137 iras
1724 5090 1773 5136 ι.
2369 5088 2614 5156 Quonam
2659 5102 2719 5143 se
2757 5087 2936 5143 miseri
2971 5096 3228 5158 poterunt
3271 5088 3560 5145 defendere
3590 5103 3673 5145 re-

676 5172 745 5228 Et
786 5188 908 5228 cum
955 5170 1291 5242 Pentapolim
1338 5171 1365 5211 δ
1405 5170 1751 5243 perfunderet
1795 5172 1984 5243 igneus
3537 5182 3669 5254 [ges,

1766 5265 1980 5338 [imber,
2233 5272 2359 5339 Qui,
2387 5278 2493 5325 tam
2522 5268 2817 5339 degeneres
2840 5269 3089 5325 humanae
3116 5269 3333 5337 mentis,
3365 5270 3418 5325 in
3442 5270 3563 5326 illos

537 5358 799 5428 Exiguam
826 5357 997 5428 Segor
1022 5355 1274 5413 Sodomis
1302 5358 1537 5414 secernit
1556 5357 1756 5429 iniquis
2226 5362 2509 5418 Saevierint
2559 5360 2755 5431 quibus
2783 5367 2839 5417 et
2860 5359 3044 5417 feritas
3082 5369 3138 5417 et
3162 5357 3376 5415 ﬂamma
3397 5359 3668 5433 pepercit?

468 5513 695 5584 fExod.
726 5530 893 5570 χχιιι.
1015 5583 1021 5584 7
1253 5583 1256 5584 7
1298 5583 1304 5584 7
1443 5583 1452 5584 7
1581 5583 1584 5584 7
2088 5514 2267 5584 (aqua:
2297 5509 2485 5584 Lucas.

466 5582 495 5622 δ
525 5581 582 5655 [(71
611 5592 694 5640 est
719 5584 871 5655 urbe;
900 5583 952 5638 5.
980 5583 1100 5640 Vid.
1129 5599 1217 5655 ep.
1241 5583 1327 5651 15,
1354 5601 1409 5639 n.
1432 5583 1529 5649 2!;
1559 5583 1697 5655 Gen.
1729 5600 1839 5639 XIX.
2152 5579 2185 5622 ἰι
2214 5581 2411 5655 {03.},
2446 5579 2532 5632 1⁸5.

470 5663 492 5691 ε
519 5653 609 5709 Sic
630 5654 771 5710 aoud
799 5650 1466 5733 Prndentium‘Apotheos.
1496 5670 1549 5709 v.
1569 5653 1743 5710 1006:
1774 5656 1985 5711 Sancti-
2163 5664 2187 5692 ο
2217 5650 2422 5705 Daniel.
2445 5666 2547 5704 ιη.
