4006 6182
439 252 542 311 647
1380 249 1438 304 5.
1479 246 1752 305 PAULINI
1791 241 2040 303 NOLANI

2191 240 2386 301 SCOPl
2437 237 2776 296 POEMATA.
3590 236 3694 293 643

580 361 855 418 Ediderint
880 360 1198 417 documenta
1220 357 1337 427 Dei,
1360 358 1476 413 sine
1496 372 1724 428 corpore
1743 358 1922 411 vivum
2047 362 2097 417 Α

580 452 639 508 ln
666 452 878 507 Christo
901 450 1135 505 Felicem
1161 463 1340 517 agere,
1371 448 1672 518 insignique
1699 453 1972 517 potentem

440 542 545 600 360
580 541 758 596 Mente
797 540 1060 605 animam,
1101 536 1262 606 positi
1292 536 1418 590 dum
1458 534 1702 605 corporis
1726 548 1849 588 ossa
1871 530 2023 601 quie-

1826 621 2020 693 [scunt,

585 718 724 773 Ante
744 716 885 771 diem
912 714 1112 769 reditus
1138 713 1294 769 claris
1318 711 1654 783 praetendere
1675 710 1861 777 signis,

587 806 809 873 Qualem
831 819 927 873 pro
954 804 1156 858 meritis
1181 803 1249 856 sit
1275 810 1542 871 gestatura
1569 814 1846 862 coronam,

520 925 528 932 ο
586 893 952 950 Cumsteterit
972 900 1115 945 totus
1144 890 1384 945 redivivo
1406 904 1633 958 corpore
1660 887 1829 941 Felix.

725 980 942 1047 Omnes,
973 980 1196 1048 quisque
1224 994 1343 1045 suo,
1374 976 1655 1032 radiabunt
1679 974 1878 1029 lumine
1898 987 2025 1027 san-

1937 1061 2031 1134 [cti

446 1160 559 1221 385
591 1158 842 1216 Dissimili
879 1158 1088 1228 fulgore
1116 1172 1292 1228 pares,
1322 1170 1421 1210 nec
1436 1154 1614 1223 judice
1643 1150 1855 1207 Christo

590 1251 740 1307 Alter
764 1252 819 1305 in
840 1249 1062 1304 alterius
1082 1248 1259 1301 meriti
1281 1244 1557 1314 dispendia
1586 1248 1831 1298 crescent
1855 1256 1868 1291 :

586 1341 830 1395 Christus
855 1338 957 1393 erit
978 1338 1183 1392 cunctis
1210 1349 1455 1404 regnum,
1489 1334 1596 1395 lux.
1623 1332 1754 1394 vita,
1779 1343 2000 1385 corona.

730 1429 947 1484 Cernite
975 1427 1258 1483 distinctos
1298 1425 1571 1489 actus,sed
1595 1424 1796 1477 honore
1818 1419 2035 1489 jugatos

592 1517 1056 1572 Testamentorum
1085 1516 1398 1584 Veterisque
1417 1514 1658 1581 Novique
1687 1511 1992 1579 magistros,

452 1605 557 1660 570
593 1604 650 1659 ln
670 1605 864 1675 quibus
890 1621 995 1659 una
1017 1604 1164 1658 dedit
1183 1603 1423 1671 geminas
1443 1600 1718 1671 Sapientia
1741 1600 1907 1664 leges.

594 1695 769 1764 Atque
796 1694 869 1748 ita
896 1695 1122 1747 virtutes
1148 1693 1325 1746 varias
1353 1707 1449 1761 par
1477 1691 1645 1759 gloria
1673 1696 1883 1759 pensat.

594 1781 711 1836 Non
734 1781 923 1836 Petrus
944 1781 1134 1850 irrupit
1154 1782 1304 1848 virga
1328 1795 1505 1844 mare;
1537 1779 1631 1833 sed
1664 1793 1838 1846 neque
1863 1776 2040 1832 Moses

608 1873 871 1941 Equoris
900 1873 1117 1927 incessit
1136 1870 1340 1940 liquido
1366 1888 1378 1923 :
1410 1878 1586 1923 tamen
1614 1884 1749 1922 unus
1777 1868 2017 1935 utrisque

595 1962 783 2030 Fulget
805 1963 999 2029 honos,
1037 1977 1176 2015 unus
1203 1959 1459 2029 quoniam
1482 1958 1581 2011 fuit
1610 1964 1767 2010 autor
1795 1956 2007 2024 utrique

455 2050 562 2107 375
595 2051 852 2108 Scindere
878 2067 1045 2120 aquas
1071 2052 1240 2118 virga,
1273 2050 1497 2119 pedibus
1516 2050 1723 2103 calcare
1751 2045 1970 2108 ﬂuenta,

598 2139 954 2210 621-622
993 2136 1095 2203 Qui
1135 2137 1276 2190 Deus
1313 2143 1397 2190 est
1431 2146 1675 2189 veterum
1722 2134 1774 2187 in
1811 2130 2039 2191 sanctis,

1412 2223 1577 2296 [Deus
1606 2223 1719 2292 ipse
1749 2233 2040 2282 novorum;

601 2317 721 2385 Quo
748 2317 873 2371 data
900 2317 987 2371 lex
1015 2315 1244 2370 Domino
1270 2322 1384 2381 est,
1416 2330 1484 2370 ex
1514 2314 1632 2383 ipso
1660 2312 1830 2379 gratia
1858 2310 2039 2365 venit:

602 2408 697 2463 llle
724 2407 868 2462 Deus
898 2408 1152 2473 Danielis,
1176 2415 1231 2459 et
1253 2406 1341 2461 ille
1371 2407 1532 2459 trium
1558 2418 1877 2473 puerorum,

602 2497 796 2552 Felicis
826 2498 969 2551 Dens
995 2497 1109 2565 ipse
1138 2496 1298 2561 Deus,
1331 2510 1432 2549 nec
1456 2509 1516 2548 se
1544 2494 1722 2547 minor
1750 2493 1865 2562 ipse
1894 2499 1977 2546 est

462 2587 569 2645 380
603 2588 660 2643 In
687 2595 876 2643 sancto
901 2587 1080 2641 Felice
1110 2587 1286 2641 Deus:
1318 2601 1414 2656 per
1442 2600 1603 2655 quem
1631 2585 1771 2640 bona
1798 2583 1940 2639 dona

603 2678 672 2733 Et
700 2678 933 2732 medicas
961 2684 1180 2732 exercet
1204 2692 1335 2747 opes
1364 2685 1615 2745 terraque
1642 2675 1902 2745 marique.

673 2765 831 2822 Omni
858 2781 1090 2838 namque
1118 2766 1205 2822 die
1234 2774 1398 2823 testes
1423 2782 1624 2835 sumus,
1654 2765 1889 2834 undique
1924 2774 2045 2819 cre-

1914 2855 2048 2929 [bris

606 2951 848 3007 Caatibus
868 2959 960 3007 aut
980 2966 1142 3008 sanos
1162 2951 1427 3023 gratantia
1455 2949 1682 3005 reddere
1709 2955 1834 3004 vota
1851 2987 1867 3013 ,

537 3047 541 3051 ’
607 3043 716 3099 Aut
736 3060 908 3114 aegros
934 3046 1110 3100 varias
1138 3055 1321 3113 petere
1347 3058 1411 3097 ac
1439 3041 1515 3113 (a)
1545 3041 1749 3095 ambire
1784 3038 2041 3094 medelas.
2072 3071 2123 3134 ο

469 3133 573 3190 385
608 3134 892 3190 Cernimus
920 3141 975 3188 et
1004 3132 1201 3186 multos
1230 3132 1513 3201 peregrino
1542 3145 1572 3183 a
1595 3130 1776 3183 littore
1796 3136 1998 3191 vectos,

608 3225 749 3279 Ante
774 3238 981 3277 sacram
1008 3222 1179 3276 sancti
1208 3229 1507 3290 prostratos
1534 3221 1782 3290 martyris
1810 3234 1958 3274 aram
1981 3220 2024 3286 ⁷,

610 3314 744 3366 Dum
766 3312 1006 3366 referunt
1028 3319 1226 3380 grates,
1254 3310 1478 3364 tolerata
1507 3309 1709 3363 referre
1733 3309 1958 3378 pericla,

611 3402 913 3465 Testantes,
936 3400 1127 3455 validis
1156 3400 1341 3455 collisa
1364 3414 1500 3453 nave
1519 3398 1793 3467 procellis,

613 3493 685 3549 Se
712 3502 897 3563 raptos
925 3492 1217 3548 miserante
1247 3492 1380 3559 Deo,
1410 3491 1602 3546 Felicis
1626 3498 1684 3545 ut
1705 3491 1820 3561 ipsa

474 3584 579 3644 500
612 3583 883 3640 Educente
907 3598 1089 3645 manu,
1119 3582 1281 3636 maris
1310 3582 1597 3636 emersisse
1624 3579 1911 3650 profundo,

611 3674 679 3729 Et
700 3675 1038 3744 desperatam
1064 3673 1303 3743 placidos
1323 3671 1532 3742 cepisse
1559 3671 1785 3726 salutem
1804 3711 1819 3737 ,

612 3765 805 3821 Felicis
834 3766 1040 3820 meritis
1062 3772 1118 3818 et
1144 3778 1312 3832 aquas
1340 3768 1397 3817 et
1416 3762 1612 3819 cedere
1638 3762 1902 3818 ﬂammas.

680 3856 959 3911 Prazterita
1006 3864 1066 3911 ut
1112 3862 1322 3911 taceam
1369 3855 1550 3911 meriti
1590 3854 1918 3911 documenta
1954 3869 2055 3925 po-

1855 3947 2060 4020 [tentis,

615 4037 873 4093 Novimus
901 4037 1108 4107 experti
1132 4052 1145 4089 :
1178 4050 1348 4105 pavor
1375 4049 1407 4089 e
1440 4044 1648 4091 terrore
1676 4037 1883 4091 recenti

478 4126 583 4183 595
618 4126 808 4180 Vibrat
835 4125 1012 4178 adhuc
1038 4137 1304 4177 memores
1332 4123 1563 4189 animos,
1589 4124 1953 4180 recolentibus
1973 4125 2062 4180 illa

616 4215 746 4281 Quae
776 4214 996 4267 tulimus
1022 4228 1160 4280 pene
1188 4212 1447 4267 absumtis
1476 4212 1721 4267 incendia
1740 4214 1897 4268 tectis
1920 4232 1933 4266 :

621 4304 925 4369 Quamlibet
951 4304 1227 4358 exstincta:
1256 4302 1495 4357 recalent
1517 4305 1739 4373 vestigia
1764 4306 1991 4359 ﬂamma:

627 4395 895 4450 Mentibus
924 4404 979 4450 et
1007 4395 1183 4462 magni
1213 4392 1488 4449 cumulant
1511 4394 1705 4450 Felicis
1732 4411 2008 4462 amorem;

625 4487 794 4555 Quem
824 4505 993 4560 prope
1019 4503 1285 4557 corporeo
1314 4496 1633 4558 praesentem
1657 4489 1888 4544 vidimus
1915 4496 2039 4545 actu

490 4581 587 4636 ιο0
622 4579 905 4651 Objectare
932 4597 1120 4635 manus
1150 4579 1394 4646 ﬂammis,
1422 4590 1478 4636 et
1500 4587 1685 4635 nostra
1716 4581 1855 4634 tueri

626 4669 830 4725 Limina
856 4670 1039 4739 juncta
1066 4670 1201 4734 suis,
1232 4684 1351 4738 quae
1382 4677 1657 4740 tamquam
1682 4669 1868 4724 territa
1895 4670 2067 4725 sancti

628 4757 899 4813 Obstantis
928 4758 1064 4812 facie
1094 4774 1264 4828 prope
1287 4768 1509 4826 tangens
1540 4756 1751 4812 ﬂamma
1779 4760 2029 4828 pavebat,

635 4846 901 4916 Pulsaque
932 4846 998 4902 de
1030 4849 1197 4902 nostri
1227 4848 1486 4916 rapiendo
1508 4848 1740 4903 culmine
1760 4850 1921 4917 tecti,

632 4941 945 4997 Comminus
974 4942 1027 4996 in
1057 4943 1231 5010 tuguri
1262 4942 1433 4996 vicina
1458 4950 1640 5011 strage
1661 4944 1912 5012 perarsit.

496 5032 595 5087 £05
692 5030 823 5087 Mira
844 5032 1053 5100 loquar,
1078 5033 1226 5085 stetit
1247 5032 1499 5087 immotus
1518 5033 1633 5086 sine
1646 5032 1859 5088 ﬂatibus
1878 5032 2065 5095 aether,

634 5121 743 5176 Nec
771 5135 1050 5175 nemorum
1081 5119 1221 5175 foliis
1248 5119 1413 5174 ullum
1435 5120 1584 5175 dedit
1603 5136 1731 5175 aura
1755 5132 2066 5190 tremorem,

629 5214 707 5269 Ne
735 5221 919 5283 posset
946 5213 1163 5282 rapidus
1192 5213 1484 5283 procedere
1514 5214 1724 5282 longius
1754 5214 1910 5283 ignis,

633 5306 734 5361 Per
762 5312 1016 5361 contexta
1040 5305 1228 5361 volans
1251 5305 1517 5361 sociarum
1551 5305 1694 5373 tigna
1740 5304 2025 5361 domorum
2052 5322 2064 5357 :

629 5399 736 5455 Sed
766 5398 939 5454 ventis
966 5397 1178 5453 deserta
1206 5395 1523 5453 cadentibus
1541 5397 1628 5453 ire
1654 5404 1879 5473 negaret

565 5584 592 5611 ι
621 5570 678 5625 Id
701 5577 784 5623 est
810 5568 1061 5623 obnitens.

566 5647 584 5663 ‘
612 5639 881 5708 Scriptum
910 5652 1050 5691 anno
1073 5635 1195 5701 402,
1216 5636 1303 5691 die
1327 5636 1393 5689 l4
1418 5634 1638 5691 Januar.

2097 4421 2147 4482 D

2265 347 2528 417 Flamma,
2551 360 2607 405 ct
2621 354 2906 405 consumto
2927 354 3230 403 moreretur
3251 347 3499 417 languida
3520 358 3695 419 pastu,

2266 438 2547 494 Consimili
2576 440 2736 494 modo
2761 455 2862 494 nos
2889 438 3041 493 Felix
3071 454 3173 509 ope
3200 435 3352 494 solve
3380 442 3632 510 periclis;

2268 528 2379 583 Nec
2410 528 2659 583 domibus
2714 529 2911 584 nostris
2951 530 3200 600 propient
3235 530 3409 597 mala;
3448 531 3704 601 pulsaque

3507 622 3627 694 [per
3655 632 3707 680 te

2127 710 2231 765 410
2268 710 2499 766 Horrida
2524 712 2815 781 sanguineo
2843 712 3003 782 longe
3026 721 3185 769 sonet
3212 713 3288 767 ira
3317 710 3551 781 ﬂagello.

2346 800 2495 857 illam
2520 805 2684 857 etiam
2714 803 2969 857 virtutem
2998 800 3245 859 arcendis
3269 804 3431 859 indue
3459 800 3640 873 bellis,

2272 895 2388 962 Qua
2418 896 2558 950 male
2588 894 2856 950 labentem
2885 892 3076 949 vicinis
3098 889 3371 950 montibus
3391 911 3640 962 amnem,

2273 987 2375 1054 Qui
2401 986 2590 1043 subitis
2619 996 2778 1043 aucto
2806 983 3000 1057 pluviis
3029 996 3269 1043 torrente
3292 988 3633 1058 redundans”

2274 1081 2364 1136 Sic
2388 1089 2478 1135 tua
2502 1080 2841 1150 praecipitans
2870 1081 2921 1134 in
2953 1081 3133 1135 limina
3155 1097 3295 1151 saepe
3316 1083 3532 1151 ruebat,

2132 1171 2237 1226 415
2280 1170 2347 1226 Ut
2376 1172 2529 1226 tectis
2554 1168 2841 1238 conjuncta
2871 1171 2975 1224 tuis
3004 1170 3306 1225 habitacula
3331 1173 3498 1226 vastis

2274 1260 2564 1327 Quassaret
2584 1260 2853 1314 violentus
2884 1259 3056 1327 aquis,
3080 1260 3151 1313 ita
3174 1257 3391 1315 ﬂumine
3420 1276 3579 1315 verso

2276 1350 2469 1407 Fecisti
2491 1360 2702 1406 mutare
2730 1352 2862 1416 vias,
2888 1358 2947 1404 ut
2977 1366 3118 1406 nunc
3145 1367 3317 1406 novus
3346 1351 3493 1406 illum

2277 1440 2477 1495 Alveus
2501 1437 2715 1494 insolita
2740 1438 2899 1493 ducat
2927 1436 3147 1506 regione
3178 1439 3461 1509 furentem,

2279 1531 2581 1600 Nostraque
2608 1526 2903 1599 longinquo
2927 1530 3187 1584 vitantem
3218 1539 3361 1585 tecta
3389 1538 3605 1598 meatu;

2138 1624 2242 1680 4%
2279 1624 2370 1680 Sic
2399 1624 2561 1678 modo
2588 1624 2851 1679 bellisono
2880 1624 3158 1678 venientes
3184 1621 3403 1679 ﬂumine
3421 1635 3657 1697 pugnas;

2284 1717 2359 1772 De
2384 1716 2581 1771 nostris
2609 1725 2795 1771 averte
2824 1716 2974 1770 locis.
3002 1716 3190 1772 Manus
3217 1718 3383 1788 impia
3410 1720 3584 1776 sacris

2280 1805 2499 1860 Finibus
2524 1804 2765 1870 absistat,
2787 1805 2980 1873 quibus
3005 1815 3087 1860 est
3116 1814 3206 1860 tua
3234 1807 3403 1874 gratia
3430 1808 3654 1864 vallum.

2284 1896 2460 1965 Atque
2480 1903 2627 1949 tuam
2645 1895 2870 1948 timeant
2881 1895 3066 1949 hostes
3076 1896 3228 1964 quasi
3240 1895 3511 1952 daemones
3521 1899 3717 1963 aulam,

2283 1987 2394 2043 Nec
2421 2003 2582 2044 cruor
2613 1985 2730 2042 hzec
2756 1987 2942 2054 violet,
2965 2003 3085 2057 qua:
3114 1988 3330 2043 ﬂamma
3352 1990 3437 2044 vel
3461 1990 3607 2045 unda
3635 2007 3720 2046 re-

3551 2082 3719 2155 [fugit

2670 2187 2899 2243 POEMA
2936 2188 3125 2246 XXVII
3152 2196 3188 2245 ⁸.

2474 2322 2541 2361 DE
2570 2322 2615 2361 S.
2645 2322 2834 2361 FELICE
2864 2324 3058 2362 NATAL.
3091 2324 3300 2363 CARIEN
3327 2324 3402 2364 IX.

2147 2417 2225 2472 De
2253 2416 2543 2472 solennibus
2572 2416 2980 2488 Christianorum
3021 2420 3164 2488 festis
3203 2420 3332 2488 agit.
3369 2418 3433 2475 S.
3476 2416 3716 2488 Nicetqm

2218 2488 2481 2540 Dacorum
2510 2487 2804 2557 episwpum
2831 2486 2902 2538 ad
2925 2486 3113 2557 festum
3142 2488 3203 2543 S.
3228 2486 3420 2541 Felicia
3446 2490 3587 2543 diem
3611 2486 3722 2543 No-

2217 2557 2321 2611 lam
2350 2556 2574 2610 secundo
2605 2557 2880 2608 venientem
2909 2557 3051 2609 miris
3078 2556 3316 2612 laudibus
3336 2560 3548 2628 excipit.

2356 2667 2709 2740 623-624
2754 2668 2986 2724 Nascere
3012 2682 3132 2738 quae
3162 2670 3314 2725 tardo
3345 2685 3562 2741 semper
3600 2670 3725 2727 mihi

3278 2757 3541 2831 [redderis
3571 2767 3693 2813 ortu
3708 2798 3724 2823 ,

2290 2850 2417 2905 Mox
2448 2856 2503 2906 et
2540 2850 2594 2905 in
2636 2862 2888 2903 occasum
2927 2863 3225 2919 properans
3267 2848 3430 2918 fugis;
3463 2864 3609 2918 mgra
3638 2861 3727 2905 re-

3565 2940 3724 3013 [dire,

2291 3034 2418 3089 Ales
2444 3033 2595 3088 abire
2620 3032 2756 3088 dies.
2790 3030 2923 3085 Nam
2952 3040 3006 3087 te
3035 3045 3134 3101 per
3155 3023 3313 3098 l'onga
3343 3039 3648 3086 morantem

2223 3124 2259 3180 5
2294 3125 2587 3196 Tempora,
2610 3125 2735 3179 dum
2760 3123 2900 3178 tardi
2930 3125 3106 3178 nitens
3128 3132 3153 3160 ι
3183 3122 3304 3177 rota
3333 3124 3561 3178 vertitur
3584 3123 3729 3189 anni,

2293 3216 2546 3272 Sustineo
2576 3216 2796 3271 intentis
2820 3213 3015 3270 affecto
3038 3224 3261 3284 pectore
3288 3216 3427 3270 votis
3452 3231 3464 3267 :

2294 3307 2463 3373 Quam
2486 3319 2735 3375 cuperem
2757 3307 2886 3360 totis
2914 3307 3044 3360 mihi
3075 3305 3365 3376 praelucere
3388 3305 3598 3371 diebus,

2295 3395 2393 3451 Vel
2416 3395 2462 3451 si
2492 3395 2709 3464 quando
2733 3398 2905 3459 venis,
2933 3396 3007 3449 ita
3036 3401 3388 3464 compensare
3416 3410 3614 3463 moras,
3640 3403 3700 3451 ut

2296 3485 2523 3542 Estivis
2547 3500 2734 3555 posses
2763 3486 2778 3515 ¹
2810 3485 2997 3553 spatiis
3029 3484 3325 3555 producere
3352 3485 3551 3547 lucem,

2192 3578 2262 3633 10
2298 3578 2407 3633 Aut
2436 3578 2585 3632 illum
2615 3593 2846 3647 pensare
2875 3580 3017 3634 diem
3035 3620 3049 3645 ,
3075 3580 3169 3649 qui
3193 3581 3383 3635 sistere
3405 3579 3565 3649 jussis

2298 3670 2574 3725 Sideribus
2594 3669 2755 3737 longo
2777 3669 2998 3724 lassavit
3018 3670 3221 3723 lumine
3243 3669 3518 3733 mundum,

2301 3759 2576 3814 Humanos
2602 3759 2881 3829 dupliéans
2908 3759 3072 3814 dilata
3101 3766 3263 3814 nocte
3290 3759 3518 3814 labores.

2375 3849 2529 3905 Nunc
2558 3860 2609 3904 te
2634 3864 2760 3907 cara
2782 3849 2899 3903 dies
2923 3845 3111 3917 r‘apido
3140 3849 3298 3905 nimis
3325 3864 3450 3903 aere
3475 3848 3632 3904 nobis

2304 3939 2583 4008 Temporis
2608 3939 2816 3994 hiberni
2835 3937 2921 3994 lex
2943 3938 3240 4002 subtrahit,
3261 3947 3315 3993 et
3334 3938 3599 3995 breviatas

2199 4030 2270 4085 15
2306 4029 2461 4099 Cogit
2482 4030 2653 4085 hiems
2681 4030 2842 4085 horas
2870 4031 2977 4086 cita
3006 4030 3227 4096 lumine,
3260 4031 3407 4101 pigra
3428 4032 3685 4087 tenebris.

2304 4120 2409 4176 Sed
2438 4120 2576 4174 bene
2603 4120 2746 4189 quod
2773 4121 2868 4175 tibi
2895 4121 2999 4188 Sol,
3027 4120 3207 4187 Felix,
3231 4121 3315 4176 citi
3342 4122 3509 4188 gratia
3530 4136 3721 4191 perpes

2304 4211 2606 4266 lllustrante
2630 4209 2794 4263 micat
2816 4209 3051 4275 Christo,
3083 4211 3466 4280 propriumque
3492 4220 3736 4268 coruscat

2306 4303 2481 4359 Natali
2504 4302 2663 4372 jubar
2687 4303 2799 4372 ipse
2824 4318 2943 4361 suo.
2968 4317 3144 4371 neque
3166 4302 3415 4357 conditur
3440 4318 3688 4372 umquam

2309 4394 2533 4450 Casibus
2562 4394 2819 4457 occiduis,
2840 4392 3028 4447 aeterni
3057 4392 3311 4463 splendor
3330 4393 3571 4447 honoris.

2204 4485 2277 4542 20
2311 4485 2333 4540 Ι
2356 4485 2575 4556 fugitiva
2597 4483 2732 4549 dies,
2756 4483 2992 4551 elabere,
3016 4498 3123 4538 non
3146 4484 3413 4538 revocabo
3440 4500 3452 4534 :

2310 4577 2421 4633 Nec
2455 4585 2509 4631 te
2537 4575 2648 4645 jam
2680 4589 2879 4644 querar
2911 4588 3032 4630 esse
3068 4574 3320 4640 brevem;
3365 4574 3491 4643 quia
3534 4580 3591 4629 te
3630 4574 3740 4629 sine

3570 4663 3740 4735 [Felix

2313 4756 2541 4825 Semper
2569 4754 2891 4809 inexstincto
2914 4768 3154 4822 prmsens
3174 4752 3304 4807 mihi
3333 4751 3533 4806 lumine
3564 4752 3738 4822 fulget.

2316 4846 2375 4902 Si
2396 4846 2589 4900 natalis
2618 4845 2803 4911 abest,
2824 4844 2944 4914 plus
2964 4852 3046 4900 est
3064 4844 3209 4912 quod
3232 4841 3432 4911 jugiter
3460 4844 3577 4913 ipse

2318 4934 2437 4989 Lux
2464 4934 2621 5003 hujus
2649 4934 2843 4989 natalis
2871 4933 3041 4989 adest.
3068 4932 3178 4987 Nec
3205 4933 3347 4987 enim
3377 4934 3467 4988 ille
3496 4934 3583 4989 die
3614 4934 3670 4987 fit

2211 5028 2281 5084 25
2317 5027 2567 5094 Sanctus,
2592 5026 2745 5095 cujus
2774 5027 2949 5081 honor
2974 5026 3282 5081 celebrandi
3309 5040 3470 5081 causa
3494 5025 3601 5080 diei
3629 5032 3722 5080 est.

2386 5116 2540 5183 Quod
2562 5116 2609 5170 si
2633 5115 2862 5169 natalem
2891 5114 3113 5183 reliquis
3141 5123 3396 5183 przestare
3421 5115 3611 5169 diebus

2317 5206 2495 5262 Turba
2524 5207 2680 5270 facit,
2710 5208 2870 5264 solito
2894 5222 3014 5276 qua:
3041 5206 3259 5261 densius
3286 5204 3354 5259 ad
3377 5220 3529 5260 sacra
3551 5203 3710 5259 currit

2315 5300 2556 5364 Limina;
2589 5299 2829 5354 conferta
2858 5313 3026 5368 prope
3054 5311 3268 5367 semper
3292 5296 3449 5365 plebe
3477 5296 3710 5350 videmus

2314 5390 2557 5445 Natalem
2587 5390 2782 5447 Felicis
2806 5390 2911 5459 agi.
2943 5390 3075 5444 Nam
3104 5403 3244 5457 quae,
3266 5402 3419 5457 rogo,
3445 5387 3587 5443 votis

2246 5562 2323 5635 (a)
2353 5562 2486 5619 Edd.
2517 5564 2677 5619 Grav.
2712 5572 2767 5619 et
2790 5561 2974 5619 Schol.
3009 5564 3062 5616 in
3091 5571 3281 5629 marg.,
3314 5566 3529 5613 sentire.
