3990 6182
260 330 366 383 ωε)

294 448 364 502 50
401 448 567 504 Cassa
595 450 711 506 dies
738 453 928 519 oritur,
953 456 1038 509 vel
1056 456 1264 525 magnis
1292 472 1414 512 rara
1443 459 1711 514 catervis?

473 539 580 595 Sed
596 550 772 596 tamen
806 544 943 599 hanc
963 546 1198 615 speciale
1212 546 1379 602 decus
1394 548 1630 603 retinere
1640 547 1853 605 fatebor

398 629 529 687 Jure
552 632 724 698 diem,
748 634 969 703 expleto
997 636 1268 704 quondam
1298 653 1403 706 qua
1432 638 1661 706 contigit
1681 653 1800 693 (evo

397 720 608 777 Ponere
633 731 659 760 ι
683 731 931 779 terrenos
958 726 1192 792 habitus,
1218 735 1275 782 et
1304 727 1358 781 in
1387 728 1496 782 alta
1519 730 1539 760 ’
1570 728 1756 785 vocari

399 810 590 867 Sidera
613 813 848 869 Felicem
873 817 1212 872 retinendum
1233 819 1361 876 sede
1382 821 1562 876 beata.

288 899 361 954 55
469 901 675 959 Firmat
714 905 860 959 enim
895 907 1033 963 ratio
1070 908 1175 964 ista
1213 908 1403 978 ﬁdem,
1439 925 1560 981 qua:
1600 919 1845 983 tempora

994 1058 1007 1068 ρ
1664 1002 1851 1076 [certis

396 1082 685 1153 Distinguit
713 1084 903 1153 titulis,
925 1100 1221 1160 sacrosque
1244 1090 1264 1121 ³
1293 1105 1390 1161 per
1411 1105 1589 1147 annua
1613 1092 1793 1161 signat

396 1173 557 1229 Festa
583 1175 718 1242 dies,
740 1176 937 1246 quibus
960 1178 1036 1250 (a)
1067 1179 1136 1235 ad
1162 1179 1375 1237 Domini
1405 1181 1664 1239 miracula
1684 1198 1851 1253 quon-

1701 1272 1848 1345 [dam

393 1351 615 1421 Antiqui
646 1361 916 1409 tremuere
945 1362 1127 1425 patres
1151 1356 1202 1425 ιι,
1228 1358 1502 1417 horrenda
1523 1361 1776 1426 sinistris,

395 1441 464 1497 Et
490 1458 705 1514 semper
732 1444 1055 1502 celebranda
1084 1449 1223 1518 piis;
1252 1451 1381 1520 quia
1408 1451 1691 1507 commoda
1720 1466 1845 1507 san-

1702 1540 1845 1614 [ctis,

290 1623 362 1677 40
399 1623 540 1679 Dura
569 1625 719 1683 fuere
741 1629 915 1685 malis.
942 1629 1119 1688 Testis
1148 1632 1497 1703 Memphitica
1524 1634 1704 1703 tellus,

397 1713 467 1769 Et
493 1730 646 1773 mare
666 1726 794 1776 tunc
814 1719 1013 1777 factum
1036 1726 1237 1781 sanctis
1265 1726 1459 1783 humus
1477 1769 1493 1795 ,
1524 1742 1710 1797 aequor
1738 1726 1843 1782 ini-

1664 1817 1806 1890 [quis
1828 1833 1841 1883 ;
1883 1842 1928 1901 Β

397 1892 701 1965 Ceteraque
728 1897 813 1955 his
840 1901 990 1970 paria
1021 1900 1260 1974 [Egypto
1282 1904 1585 1975 multasque
1605 1921 1703 1977 per
1724 1922 1849 1963 oras

397 1984 560 2041 Gesta
582 1986 696 2044 Deo
722 1992 952 2047 memori
976 1994 1133 2049 nobis
1161 1995 1474 2052 recoluntur
1500 2013 1707 2053 amore.

472 2074 563 2133 Sic
589 2092 743 2147 aeque
770 2079 951 2135 divina
972 2092 993 2120 ε
1014 2081 1259 2138 feruntur
1284 2085 1359 2155 (ὁ)
1383 2100 1606 2142 munere
1626 2087 1844 2145 Christi.

293 2168 362 2223 45
400 2168 470 2224 Ut
497 2173 805 2229 veneranda
835 2174 950 2231 dies
971 2178 1198 2245 cunctis,
1226 2194 1334 2249 qua
1356 2180 1578 2251 Virgine
1600 2192 1778 2251 natus,

400 2259 504 2317 Pro
519 2263 730 2318 cunctis
745 2264 1022 2323 hominem
1036 2270 1381 2327 sumsitDeus
1393 2270 1418 2310 ά
1438 2290 1453 2340 ;
1474 2282 1639 2344 utque
1657 2275 1851 2333 deinde

402 2352 518 2419 Qua
548 2370 777 2425 puerum
800 2359 959 2414 stella
983 2360 1121 2418 duce
1144 2365 1369 2435 mystica
1398 2365 1542 2422 dona
1569 2367 1806 2425 ferentes

399 2444 726 2516 Suppliciter
755 2449 937 2507 videre
964 2453 1106 2523 magi
1132 2463 1155 2492 ε
1181 2472 1195 2508 :
1219 2470 1317 2511 seu
1336 2470 1443 2525 qua
1470 2459 1640 2527 magis
1662 2459 1811 2514 illum

395 2534 644 2593 Iordanis
668 2540 946 2610 trepidans
966 2541 983 2573 "
1009 2542 1144 2598 lavit
1172 2544 1451 2614 tinguente
1478 2546 1749 2615 Johanne,

303 2625 367 2677 50
400 2624 722 2683 Sacrantem
750 2639 973 2687 cunctas
992 2633 1300 2689 recreandis
1321 2636 1570 2704 gentibus
1594 2636 1803 2693 undasf
1829 2652 1842 2690 :

400 2714 527 2770 Sive
551 2716 668 2773 dies
696 2718 890 2775 eadem
923 2725 1092 2791 magis
1120 2723 1212 2778 illo
1240 2725 1312 2779 sit
1336 2740 1490 2781 sacra
1520 2727 1699 2797 signo,

401 2803 520 2871 Quo
547 2807 780 2876 primum
810 2809 952 2866 Deus
978 2812 1086 2880 egit
1114 2827 1272 2883 opus,
1295 2830 1417 2870 cum
1446 2815 1668 2873 ﬂumine
1696 2832 1854 2875 verso

402 2897 598 2969 625-
614 2898 779 2971 626
838 2897 1171 2957 Permutavit
1220 2919 1390 2974 aquas
1434 2905 1518 2976 ,(c)
1576 2907 1857 2976 praedulcis

1378 2994 1398 3068 [
1427 3003 1649 3051 nectare
1678 2996 1787 3052 vini
1805 3007 1853 3051 ε.

475 3075 614 3143 Quid
634 3078 886 3148 paschale
906 3080 1159 3150 epulum?
1173 3080 1306 3137 Nam
1327 3092 1476 3140 certe
1497 3084 1697 3154 jugiter
1709 3088 1856 3142 omni

408 3163 613 3221 Pascha
638 3166 727 3223 die
754 3170 966 3225 cunctis
991 3168 1229 3227 Ecclesia
1261 3174 1519 3244 praedicat
1539 3175 1670 3243 oris,

302 3253 373 3308 55
408 3254 731 3312 Contestans
742 3256 955 3313 Domini
970 3268 1197 3315 mortem
1212 3276 1391 3328 cruce,
1413 3262 1483 3318 de
1510 3278 1668 3320 cruce
1686 3265 1852 3322 vitam

411 3342 777 3401 Cunctorum:
800 3354 979 3403 tamen
999 3349 1105 3405 hoc
1125 3364 1335 3419 magna:
1355 3353 1573 3423 pietatis
1592 3354 1647 3409 in
1668 3370 1859 3413 omnes

411 3436 627 3492 Grande
660 3447 1061 3496 sacramentum
1084 3439 1138 3510 ιι,
1167 3445 1482 3515 praescripto
1504 3462 1691 3504 mense
1718 3464 1858 3518 quo-

1656 3541 1857 3615 [tannis

411 3618 575 3676 Totus
601 3622 801 3694 ubique
827 3624 945 3695 pari
966 3624 1225 3683 famulatu
1245 3629 1477 3686 mundus
1504 3630 1724 3695 adorat,

409 3708 694 3766 Eternum
714 3713 995 3771 celebrans
1013 3716 1257 3773 redivivo
1280 3734 1510 3790 corpore
1537 3734 1721 3790 regem
1750 3719 1791 3775 ί.

301 3798 372 3854 60
478 3799 594 3858 Hoc
632 3803 897 3862 sollemne
934 3805 1052 3864 dies
1100 3810 1383 3879 sequitur:
1417 3820 1623 3882 septem
1668 3828 1855 3868 nume-

1654 3906 1855 3980 [ramus

414 3980 809 4055 “ebdomadas,
836 3996 893 4043 et
919 3988 1006 4044 lux
1039 3991 1252 4062 populis
1279 3990 1468 4049 festiva
1491 3997 1744 4063 recurrit,

409 4070 522 4138 Qua
550 4082 771 4131 sanctus
799 4080 1068 4146 quondam
1095 4082 1234 4137 cmlo
1255 4081 1521 4140 demissus
1540 4086 1608 4141 ab
1636 4086 1746 4143 alto

410 4160 639 4233 Spiritus
668 4165 836 4235 ignito
862 4169 1043 4225 divisit
1065 4171 1142 4243 (ά)
1176 4172 1377 4229 lumine
1401 4174 1628 4244 linguas,

414 4250 560 4309 Unus
579 4262 635 4309 et
657 4256 771 4326 ipse
800 4258 942 4315 Deus
971 4262 1043 4331 (ε)
1068 4262 1279 4317 diversa
1306 4278 1405 4333 per
1430 4280 1524 4319 ora
1555 4267 1810 4334 cucurrit,

314 4334 378 4393 65
409 4340 837 4417 Omnigenasque
865 4365 974 4405 uno
1003 4351 1183 4406 sonuit
1205 4361 1331 4407 tunc
1361 4368 1457 4407 ore
1478 4354 1742 4425 loquelas,

417 4432 675 4492 Omnibus
703 4438 917 4507 ignotas
946 4441 1189 4497 tribuens
1218 4457 1541 4511 expromere
1566 4460 1748 4511 voces,

408 4529 645 4599 Quisque
672 4545 824 4586 suam
852 4540 913 4586 ut
948 4540 1164 4601 gentem
1204 4536 1489 4603 peregrino
1532 4549 1851 4606 agnosceret

1734 4643 1849 4693 ore,

1734 4643 1804 4682 0r:

410 4710 811 4781 Externamque
834 4727 933 4767 suo
964 4712 1034 4783 (f)
1066 4712 1291 4767 sentiret
1320 4713 1372 4767 in
1399 4728 1494 4769 ore
1516 4629 1804 4785 loquelalim.

344 4858 369 4919 ἒ
398 4848 453 4904 ld
480 4857 565 4904 est
590 4849 862 4919 deponere.
891 4848 1019 4919 Vide
1042 4864 1208 4904 carm.
1237 4848 1325 4912 14,
1350 4866 1401 4903 v.
1427 4850 1514 4903 8i.

338 4917 368 4957 δ
395 4919 570 4975 Exod.
595 4917 703 4985 11v,
733 4918 805 4971 22
832 4928 886 4973 et
913 4917 997 4971 ‘27.

345 4999 367 5027 ε
398 4989 530 5044 Vide
560 4999 676 5044 not.
708 4988 832 5041 295.

339 5056 365 5096 δ
394 5059 583 5113 Matth.
616 5076 654 5122 ι,
692 5059 767 5111 ,6.

342 5139 366 5167 ⁸
396 5130 583 5183 Matth.
617 5140 675 5195 ll,
712 5129 792 5183 ll.

347 5197 365 5237 ί
397 5199 579 5253 Matth.
611 5213 695 5264 In,
732 5199 814 5251 16.

342 5278 365 5313 κ
393 5269 585 5323 Johan.
612 5286 670 5327 ll.
702 5270 753 5330 9,
788 5268 874 5321 Η.

340 5337 366 5376 δ
394 5340 525 5394 Vide
548 5348 665 5392 not.
687 5338 813 5393 296.

1678 337 1908 424 POEMA
1949 340 2161 399 xxvn.

1882 467 1936 526 Α

1882 4591 1931 4650 1)

3449 370 3553 421 050

2104 465 2374 524 Barbarus
2397 470 2512 540 ipse
2538 472 2642 528 sibi
2664 488 2773 529 non
2802 476 2943 531 notis
2965 485 3094 532 nota
3117 481 3367 550 canebat,

1993 553 2063 609 7O
2100 554 2277 612 Verba
2325 561 2436 615 suis
2477 562 2653 618 aliena
2697 564 2970 634 loquensi
3016 585 3027 620 :
3062 569 3155 623 sed
3205 572 3256 624 in
3298 574 3553 631 omnibus

3358 666 3550 737 [unum

2099 737 2245 795 Voce
2267 739 2435 797 Deum
2458 746 2606 800 varia
2627 746 2881 805 laudabat
2901 754 3123 823 spiritus
3152 770 3290 809 unus
3309 755 3357 808 ιι.

2171 835 2240 891 Ut
2267 840 2489 897 citharis
2519 845 2805 903 modulans
2832 851 2990 907 unius
3018 854 3245 909 verbere
3274 824 3466 924 plectri

2097 939 2323 996 Dissona
2352 942 2441 997 lila
2465 954 2649 1001 movet
2674 965 2686 1001 :
2714 950 2797 1003 vel
2824 951 2917 1019 qui
2944 953 3229 1023 perﬂantia
3255 955 3419 1009 textis

2096 1032 2269 1088 Labra
2300 1035 2426 1090 terit
2452 1038 2696 1105 calamis,
2722 1042 2849 1097 licet
2871 1060 3035 1102 unum
3066 1063 3283 1103 carmen
3311 1049 3379 1104 ab
3407 1064 3517 1103 uno

1990 1121 2058 1174 75
2094 1120 2202 1178 Ore
2225 1122 2382 1191 ferat,
2411 1141 2519 1180 non
2548 1144 2654 1183 una
2682 1140 2861 1197 sonat,
2892 1136 3180 1205 variosque
3208 1139 3464 1207 magistra

2094 1212 2383 1284 Temperat
2406 1223 2525 1271 arte
2553 1233 2745 1286 sonos;
2769 1232 2957 1291 arguta
2988 1225 3245 1281 foramina
3278 1228 3439 1292 ﬂatu,

2092 1302 2486 1375 Mobilibusque
2513 1310 2651 1377 regit
2674 1310 2873 1380 digitis,
2897 1314 3223 1385 clauditque,
3245 1319 3544 1388 aperitque,

2094 1389 2164 1445 Ut
2192 1394 2379 1463 rapida
2400 1395 2519 1451 vice
2542 1397 2713 1455 dulcis
2741 1409 2830 1455 eat
2859 1403 3152 1474 redeatque
3174 1407 3447 1471 cavernis,

2094 1481 2332 1538 Currens
2361 1483 2546 1541 Aiolio
2574 1489 2593 1519 δ
2615 1489 2959 1548 modulabilis
2986 1508 3116 1550 aura
3144 1503 3355 1561 meatu,

1986 1573 2055 1628 80
2090 1574 2341 1645 Explicet
2369 1577 2611 1649 irruptos
2641 1582 2881 1637 animata
2904 1592 2964 1638 ut
2992 1585 3121 1640 tibia
3147 1593 3368 1641 cantus:

2092 1675 2183 1731 Sic
2211 1676 2353 1732 Deus
2381 1680 2683 1737 omnisonze
2713 1682 2728 1721 ι
2756 1684 3067 1741 modulator
3086 1695 3141 1742 et
3168 1687 3372 1743 arbiter
3392 1703 3530 1743 unus

2094 1764 2417 1833 Harmoniae,
2442 1784 2541 1839 per
2567 1781 2760 1828 cuncta
2791 1783 2976 1830 movet
3003 1790 3166 1846 quam
3195 1792 3425 1848 corpora
3454 1793 3544 1833 re-

3402 1887 3543 1936 rum,

3402 1887 3543 1936 rum,

2090 1945 2157 2000 Et
2185 1956 2391 2003 naturae
2421 1949 2603 2021 opifex
2633 1953 2775 2015 Deus
2804 1956 3013 2022 omnis,
3039 1966 3095 2013 et
3119 1960 3285 2024 artis;
3314 1872 3544 2017 in[omni

2091 2036 2236 2093 Fons
2263 2052 2449 2109 opere,
2473 2052 2530 2097 et
2557 2044 2701 2113 ﬁnis,
2730 2043 2971 2102 faciens“
2994 2046 3159 2117 bona,
3174 2049 3424 2122 factaque
3439 2067 3545 2107 ser-

3367 2137 3542 2217 [vans,

1988 2220 2057 2277 85
2096 2222 2218 2292 Ipse
2236 2238 2461 2281 manens
2492 2227 2546 2281 in
2574 2241 2635 2283 se
2665 2230 2842 2285 media
2873 2233 3077 2303 pietate
3104 2234 3367 2303 vicissim,

2097 2324 2212 2392 Qua
2242 2325 2403 2382 Pater
2431 2327 2486 2382 in
2517 2327 2718 2396 Verbo,
2736 2346 2842 2401 qua
2871 2332 3037 2389 Filius
3066 2336 3119 2390 in
3151 2336 3308 2391 Patre
3332 2344 3544 2405 regnat,

2097 2418 2215 2483 Quo
2255 2418 2373 2473 sine
2409 2419 2484 2472 nil
2534 2417 2765 2490 factum,
2789 2438 2887 2493 per
2925 2440 3087 2496 quem
3126 2434 3242 2481 sata
3269 2434 3464 2482 cuncta
3494 2426 3545 2480 in

3333 2524 3546 2598 [eodem

2097 2605 2444 2677 Consistunt,
2469 2607 2611 2665 idem
2642 2620 2810 2668 novat
2838 2612 3017 2668 omnia
3046 2613 3288 2686 principe
3311 2614 3509 2671 Verbo.

2100 2700 2201 2764 Qui
2230 2715 2393 2756 cruce
2426 2716 2696 2771 purpurea
2727 2706 2949 2774 pretiosi
2979 2709 3252 2777 sanguinis
3283 2718 3433 2765 ostro

1994 2789 2063 2845 90
2102 2790 2313 2846 Arduus
2340 2805 2565 2847 ascensu
2592 2794 2798 2849 volucri
2828 2798 3132 2865 penetravit
3160 2798 3213 2853 in
3244 2799 3351 2851 alta

2100 2881 2251 2938 Nube
2290 2897 2453 2953 super
2495 2879 2789 2939 Cherubim
2829 2887 3093 2956 volitans,
3121 2888 3368 2959 seditque
3398 2893 3417 2923 ⁷
3446 2890 3545 2944 Pa-

3408 2981 3546 3035 renti

3133 3013 3137 3016 ~
3408 2981 3544 3035 renti

2104 3061 2300 3117 Dexter
2312 3072 2370 3129 η’,
2389 3071 2444 3118 et
2470 3062 2547 3135 (g)
2566 3063 2687 3119 inde
2714 3063 2823 3121 suis
2844 3065 3085 3122 cmlestia
3100 3066 3239 3121 dona
3256 2978 3492 3137 proﬁEdit
3507 3073 3544 3134 ’³,

2102 3153 2363 3225 Spiritum
2396 3156 2463 3212 ab
2494 3153 2741 3227 Unigena
2764 3165 2790 3193 η
2823 3167 3067 3214 sanctum
3097 3169 3152 3216 et
3172 3157 3332 3216 Patre
3359 3177 3543 3232 proce.

3286 3254 3543 3328 [dentem

2176 3340 2276 3407 Qui
2302 3339 2444 3398 Deus
2471 3342 2587 3413 ipse
2613 3342 2725 3399 Deo
2747 3344 2971 3400 veniens
2998 3344 3126 3402 licet
3154 3345 3295 3401 adsit
3317 3348 3544 3418 ubique,

1995 3437 2064 3493 95
2102 3438 2408 3512 Conspicuo
2434 3449 2611 3498 tamen
2634 3443 2841 3515 allapsn
2860 3445 2969 3500 ruit
2999 3445 3185 3515 igneus
3210 3447 3336 3513 illic,

2102 3527 2264 3587 Pubis
2291 3533 2602 3602 apostolica
2630 3548 2860 3589 concors
2881 3538 2902 3569 ⁸
2927 3535 3017 3590 ιὼί
3045 3546 3217 3592 coetus
3236 3537 3451 3606 agebat,

2102 3625 2335 3694 Moxque
2355 3640 2496 3679 novo
2516 3625 2719 3692 sonitu,
2744 3625 2925 3680 multis
2951 3640 3018 3680 ex
3050 3627 3184 3681 urbe
3204 3628 3409 3683 coactis

2099 3712 2255 3768 Omni
2276 3728 2343 3768 ex
2370 3720 2529 3781 gente
2552 3713 2702 3779 viris,
2725 3712 2867 3768 sedit
2885 3715 3039 3783 quasi
3065 3712 3278 3769 ﬂamma
3308 3730 3406 3785 per
3433 3731 3541 3771 om.

2174 3862 2179 3867 .
3404 3806 3525 3879 [nes

2100 3891 2165 3945 Et
2193 3890 2352 3947 simul
2378 3891 2431 3945 in
2461 3891 2667 3946 cunctis
2693 3890 2986 3962 Spiramine
3014 3892 3263 3949 dissonus
3286 3912 3412 3958 uno,

1962 3992 2062 4047 100
2103 3992 2171 4047 Ut
2199 3990 2395 4063 lyricas
2419 3989 2560 4047 facili
2590 3991 2897 4047 modulatus
2922 3992 3139 4067 pectine
3162 3994 3206 4025 ¹⁰
3235 3994 3485 4060 chordas,

2102 4082 2338 4138 Dividuis
2363 4084 2549 4139 eadem
2573 4085 2768 4139 cecinit
2786 4086 3055 4155 praeconia
3079 4086 3293 4155 linguis,

2101 4174 2370 4230 lncutiens
2393 4174 2569 4229 varias
2588 4174 2822 4229 humana
2851 4189 2948 4243 per
2970 4190 3172 4245 organa
3194 4192 3357 4232 voces
3386 4186 3430 4228 ο.

2172 4266 2318 4322 Talis
2340 4267 2431 4322 ubi
2458 4267 2627 4322 lectas
2652 4266 2894 4336 implevit
2919 4268 3137 4338 crapula
3160 4278 3388 4331 mentes,

2104 4358 2408 4413 Ructavere
2430 4372 2613 4412 sacras
2629 4356 2816 4427 jejuno
2837 4367 3051 4426 gutture
3080 4359 3266 4414 laudes

1956 4449 2060 4505 105
2098 4448 2257 4504 Ebria
2287 4446 2447 4504 corda
2473 4447 2618 4513 Deo;
2650 4448 2770 4515 quis
2798 4462 2885 4501 me
2915 4449 3220 4515 miseratus,
3254 4450 3322 4505 ab
3352 4451 3457 4507 isto

2098 4541 2341 4596 Flumine
2367 4540 2593 4611 potabit,
2624 4538 2769 4609 quod
2797 4540 3000 4595 sobriat
3027 4542 3327 4598 ebrietate?

2103 4632 2462 4704 627-623
2489 4627 2628 4697 Ergo
2649 4629 2794 4685 velut
2813 4631 3008 4687 coelum
3037 4633 3228 4699 stellis,
3249 4644 3306 4690 ut
3326 4636 3542 4696 ﬂoribus

3367 4728 3539 4799 [arva,

2029 4861 2109 4930 (α)
2140 4860 2487 4916 Correximus
2508 4862 2577 4914 ad
2600 4877 2667 4917 ex
2697 4877 2798 4921 ms.
2829 4864 3017 4922 codice
3038 4864 3222 4925 Germ.
3253 4869 3393 4927 Ante
3426 4888 3543 4930 erat

1960 4941 2068 4986 aut.

2032 5000 2106 5069 (ὁ)
2139 4999 2234 5053 Ms.
2267 4998 2473 5065 Gcrm.,
2496 5020 2730 5069 mmwra,
2755 5006 2930 5062 minus
2954 5008 3111 5062 bene.

2034 5001 2084 5069 (b
2139 5001 2234 5053 Ms.
2267 5001 2473 5065 Gcrm.,
2496 5020 2730 5069 mmwra,
2755 5006 2930 5062 minus
2954 5008 3111 5062 bene.

2034 5001 2106 5147 (ei
2132 5069 2914 5147 ManuscriptusGermanensis
2926 5078 3094 5132 codex
3116 5095 3235 5134 cum
3261 5081 3345 5136 ed.
3365 5082 3544 5147 Grin.,

1962 5140 2239 5211 per-dulcis.
2265 5140 2333 5193 At
2360 5140 2464 5194 vox
2491 5145 2769 5211 praedulcia
2811 5144 3036 5201 Paulino
3084 5147 3381 5208 familiaris.
3411 5140 3543 5210 Vide

1963 5208 2253 5280 Carm.72l,
2277 5227 2328 5264 v.
2359 5208 2561 5273 Ἠλεὶ
2582 5229 2749 5268 carm.
2779 5215 2868 5280 52,
2894 5234 2943 5270 ν.
2976 5216 3099 5272 220.

2021 5280 2115 5361 .(d)
2145 5279 2223 5333 Ita
2252 5282 2596 5336 emendatum
2618 5298 2684 5337 ex
2705 5300 2808 5340 ms.
2834 5279 3020 5341 Codice
3048 5288 3231 5343 Germ.
3258 5290 3418 5357 Editi,
3441 5294 3539 5361 ﬂu-

1962 5366 2117 5403 mine.

346 5408 362 5448 ί
396 5409 583 5462 Matth.
611 5424 792 5471 xxvnt,
819 5408 872 5463 6.

345 5479 507 5535 iAct.
533 5495 588 5540 n,
612 5478 667 5543 ‘2,
692 5480 744 5541 3,
774 5478 825 5545 4,
854 5480 907 5544 6,
934 5480 987 5544 8,
1017 5480 1099 5534 ll.

342 5548 366 5586 ι
393 5549 524 5603 Vide
545 5558 659 5603 not.
682 5549 807 5602 297.

344 5620 363 5658 ι
389 5619 520 5673 Vide
548 5627 660 5675 nm.
694 5618 816 5672 298.

340 5701 377 5728 σι
404 5689 566 5743 Marc.
603 5706 708 5752 xw,
744 5690 819 5741 t9.

1998 5489 2008 5500 ⁸
2036 5420 2109 5501 (ε)
2137 5418 2227 5473 Sic
2255 5420 2658 5479 emendavimns
2694 5440 2761 5479 ex
2790 5425 2983 5481 eodem
3012 5428 3200 5484 codice
3231 5446 3331 5486 ms.
3357 5428 3500 5487 Editi
3525 5468 3541 5495 ,

1958 5490 2198 5639 ώῗῗῖῗίιει
2227 5574 2333 5614 ms.
2363 5560 2549 5618 Germ.
2575 5562 2738 5633 Editi,
2780 5567 3017 5622 nesciret.
3051 5566 3197 5623 BIGN.
3231 5588 3242 5622 :
3270 5568 3410 5627 forte
3447 5590 3529 5627 re-

1954 5639 2125 5683 πίνει.

2025 5702 2103 5769 (g)
2137 5697 2227 5769 Sic
2254 5715 2354 5755 ms.
2382 5702 2552 5758 codex
2582 5703 2785 5767 Gcrm.,
2819 5714 2871 5758 et
2896 5704 3024 5760 editi
3054 5705 3215 5761 Grav.
3244 5708 3448 5765 Poelm.
3481 5722 3532 5769 ct

341 5772 365 5798 η
396 5767 690 5846 timeo/zer
720 5758 851 5846 ‘Vide
873 5775 1041 5813 carm.
1075 5758 1124 5828 5,
1160 5776 1207 5815 v.
1244 5760 1335 5817 47.
1953 5758 2137 5824 Schot.
2190 5768 2292 5827 Alii
2336 5773 2478 5839 duo,
2524 5784 2571 5831 et
2602 5758 2675 5829 in,
2719 5758 2919 5830 servos.
2956 5758 3213 5846 Utraque
3240 5758 3427 5839 {eiii}?
3450 5758 3535 5840 re;

344 5841 369 5868 ο
399 5828 597 5893 Αειξιι,
629 5828 684 5892 2,
712 5828 764 5895 4,
795 5831 847 5883 6.
1955 5848 2127 5909 cepta.

548 5920 1011 6003 ΡΑτιιυιιῐιΧι
1436 5976 1442 5981 .
3153 5940 3227 6002 21
