3990 6182
391 346 487 401 651
1298 346 1355 402 8.
1398 346 1671 403 PAULlNl
1704 346 1952 403 NOLANI
1992 348 2295 406 EPISCOPI
2335 350 2683 407 POEMATA.
3574 357 3694 413 652

533 458 989 528 Temporibusque
1013 472 1183 513 annos
1209 458 1586 525 Dominus;sic
1608 459 1771 529 ipse“
1789 459 1978 516 diebus
2010 468 2053 526 Α
2084 483 2104 537 ι

2121 482 2187 539 55
2224 483 2536 554 Suscipiens
2562 484 2749 539 humili
2788 494 3082 540 metantem
3113 483 3138 523 ι»
3172 484 3225 539 iu
3266 492 3491 555 pectore
3521 486 3692 541 Chri-

534 548 799 618 'l‘empora
830 547 1073 601 distinxit
1099 546 1268 613 festis,
1288 556 1346 601 ut
1373 549 1524 618 pigra
1554 548 1761 602 diurnis

394 640 411 691 l
435 642 493 693 10
532 640 745 706 Ingenia
773 639 1066 707 obsequiis,
1094 639 1285 694 saltem
1311 642 1353 671 ¹¹
1383 638 1694 695 discrimine
1716 640 1879 706 facto,

536 728 661 783 Post
682 728 1019 787 intervallum
1049 728 1233 784 reduci
1260 730 1522 785 sollennia
1550 736 1680 785 voto

529 822 727 876 Sancta
771 821 1001 876 libenter
1047 831 1234 891 agant,
1284 821 1595 890 residesque
1642 836 1743 892 per
1796 836 1974 878 annua

1749 913 1979 986 [mentes

3494 579 3693 651 [stunL

2296 667 2544 725 Exsultet
2571 685 2693 725 mea
2720 685 2862 725 nunc
2890 670 3090 736 anima,
3106 668 3359 740 dicatque
3380 672 3537 740 quod
3560 671 3699 725 olim

2226 756 2435 827 Sponsa
2460 758 2692 814 canebat
2718 774 2905 814 amans
2935 758 3167 814 Domino
3187 759 3391 814 vocalis
3415 760 3669 814 amanti:

2224 849 2401 903 imber
2428 850 2577 915 abit,
2609 850 2857 906 discessit
2884 851 3077 918 hiems,
3101 869 3208 909 vox
3231 855 3460 911 turturis
3486 855 3628 909 altae

2225 938 2281 992 In
2310 947 2495 994 nostra
2524 940 2719 995 tellure
2745 952 2766 980 ο
2798 950 2992 1009 sonat,
3017 943 3111 998 dat
3135 945 3262 1000 vitis
3287 944 3520 1001 odorem
3539 987 3556 1012 ,

2086 1026 2190 1082 160
2226 1027 2441 1083 Florida
2468 1036 2523 1084 et
2550 1029 2603 1084 in
2631 1031 2791 1085 terris
2819 1032 3084 1088 miramur
3112 1033 3223 1088 lilia
3251 1034 3398 1089 coeli.

2298 1116 2451 1175 Unde
2485 1128 2738 1191 repente,
2782 1137 2993 1193 precor,
3041 1139 3197 1180 versa
3241 1125 3362 1181 vice
3411 1128 3705 1196 temporis

2469 1212 2473 1216 ”
3494 1218 3704 1290 [aether

2229 1304 2337 1359 Ver
2415 1303 2527 1377 agit
2545 1343 2561 1370 ,
2599 1311 2655 1359 et
2683 1305 2875 1373 gelidis
2898 1304 3061 1363 ﬂores
3085 1307 3335 1364 visuntur
3360 1309 3417 1364 in
3448 1310 3651 1381 agris?

532 1365 666 1471 ξξίηίξ
688 1365 1016 1471 νίθνξίξδθηάί
1044 1364 1361 1471 Ρτοοίξξίοιξν
1387 1376 1444 1423 et
1471 1368 1563 1471 νίίξ
1589 1369 1711 1425 Viue
1810 1459 1822 1471 .
2232 1394 2308 1465 (ὁ)
2338 1364 2729 1451 Unc‘t’us'ades't
2743 1391 2962 1451 Domini
2982 1396 3180 1453 Christi
3197 1364 3705 1455 comitatusZmicis

533 1454 761 1561 υιξτίίξνξ
785 1454 874 1509 illa
901 1470 1071 1561 cal)“
1089 1456 1301 1557 .mums’
1328 1456 1442 1561 1³φο
1469 1458 1890 1561 δτξίιξδ-Ρθυέίθς.
2227 1454 2462 1553 Nicetes,
2486 1487 2613 1541 hinc
2633 1495 2824 1543 vernat
2844 1488 3035 1555 hiems,
3059 1490 3186 1545 hinc
3214 1491 3455 1561 undique
3482 1493 3663 1548 nobis

600 1544 727 1600 Inde
746 1545 921 1648 bonus
949 1546 1458 1650 Ιξρξξιίηιξεριξηοιίξε
1486 1548 1704 1650 pietatis
1735 1558 1795 1604 ιιι
1822 1550 1922 1605 alis
2089 1572 2193 1627 165
2227 1544 2579 1648 σεε-ὁδί)
2619 1574 2801 1647 Spirat
2821 1544 3082 1636 odoratos
3095 1544 3415 1650 vegetabilis
3431 1544 3705 1639 5.5;-

394 1636 493 1689 120
528 1635 816 1706 Contegat,
843 1637 1092 1692 invalidis
1120 1638 1464 1744 niti‘virtutis
1489 1641 1556 1695 ad
1587 1656 1765 1697 arcem
1787 1684 1804 1711 ,
2234 1635 2384 1667 ’“”
2423 1635 2573 1647 ’⁷⁷
2660 1635 2679 1647 ’
3069 1635 3072 1636 ⁷
3163 1635 3220 1650 Τ
3459 1635 3703 1744 [ρέτέξε

530 1728 777 1797 Congrua
802 1736 1114 1783 sanctorum
1139 1728 1286 1783 dedit
1313 1730 1596 1785 intervalla
1623 1732 1833 1787 dierum
1860 1752 1871 1786 ε

2231 1752 2347 1810 l'loc
2373 1753 2440 1810 de
2468 1755 2632 1813 corde
2660 1757 2806 1813 venit
2826 1756 3098 1814 benedicti
3118 1757 3341 1830 spiritus
3362 1728 3503 1830 agri:

535 1818 601 1874 υτ
625 1820 816 1875 saltem
845 1818 1037 1920 οξῃοίίδ
1066 1821 1426 1877 mediocribus
1453 1822 1642 1920 “"3"”
1670 1823 1869 1881 ωιτίδίί
2014 1843 2058 1903 Β
2228 1847 2346 1903 Vita
2374 1848 2645 1919 pudicitia:
2662 1891 2677 1917 ,
2702 1858 2759 1906 et
2781 1850 2985 1920 liquido
3013 1818 3169 1907 mens
3197 1818 3428 1909 candida
3456 1870 3634 1920 vero,

533 1912 863 1968 Vestimenta
889 1911 1097 1981 legant,
1125 1919 1181 1967 et
1210 1926 1307 1967 eos
1333 1927 1487 1968 sacra
1518 1912 1727 1970 ﬁmbria
1756 1923 1945 1981 sanet,

2229 1936 2471 1993 Nicetam
2500 1937 2704 1995 faciunt
2731 1938 2915 2008 ﬂores,
2936 1949 2992 1996 et
3013 1951 3258 1997 aromata
3281 1944 3354 2013 (ο)
3377 1947 3682 2000 γθτηειάοο.

530 2005 633 2071 Qui
660 2020 767 2059 non
795 2012 1041 2060 extorres
1068 2004 1284 2074 penitus
1311 2006 1533 2075 regione
1559 2008 1768 2073 salutis,

2238 2030 2241 2031 ⁷
2300 2025 2521 2083 Munere
2549 2029 2677 2097 quid
2704 2037 2856 2086 tanto
2885 2004 3128 2101 dignum,
3152 2033 3237 2087 vel
3259 2004 3444 2100 corde,
3463 2035 3566 2089 vel
3588 2051 3691 2091 ore

396 2097 501 2151 125
536 2097 985 2197 intraperpetum
1005 2098 1285 2197 .stabulant
1308 2100 1570 2197 praisepia
1599 2100 1747 2197 vil413_._
2092 2116 2195 2171 170
2232 2116 2466 2189 Pauper,
2491 2129 2547 2175 et
2575 2121 2855 2192 insipiens,
2886 2097 3228 2193 etvparvulus
3252 2125 3413 2181 edere
3430 2097 3706 2197 possim?

534 2187 834 2257 Longinqui
862 2187 1048 2257 primis
1069 2203 1179 2244 non
1206 2188 1368 2257 longo
1396 2185 1502 2244 ﬁne
1528 2189 1801 2246 secundis.

2166 2218 2167 2221 ‘
2228 2185 2367 2277 Ipso
2378 2185 2523 2265 nunc
2542 2185 2723 2267 Felic-c
2741 2185 2878 2283 opus
2899 2185 2999 2278 est,
3024 2222 3080 2269 et
3107 2216 3162 2269 in
3189 2216 3295 2271 hoc
3314 2185 3706 2286 mihi-munus,

530 1001 685 1055 Festa
716 1008 908 1071 parent
934 1001 1184 1066 Domino,
1215 1001 1341 1071 quia
1362 999 1563 1071 jugiter
1590 1003 1942 1060 intemeratos

526 1091 751 1146 Justitire
779 1091 984 1147 servire
1013 1090 1176 1161 piget.
1208 1091 1531 1161 Delinquere
1559 1094 1750 1163 suetis,

392 1181 494 1234 115
536 1180 767 1237 Parcere
794 1190 1043 1251 peccato,
1068 1181 1222 1236 labor
1246 1189 1349 1237 est.
1376 1181 1695 1239 Decurritur
1721 1184 1871 1239 omni

534 1275 703 1342 Valle,
728 1291 825 1345 per
851 1290 1132 1329 ascensum
1162 1289 1272 1330 non
1300 1283 1387 1331 est
1413 1277 1646 1333 evadere
1672 1293 1855 1334 cursu.

602 2282 813 2337 Primus
852 2282 997 2337 enim
1036 2284 1112 2353 (α)
1144 2282 1342 2353 gradus
1382 2293 1464 2339 est
1501 2284 1661 2351 οωιο,
1700 2290 1985 2378 Ρξπιθκθτθ
2229 2295 2419 2352 Sumat
2447 2304 2508 2354 ut
2535 2315 2566 2353 a
2595 2299 2829 2370 Christo,
2860 2302 2991 2358 mihi
3021 2319 3157 2373 quas
3179 2305 3454 2378 impertiat
3483 2308 3645 2378 ipse,

1735 2374 1984 2448 [οωιοῖοε
2236 2388 2306 2444 Ut
2332 2390 2492 2460 digne
2515 2392 2620 2447 sibi
2646 2402 2829 2463 grater
2856 2411 3008 2466 opes.
3034 2396 3102 2451 Et
3122 2374 3273 2453 nunc
3296 2399 3428 2453 mihi
3452 2374 3670 2456 vellem

534 2466 799 2560 (Eontinua
828 2465 1072 2560 bonitate
1099 2465 1236 2560 dies,
1261 2473 1320 2560 et
1342 2473 1585 2560 tempore
1606 2473 1723 2521 toto
1807 2555 1841 2560 __
2233 2481 2365 2535 Viva
2391 2485 2645 2553 perennis
2673 2497 2825 2555 aquae
2854 2465 3139 2544 manarent
3158 2488 3379 2546 ﬁumina
3407 2500 3645 2560 ventre,

541 2552 746 2609 Pascha
769 2570 984 2610 sacrum
1009 2554 1209 2610 Christi
1238 2555 1384 2611 cultu
1410 2556 1692 2611 celebrare
1716 2555 1933 2626 pudico.
2092 2572 2199 2626 175
2239 2572 2309 2628 Ut
2338 2552 2445 2630 nd"
2473 2588 2569 2630 ore
2599 2552 2741 2644 meo;
2768 2578 2863 2633 sed
2892 2576 3091 2635 Christi
3117 2595 3343 2638 munere
3370 2597 3607 2652 possem
3630 2552 3684 2616 ξι

398 2644 497 2699 150
607 2645 763 2711 Quod
791 2645 834 2700 si
864 2645 1033 2700 mixta
1056 2659 1212 2713 seges
1234 2645 1444 2702 tribulis
1464 2646 1595 2701 mihi
1618 2645 1907 2742 germinat,
1933 2653 1987 2700 et
2098 2665 2105 2671 -
2234 2662 2498 2720 ιωιίιίηιη
2522 2681 2777 2723 enarrare
2796 2670 2836 2700 ιο
2867 2684 3042 2725 meam
3058 2712 3073 2739 ν
3098 2686 3218 2742 qua,
3242 2644 3467 2728 mun'em
3488 2672 3712 2733 Chrisu

1872 2736 1989 2808 [cor
2235 2754 2462 2811 Uberius
2488 2758 2650 2814 solito
2679 2760 2951 2829 placidum
2973 2736 3323 2832 mihi—pectus
3352 2764 3633 2831 inundat,

538 2826 801 2880 Incultum
829 2825 1070 2881 stimulat
1099 2826 1300 2881 terreni
1327 2826 1483 2896 spina
1511 2823 1750 2891 laboris;

2231 2845 2585 2916 Natalemque
2612 2823 2743 2903 mihi
2769 2850 3010 2919 duplicat
3037 2823 3235 2907 Felicis
3262 2866 3449 2908 amore

536 2916 631 2970 Vel
663 2914 810 2971 festis
832 2915 1062 2971 Domino
1088 2914 1334 2971 studeam
1361 2930 1450 2971 me
1477 2914 1673 2971 offerre
1701 2914 1913 2983 diebus,
2233 2914 2533 3008 Μυιιίριίοξ,
2556 2937 2727 2994 Video
2758 2914 3011 3009 pra—356"“
3040 2935 3245 2997 lumine
3272 2958 3458 2998 comm

540 3003 611 3059 Ut
637 3006 722 3060 vel
753 3014 906 3076 parte
935 3006 1043 3061 mei
1071 3015 1286 3076 tangam
1315 3005 1550 3062 conﬁnia
1578 3007 1737 3074 vitae,
2088 3024 2116 3077 ἰ

2088 3024 2198 3080 ’180
2236 3003 2480 3082 Niceten:
2511 3028 2591 3099 (d)
2624 3003 2852 3085 rediisse
2880 3030 3040 3098 mihi,
3071 3032 3295 3103 visoque
3322 3043 3595 3102 parente,

536 3094 778 3165 Corpore
806 3110 909 3150 nec
938 3096 982 3127 ¹³
1012 3103 1130 3153 toto
1161 3097 1344 3152 trahar
1372 3097 1425 3152 in
1454 3099 1728 3154 consortia
1756 3099 1964 3155 mortis.
2235 3115 2399 3186 Cujus
2427 3094 2537 3187 pm;
2564 3094 2772 3174 έυηοιίε
2799 3134 2953 3175 amo,
2980 3094 3036 3175 ίπί
3063 3136 3151 3175 me
3181 3094 3390 3191 τξεηέι,
3414 3131 3473 3179 ει
3503 3094 3641 3194 ίρέθ

399 3188 500 3243 155
606 3187 943 3257 Quamquam
973 3189 1136 3258 igitur
1156 3188 1274 3259 jugi
1316 3206 1417 3247 nos
1452 3190 1547 3260 qui
1584 3192 1819 3247 statione
1853 3207 1975 3262 pro-

1740 3207 1819 3247 ὐθ
1853 3207 1984 3262 Ρτο·
2014 3216 2060 3278 c
2237 3205 2450 3264 Nicetes
2478 3208 2571 3275 ﬁo,
2592 3209 2864 3267 benedicti
2890 3212 3123 3269 nominis
3148 3213 3316 3268 instar

1766 3284 1990 3379 [ρξιιίιυιι
2240 3298 2417 3355 Mente
2437 3315 2649 3368 gerens,
2674 3316 2795 3373 qua:
2817 3320 2958 3360 nunc
2976 3313 3106 3362 voto
3135 3307 3343 3362 victore
3366 3282 3708 3379 triumphat.

535 3369 863 3470 Accolimus,
888 3368 1063 3427 sancti
1092 3369 1363 3470 potiamur
1389 3371 1600 3470 honore
1628 3373 1843 3470 patroni
1864 3413 1879 3439 ,
2317 3388 2389 3462 (θ)
2419 3388 2572 3447 Hunc
2599 3368 2709 3462 ego
2729 3393 3068 3465 conspiciens
3095 3394 3257 3467 longo
3285 3405 3409 3467 post
3440 3368 3713 3470 tempore

533 3461 707 3528 Quem
737 3469 793 3517 et
819 3461 937 3516 sine
966 3460 1133 3515 natali
1159 3459 1354 3515 devota
1382 3460 1689 3531 frequentia
1719 3478 1937 3534 semper
2370 3459 2377 3462 ⁷
2638 3459 2658 3462 ”
2760 3490 2761 3493 η

3532 3490 3714 3549 longe

533 3490 707 3528 gustu
737 3490 793 3517 Ut
819 3490 937 3516 nunc
966 3490 1133 3515 “dldu
1159 3490 1354 3515 ucvusa
1382 3490 1689 3531 ucqucuua
1719 3490 1937 3534 aculpcr
2760 3490 2761 3493 η
3504 3490 3677 3562 [long

533 3555 920 3622 Concelebrat;
942 3563 1124 3610 tamen
1152 3561 1210 3609 ιιι
1230 3554 1434 3625 proprii
1455 3570 1554 3625 per
1577 3554 1771 3611 herilia
1790 3570 1970 3612 verm:
2096 3569 2201 3625 185
2239 3571 2411 3627 Natali
2429 3572 2643 3629 venisse
2664 3582 2779 3641 tuo,
2802 3575 3100 3634 clarissime
3115 3577 3290 3645 Felix,

538 3651 695 3706 Festa
727 3651 1033 3706 relaxemur
1060 3652 1224 3717 curis,
1248 3660 1305 3707 et
1329 3663 1454 3709 vota
1484 3668 1764 3722 canamus,
2239 3662 2427 3718 Nonne
2453 3674 2543 3717 tua
2570 3662 2799 3721 ducente
2827 3682 2993 3722 manu
3021 3668 3343 3727 adventasse
3370 3670 3601 3728 fatebor
3621 3675 3647 3729 ?

401 3746 500 3799 MU
538 3743 706 3813 llujus
734 3744 932 3799 laetitiae
958 3745 1212 3815 princeps
1236 3745 1591 3816 psallentibus
1617 3747 1708 3803 ibo
2237 3754 2368 3809 Nam
2389 3755 2509 3824 quis
2532 3764 2643 3811 tam
2671 3757 2820 3814 claro
2848 3760 3052 3829 poterit
3080 3776 3191 3816 non
3211 3777 3440 3818 cernere
3468 3764 3671 3833 signo.

538 3835 833 3901 Fratribus,
847 3843 902 3890 et
924 3836 1128 3890 socium
1145 3835 1337 3892 ducam
1353 3838 1507 3907 quasi
1534 3839 1753 3909 signifer
1772 3853 1986 3911 agmen.
2243 3846 2356 3901 lloc‘
2376 3862 2541 3916 prece
2568 3849 2880 3918 provenisse
2912 3859 3024 3918 tua,
3046 3859 3122 3919 ut,
3147 3852 3292 3921 quod
3313 3868 3530 3909 sumere
3553 3858 3714 3912 votis

610 3926 743 3981 Nam
764 3927 890 3982 licet
916 3941 949 3981 e
974 3928 1124 3982 varia
1146 3928 1329 3998 populi
1358 3932 1583 3998 regione
1612 3931 1919 4001 frequentes
2240 3935 2342 3990 Vix
2370 3944 2642 4005 poteram,
2669 3946 2763 3993 aut
2781 3938 2899 4009 ipso
2919 3941 3112 3997 saltem
3137 3943 3268 3998 mihi
3289 3942 3452 4012 ﬁgere
3472 3959 3711 4017 somno,

537 4020 894 4089 Comparibus
922 4020 1061 4075 votis
1083 4018 1245 4074 hodie
1265 4019 1352 4089 pia
1375 4021 1568 4087 gaudia
1598 4020 1857 4091 fundant;
2098 4025 2201 4081 190
2236 4024 2480 4081 Nicetam
2504 4028 2546 4059 ¹⁷
2568 4042 2753 4083 rursus
2775 4028 2818 4061 ¹⁸
2840 4044 3054 4097 coram,
3077 4030 3272 4089 Felieis
3294 4034 3351 4089 in
3376 4035 3499 4105 ipso

539 4110 622 4165 Me
653 4118 833 4164 tamen
858 4108 1079 4163 uberius
1105 4107 1261 4162 decet
1291 4117 1457 4177 atque
1486 4110 1745 4179 insignius
1776 4115 1881 4170 isto
2241 4117 2437 4186 Natali,
2459 4118 2579 4174 visu
2606 4120 2766 4176 simul
2792 4122 3153 4195 amplexuque
3181 4133 3445 4193 tenerem,

402 4205 499 4256 115
540 4202 821 4255 Exsultare
848 4198 935 4253 die
960 4216 972 4251 :
995 4198 1123 4267 quia
1152 4213 1311 4254 nemo
1343 4200 1653 4257 obstrictior
1673 4213 1756 4259 est
1780 4220 1867 4261 me
2243 4213 2417 4281 Atque
2439 4214 2633 4269 iterum
2653 4214 2753 4269 sub
2782 4230 2849 4271 eo
2875 4231 3130 4273 canerem
3148 4234 3269 4276 mea
3290 4221 3495 4288 debita,
3512 4222 3708 4289 Felix,

540 4290 761 4344 Debitor
789 4287 915 4343 huic
933 4328 948 4353 ,
972 4288 1060 4343 cui
1084 4287 1296 4385 privato
1319 4291 1607 4385 specialius
1635 4303 1783 4351 astro
2245 4303 2503 4360 Auditore
2531 4306 2646 4361 tibi.
2670 4305 2777 4362 Sed
2801 4308 2930 4377 quid
2959 4306 3189 4365 faciam?
3217 4324 3371 4381 rogo.
3402 4312 3639 4385 Pauper

541 4382 644 4435 Ista
672 4380 791 4435 dies
818 4386 1026 4433 tantum
1058 4380 1267 4449 peperit
1295 4380 1412 4436 sine
1442 4383 1547 4439 line
1578 4393 1888 4454 patronum.
2242 4395 2431 4453 Divitis
2460 4397 2674 4454 assideo
2698 4400 2738 4433 ¹⁹
2764 4414 2983 4467 mensae,
3007 4409 3064 4456 et
3091 4402 3256 4458 miser
3279 4380 3454 4459 audeo
3479 4380 3710 4475 magnis

613 4472 795 4540 Salve,
827 4487 951 4528 cara
977 4472 1110 4541 dies,
1136 4474 1302 4539 salve,
1336 4474 1467 4530 mihi
1497 4475 1586 4529 lux
1617 4492 1758 4543 mea,
1782 4479 1953 4545 salve,
2102 4487 2204 4541 195
2242 4486 3005 4561 lnsertaremanumdapibusf
3022 4510 3037 4560 ;
3062 4496 3425 4566 nequecogito
3438 4472 3600 4566 quod
3612 4516 3711 4557 me

539 4564 765 4635 Semper
792 4563 930 4619 festa
959 4564 1089 4619 mihi
1116 4583 1128 4619 :
1151 4564 1245 4620 sed
1266 4566 1322 4620 in
1342 4566 1445 4622 hoc
1465 4567 1595 4621 mihi
1622 4567 1825 4625 clarius
1845 4584 1992 4625 anno
2022 4594 2070 4655 υ
2242 4576 2393 4632 Talia
2421 4580 2687 4635 consimili
2706 4581 2849 4649 vice,
2870 4581 3048 4650 qualia
3070 4598 3249 4650 sumo,
3273 4563 3468 4655 parare

405 4651 505 4708 150
542 4652 669 4709 Orta
700 4654 984 4722 refulsisti,
1009 4655 1134 4725 quia
1163 4671 1288 4710 cum
1317 4656 1512 4712 Felicis
1540 4657 1752 4713 honore
2022 4651 2047 4655 ⁷
2240 4668 2565 4735 Conveniat,
2589 4671 2917 4742 dignumque
2944 4674 3048 4730 isto
3078 4675 3209 4732 dare
3228 4651 3413 4746 judice
3434 4677 3705 4736 verbum.

543 4745 784 4800 Nicetam
808 4747 852 4778 ιλ
873 4746 1105 4812 revehis,
1129 4756 1437 4802 sanctorum
1461 4755 1521 4801 ut
1547 4762 1733 4805 amore
1761 4748 1990 4807 duorum
2239 4759 2418 4826 Quare
2439 4761 2585 4831 inopi
2608 4762 2695 4829 da,
2715 4773 2921 4833 sancte,
2944 4772 3058 4825 tuo.
3077 4774 3136 4821 ut
3161 4776 3216 4823 te
3244 4766 3403 4837 digna
3433 4778 3706 4838 patrono,

546 4836 736 4891 Binum
798 4837 1025 4891 habeam
1078 4836 1313 4891 natalem
1360 4836 1558 4903 hodie,
1596 4853 1706 4908 quo
1758 4855 1991 4911 corpore
2242 4849 2307 4904 Et
2335 4852 2539 4919 pariter
2565 4852 2831 4921 condigna
2860 4862 2955 4911 tuo
2984 4855 3177 4926 loquar
3198 4856 3270 4929 (f)
3294 4836 3457 4912 ausus
3483 4836 3700 4917 amico.

1797 4932 1993 5003 [sumti
2099 4941 2202 4995 200
2318 4941 2491 4999 Posco
2514 4951 2655 5011 tuos,
2672 4944 3034 5012 Felix,tecum
3056 4948 3126 5004 ad
3151 4957 3240 5005 tua
3264 4959 3387 5006 vota
3411 4962 3705 5020 parentes.

544 5018 792 5090 Martyris
820 5031 1100 5072 excessum
1128 5018 1428 5085 celebrans,
1451 5030 1506 5075 et
1534 5035 1764 5092 corpore
1789 5027 1990 5094 promti
2244 5036 2373 5100 Quae
2405 5042 2496 5089 tua
2532 5044 2658 5092 vota
2690 5038 2904 5109 loquor,
2940 5057 3060 5097 mea
3090 5052 3246 5109 sunt,
3271 5053 3327 5100 et
3358 5018 3543 5101 verius
3579 5050 3708 5105 haec

546 5118 684 5173 Ecce
711 5113 1007 5171 sacerdotis
1030 5112 1262 5168 reditum
1284 5116 1512 5172 satiatus
1540 5118 1711 5174 adoro
1740 5128 1789 5184 ⁸,
3547 5139 3710 5211 [sunt

481 5261 585 5338 filii
609 5269 691 5315 est
718 5261 933 5338 honoro.
960 5258 1092 5314 Vide
1122 5267 1236 5314 not.
1270 5258 1396 5315 299.
2173 5258 2249 5338 ςὺ)
2280 5258 2370 5338 Sic
2405 5263 2743 5338 reposuimus
2762 5264 3176 5338 _refragantibus
3204 5270 3515 5338 codicibus;
3560 5275 3704 5338 quid

479 5332 504 5370 ι)
536 5332 589 5385 lil
619 5340 699 5385 est
728 5330 1083 5399 divertentem.

2120 5330 2242 5383 inim
2259 5329 2360 5383 sibi
2373 5329 2504 5397 vult,
2520 5332 2738 5387 Junctus
2751 5329 2959 5390 Domini
2973 5341 3245 5394 comitatus
3260 5341 3285 5394 ?
3298 5340 3427 5398 Vide
3438 5329 3696 5399 not.300.

483 5416 503 5441 ο
536 5398 1253 5473 Ιλὶοειῃῇᾳροθιίοξρθιιιὶε.
1285 5416 1352 5465 ii,
1384 5416 1437 5453 ν.
1471 5399 1533 5454 11
1584 5408 1641 5457 et
1680 5401 1767 5457 12.
1804 5402 1987 5473 Virgil.
2173 5401 2245 5473 (ε)
2278 5399 2374 5473 Ms.
2408 5403 2581 5457 codex
2609 5403 2793 5460 Germ.
2827 5406 3040 5461 Christi.

411 5475 583 5539 eclog.
616 5475 665 5528 1.
692 5468 812 5527 Vidi
840 5477 951 5524 not.
986 5468 1110 5523 500.
1901 5468 1923 5473 ⁷
2175 5471 2252 5549 id)
2279 5469 2427 5549 idem
2456 5473 2624 5549 codex
2651 5491 2749 5530 ηις.
2784 5492 2906 5531 cum
2936 5477 3097 5533 editis
3119 5480 3379 5549 quinque,
3400 5480 3646 5538 Niceten.

2198 5543 2247 5611 e)
2278 5541 2367 5596 Sic
2390 5544 2710 5611 restitutum
2739 5561 2805 5599 ex
2838 5563 2937 5601 ms.
2976 5541 3164 5605 codice
3208 5541 3391 5607 Germ.
3434 5561 3491 5609 et
3531 5553 3699 5610 editis

473 5609 1019 5685 d-{Cant.ii,ll,12.
1046 5609 1232 5679 Virgil.
1260 5609 1461 5682 Ecloga
1486 5612 1538 5666 1.
2099 5609 2260 5665 Grav.
2297 5620 2349 5665 et
2377 5610 2563 5668 Schol.
2598 5616 2650 5669 in
2677 5630 2880 5685 margg.
2913 5617 3121 5673 Ceteri:

486 5686 503 5721 ¹
540 5683 698 5763 Prov.
729 5699 877 5763 xxnt,
907 5685 957 5737 1.
1008 5752 1040 5763 Α
1334 5751 1345 5763 ν
1488 5752 1501 5763 .
1630 5752 1665 5763 ἢ
1706 5756 1714 5763 Α
1927 5760 1936 5763 Α
2181 5760 2187 5763 Α
2220 5689 2352 5763 Ergo
2374 5695 2681 5753 conspiciens
2699 5683 2826 5745 hunc
2841 5683 2994 5759 longo
3019 5704 3239 5761 tempore
3265 5702 3413 5763 longe

482 5756 558 5821 (ιι)
592 5754 982 5834 Muniiscriptus
1002 5751 1378 5810 Germanensis
1404 5752 1601 5821 codex,
1624 5752 1827 5812 Primus
1852 5760 1991 5814 enim
2169 5760 2235 5830 (f)
2266 5760 2340 5813 Ita
2368 5751 2702 5834 reposuimus
2722 5782 2789 5823 ex
2810 5785 2909 5825 ms.
2929 5751 3521 5832 codice'Germaiuiensi.
3542 5776 3691 5831 Ante

414 5825 529 5877 vita:
553 5824 743 5891 gradus
774 5834 869 5878 est.
2097 5824 2225 5884 erat
2242 5846 2381 5884 usus.
