4006 6182
416 386 521 442 655
1351 372 1410 430 S.
1453 365 1727 426 PAULINI
1765 359 2013 422 NOLANI
2052 352 2352 412 EPISCOPI
2393 349 2734 410 POEMATA.
3576 347 3674 402 656

630 494 736 554 Sed
764 491 892 565 quid
922 487 1114 562 agam?
1145 497 1320 556 neque
1343 483 1390 538 si
1420 480 1697 553 proprium
1727 477 1847 531 dem
1875 488 1996 529 cor-
2023 475 2074 532 Α
2238 464 2598 538 635-636
2631 461 2740 518 Sed
2771 455 3053 516 desideriis
3091 455 3494 528 superantibus,
3511 454 3679 565 robii-ia

1596 571 1718 643 [pus
1747 569 1800 622 in
1830 568 1998 635 ignes,
2422 642 2426 643 ί
2603 641 2612 643 _
2674 640 2684 643 Α

2422 642 2426 643 ν
3511 545 3683 618 [nobis

420 681 526 739 295
563 679 938 745 Vilescamque
958 671 1108 738 mihi,
1132 683 1230 723 nec
1251 667 1297 697 ’⁵
1329 635 1791 731 εδηςυίηειᾶθὺὶῑέι
1814 656 1933 712 fuso
2241 642 2470 745 Ϊίηειὲια
2493 640 2687 745 rupis“
2711 657 2723 693 ε
2748 653 2850 693 nec
2877 646 2930 693 ιθ
2957 651 3127 703 mare,
3152 635 3613 745 “8513130201103.

560 770 711 826 lusta
737 725 1239 830 tibijsolvam,’quia
1261 771 1349 813 me
1371 725 1590 810 reddam
1619 751 1715 806 tibi
1737 763 1836 820 pro
1856 762 1964 812 me,
2248 735 2358 790 Nec
2385 733 2600 789 (ἶοῐῒιίεί
2629 741 2852 785 tenuere
2873 736 3070 830 ωθῑιιξε
3092 743 3194 783 nec
3214 726 3411 830 Τι’ξὲοφ
3440 725 3622 795 ιοιιείε

561 816 910 929 Et'quidquid
925 816 1087 908 simili
1108 816 1226 905 vice
1253 849 1679 912 fecero,semper
1700 816 1794 896 ero
1810 839 2001 908 impar,
2105 826 2211 882 540
2247 827 2389 882 Dura
2415 826 2516 880 viis
2536 838 2712 929 vere
2733 824 2789 877 in
2816 822 3001 885 tantis,
3025 819 3233 885 Niceta,
3254 816 3402 872 fuisti

793 910 886 1003 fibi
906 965 919 999 :
939 945 1064 1015 quia
1085 952 1141 998 tu
1155 955 1251 1012 pro
1273 953 1358 993 me
1376 910 1630 1000 mea,no_n
1647 930 2002 995 tua,Christe,
2247 918 2472 1015 Easibus
2498 914 2693 971 affectu
2723 914 2895 970 victus
2913 913 3193 980 victorque
3220 910 3476 978 benigno,

570 1044 761 1098 Debita
785 1000 1346 1106 solvisti,pr0.servis
1364 1042 1554 1099 passus
1576 1023 1790 1094 iniquis.
2250 1006 2429 1064 Fortis
2461 1014 2518 1105 et
2563 1005 2808 1061 infirmus
2852 1003 3074 1074 pariter,
3118 1000 3216 1059 sed
3259 1008 3549 1106 utrumque
3595 1013 3691 1069 po-

425 1133 532 1189 500
635 1132 765 1199 Quis
793 1129 890 1186 tibi
917 1092 1107 1199 penset
1149 1121 1337 1177 amor?
1365 1092 1630 1174 Dominus
1659 1092 1780 1169 mea
1832 1111 2006 1166 forma
2249 1189 2311 1199 ψ
2468 1098 2474 1105 ’
2553 1189 2566 1199 ⁸
2603 1188 2617 1199 .
2648 1188 2661 1199 0
2779 1187 2791 1198 ⁸
2934 1185 2975 1199 n
3012 1184 3045 1199 υ
3085 1184 3096 1196 .
3463 1092 3683 1164 [ιειιιετ.

1815 1199 2004 1274 [fuisti,
2249 1189 2436 1245 Victus
2463 1188 2720 1256 amicitia,
2739 1187 2915 1242 victus
2934 1184 3127 1240 Felicis
3146 1198 3353 1249 amore,

576 1313 647 1370 Ut
685 1325 872 1368 servus
910 1315 1004 1363 tua
1032 1305 1206 1361 forma
1246 1301 1451 1357 forem:
1486 1304 1541 1354 et
1568 1308 1656 1352 res
1682 1305 1877 1362 magna
1904 1305 2008 1360 pu-
2250 1280 2447 1336 Vicisti
2465 1280 2629 1335 duros
2657 1288 2845 1334 tenera
2871 1278 3073 1346 pietate
3101 1276 3334 1331 labores.

1821 1379 2007 1453 [tatur,
2108 1372 2214 1426 545
2322 1371 2473 1426 Nunc
2514 1383 2643 1439 age,
2681 1376 2869 1424 sancte
2896 1382 3125 1438 parens,
3166 1381 3352 1421 aurem
3381 1364 3516 1418 mihi
3560 1363 3690 1419 dede

575 1492 800 1561 Mercari
822 1489 1096 1562 propriam
1125 1485 1193 1541 de
1221 1498 1280 1538 re
1305 1486 1566 1554 pereunte
1590 1473 1856 1531 salutem?
2255 1551 2298 1562 ῃ
2353 1549 2366 1562 _
2546 1550 2588 1562 η
2717 1550 2729 1560 .
2823 1549 2834 1560 .
2943 1547 2954 1558 .
3068 1546 3082 1562 1
3313 1457 3690 1562 [manumqueg

574 1546 854 1654 Perpetuis
883 1546 1092 1634 mutare
1119 1546 1324 1630 caduca
1339 1611 1355 1638 ,
1385 1578 1440 1625 et
1461 1567 1697 1623 vendere
1725 1572 1959 1625 terram,
2253 1549 2522 1606 Nodemus
2545 1550 2590 1582 ³⁸
2618 1550 2794 1604 socias
2821 1549 2876 1603 in
2904 1546 3119 1602 vincula
3147 1554 3331 1600 mutua
3359 1547 3593 1614 palmas

573 1638 778 1731 Coelium
805 1671 1016 1727 emere?
1044 1666 1181 1722 Ecce
1209 1665 1348 1718 Deus
1375 1667 1577 1730 quanto
1593 1673 1680 1714 me
1691 1656 1868 1712 carius
1882 1652 2014 1707 emit
2255 1645 2421 1713 Inque
2447 1645 2620 1698 vicem
2646 1642 2801 1698 nexis
2827 1641 3037 1695 alterno
3066 1638 3268 1694 fmdere
3292 1638 3524 1703 dextris,

435 1768 540 1822 505
578 1766 748 1819 Morte
772 1761 982 1819 crucis?
1004 1771 1212 1829 passus,
1234 1729 1471 1822 dejectus
1491 1749 1720 1817 imagine
1742 1744 1905 1813 servi,
2253 1734 2544 1790 Sermones
2563 1733 2741 1788 varios
2764 1745 2951 1801 gressu
2969 1729 3236 1800 spatiante
3257 1742 3526 1782 seramus.

579 1856 650 1911 Ut
674 1855 808 1910 viles
838 1820 1043 1906 emeret
1072 1820 1310 1918 pretioso
1339 1840 1599 1911 sanguine
1627 1851 1832 1892 servos.
1917 1836 1930 1848 '
2039 1840 2089 1900 Β
2254 1824 2517 1880 Enarrare
2543 1824 2674 1879 libet
2693 1823 2883 1887 simul,
2915 1830 2971 1877 et
2998 1829 3301 1876 monstrare
3327 1820 3547 1889 parenti

647 1945 756 2001 sed
782 1942 909 2012 quid
937 1912 1128 2009 agam}?
1161 1935 1239 2007 (α)
1269 1936 1441 1989 immo
1473 1929 1788 1986 temerarius
1815 1924 2017 1981 evehor
2114 1915 2220 1971 550
2257 1915 2501 1971 Sollicito
2532 1923 2746 1969 nostros
2774 1921 2892 1968 toto
2919 1927 3027 1983 quo
3054 1912 3224 1966 defuit
3250 1921 3403 1966 actus

1832 2013 2015 2090 '[alto,
2256 2009 2541 2080 Tempore.
2584 2007 2718 2061 Nam
2765 2007 2852 2062 cui
2888 2004 3010 2076 jure
3055 2005 3226 2075 magis
3258 2019 3378 2059 mea
3418 2013 3573 2075 gesta
3614 2020 3697 2060 re-

577 2131 752 2184 Ausus
772 2128 827 2182 in
851 2123 1123 2180 excelsum
1150 2117 1320 2187 fragili
1351 2130 1438 2171 me
1466 2113 1686 2170 credere
1714 2108 1931 2180 penna?
3473 2097 3698 2169 ﬂexam,

581 2219 828 2289 Martyris
856 2213 1054 2284 egregii
1085 2185 1318 2265 natalem
1351 2206 1463 2278 (qui
1490 2219 1644 2259 meus
1668 2209 1753 2256 est
1782 2200 1923 2268 mos)
2256 2187 2555 2256 Felicisque
2581 2202 2744 2241 manu
2772 2185 2928 2241 nobis
2955 2193 3177 2256 operata
3205 2185 3507 2254 revolvam,

439 2314 545 2368 510
582 2273 803 2364 Materia
826 2273 1029 2360 leviore
1057 2314 1276 2364 canens,
1306 2298 1358 2351 in
1387 2273 1593 2351 summa
1618 2298 1842 2361 repente
2261 2279 2433 2345 Quam
2460 2279 2548 2334 cui
2569 2292 2698 2334 cura
2726 2277 2946 2331 sumus?
2973 2276 3188 2347 gemino
3212 2275 3284 2346 (ε)
3315 2276 3406 2344 qui
3430 2273 3559 2344 jure
3586 2290 3698 2329 ma-

576 2382 814 2464 Emicui,
853 2411 1015 2467 super
1055 2400 1202 2448 astra
1244 2389 1462 2456 volans,
1503 2394 1846 2451 mentemque
1890 2393 2022 2449 pro-
2262 2459 2303 2467 _
2499 2459 2512 2467 Δ
3519 2365 3698 2439 [gistri

1813 2471 2020 2543 [cacem
2261 2459 2331 2515 Et
2373 2459 2542 2532 patris
2582 2467 2641 2514 ut
2691 2459 2831 2515 bene
2874 2467 3026 2529 gesta
3069 2458 3294 2530 probet,
3327 2458 3408 2514 sic
3453 2458 3697 2528 improba

579 2583 660 2637 Ad
689 2593 868 2636 rerum
891 2577 1095 2634 fontem
1122 2573 1288 2628 misso
1315 2584 1565 2626 sermone
1593 2565 1814 2623 tetendi.
3420 2547 3696 2622 [damnet

659 2671 808 2728 Unde
833 2668 964 2738 mihi
992 2667 1093 2722 hos
1113 2663 1353 2719 animos?
1375 2675 1493 2733 qua:
1513 2675 1600 2716 me
1618 2659 1760 2714 levat
1780 2672 1909 2712 aura
1928 2671 2021 2712 su-
2121 2644 2226 2700 555

2121 2644 2226 2700 555
2261 2643 2510 2713 Corrigat
2536 2648 2742 2709 errata,
2765 2650 2822 2697 et
2847 2641 3090 2712 placidus
3119 2641 3370 2711 disponat
3389 2641 3602 2710 agenda
3627 2659 3639 2694 :

1737 2751 2020 2823 [pel-bum?
2261 2735 2578 2804 lmperfecta
2603 2734 2756 2804 juvet
2782 2733 3053 2804 precibus,
3079 2732 3317 2802 perfecta
3339 2732 3602 2788 sacerdos

580 2854 700 2910 Non
735 2865 973 2924 agnosco
1005 2856 1221 2905 tumens
1260 2859 1382 2902 mea
1424 2850 1678 2915 pectora;
1709 2840 1886 2909 major
1913 2841 2025 2909 agit
2262 2828 2514 2893 Dedicet;
2541 2835 2703 2895 atque
2732 2828 2804 2882 ita
2835 2841 2897 2881 se
2921 2825 3118 2881 Felicis
3138 2826 3194 2880 in
3221 2826 3427 2880 aedibus
3455 2826 3603 2881 ultro

1825 2931 2021 3004 [metm
2264 2919 2440 2988 Atque
2458 2918 2593 2972 citro
2615 2916 2832 2983 referat,
2847 2925 3119 2986 tamquam
3143 2917 3317 2988 ipsum
3342 2926 3567 2988 pectore
3594 2925 3704 2974 toto

441 3036 549 3092 515
585 3035 770 3092 Sentio
798 3034 1064 3101 Nicetam,
1094 3029 1185 3102 qui
1215 3026 1493 3099 proximus
1522 3024 1741 3088 assidet,
1770 3030 1826 3077 et
1851 3036 1940 3077 me
2261 3009 2498 3064 Felicem
2526 3016 2707 3078 gerat,
2733 3016 2790 3063 et
2817 3009 2990 3078 patria
3014 3023 3075 3062 se
3098 3007 3269 3077 jactet
3293 3009 3346 3062 in
3376 3009 3519 3063 aula.

582 3129 804 3197 Tangit,
836 3136 890 3182 et
919 3099 1177 3194 adjuncto
1208 3121 1362 3175 lateri
1394 3119 1599 3173 vicinus
1630 3115 1866 3170 anhelat.
2121 3103 2228 3158 360
2333 3100 2472 3170 Ergo
2509 3100 2670 3168 veni,
2702 3107 2878 3170 pater,
2919 3107 2974 3155 et
3010 3099 3160 3156 socio
3211 3099 3340 3154 mihi
3372 3099 3600 3171 jungere
3630 3100 3704 3170 (ά)

584 3191 726 3274 Acer
751 3191 1054 3271 anhelantis
1075 3215 1228 3282 juxta
1257 3227 1343 3265 me
1371 3210 1591 3278 spiritus
1617 3209 1813 3270 intrat,
2052 3205 2100 3267 Ο
3525 3191 3704 3263 [passu

581 3309 967 3374 lnsolitumque
988 3279 1185 3373 potens
1206 3299 1517 3355 meditantis
1539 3299 1764 3353 suscitat
1787 3297 1988 3366 ignem,
2267 3287 2404 3342 Dum
2434 3295 2488 3342 te
2516 3286 2716 3342 circum
2746 3297 2911 3353 agens
2940 3296 3164 3354 operum
3194 3296 3294 3352 per
3319 3279 3526 3352 singula
3548 3283 3704 3338 duco.

586 3398 864 3465 Frigcntes
890 3395 1136 3447 animans
1163 3391 1380 3443 admoto
1411 3387 1596 3442 fomite
1627 3386 1809 3440 fibras.
2339 3375 2480 3431 Ecce
2505 3375 2656 3430 Vides
2686 3376 2862 3438 istam,
2886 3389 2992 3444 qua
3009 3375 3174 3444 ianua
3196 3375 3369 3445 prima
3393 3382 3660 3445 receptat,

443 3490 546 3546 3%)
648 3486 755 3542 Sed
784 3484 1071 3554 reprimam
1111 3479 1344 3535 tumidos
1371 3475 1549 3542 flatus,
1577 3491 1680 3531 nec
1713 3489 1906 3544 magna
1933 3491 2026 3532 su—
2269 3467 2515 3523 Porticus
2538 3467 2768 3522 obscuro
2794 3466 2967 3521 fuerat
2994 3469 3141 3537 prius
3170 3469 3364 3522 obruta
3389 3476 3568 3532 tecto;

1796 3568 1914 3641 [per
1940 3582 2028 3623 me
2272 3560 2427 3615 Nunc
2445 3560 2634 3615 eadem
2656 3575 2798 3614 nova
2827 3560 3114 3629 pigmentis
3138 3569 3194 3616 et
3221 3561 3455 3615 culmine
3483 3546 3672 3614 crevit.

584 3673 821 3743 Exiguus
853 3672 926 3743 (b)
956 3669 1186 3741 sperabo
1214 3666 1382 3735 loqui,
1409 3664 1717 3732 referarque
1740 3661 1926 3715 relicta
2127 3651 2233 3707 565
2271 3654 2366 3706 Ast
2395 3652 2830 3743 nbiconseptnm
2861 3651 3123 3718 quadrato
3153 3652 3409 3720 tegmine,
3432 3652 3571 3705 circa

587 3741 789 3821 Parvus
805 3741 988 3828 humo,
1009 3771 1064 3816 et
1088 3760 1250 3830 plano
1275 3755 1473 3811 modici
1487 3754 1623 3825 pede
1643 3751 1892 3807 carminis
1915 3749 2025 3806 ibo.
2273 3741 2606 3798 Vestibulum
2633 3741 2818 3795 medio
2847 3749 3122 3796 reseratur
3149 3741 3203 3794 in
3233 3743 3438 3796 aethera
3466 3755 3682 3810 campo,

660 3855 914 3922 Quamvis
942 3851 1137 3906 Felicis
1166 3849 1414 3904 meritum
1445 3846 1670 3901 sublime
1698 3842 1897 3915 profari
2269 3833 2525 3888 Hortulus
2552 3841 2678 3887 ante
2708 3831 2805 3886 fuit
2834 3832 2974 3886 male
3005 3834 3079 3903 (e)
3109 3832 3256 3887 culto
3284 3833 3508 3903 cespite,
3533 3846 3706 3886 rarum

585 3920 704 4002 Non
733 3945 932 4014 possim
962 3942 1077 3996 sine
1107 3939 1263 3993 laude
1292 3938 1413 4002 Dei,
1441 3946 1493 3989 tu
1520 3943 1705 3991 sancte
1732 3941 1957 4003 paterno
2275 3923 2414 3978 Area
2444 3922 2563 3978 vilis
2592 3921 2711 3976 olus
2737 3920 2910 3975 nullos
2939 3922 3212 3990 praebebat
3239 3923 3306 3976 ad
3335 3936 3480 3976 usus.

436 4037 547 4092 525
585 4013 808 4103 Suscipe
831 4048 914 4086 me
934 4031 1118 4084 Niceta
1139 4029 1290 4082 sinu:
1316 4034 1370 4080 et
1398 4026 1524 4078 dum
1548 4033 1767 4093 pectore
1796 4023 1954 4077 docto
2342 4017 2551 4070 Interea
2571 4014 2730 4069 nobis
2757 4028 2907 4068 amor
2935 4013 3152 4077 incidit,
3183 4014 3284 4069 hoc
3312 4028 3448 4083 opus
3470 4014 3536 4084 (f)
3567 4013 3670 4068 isto

586 4125 890 4186 Sustineor,
916 4125 1079 4186 caput
1100 4117 1153 4170 in
1175 4113 1373 4168 blando
1395 4113 1526 4167 mihi
1546 4112 1709 4166 corde
1729 4113 2027 4180 reclinans,
2128 4108 2235 4165 570
2272 4105 2565 4162 ᾸΕᾱίῐίοετθ
2585 4106 2704 4160 loco
2730 4122 2743 4157 :
2769 4119 2999 4174 namque
3023 4105 3165 4159 hunc
3191 4104 3485 4174 deposcere
3513 4105 3706 4159 cultum

583 4215 680 4269 Sal
711 4223 834 4266 tuus
865 4209 1123 4262 insulsmn
1146 4219 1233 4258 me
1254 4202 1502 4267 condiat,
1530 4209 1584 4255 et
1607 4202 1851 4255 sitientes
2271 4199 2389 4268 Ipsa
2415 4197 2727 4261 videbatur;
2753 4195 3113 4249 venerandam
3140 4202 3198 4248 ut
3224 4195 3475 4265 martyris
3503 4194 3674 4248 aulam

593 4308 752 4361 Dives
776 4319 907 4356 vena
930 4303 1067 4368 riget
1087 4300 1204 4353 rivo
1223 4297 1354 4351 mihi
1375 4303 1598 4366 perpete
1627 4309 1837 4350 sensus.
2273 4290 2494 4346 Eminus
2521 4289 2745 4344 adversa
2773 4287 2977 4342 foribus
3004 4287 3072 4342 de
3099 4287 3278 4342 fronte
3304 4288 3550 4353 reclusis,

654 4395 842 4448 Dicam
871 4393 1062 4447 iterum
1093 4388 1361 4460 gaudens,
1385 4394 1441 4440 et
1469 4385 1642 4441 adhuc
1671 4386 1754 4440 vix
1789 4385 2030 4441 muneris
2273 4383 2472 4439 Lretior
2499 4383 2794 4438 illustraret
2818 4381 3024 4445 honos;
3055 4386 3111 4433 et
3137 4387 3323 4448 aperta
3351 4393 3448 4448 per
3475 4393 3630 4433 arcus

1848 4475 2030 4548 [hujus
2274 4473 2476 4530 Lucida
2504 4472 2651 4527 frons
2676 4470 2874 4526 bifores
2901 4468 3252 4540 perfunderet
3281 4469 3470 4522 intima
3499 4468 3649 4537 largo

448 4577 554 4632 550
590 4575 851 4632 Credulus
869 4615 883 4641 ,
908 4571 1247 4643 ingeminabo
1283 4581 1509 4639 rogans:
1537 4565 1662 4630 Dic,
1693 4581 1906 4636 quasso,
1937 4581 2028 4622 re-
2061 4569 2110 4631 ι)
2132 4566 2240 4623 575
2276 4566 2522 4631 Lumine,
2545 4563 2820 4634 conspicui
2849 4561 2916 4616 ad
2945 4561 3136 4615 faciem
3165 4574 3426 4616 conversa
3453 4559 3702 4629 sepulcri,

1833 4658 2025 4732 [disti?
2273 4658 2392 4724 Quo
2421 4656 2620 4724 tegitur
2646 4654 2826 4724 posito
2855 4651 3063 4721 sopitus
3087 4664 3319 4720 corpore
3347 4657 3571 4718 martyr,

589 4755 774 4827 Teque
815 4756 989 4826 ipsum
1027 4763 1191 4809 teneo
1213 4790 1229 4816 ,
1260 4749 1482 4806 Niceta?
1520 4748 1576 4804 in
1620 4762 1728 4818 quo
1768 4749 2029 4806 hactenus
2271 4746 2373 4814 Qui
2394 4761 2490 4800 sua
2515 4745 2766 4813 fulgentis
2785 4743 2902 4799 solii
2927 4752 2952 4779 η
2979 4757 3078 4812 pro
3107 4741 3290 4795 limine
3316 4739 3468 4795 Felix
3485 4778 3501 4805 ,

1859 4845 2027 4917 [aeger
2272 4837 2420 4892 Atria
2448 4837 2532 4891 bis
2559 4835 2772 4903 gemino
2801 4833 3084 4904 patefactis
3111 4833 3311 4887 lumine
3334 4830 3505 4885 valvis

591 4942 788 4998 Noctes
816 4947 978 5008 atque
1002 4937 1116 4993 dies
1141 4935 1320 4990 animo
1349 4934 1566 4988 tabente
1591 4933 1858 5003 pependi?
2275 4926 2497 4998 Spectat
2521 4940 2710 4993 ovans,
2740 4924 3040 4995 gaudetque
3068 4923 3170 4993 piis
3197 4937 3290 4976 sua
3321 4921 3518 4976 moenia
3537 4919 3673 4975 vinci

597 5031 800 5088 Venisti
829 5030 1043 5084 tandem
1072 5035 1262 5098 quarto
1288 5025 1417 5080 mihi
1447 5023 1689 5080 redditus
1709 5033 1874 5077 anno.
2141 5017 2246 5075 580
2280 5017 2716 5084 C(etibus,atque
2730 5016 2936 5084 amplas
2951 5015 3164 5084 populis
3179 5012 3547 5083 rumpentibus
3566 5013 3711 5066 aulas

587 5126 693 5182 Sed
719 5132 895 5193 grates
923 5122 1154 5185 Christo,
1177 5119 1300 5189 quia
1329 5128 1382 5173 te
1408 5117 1492 5172 vel
1514 5133 1635 5173 sero
1656 5117 1886 5172 revexit.
2278 5111 2472 5166 Laxari
2495 5109 2686 5165 densas
2708 5123 2991 5163 numerosa
3015 5122 3111 5176 per
3133 5107 3270 5162 ostia
3293 5105 3497 5159 turbas.

453 5221 566 5278 555
673 5219 844 5285 Quam
869 5214 1036 5270 metui
1061 5227 1128 5267 ne
1153 5220 1207 5266 te
1235 5208 1426 5265 mediis
1452 5208 1763 5276 regionibus
1792 5206 1965 5262 hostis
2272 5205 2520 5275 ipsaque,
2545 5217 2649 5271 qua
2678 5201 2914 5256 tumulus
2941 5200 3134 5255 sacrati
3162 5198 3412 5271 martyris
3439 5204 3642 5265 exstat,

593 5308 890 5366 Disclusum
914 5301 1161 5373 opposita
1189 5299 1452 5355 bellorum
1481 5299 1623 5353 nube
1649 5297 1900 5352 teneret?
2272 5295 2407 5350 Aula
2435 5309 2605 5350 novos
2632 5292 2848 5348 habitus
2875 5291 3026 5347 senio
3053 5298 3278 5362 purgata
3301 5287 3572 5344 resumsit.

517 5455 545 5486 ι
574 5442 710 5499 Vide
736 5447 849 5495 not.
881 5435 986 5490 ’504
1013 5443 1067 5488 et
1093 5434 1183 5488 '59-
1897 5498 1900 5499 ν
2127 5433 2411 5489 Sacchino.
2443 5429 2577 5492 Alii,
2607 5444 2824 5498 quoque.

518 5498 602 5584 (a)
626 5514 716 5568 Sic
742 5507 1142 5566 emendavimus
1179 5518 1246 5558 ex
1293 5517 1392 5557 ms.
1426 5499 1778 5556 Germanensi
1807 5498 2016 5555 codice.
2200 5503 2280 5641 ἑά)
2313 5501 2407 5554 Ms.
2441 5499 2648 5561 Germ.,
2680 5513 2880 5578 gressu.

518 5590 613 5641 ias.
645 5592 770 5637 toto.
1501 5640 1522 5641 ί
1568 5640 1578 5641 ί
1713 5637 1740 5641 _
1868 5639 1876 5641 _
1993 5640 1997 5641 ν
2224 5573 2271 5640 e)
2303 5570 2381 5624 lta
2407 5569 2819 5641 emendavimus
2848 5581 2878 5619 e

450 5556 770 5648 mia'sﬂiob.
944 5647 951 5648 ί
1059 5644 1086 5648 _
1359 5556 1364 5557 ί
1439 5641 1451 5648 _
1495 5640 1526 5648 _
1567 5640 1580 5648 _
1651 5646 1657 5648 _
1707 5637 1741 5648 η
1787 5647 1792 5648 ί
1867 5639 1878 5648 _
1990 5640 2001 5648 _
2131 5643 2158 5648 _
2200 5556 2275 5648 ζεῖ
2303 5570 2381 5648 lt_a
2407 5556 2819 5648 emendayi'mus
2848 5581 2914 5619 ex
2943 5578 3046 5619 ms.
3082 5561 3268 5618 codice
3297 5559 3482 5616 Germ.
3529 5568 3584 5614 et
3621 5556 3702 5611 cd.

522 5637 702 5727 (ﬁt)va
727 5667 826 5707 ms.
857 5647 1031 5706 codex
1049 5641 1474 5701 Germ.cum.ed.
1495 5640 1684 5696 Sebot.
1702 5637 1900 5704 Ceteri,
1921 5640 2023 5710 spi-
2127 5637 2392 5727 Scliptgin
2419 5652 2590 5727 marg“.
2624 5637 2910 5727 Antenelrat
2939 5644 3102 5727 calam.

448 5695 599 5782 ταόοί
1737 5695 1959 5782 ,κ’

2141 5695 2155 5697 _
2176 5695 2189 5697 ἡ
2204 5711 2274 5782 (f)
2303 5695 2395 5782 Sic
2418 5725 2520 5782 ms.
2537 5695 2732 5782 term.
2760 5704 2901 5762 Edit.
2917 5704 3133 5762 codices
3151 5700 3416 5774 quinque,
3446 5700 3579 5771 ipso.
3611 5695 3698 5751 Ed.

524 5764 599 5860 2;).
625 5790 714 5846 Sic
734 5805 834 5845 ms.
851 5787 1033 5846 Germ.
1059 5799 1182 5843 cum
1202 5782 1360 5841 editis
1375 5779 1530 5839 codd.
1547 5777 1943 5848 Grin.,Poelm.
1962 5791 2020 5838 et
2132 5764 2331 5847 Ro‘s'v.,
2351 5781 2459 5846 isti,
2487 5776 2764 5837 mendose.
