3990 6182
362 260 466 316 657
1787 261 2024 323 POEMA
2058 267 2272 325 XXVII.
3536 267 3642 323 658

584 375 747 432 Trina
776 390 967 433 manus
992 376 1155 432 variis
1182 366 1405 447 operata
1429 376 1715 434 decoribus
1736 378 1882 435 illam
1979 387 2030 444 Α
2200 380 2519 454 Composuit
2546 382 2761 453 gemino
2789 383 2911 438 vine
2935 381 3291 439 medicamina
3317 382 3475 439 libro.

365 465 477 522 385
512 466 794 535 Excoluit;
826 468 992 538 bijugi
1022 468 1264 538 laqueari
1294 477 1350 523 et
1376 482 1647 524 marmore
1674 468 1809 525 fabri
1828 510 1843 535 ,

2272 477 2366 534 His
2394 477 2526 533 socii
2558 478 2779 548 pietate,
2811 475 2934 541 fide,
2960 476 3183 543 virtute,
3205 490 3426 540 corona,

511 560 694 617 Pictor
723 560 1046 630 imaginibus
1073 560 1255 615 divina
1287 559 1582 616 ferentibus
1609 576 1724 616 ora.
2201 570 2483 643 Martyres,
2509 570 2781 639 Agricola,
2811 578 2865 624 et
2888 567 3116 623 Proculo
3135 567 3324 623 Vitalis
3343 567 3646 631 adhaerens,

582 651 725 708 Ecce
749 651 904 708 vides
931 659 1166 722 quantus
1204 654 1247 684 ³⁷
1274 652 1530 723 splendor
1560 664 1608 719 σε,
1660 652 1809 708 velut
1839 653 1956 708 aede
2058 658 2163 715 ιδο
2202 659 2269 714 Ει
2296 675 2416 730 qua:
2442 660 2761 717 Chalcidicis
2792 672 2815 700 ιι
2846 660 3143 731 Euphemia
3170 668 3374 731 martyr
3401 661 3455 715 in
3484 660 3613 727 oris,

1742 746 1955 819 [renata
2203 752 2394 820 Signat
2416 752 2661 821 virgineo
2690 761 2958 808 sacratum
2984 750 3243 821 sanguine
3270 751 3441 806 littus.

510 835 707 892 Rideat
732 836 1056 906 insculptum
1083 851 1297 892 camera
1324 836 1596 907 crispante
1624 835 1847 891 lacunar
1865 832 1919 889 δ.
2198 843 2432 899 γίωιθω
2457 884 2473 912 ,
2537 842 2842 914 Agricolam
2867 886 2884 914 ,
2947 840 3346 912 Proculumque
3399 840 3632 899 Bononia

510 930 569 985 In
592 929 738 999 ligno
759 930 1019 985 mentitur
1048 930 1210 997 ebur;
1234 938 1488 1000 tectoque
1516 943 1751 1000 superne
1768 930 1816 962 "
3343 929 3572 1004 [condit,

364 1020 475 1079 390
509 1019 812 1076 Pendentes
839 1020 1020 1092 lychni
1048 1020 1209 1091 spiris
1239 1021 1543 1076 retinentur
1566 1019 1777 1087 ahenis,
2200 1021 2348 1090 Quos
2370 1021 2550 1093 iurata
2579 1022 2713 1080 fides
2736 1022 2953 1094 pietatis
2977 1023 3029 1079 iu
3060 1035 3210 1078 arma
3228 1022 3462 1087 vocavit,

508 1111 578 1169 Et
603 1110 785 1167 medie
815 1111 869 1166 in
893 1126 1065 1167 vacuo
1094 1112 1231 1166 laxis
1258 1125 1393 1181 vaga
1425 1111 1630 1167 lumina
1656 1118 1848 1165 nutant
2198 1112 2410 1185 Parque
2439 1114 2511 1187 (ε)
2538 1115 2829 1171 salutiferis
2857 1115 2991 1169 texit
3018 1113 3244 1170 victoria
3270 1112 3489 1183 palmis,

508 1201 778 1267 Fuﬁibus;
803 1201 1066 1258 undantes
1094 1200 1341 1259 ﬂammas
1369 1202 1507 1259 levis
1531 1216 1662 1257 aura
1691 1202 1898 1271 fatigat.
2058 1204 2163 1262 £55
2199 1205 2444 1275 Corpora
2473 1204 2761 1261 transﬁxos
2789 1204 3084 1259 trabalibus
3117 1202 3136 1241 ί
3167 1204 3349 1258 inclita
3377 1201 3566 1258 clavis.

506 1291 865 1365 637638
889 1290 1127 1362 Quaeque
1146 1292 1296 1364 Prius
1314 1293 1439 1363 Pilis
1476 1293 1648 1361 διθῑίῑ,
1700 1293 1814 1348 δεῖξε
1838 1308 1956 1348 mo-
2277 1299 2375 1355 Hic
2402 1306 2460 1354 et
2486 1298 2745 1354 Nazarius
2771 1306 2977 1370 martyr
3005 1300 3190 1369 (quem
3212 1312 3434 1353 munere
3464 1296 3571 1354 lido

1310 1385 1405 1459 [do
1434 1385 1567 1441 fulta
1595 1387 1880 1455 columnis,
2200 1390 2405 1446 Nobilis
2433 1390 2701 1445 Ambrosii
2730 1390 2999 1445 substrata
3030 1394 3211 1443 mente
3238 1388 3439 1459 recepi)

511 1474 648 1531 Vilia
674 1481 883 1531 mutato
909 1475 1114 1546 sprevit
1140 1483 1402 1533 caementa
1430 1475 1649 1532 metallo
1677 1488 1725 1533 ο.
2201 1481 2448 1536 Culmina
2474 1480 2671 1538 Felicis
2697 1481 2948 1551 dignatur
2974 1487 3030 1536 et
3058 1480 3173 1551 ipse
3200 1480 3465 1549 cohospes
3487 1488 3536 1545 Β,

373 1565 479 1623 395
581 1566 691 1623 Sed
724 1582 937 1623 rursum
956 1567 1243 1623 redeamus
1271 1567 1325 1623 in
1347 1570 1484 1623 atria
1504 1585 1523 1623 :
1548 1568 1806 1639 conspice
1833 1584 1955 1623 rur-
2202 1569 2598 1641 Fraternasque
2627 1570 2705 1640 (α)
2734 1570 2924 1626 domos
2950 1569 3174 1640 privatis
3200 1569 3418 1625 sedibus
3441 1568 3607 1624 addit.

1745 1659 1886 1731 [sum
2060 1659 2165 1717 uo
2270 1661 2528 1728 Quamvis
2569 1662 2741 1718 sancti
2789 1675 2979 1716 omnes
3024 1668 3143 1716 toto
3187 1660 3350 1716 simul
3391 1660 3522 1716 orbe
3550 1675 3645 1730 per

512 1752 799 1823 lmpositas
826 1751 1003 1820 longis
1029 1751 1306 1822 duplicato
1335 1752 1572 1822 tegmine
1598 1751 1765 1808 cellas
1985 1750 2034 1812 Β
2496 1754 2506 1767 ⁸
3388 1750 3575 1823 [unum

511 1844 835 1911 Porticibus,
867 1842 1118 1898 metanda
1145 1844 1303 1899 bonis
1329 1843 1634 1899 habitacula
1664 1842 1844 1913 digne,
2202 1842 2324 1899 Sint
2360 1842 2685 1913 ubicumque
2715 1844 2916 1900 Deum:
2964 1858 3074 1914 quo
3108 1850 3504 1913 przesentantur
3531 1842 3646 1898 ubi-

511 1936 659 2003 Quos
682 1935 789 1990 huc
814 1934 882 1989 ad
907 1934 1081 1990 sancti
1106 1934 1310 2004 justum
1338 1934 1532 1991 Felicis
1560 1936 1823 1991 honorem
3427 1935 3575 2007 [que,

512 2027 738 2083 Duxerit
764 2028 809 2062 ⁸⁸
838 2027 1029 2082 orandi
1058 2026 1323 2091 studium,
1354 2042 1463 2082 non
1492 2041 1622 2082 cura
1645 2026 1883 2082 bibendi.
2196 2024 2450 2095 Corporis
2496 2031 2556 2079 ut
2600 2039 2697 2080 sua
2743 2024 2987 2080 membra
3035 2024 3183 2080 Deo:
3236 2023 3330 2079 sed
3374 2023 3557 2079 debita
3596 2024 3640 2055 ³¹

378 2119 474 2176 ωο
512 2119 645 2175 Nam
674 2117 826 2188 quasi
857 2118 1168 2185 contignata
1196 2119 1364 2173 sacris
1394 2118 1672 2174 coanacula
1704 2118 1883 2184 tectis,
3356 2114 3580 2187 [sanctis

510 2210 769 2280 Spectant
796 2206 867 2263 de
891 2208 1103 2277 superis
1129 2208 1323 2262 altaria
1360 2214 1473 2263 tota
1508 2206 1778 2273 fenestris,
2208 2208 2349 2264 Sunt
2376 2208 2497 2265 loca
2525 2207 2844 2278 corporibus
2869 2226 2881 2262 :
2924 2223 3100 2279 neque
3133 2215 3341 2263 tantum
3370 2222 3475 2277 qua
3504 2207 3649 2277 jacet

510 2300 623 2357 Sub
667 2299 863 2370 quibus
907 2298 1054 2354 intus
1108 2299 1310 2354 habent
1356 2306 1670 2355 sanctorum
1726 2314 1957 2370 corpora
3458 2299 3575 2372 [ora

1650 2391 1879 2465 [sedem.
2202 2390 2400 2446 Totum
2432 2404 2650 2460 corpus,
2680 2388 2752 2444 ibi
2777 2389 3075 2458 positorum
3105 2390 3278 2459 gratia
3301 2389 3435 2444 vivit
3461 2406 3474 2442 :

511 2480 753 2551 Namque
778 2488 835 2537 et
859 2481 1142 2553 apostolici
1169 2482 1380 2538 cineres
1406 2482 1505 2538 sub
1533 2482 1712 2539 omlite
1737 2498 1925 2539 mensa
2060 2479 2166 2535 M5
2200 2480 2308 2537 Sed
2331 2493 2669 2550 quacumque
2692 2478 2748 2510 ⁸³
2779 2479 2854 2549 pii
2883 2486 2967 2534 est
2988 2484 3116 2550 pars
3144 2479 3389 2549 corporis
3406 2521 3422 2547 ,
3454 2486 3509 2533 et
3537 2493 3648 2532 ma-

512 2572 750 2643 Depositi
768 2614 784 2639 ,
815 2572 1070 2643 placitum
1095 2572 1317 2629 Christo
1346 2573 1601 2644 spirantis
1626 2574 1850 2629 odorem
3226 2570 3355 2645 [nus
3380 2578 3580 2635 exstat.

382 2660 478 2719 ωε
510 2656 753 2719 Pulveris
773 2664 913 2719 inter
934 2664 1010 2734 (a)
1037 2672 1222 2719 sancta
1252 2664 1392 2720 sacri
1421 2664 1675 2720 libamina
1703 2665 1957 2720 reddunt.
2201 2660 2557 2717 Contestante
2583 2658 2697 2715 Deo
2723 2660 2902 2716 meriti
2929 2661 3248 2717 documenta
3277 2659 3443 2716 beati.

582 2754 683 2811 llic
710 2763 865 2826 pater
889 2755 1153 2823 Andreas,
1182 2755 1270 2811 hic
1296 2756 1390 2824 qui
1420 2756 1659 2826 piscator
1687 2756 1753 2810 ad
1785 2755 1960 2825 Argos
2205 2751 2395 2821 Magna
2423 2760 2480 2807 et
2509 2752 2562 2805 in
2604 2752 2799 2820 exiguo
2827 2760 3134 2819 sanctorum
3164 2753 3385 2824 pulvere
3412 2751 3583 2808 virtus

510 2844 702 2899 Missus
727 2844 1042 2913 vaniloquas
1067 2843 1251 2899 docuit
1277 2852 1583 2899 mutescere
1611 2843 1821 2913 linguas
1845 2862 1859 2899 :
2202 2842 2414 2899 Clamat
2438 2843 2723 2913 apostolici
2752 2844 2860 2897 vim
2888 2846 3153 2913 corporis,
3184 2845 3361 2900 indice
3389 2845 3564 2901 Verbo
3599 2844 3645 2901 ⁸.

513 2936 615 3002 Qui
644 2943 931 3006 postquam
950 2934 1200 3005 populos,
1231 2935 1404 3004 ruptis
1431 2935 1633 2989 erroris
1658 2934 1823 3004 iniqui
2278 2934 2371 2993 llis
2392 2937 2551 3005 igitur
2577 2936 2787 2991 vicinus
2815 2937 2938 3003 erit,
2964 2936 3289 3005 quicumque
3314 2939 3561 3007 supernis

514 3026 740 3082 Reliblls
766 3025 1044 3096 expliwit.
1077 3024 1346 3093 traxitque
1373 3025 1440 3079 ad
1466 3024 1603 3079 ι’θῑίθ
1629 3024 1849 3090 Christi,
2066 3030 2171 3087 450
2207 3032 2399 3088 Castus
2425 3038 2548 3097 aget
2570 3030 2612 3060 "
2642 3029 2801 3084 tectis
2826 3046 2838 3081 :
2870 3035 2926 3083 et
2952 3029 3042 3098 qui
3064 3029 3251 3099 procul
3278 3030 3483 3084 advena
3505 3039 3653 3089 tecto

389 3117 482 3173 “0
516 3118 850 3174 Thessalicas
878 3118 998 3173 fuso
1026 3117 1303 3172 damnavit
1330 3117 1590 3185 sanguine
1618 3115 1827 3172 Patras.
1988 3113 2036 3177 C
2206 3119 2567 3193 639-650
2590 3117 2835 3175 Percitus
2863 3117 3059 3175 aﬂ'ectu
3093 3127 3309 3176 sanctas
3350 3123 3653 3191 properarit

588 3208 686 3263 Hic
712 3217 769 3263 et
802 3223 1102 3278 prmursor
1116 3207 1326 3262 Domini
1347 3215 1402 3262 et
1416 3206 1654 3277 Baptista
1668 3205 1960 3274 Iohannes,
3297 3211 3387 3284 [ad
3416 3211 3578 3278 aedes,

516 3297 658 3354 Idem
686 3298 960 3368 Evangelii
987 3314 1138 3354 sacra
1160 3297 1346 3366 janua,
1379 3306 1628 3369 metaque
1656 3299 1789 3367 legis
1813 3318 1827 3353 :
2210 3303 2343 3360 Cum
2371 3303 2522 3359 volet
2549 3303 2594 3334 "
2624 3310 2837 3359 oratum
2866 3302 3081 3359 Christo
3110 3312 3350 3360 secretus
3379 3305 3548 3370 adire,

520 3386 727 3459 Hospes
755 3396 811 3443 et
838 3390 954 3458 ipse
983 3390 1086 3444 mei
1114 3390 1339 3445 veniens
1363 3388 1556 3444 Felicis
1585 3392 1652 3443 ad
1682 3391 1853 3455 aulas,
2209 3394 2336 3449 Sive
2358 3395 2446 3450 die
2470 3410 2566 3450 seu
2596 3402 2755 3451 nocte
2776 3395 2908 3449 velit
2927 3410 3021 3450 sua
3048 3412 3298 3467 promere
3326 3405 3475 3462 vota,

519 3475 679 3532 Parte
701 3477 783 3531 sui
811 3477 856 3507 ⁸ο
886 3476 1083 3531 cineris
1125 3475 1422 3531 fraternum
1449 3475 1607 3533 funus
1636 3478 1888 3533 honorat.
2209 3485 2442 3555 Impiger
2474 3485 2491 3523 ί
2526 3486 2732 3556 attiguo
2766 3485 2834 3541 de
2862 3486 3044 3542 limine
3073 3487 3299 3557 prodeat
3327 3489 3544 3557 hospes.

393 3562 487 3618 ΗΒ
590 3565 726 3622 lluic
767 3566 961 3621 dubius
1006 3566 1223 3633 gemino
1270 3566 1528 3637 Didymus
1571 3568 1897 3635 cognomine
1937 3568 1965 3607 ά
2068 3573 2174 3629 455
2279 3576 2395 3632 lloc
2420 3576 2582 3632 etiam
2611 3577 2838 3640 mirare,
2879 3576 3074 3631 domus
3105 3576 3178 3647 (e)
3222 3577 3367 3646 quod
3408 3579 3656 3648 martyris

1637 3657 1895 3730 [Thomas
3453 3669 3586 3739 [alta

523 3747 744 3817 Adjacet
779 3764 794 3812 ;
848 3748 991 3803 hunc
1051 3747 1297 3803 Christus
1355 3748 1564 3819 pavida:
1616 3751 1966 3807 cunctamine
2212 3756 2357 3824 Lege
2384 3756 2703 3809 sacramenti
2726 3769 2824 3825 per
2850 3755 3034 3809 limina
3065 3756 3205 3809 trina
3234 3757 3508 3825 patescit:

1679 3841 1897 3912 [mentis
2106 3902 2123 3910 ε
2213 3846 2408 3899 Fassus
2435 3844 2579 3899 enim
2609 3852 2694 3898 est
2721 3860 2887 3899 unum
2916 3846 3060 3900 trino
3088 3846 3188 3901 sub
3208 3847 3427 3901 nomine
3448 3860 3652 3916 regem.

525 3926 624 4000 ([b]
674 3926 780 3983 Pro
830 3936 1014 3983 nostra
1061 3927 1307 3984 dubitare
1345 3926 1448 3983 fide
1486 3931 1761 3999 permisit,
1806 3940 1867 3986 ut
1911 3940 1969 3987 et
2211 3934 2279 3987 Et
2307 3932 2455 4003 quod
2482 3941 2751 3989 contexta:
2774 3932 2978 4003 junctis
3004 3934 3105 3989 sibi
3133 3935 3363 3990 molibus
3390 3936 3535 3991 :edes

1773 4023 1897 4094 [nos
2213 4023 2362 4077 Fune
2388 4023 2480 4092 pio
2509 4022 2760 4091 signant:
2792 4024 3047 4092 quoniam
3076 4025 3179 4080 etsi
3206 4025 3438 4081 culmina
3468 4026 3622 4096 plura

526 4107 639 4165 Hoc
681 4108 821 4164 duce
866 4108 1081 4177 ﬁrmati,
1126 4110 1520 4181 Dominamque
1547 4112 1825 4183 Deumque
1853 4122 1967 4170 tre—
2069 4116 2174 4171 460
2210 4115 2331 4172 Sint
2351 4114 2397 4147 ³⁸
2425 4114 2675 4171 domibus
2701 4116 2917 4173 structis
2945 4135 2960 4184 ;
2992 4125 3179 4174 sancta
3207 4127 3263 4174 et
3291 4125 3472 4174 tamen
3500 4121 3656 4175 unica

1643 4203 1896 4275 [mentes)
3421 4210 3591 4283 [pacis

527 4291 720 4347 Vivere
744 4299 870 4361 post
896 4299 1128 4348 mortem
1164 4308 1294 4349 vero
1325 4293 1589 4348 fateamur
1615 4294 1789 4350 Iesum
2216 4299 2314 4357 Est
2340 4301 2551 4363 domus,
2584 4308 2640 4354 et
2681 4300 2866 4355 multis
2896 4315 3061 4356 unum
3089 4300 3379 4357 concordia
3405 4302 3661 4357 membris

391 4379 489 4434 £20
523 4380 785 4453 Corpore,
815 4382 935 4437 viva
964 4398 1076 4438 suae
1098 4391 1489 4438 monstrantem
1514 4384 1738 4440 vulnera
1756 4388 1963 4454 carnis;
2210 4392 2420 4464 Corpus
2465 4393 2575 4460 agit
2609 4410 2622 4445 :
2675 4392 2741 4464 (f)
2784 4392 2872 4447 cui
2920 4406 3186 4463 compago
3233 4400 3345 4448 stat
3389 4396 3403 4443 ι
3460 4394 3662 4449 vertice

526 4472 591 4528 Et
617 4475 660 4505 “
691 4474 942 4529 veniente
963 4474 1051 4529 die
1077 4490 1180 4543 qua
1199 4474 1310 4542 jam
1340 4474 1656 4530 manifestus
1683 4484 1867 4546 aperta
2000 4491 2049 4548 υ
3326 4484 3586 4554 [Christo.

490 4626 491 4629 η
526 4562 669 4619 Luce
692 4562 836 4619 Deus
861 4564 1070 4631 veniet,
1102 4564 1341 4619 cruciata
1372 4565 1423 4618 in
1452 4581 1618 4620 carne
1646 4582 1934 4623 coruscum
2286 4571 2531 4626 Forsitan
2564 4571 2677 4627 haec
2696 4572 2835 4627 inter
2855 4573 3079 4643 cupidus
3100 4575 3404 4643 spectacula
3428 4590 3660 4645 quaeras,

530 4655 835 4723 Agnoscant
862 4655 1078 4726 trepidi,
1108 4670 1268 4724 quem
1292 4654 1567 4710 conﬁxere
1592 4657 1839 4712 rebelles.
2219 4662 2372 4718 Unde
2399 4663 2649 4733 replenda
2684 4662 2755 4716 sit
2783 4663 2899 4718 haec
2927 4671 3009 4717 tot
3031 4663 3271 4718 fontibus
3298 4680 3425 4720 area
3453 4667 3626 4733 dives,

601 4747 699 4802 llic
725 4747 964 4803 medicus
984 4745 1157 4801 Lucas
1176 4747 1324 4816 prius
1343 4755 1482 4811 arte,
1513 4746 1713 4803 deinde
1733 4749 1968 4817 loquela,
2078 4753 2184 4809 465
2224 4752 2358 4810 Cum
2380 4754 2570 4825 procul
2608 4754 2737 4809 urbs
2762 4796 2777 4819 .
2805 4762 2861 4809 et
2887 4754 3081 4811 ductus
3107 4770 3260 4825 aquae
3287 4772 3459 4827 prope
3487 4758 3664 4815 nullus

394 4836 497 4891 r25
530 4836 615 4893 Bis
644 4838 883 4894 medicus
910 4837 1122 4893 Lucas:
1154 4845 1214 4892 ut
1236 4837 1506 4907 quondam
1526 4840 1771 4909 corporis
1797 4854 1973 4909 aegros
3340 4849 3431 4921 [ab
3460 4850 3594 4905 urbe

536 4929 770 4985 Terrena
798 4930 1023 4985 curabat
1050 4944 1175 4998 ope,
1206 4938 1263 4984 et
1289 4944 1430 4984 nunc
1452 4929 1720 4985 mentibus
1746 4932 1902 5002 aagris
2221 4937 2482 5007 Exiguam
2508 4938 2615 4993 huc
2638 4937 2784 5011 tenui
2813 4936 3061 4993 demittat
3089 4938 3262 4995 limite
3284 4948 3515 5009 guttam.

464 5056 488 5082 ⁸⁸
522 5047 652 5103 Vide
683 5056 794 5104 not.
821 5048 947 5103 305.
2076 5068 2167 5106 cra
2201 5052 2326 5106 Deo.

466 5116 491 5153 δ
522 5118 651 5193 Ϊὶᾁθ
678 5128 792 5173 ιιοι.
822 5117 949 5193 ξξρ.
2133 5122 2334 5193 Ϋ(Ι›)ίΕι
2369 5136 2470 5177 ms.
2510 5120 2862 5177 Germanensi
2911 5122 3098 5178 codice
3146 5125 3247 5180 hos
3290 5139 3480 5179 versus
3526 5124 3663 5179 duos

469 5198 490 5265 ξ
522 5188 651 5265 Χξᾲθ
681 5197 795 5243 ηοῑ.
827 5188 952 5265 ξρξι.
2080 5188 2405 5265 addidimus,
2434 5193 2770 5265 quiscnsum
2799 5192 2927 5247 olim
2952 5192 3310 5265 interruptum
3336 5195 3663 5265 completum

465 5255 492 5294 δ
523 5257 655 5313 Vide
682 5267 796 5313 not.
827 5257 952 5311 308.
2080 5261 2311 5317 reddunt
2338 5255 2723 5318 et’restituunt.

470 5327 655 5401 fyide
684 5337 796 5383 not.
826 5327 953 5401 §05_).
2151 5332 2225 5401 (ο)
2264 5332 2355 5388 Sic
2391 5332 2733 5387 emendatum
2772 5347 2839 5387 ex
2883 5347 2987 5388 ms.
3035 5334 3226 5391 codice
3269 5334 3451 5390 Germ.
3500 5333 3658 5401 Editi,

471 5396 491 5434 ί
524 5398 654 5453 Vide
682 5406 797 5453 not.
826 5397 953 5452 510.

743 5406 797 5452 ιι.
826 5397 953 5452 510.
2080 5396 2319 5457 Proque.-

471 5476 494 5539 β
524 5468 657 5539 Ϊίᾁθ
683 5484 853 5523 carm.
884 5467 972 5539 2i,
999 5485 1051 5521 ν.
1086 5468 1210 5529 385,
1242 5478 1296 5523 ct
1322 5483 1412 5539 cp.
1442 5467 1531 5534 52,
1560 5485 1612 5523 n.
1640 5468 1691 5522 ὓ.
2150 5467 2230 5539 ((1)
2262 5471 2360 5527 Ms.
2392 5472 2600 5537 Germ.,
2636 5474 2839 5526 domus.

469 5534 494 5573 ξι
528 5537 656 5592 Vide
684 5554 853 5593 carm.
885 5537 975 5603 l8,
1007 5555 1057 5591 v.
1096 5539 1215 5592 H7.
1358 5534 1374 5539 ’
2154 5534 2230 5603 (εδ
2260 5541 2337 5596 Ita
2375 5558 2441 5596 ex
2483 5534 2595 5597 ms.
2628 5543 2816 5597 codice
2861 5540 3046 5597 Germ.
3088 5541 3489 5597 emendavimus
3535 5561 3657 5603 cum

476 5606 489 5683 ξ
677 5623 846 5663 απῖη·
1031 5625 1082 5664 ν·
2080 5605 2367 5683 δθὸίίὴῖῃο.
2394 5612 2558 5677 Alias,
2587 5629 2707 5683 quo.

476 5675 491 5754 i_
524 5676 656 5754 _Vide
684 5694 854 5754 carm.
893 5678 977 5740 Π.
1006 5696 1077 5754 _v.
1120 5678 1235 5733 HO.
1402 5753 1405 5754 ν
1589 5753 1592 5754 ν
2155 5683 2225 5754 (Γ)
2259 5682 2355 5754 Ms.
2388 5675 2559 5740 codex
2586 5675 2793 5748 Coron,
2821 5697 3187 5753 compago-suo
3218 5690 3338 5736 stat.
3406 5718 3410 5723 -

472 5748 548 5820 (a)
582 5747 677 5807 Μδο
704 5747 886 5805 Gem
920 5748 1114 5821 θοάων
1146 5767 1298 5805 sacra
1328 5753 1429 5809 sui.
1457 5751 1599 5808 Editi
1620 5764 1867 5823 quatuor,
1893 5769 1976 5807 δα·
2307 5752 2313 5757 ’
2781 5747 2784 5748 ν
2935 5747 2942 5749 -
3003 5747 3021 5753 ν
3256 5780 3271 5794 ᾳ
