4006 6182
368 220 469 274 tibi)
1316 214 1372 270 S.
1416 212 1690 271 PAULINI
1727 213 1979 271 NOLANI
2017 212 2317 272 EPISCOPI
2355 214 2700 271 POEMATA.
3536 217 3636 272 660

504 326 894 397 Respondebo,
923 325 1059 385 nihil
1086 327 1305 397 propria
1338 342 1437 383 nos
1464 328 1632 383 lidere
1659 327 1874 395 dextra,
1978 332 2027 388 Α
2057 326 2160 381 510
2194 327 2485 385 lnfundens
2512 329 2723 385 niveam
2752 344 2851 400 per
2876 337 3064 400 operta
3091 331 3322 387 sacraria
3343 330 3568 386 nubem.

509 419 593 473 Nil
623 433 728 489 ope
758 428 974 474 terrena
1004 417 1319 487 conlidere;
1349 427 1543 475 cuncta
1567 420 1776 489 potenti
2272 419 2426 476 Nune
2453 421 2577 476 volo
2605 421 2840 491 picturas
2866 419 3056 477 fucatis
3083 423 3298 491 agmine
3322 422 3493 490 longo

512 510 836 580 Deposuisse
864 510 977 565 Deo
997 550 1013 575 ,
1043 518 1100 566 et
1126 509 1302 566 fontes
1330 526 1659 581 praesumere
1686 512 1848 567 cmlo.
2200 509 2507 567 Porticibus
2533 511 2741 579 videas,
2770 511 3098 581 paulumque
3125 513 3315 582 supina
3343 512 3541 581 fatiges

370 602 472 654 470
514 602 754 672 Denique
783 602 1045 658 cisternas
1067 601 1431 657 adstruximus
1454 601 1689 671 undique
1717 604 1897 669 tectis,
2200 599 2373 667 Colla,
2404 602 2663 667 reclinato
2692 601 2820 656 dum
2846 601 3077 672 perlegis
3103 603 3284 656 omnia
3312 603 3491 657 vultu.

512 693 733 763 Capturi
763 693 1019 749 fundente
1040 693 1153 747 Deo
1183 693 1251 748 de
1277 693 1506 749 nubibus
1532 708 1719 748 amnes
1748 711 1762 746 :
2280 691 2384 759 Qui
2405 692 2553 747 videt
2574 693 2689 748 haec
2715 693 2898 747 vacuis
2922 706 3219 763 agnoscens
3246 708 3369 747 vera
3403 692 3609 762 figuris,

520 786 671 843 Unde
700 787 868 842 ﬂuant
897 786 1099 857 pariter
1130 794 1153 821 η
1183 786 1359 856 plenis
1393 800 1526 842 cava
1566 800 1835 841 marmora
1875 785 1957 839 la-
2060 784 2167 849 515
2203 783 2322 839 Non
2344 799 2513 840 vacua
2535 783 2693 839 fidam
2714 784 2900 855 sibi(c)
2923 794 3107 853 pascet
3130 784 3360 853 imagine
3380 793 3644 839 mentem.

1734 875 1884 949 [bris.
2202 874 2392 929 Omnia
2418 890 2651 945 namque
2678 883 2828 930 tenet
2856 875 2997 930 serie
3025 875 3233 945 pictura
3263 873 3430 939 ﬁdeli,

592 970 748 1038 Quod
803 969 850 1025 si
906 968 1073 1024 etiam
1136 966 1406 1023 interdum
1453 967 1668 1023 eveniat
1721 964 1962 1023 defectus
2202 963 2331 1031 Qum
2353 965 2535 1021 senior
2559 966 2774 1036 scripsit
2793 966 3138 1036 perquinque
3159 966 3433 1021 volumina
3448 966 3649 1035 Moses,

1585 1058 1886 1133 [aquarum,
2204 1055 2336 1122 Qua:
2360 1056 2527 1126 gessit
2556 1056 2770 1112 Domini
2799 1062 3039 1126 signatus
3067 1060 3284 1114 nomine
3310 1058 3490 1126 Iesus,

518 1155 717 1214 Ordine
745 1154 1010 1225 disposito
1032 1153 1211 1209 varias
1247 1152 1499 1207 distincta
1528 1150 1745 1220 figuras,
2204 1146 2322 1214 Quo
2350 1148 2487 1203 duce
2511 1146 2780 1213 Iordanis,
2809 1163 3074 1218 suspenso
3099 1150 3458 1217 gurgite,lixis

413 1250 482 1306 73
518 1248 968 1317 Concharumque
997 1244 1193 1311 modis,
1223 1252 1278 1299 et
1304 1244 1465 1314 pictis
1490 1241 1679 1299 ﬂorida
1708 1244 1889 1310 metis,
2067 1236 2169 1292 520
2206 1237 2498 1306 Fluctibus,
2530 1253 2560 1293 a
2588 1237 2724 1293 facie
2744 1238 2935 1293 divina:
2960 1240 3158 1295 restitit
3184 1254 3342 1295 arcae.

519 1343 681 1397 Forte
706 1341 809 1395 erit
836 1348 892 1394 et
916 1338 1074 1394 siccis
1097 1336 1407 1407 spectabilis
1429 1351 1555 1391 area
1589 1335 1748 1390 vasis.
2207 1328 2300 1383 Vis
2329 1343 2466 1384 nova
2492 1327 2671 1383 divisit
2697 1327 2893 1383 ﬂumen
2922 1347 2936 1382 :
2967 1345 3093 1400 pars
3117 1345 3274 1386 amne
3297 1332 3376 1402 (Δ)
3406 1332 3619 1387 recluso

518 1435 760 1502 Namque
790 1440 942 1486 tenes
963 1430 1127 1485 etiam
1148 1441 1341 1497 magna
1366 1426 1672 1483 Salomonis
1698 1427 1752 1481 in
1780 1426 1915 1490 atde,
2207 1418 2485 1485 Constitit,
2516 1425 2573 1474 et
2602 1418 2749 1475 ίιιινίἰ
2772 1435 2899 1490 pars
2926 1421 2979 1475 in
3009 1436 3158 1476 mare
3182 1422 3331 1492 lapsa
3356 1425 3615 1483 cucurrit.

521 1526 693 1594 Quam
740 1523 902 1579 fuerit
928 1521 1112 1578 decori
1154 1521 1357 1577 siccum
1399 1534 1549 1574 mare
1572 1518 1600 1557 δ
1630 1536 1642 1572 :
1695 1518 1839 1587 quod
1879 1532 1968 1571 sa-
2214 1511 2572 1581 Destituitque
2594 1512 2824 1576 vadum;
2852 1522 2911 1569 et
2937 1514 3142 1569 validus
3168 1528 3275 1583 qua
3298 1514 3439 1593 forte
3466 1516 3651 1570 ruebat

1595 1607 1771 1681 [piens
1798 1622 1897 1662 rex
2210 1602 2465 1673 Impetus,
2496 1604 2783 1660 adstrictas
2806 1604 2914 1660 alte
2940 1606 3307 1661 cumulaverat
3330 1606 3525 1673 undas,

521 1706 654 1763 Ere
680 1705 828 1764 dedit
854 1703 1052 1771 solido,
1086 1711 1143 1758 et
1166 1701 1335 1757 tauris
1355 1700 1635 1771 suspendit
1662 1700 1871 1755 ahenis.
2000 1693 2045 1754 Β
2073 1695 2175 1751 525
2215 1694 2281 1749 Et
2303 1695 2530 1750 tremula
2546 1710 2806 1766 compage
2820 1697 3003 1751 minax
3018 1696 3283 1766 pendebat
3302 1714 3462 1769 aqua:
3480 1690 3659 1762 mons,

382 1799 487 1856 480
589 1796 786 1868 Aspice
813 1811 957 1851 nunc
984 1793 1131 1849 aliud
1168 1793 1345 1849 latus:
1390 1799 1452 1848 ut
1478 1792 1549 1848 sit
1574 1792 1814 1862 porticus
1836 1806 1963 1855 una,
2217 1787 2544 1858 Despectans
2570 1787 2802 1842 transire
2829 1786 2994 1857 pedes
3017 1794 3205 1842 arente
3232 1788 3527 1857 profundo,

523 1891 592 1948 Et
623 1890 803 1962 paries
828 1889 1019 1946 mediis
1047 1889 1222 1958 spatio
1251 1888 1526 1959 bipatente
1552 1886 1841 1953 columnis,
2216 1881 2285 1935 Et
2310 1881 2488 1937 medio
2511 1880 2739 1951 pedibus
2764 1881 2923 1936 siccis
2960 1882 3014 1936 in
3041 1878 3261 1935 ﬂumine
3289 1880 3419 1936 ferri

523 1982 771 2038 Culmine
792 1980 1052 2036 discretas
1072 1980 1220 2035 aditu
1247 1979 1346 2034 sibi
1374 1977 1594 2049 copulat
1617 1976 1787 2032 aulas.
2215 1970 2591 2027 Pulverulenta
2619 1967 2899 2026 hominum
2925 1971 3061 2027 duro
3089 1972 3314 2041 vestigia
3343 1972 3481 2027 limo
3502 1972 3552 2025 α.

523 2072 760 2143 Tempus
790 2072 846 2126 iu
874 2070 1018 2126 hanc
1056 2070 1286 2125 transire
1333 2068 1506 2125 oculis
1555 2063 1971 2138 peragrantibus
2212 2059 2333 2118 1am
2360 2060 2777 2129 distinguentem
2806 2061 3020 2117 modico
3050 2061 3192 2116 Ruth
3220 2070 3471 2133 tempora
3498 2062 3654 2128 libro,

1686 2156 1898 2228 [tndem
2073 2151 2179 2207 550
2212 2152 2479 2223 Tempora
2504 2151 2779 2209 Judicibus
2801 2153 2967 2220 finita,
2998 2163 3054 2209 et
3080 2154 3313 2223 Regibus
3338 2164 3485 2221 orta,

524 2254 652 2320 Quae
676 2252 893 2321 longum
923 2256 1165 2304 reserata
1194 2248 1351 2313 latus,
1383 2263 1505 2302 cum
1534 2247 1735 2301 lumine
1758 2245 1881 2300 cteli
2214 2244 2438 2299 lntentis
2465 2252 2773 2299 transcurre
2800 2245 2970 2299 oculis
2997 2263 3010 2298 :
3041 2246 3218 2302 brevis
3241 2246 3341 2300 i5ta
3369 2247 3586 2301 videtur

386 2347 489 2402 485
527 2344 767 2414 Acquirit
786 2341 1020 2413 spatium
1050 2340 1202 2407 tecti,
1230 2338 1374 2408 quod
1403 2338 1456 2392 in
1488 2337 1624 2392 atria
1650 2335 1838 2404 juncta
2217 2333 2473 2398 Historia,
2501 2345 2558 2389 at
2582 2335 2762 2404 magni
2786 2336 2962 2403 signat
2990 2336 3243 2407 mysteria
3268 2337 3416 2403 belli,

527 2433 812 2499 Panditur,
845 2432 1077 2487 insertos
1100 2430 1315 2486 socians
1338 2427 1603 2496 disjuncta
1630 2440 1730 2496 per
1754 2439 1931 2491 arcus,
2219 2425 2391 2493 Quam
2417 2426 2644 2494 gemina:
2663 2425 2913 2481 scindunt
2939 2441 3058 2484 sese
3086 2427 3142 2482 in
3160 2427 3369 2484 diversa
3395 2444 3617 2487 sorores
3642 2431 3654 2483 !

521 2527 592 2582 Et
618 2525 831 2597 populis
857 2523 995 2591 rigui
1027 2520 1234 2592 priebet
1261 2519 1563 2590 spectacula
1593 2518 1771 2588 campi
2220 2514 2365 2570 Ruth
2392 2516 2635 2586 sequitur
2674 2525 2918 2572 sanctam
2940 2558 2957 2581 ,
3004 2532 3168 2588 quam
3209 2519 3411 2575 deserit
3456 2520 3655 2591 Orpha,

528 2618 743 2689 (Quem
788 2624 972 2671 tamen
1036 2610 1320 2669 includunt
1373 2617 1583 2666 structo
1640 2608 1972 2666 circumdata
2604 2624 2609 2629 '
3244 2610 3591 2683 [parentem;

1725 2700 1901 2773 [septo
2076 2696 2184 2755 555
2220 2698 2506 2755 Perfidiam
2534 2715 2703 2756 nurus
2738 2716 2843 2756 una
2868 2742 2884 2771 ,
2922 2700 3080 2756 fidem
3108 2718 3275 2757 nurus
3301 2704 3477 2759 altera
3508 2719 3656 2758 mon-

526 2798 740 2864 Maznia,
764 2811 833 2853 ue
852 2803 1073 2868 pateant
1094 2794 1266 2850 oculis
1290 2801 1597 2850 sacrateeta
1620 2793 1663 2825 ³⁷
1689 2792 1970 2863 profanis),
2195 2858 2201 2862 ν
3391 2794 3590 2866 [stram

389 2891 491 2946 400
530 2888 973 2957 Vestibulumque
1001 2893 1193 2957 patens
1220 2900 1352 2940 aura
1380 2883 1623 2938 defendit
1650 2890 1859 2952 operta.
2219 2880 2439 2937 Praefert
2464 2896 2571 2936 una
2599 2881 2769 2938 Deum
2796 2884 3005 2953 patriae,
3034 2886 3264 2954 patriam
3286 2885 3455 2940 altera
3481 2886 3601 2941 vita:
3614 2896 3655 2938 ο.

568 3044 571 3047 _
597 2981 710 3037 Nec
738 2980 935 3035 mirere
963 2992 1145 3034 sacras
1170 2975 1359 3045 spatiis
1386 2988 1698 3029 accrescere
1725 2972 1931 3037 caulas,
2292 2973 2483 3030 Nonne
2506 3011 2521 3039 ,
2568 2990 2762 3045 precor
2786 3013 2803 3041 ,
2856 2984 2972 3033 toto
3010 2987 3195 3033 manet
3241 2978 3353 3033 haec
3390 2978 3657 3035 discordia

518 3058 734 3133 Crescit
762 3075 960 3144 ubique
985 3080 1179 3142 potens
1205 3069 1394 3124 reterni
1423 3068 1593 3136 gloria
1619 3066 1819 3121 Christi
1847 3083 1859 3119 :
1997 3065 2043 3128 C
3318 3072 3551 3144 [mundo
3572 3072 3595 3127 1

532 3175 855 3229 Sanctorum
900 3166 1210 3222 cumulatur
1262 3164 1438 3218 honor
1465 3201 1482 3227 ,
1539 3160 1682 3216 Deus
1723 3159 1973 3215 omnibus
2228 3157 2389 3216 Parte
2434 3170 2695 3232 sequente
2743 3162 2953 3229 Deum,
3001 3162 3090 3217 vel
3133 3171 3286 3233 parte
3331 3174 3530 3220 ruente
3568 3180 3657 3236 per

1724 3248 1899 3319 |unus,
3333 3252 3547 3324 [orbem
3569 3259 3592 3309 ζ’

530 3347 778 3405 Noscitur
804 3363 818 3399 :
851 3344 1082 3399 illustrat
1111 3341 1236 3410 quia
1265 3346 1482 3395 sanctus
1509 3337 1740 3407 Spiritus
1764 3337 1970 3401 orbem,
2218 3342 2397 3412 Atque
2425 3344 2634 3398 utinam
2663 3359 2789 3414 pars
2821 3358 2976 3413 aequa
3009 3343 3153 3400 foret
3191 3345 3338 3400 necis
3375 3353 3546 3415 atque
3573 3360 3656 3401 sa-

389 3444 493 3500 405
525 3441 770 3510 Cumque
796 3444 1066 3493 coaeterno
1097 3440 1287 3501 regnat
1310 3431 1469 3486 Patre
1498 3430 1663 3485 Filius
1689 3430 1864 3496 heres,
3394 3439 3549 3511 “mis
3574 3440 3586 3492 ε

525 3532 654 3589 Inde
680 3537 982 3603 propagato
1011 3526 1100 3597 pia
1130 3524 1300 3593 gratia
1325 3522 1524 3577 lumine
1555 3521 1667 3577 veri
2075 3525 2177 3581 540
2214 3526 2321 3583 Sed
2350 3529 2549 3585 multos
2576 3529 2660 3583 via
2687 3530 2796 3585 lata
2821 3531 2990 3601 capit,
3021 3530 3272 3600 facilique
3297 3532 3453 3587 ruina

527 3624 845 3695 Multiplicat
873 3619 1088 3692 populis
1114 3626 1330 3672 aeternae
1362 3616 1568 3671 semina
1598 3615 1741 3669 vitm.
2218 3618 2483 3676 Labentes
2511 3636 2684 3691 prono
2713 3624 2854 3691 rapit
2882 3623 3249 3679 irrevocabilis
3272 3638 3442 3679 error.

530 3719 599 3773 Et
618 3719 741 3788 quia
764 3719 952 3786 pa'stor
970 3727 1100 3769 oves
1119 3718 1281 3780 auget
1302 3709 1495 3773 bonus,
1523 3708 1700 3778 ampla
1720 3704 1977 3760 redemtis
2286 3710 2447 3767 Forte
2474 3713 2781 3782 requiratur
2803 3728 3036 3783 quanam
3071 3716 3283 3770 ratione
3306 3716 3534 3783 gerendi

529 3808 788 3865 Crescere
834 3817 960 3860 cum
1005 3800 1259 3872 gregibus
1306 3800 1383 3870 (α)
1432 3795 1577 3852 favet
1625 3796 1767 3850 altus
1813 3794 1975 3849 ovilia
2216 3800 2429 3857 Sederit
2462 3802 2480 3841 ί
2514 3803 2629 3858 haac
2657 3805 2814 3860 nobis
2842 3807 3127 3872 sententia,
3156 3808 3379 3877 pingere
3407 3817 3624 3863 sanctas

1615 3885 1902 3958 [Christus.
2218 3893 2366 3949 Raro
2394 3909 2546 3950 more
2573 3896 2766 3954 domos
2794 3898 3157 3954 animantibus
3184 3900 3543 3956 adsimulatis.

394 3991 493 4049 500
596 3987 883 4060 Ingredere
934 3984 1049 4039 haec
1096 3980 1316 4052 psalmis
1362 3978 1633 4041 reeinenS.
1657 3977 1900 4036 antistes.
1920 3983 1977 4029 Cl
2078 3985 2182 4039 545
2216 3985 2479 4056 Accipite,
2510 3997 2565 4043 et
2593 3990 2778 4058 paucis
2809 3991 3027 4045 teutabo
3056 4007 3329 4061 exponere
3356 4009 3572 4049 causas.

1643 4068 1899 4138 [hymniS.
2287 4080 2433 4145 Quos
2460 4088 2587 4149 agat
2617 4081 2663 4113 ³⁸
2691 4082 2796 4136 huc
2821 4086 2994 4137 sancti
3021 4083 3215 4139 Felicis
3238 4086 3411 4152 gloria
3440 4096 3630 4153 cretus,

530 4174 598 4230 Et
625 4189 746 4228 mea
777 4176 902 4226 vola
931 4166 1074 4222 refer
1094 4163 1348 4227 Βοιηίηο,
1376 4169 1431 4215 ει
1462 4170 1550 4214 tua
1579 4160 1771 4228 gaudia
1802 4159 1943 4213 νοῑίε
2215 4171 2513 4227 Obscurum
2542 4172 2675 4227 nulli
2701 4191 2714 4227 :
2746 4174 2842 4228 sed
2868 4175 3021 4229 turba
3046 4173 3379 4244 frequentior
3406 4177 3489 4232 his
3519 4188 3602 4234 est

530 4265 703 4333 Juuge
724 4261 882 4325 meis,
913 4256 1192 4312 celebrans
1220 4251 1520 4307 communis
1550 4251 1680 4305 festa
1710 4248 1944 4319 patroni.
2222 4263 2512 4319 [rusticitas
2538 4280 2646 4320 non
2671 4279 2823 4319 cassa
2851 4264 2973 4331 fide,
3004 4281 3179 4335 neque
3206 4268 3366 4323 docta
3396 4269 3628 4337 legendi.

528 4356 799 4423 Tempore
827 4357 1098 4419 oportuno
1127 4361 1226 4416 pro
1254 4349 1540 4415 peccatore
1568 4342 1783 4410 rogabis

2220 4352 2347 4408 Haec
2376 4354 2592 4409 adsueta
2624 4355 2715 4409 diu
2740 4356 2909 4410 sacris
2930 4357 3135 4411 servire
3162 4357 3422 4422 profanis,

534 4443 872 4499 Gaudentem
900 4438 1185 4493 Dominum
1214 4434 1281 4489 de
1309 4432 1637 4488 confessoris
1660 4433 1886 4486 Ιιοηοτθ-
2003 4428 2053 4489 Ῑ)
2078 4444 2183 4500 550
2220 4445 2418 4501 Ventre
2440 4446 2571 4512 Deo,
2604 4448 2820 4501 tandem
2844 4449 3176 4503 convertitur
3196 4449 3402 4503 advena
3421 4448 3637 4509 Christo

400 4538 506 4592 505
614 4534 730 4590 Hoc
756 4532 917 4598 duce,
949 4528 1172 4600 proclivi
1197 4534 1289 4581 tua
1322 4525 1536 4579 lralllile
1563 4533 1688 4578 νοιει
1716 4522 1973 4589 feremur,
2220 4536 2357 4592 Dum
2378 4544 2686 4592 sanctorum
2707 4552 2870 4609 opera
2892 4539 2946 4592 in
2968 4538 3184 4594 Christo
3205 4540 3431 4594 miratur
3449 4550 3653 4610 aperta.

531 4626 682 4681 Felix
710 4624 915 4680 (Ῐίνίηίὶδ
945 4621 1040 4677 ubi
1068 4620 1298 4690 PmVius
1324 4618 1420 4673 ib“
1448 4617 1515 4671 ad
1539 4632 1733 4683 aures;
2289 4628 2509 4684 Cernite
2531 4644 2693 4699 quam
2721 4629 2875 4684 multi
2902 4640 3097 4686 coeant
3127 4646 3193 4685 ex
3220 4632 3469 4686 omnibus
3495 4632 3653 4700 agris,

534 4716 720 4785 Teque
774 4714 849 4786 (b)
899 4713 1067 4769 sacris
1114 4709 1337 4782 psalmis
1381 4708 1542 4763 simul
1570 4716 1626 4763 et
1662 4707 1859 4762 devota
1907 4707 1973 4763 li-
2218 4721 2498 4790 Quamque
2525 4722 2615 4791 pie
2637 4721 2857 4777 rudibus
2875 4722 3086 4791 decepti
3111 4726 3153 4757 ε’
3175 4725 3442 4779 mentibus
3456 4733 3654 4778 errent.

1730 4800 1904 4871 [tanta
2222 4813 2565 4884 Longinquas
2589 4814 2795 4884 liquere
2822 4816 3033 4882 domus,
3062 4830 3316 4885 sprevere
3342 4817 3565 4885 pruinas

532 4895 890 4971 651-642
926 4892 1225 4961 Οὺεθίιιιίιι,
1261 4902 1283 4930 ο
1315 4891 1525 4983 placido
1556 4892 1844 4947 descendet
1878 4907 1977 4945 nu-
2082 4906 2114 4960 5

2082 4906 2187 4960 555
2222 4907 2337 4962 Νοη
2358 4906 2518 4976 gelidi
2539 4905 2780 4961 fervente
2800 4903 2904 4960 ﬁde
2928 4924 2941 4972 ;
2965 4917 3020 4960 et
3040 4923 3179 4962 nunc
3198 4922 3325 4961 ecce
3351 4908 3655 4977 frequentes

1445 4978 1610 5050 [mine
1637 4978 1902 5045 (Ἇιΐίδιηεν
2223 4997 2327 5051 Per
2348 5003 2515 5051 totam
2538 5004 2593 5051 et
2611 4996 2799 5065 vigiles
2822 4995 3027 5049 extendi

2223 4997 2327 5051 Per
2348 5003 2515 5051 totam
2538 5004 2593 5051 et
2611 4996 2799 5065 vigiles
2822 4995 3118 5050 extendunt
3144 4998 3337 5065 gaudia
3363 5006 3610 5052 noctem:

537 5075 610 5133 Ut
634 5074 894 5148 νορυιιιιιι
924 5070 1290 5141 templumque
1320 5085 1472 5125 ⁵³0ΐῦ
1504 5072 1731 5141 caligine
1759 5072 1921 5139 “3'01,
2219 5088 2426 5143 Lmtitia
2444 5103 2682 5154 somnos,
2715 5088 2964 5143 tenebras
2995 5087 3261 5146 funalibus
3288 5098 3492 5144 arcent.

465 5242 493 5267 α
522 5226 581 5282 ld
608 5234 691 5281 est
714 5225 886 5296 simul.
915 5222 1049 5296 Vide
1069 5236 1236 5278 carm.
1272 5222 1358 5290 14,
1392 5240 1441 5278 ν.
1478 5224 1595 5280 109.
2082 5226 2226 5296 facit.

464 5299 493 5340 ιι
524 5297 657 5353 Vide
686 5304 802 5351 not.
833 5295 956 5347 511.
1512 5362 1515 5363 ν
2082 5292 2092 5296 “
2155 5296 2229 5363 (b)
2259 5295 2337 5348 lta
2368 5294 2696 5349 restituimus
2735 5308 2801 5347 ex
2846 5308 2947 5347 ms.
2980 5292 3168 5347 codice
3196 5292 3381 5348 Germ.
3416 5300 3473 5349 et
3499 5293 3653 5349 editis

465 5380 492 5409 ο
525 5367 657 5423 Vide
682 5365 927 5435 eamdem
957 5365 1225 5420 licentiam
1250 5379 1418 5421 carm.
1454 5362 1551 5430 15,
1583 5381 1635 5420 v.
1669 5364 1757 5421 81.
2079 5362 2328 5435 quatuor.
2361 5364 2459 5435 Ed.
2494 5363 2676 5428 Rosv.,
2706 5380 2857 5435 sacra
2885 5364 3215 5435 psalmisque.

464 5436 491 5477 ιι
520 5436 701 5502 Josue,
734 5452 811 5499 tu,
848 5433 928 5488 15.

2098 5433 2111 5434 ί
2154 5435 2226 5506 (c)
2255 5434 2352 5506 Ms.
2385 5434 2602 5506 Germ.,_
2624 5434 2809 5500 pascit.

468 5520 491 5547 ε
524 5507 690 5573 Ruth,
720 5524 758 5572 ι,
790 5506 891 5571 14;
924 5524 981 5573 ιι,
1014 5506 1098 5561 ll.
2153 5502 2232 5574 (d)
2264 5504 2352 5559 Sic
2393 5504 2729 5572 reposuimus
2775 5519 2843 5557 ex
2887 5519 2987 5558 ms.
3046 5502 3397 5574 Germanensi
3447 5502 3649 5574 codice.

473 5578 491 5616 ε
529 5577 661 5631 Vide
678 5572 851 5632 carm.
894 5572 973 5641 l0,
1007 5593 1055 5629 v.
1096 5579 1178 5632 12.
2083 5572 2221 5631 Ante
2249 5583 2366 5629 erat
2395 5590 2621 5627 recurso.
2655 5573 2784 5645 Vide
2814 5582 2971 5645 caput
3001 5591 3053 5629 ιιι
3086 5573 3277 5639 Josue,
3322 5584 3377 5629 et
3404 5572 3650 5644 Augusti-

468 5648 546 5717 (α)
580 5645 710 5701 Edd.
761 5656 870 5703 tres
895 5690 910 5718 ,
956 5650 1104 5720 ['0ch
1157 5649 1452 5708 Sacchinus
1500 5647 1782 5719 legendqu
1824 5658 1973 5719 putat
2082 5663 2205 5703 num
2238 5646 2289 5700 in
2321 5646 2453 5716 psal.
2488 5660 2631 5711 CXIII,
2659 5643 2741 5696 15.
