4006 6182
496 270 597 324 ῦϐὅ
1399 256 1455 313 8.
1500 252 1773 311 PAULINI
1811 248 2055 307 NOLANI
2094 247 2394 307 EPISCOPI
2432 250 2774 309 POEMATA.
3643 257 3740 310 (κη

635 379 739 435 Sed
769 377 970 433 sanctis
1011 376 1128 431 sine
1155 374 1259 429 line
1290 373 1395 427 tuis
1421 370 1616 426 devota
1641 367 1875 423 ferentes

638 470 902 539 Obsequia
920 509 935 534 ,
967 468 1163 535 exiguo
1191 478 1417 533 magnos
1442 475 1763 517 veneramur
1793 457 1999 512 honore
2023 475 2034 509 :

434 630 458 648 .
497 565 603 621 645
638 566 929 635 Sperantes
958 562 1063 616 illis
1089 557 1486 648 exoratoribus,
1518 564 1576 610 ut
1598 564 1654 610 ιιι

637 655 694 709 In
720 653 875 709 nobis
899 665 1122 721 operum
1144 662 1315 718 ponas
1342 645 1580 717 perfecta
1612 653 1827 699 tuorum

637 744 912 800 Culmina:
943 753 999 797 et
1025 740 1311 797 exstructis
1338 739 1608 794 habitator
1630 734 1895 791 mentibus
1914 732 2073 787 adsis.

1014 851 1248 908 POEMA
1277 851 1483 907 XXVIII
1513 854 1561 903 ⁸.

826 987 894 1026 ΒΕ
920 985 965 1025 S.
996 986 1185 1026 FELICE
1216 983 1411 1023 NATAL.
1441 980 1652 1021 CARMEN
1682 981 1735 1018 Χ.

508 1084 711 1139 Veteres
739 1084 801 1139 S.
830 1083 1024 1139 Felicis
1054 1083 1295 1135 basilicas
1327 1081 1474 1152 novis
1499 1077 1734 1152 aediﬁciis
1765 1082 1947 1144 auget,
1990 1088 2079 1152 no-

568 1172 683 1208 vam
709 1171 921 1227 eamque
948 1153 1283 1227 magniﬁcam
1312 1147 2075 1227 cuntlbaptisteriovconstrnit;

565 1242 752 1295 easque
772 1211 1058 1295 picturis}?
1069 1211 1717 1295 ιξιίίςιηηιτηαῑέιηιδ’ονῃαςἶ
1730 1213 1894 1295 ’Νουᾳ
1915 1232 1945 1266 a
1967 1211 2079 1295 No-

561 1283 684 1350 Ιαηὸ
714 1283 951 1363 episcopo
969 1283 1137 1346 Paulo
1155 1283 1508 1353 consecratur,
1531 1297 1578 1340 et
1602 1290 1655 1341 in
1681 1287 1772 1340 illa
1798 1285 1975 1363 eodem
1996 1283 2081 1335 die

566 1357 896 1435 baptisiuatis
921 1374 969 1417 et
997 1364 1322 1416 eucharistia:
1357 1365 1683 1415 sacramenta
1709 1357 2064 1426 conferuntur.

711 1477 766 1532 In
796 1476 966 1533 veteri
991 1474 1146 1530 nobis
1175 1488 1312 1529 nova
1334 1488 1423 1528 res
1450 1470 1757 1526 adnascitur
1784 1476 1930 1528 actu.

640 1566 708 1621 Et
732 1566 891 1621 solita
919 1565 1136 1621 insolito
1165 1572 1414 1619 crescunt
1432 1561 1693 1617 solemnia
1721 1561 1826 1615 ritu
1854 1562 1866 1591 ¹
1894 1577 1906 1610 :

634 1657 1021 1726 Materiamque
1048 1655 1207 1712 simul
1232 1655 1359 1709 mihi
1385 1654 1657 1718 carminis,
1690 1661 1744 1708 et
1771 1650 1929 1707 simul
1950 1648 2077 1703 almi

633 1748 876 1803 Natalem
904 1748 1180 1818 geminant
1204 1746 1433 1802 Felicis:
1474 1746 1527 1799 in
1550 1745 1752 1799 azdibus
1779 1742 1895 1812 ejus

529 1840 566 1893 5
634 1839 769 1895 Nata
799 1854 989 1895 recens
1018 1852 1183 1909 opera
1214 1837 1329 1894 haec
1351 1878 1366 1904 ,
1407 1850 1527 1906 quae.
1564 1835 1796 1891 molibus
1835 1832 2069 1902 undique

1824 1923 2002 1996 [celsis

630 2024 863 2079 Cernitis
891 2024 1177 2080 emicuisse
1200 2022 1317 2093 pari
1347 2020 1684 2092 splendentia
1712 2019 1880 2075 cultu.

703 2115 826 2172 Istic
846 2116 1141 2186 porticibus
1166 2124 1191 2151 ει
1217 2115 1325 2168 late
1352 2112 1679 2168 circumdata
1709 2110 1882 2177 longis

636 2207 908 2261 Vestibula
929 2208 1005 2277 (α)
1028 2206 1284 2276 impluvio
1307 2203 1334 2243 δ
1358 2203 1513 2258 tectis
1534 2210 1845 2257 reserantur
1864 2207 2073 2270 aperto,

635 2295 702 2352 Et
726 2297 885 2352 simul
915 2305 1058 2351 astra
1088 2296 1279 2360 oculis,
1310 2294 1637 2364 ingressibus
1656 2292 1791 2346 atria
1811 2290 2073 2359 pandunt.

496 2395 563 2447 10
702 2391 815 2446 Illic
842 2389 1103 2459 adjuncta:
1130 2390 1152 2421 ³
1183 2388 1461 2443 sociantur
1488 2384 1754 2439 moenibus
1780 2382 1938 2445 aulze,

638 2482 944 2550 DilTusoque
972 2482 1092 2536 sinu
1122 2481 1143 2512 ³
1171 2479 1327 2535 simul
1357 2485 1413 2532 et
1437 2483 1668 2531 coeunte
1696 2482 1943 2545 patentes

632 2573 849 2630 [Emula
874 2572 1139 2628 consertis
1164 2570 1397 2639 jungunt
1416 2566 1628 2635 fastigia
1651 2566 1834 2636 tignis,

636 2666 702 2720 Et
728 2665 946 2736 paribus
970 2664 1130 2718 variae
1157 2670 1213 2718 et
1234 2662 1491 2733 speciosa:
1520 2659 1751 2716 cultibus
1778 2666 1994 2713 exstant

638 2756 922 2821 Marmore,
956 2756 1183 2826 pictura,
1217 2754 1577 2823 laquearibus,
1598 2762 1761 2825 atque
1789 2754 2073 2810 columnis.

495 2851 566 2906 15
706 2850 853 2906 Inter
879 2864 997 2921 quae
1018 2857 1073 2903 et
1098 2847 1323 2904 modicis
1351 2847 1588 2901 variatur
1614 2845 1789 2915 gratia
1813 2845 1999 2903 cellis:

634 2942 779 3010 Quas
804 2942 858 2996 in
888 2939 1183 3011 porticibus
1211 2939 1341 3008 (qua
1367 2936 1388 2968 ⁵
1418 2937 1627 3007 longius
1655 2951 1762 2991 una
1790 2945 2040 2992 coactum

633 3031 879 3088 Porticus
900 3031 955 3086 in
984 3030 1215 3100 spatium
1244 3036 1419 3083 tractu
1449 3028 1791 3099 protenditur
1820 3028 1840 3059 ⁵
1868 3031 1999 3095 uno)

635 3122 920 3191 Appositas
941 3120 1100 3175 lateri
1129 3120 1231 3174 tria
1259 3119 1561 3175 comminus
1589 3134 1687 3173 ora
1712 3118 2019 3183 recludunt,

635 3212 905 3281 Trinaque
930 3211 1183 3267 cancellis
1206 3210 1545 3265 currentibus
1571 3210 1708 3264 ostia
1744 3221 1765 3248 ο
1797 3209 2072 3279 pandunt:

492 3304 560 3359 ω
629 3303 949 3373 Martyribus
969 3302 1200 3357 mediam
1222 3302 1379 3372 pictis
1409 3304 1495 3371 pia
1525 3303 1741 3357 nomina
1766 3304 2004 3371 signant,

630 3393 777 3460 Quos
804 3408 902 3462 par
932 3393 987 3447 in
1016 3392 1165 3447 vario
1204 3393 1473 3447 redimivit
1499 3392 1670 3460 gloria
1700 3408 1853 3448 sexu.

632 3487 703 3540 At
729 3486 968 3555 geminas
995 3499 1114 3555 qua:
1132 3491 1257 3539 sunt
1284 3484 1472 3539 dextra
1503 3485 1742 3554 laevaque
1768 3494 2035 3556 patentes,

633 3577 783 3634 Binis
808 3576 1048 3632 historiis
1077 3582 1234 3631 ornat
1263 3578 1470 3646 pictura
1501 3575 1690 3633 fidelis.

634 3666 806 3724 Unam
833 3675 1144 3723 sanctorum
1172 3667 1446 3737 complent
1471 3682 1624 3722 sacra
1645 3676 1794 3736 gesta
1814 3667 2071 3733 virorum,

492 3760 559 3818 25
629 3759 798 3817 Johns
820 3760 1127 3815 vulneribus
1157 3766 1413 3825 tentatus,
1442 3760 1642 3815 lumine
1664 3759 1825 3815 Tobit
1852 3761 1895 3814 °.

630 3856 730 3909 Ast
756 3853 918 3908 aliam
947 3868 1108 3909 sexus
1136 3853 1315 3907 minor
1343 3852 1573 3921 obtinet,
1605 3853 1786 3908 inclita
1814 3851 2015 3917 Judith,

629 3945 745 4013 Qua
765 3944 923 4000 simul
948 3951 1003 3999 et
1030 3944 1217 4012 regina
1245 3951 1437 4013 potens
1466 3942 1771 4011 depingitur
1798 3941 2016 3999 Esther.

702 4036 932 4091 Interior
957 4034 1124 4089 variis
1151 4034 1432 4089 ornatibus
1457 4048 1584 4088 area
1614 4033 1773 4099 ridet,

628 4126 989 4201 647-648
1017 4126 1161 4180 ιωω
1198 4140 1360 4195 super
1384 4127 1403 4156 ⁷
1438 4125 1595 4180 tectis
1636 4136 1694 4179 et
1732 4134 1918 4196 aperta
1952 4126 2075 4183 luce

1776 4215 2006 4288 [serenis

489 4312 559 4367 '50
630 4305 956 4369 Frontibus,
1019 4312 1183 4373 atque
1223 4302 1359 4357 infra
1404 4303 1574 4359 niveis
1610 4302 1636 4340 ἀ
1685 4305 1934 4359 redimita
1981 4320 2074 4360 co-

1754 4394 1993 4467 [lumnis.

700 4485 867 4555 Cujus
887 4486 941 4540 in
967 4484 1214 4556 exposito
1243 4484 1540 4555 praelucens
1567 4462 1855 4540 cantharus
1876 4493 2071 4550 exstat,
2102 4462 2154 4522 Ῑ)

629 4578 801 4644 Quem
830 4574 1130 4632 cancellato
1160 4575 1293 4644 tegit
1317 4589 1460 4629 aerea
1488 4574 1723 4629 culmine
1753 4574 1934 4629 turris.

705 4664 901 4722 Cetera
929 4665 1202 4737 dispositis
1225 4672 1369 4720 stant
1394 4680 1521 4719 vasa
1549 4663 1651 4719 sub
1670 4677 1795 4718 aere
1823 4662 1969 4718 nudo

626 4759 936 4824 Fonticulis,
961 4766 1114 4825 grato
1142 4756 1292 4812 varie
1316 4756 1512 4825 quibus
1540 4755 1729 4810 ordine
1755 4753 1873 4810 lixis

488 4850 557 4906 55
628 4850 860 4905 Dissidet
883 4849 1016 4904 artis
1044 4846 1502 4917 opus,concordat
1528 4862 1664 4901 vena
1694 4846 1921 4911 metalli,

634 4938 859 5007 Unaque
886 4938 1099 4992 diverso
1126 4935 1244 4989 ﬂuit
1271 4949 1368 4990 ore
1398 4936 1649 5003 capacius
1678 4934 1841 4990 unda.

699 5029 943 5086 Basilicis
969 5028 1083 5082 baze
1098 5026 1282 5095 juncta
1304 5025 1495 5092 tribus,
1518 5033 1667 5096 patet
1691 5041 1815 5081 area
1840 5026 2066 5094 cunctis,

629 5124 983 5190 Diversosque
1005 5119 1183 5175 aditus
1210 5132 1277 5172 ex
1306 5133 1412 5172 uno
1441 5116 1626 5188 pandit
1652 5118 1719 5173 ad
1750 5134 1959 5187 omnes,

556 5274 582 5302 ι
616 5262 747 5317 Vide
767 5270 881 5316 not.
916 5260 1041 5314 515.

556 5334 583 5374 ι’
614 5333 670 5387 Id
697 5341 799 5393 est.
832 5333 987 5385 atrio.
1019 5330 1153 5385 Vide
1173 5339 1287 5385 not.
1314 5328 1416 5384 167
1445 5336 1499 5384 et
1527 5328 1648 5383 316.

557 5415 581 5444 ε
615 5404 747 5458 Vide
769 5410 881 5456 not.
911 5402 1034 5454 517.

555 5474 580 5513 ἀ
614 5472 669 5527 ld
700 5481 785 5527 est
814 5490 876 5526 ex
903 5488 1181 5526 marmore.

553 5557 577 5584 ο
613 5544 743 5598 Vide
783 5551 896 5597 not.
941 5542 1062 5596 518.

560 5616 577 5652 ί
620 5613 673 5667 Id
704 5623 785 5668 est
813 5630 991 5682 prope.

555 5695 577 5731 ι
611 5684 771 5750 Gall.,
800 5684 884 5754 qui
912 5682 1260 5751 cmpéchaieut
1283 5684 1334 5738 la
1366 5700 1477 5741 uae.

2102 369 2154 428 A

2100 1732 2147 1792 B

2322 366 2497 435 Atque
2519 367 2701 422 itidem
2729 366 2933 436 gremio
2961 365 3203 423 diversos
3224 368 3423 439 excipit
3450 386 3557 425 uno

2176 455 2247 511 40
2320 457 2367 512 Δ
2394 458 2564 513 tribus
2591 472 2857 528 egressos,
2888 459 3066 515 medio
3091 460 3327 531 Spatiosa
3359 464 3539 532 pavito
3565 483 3577 515 :

2319 546 2474 613 Quod
2506 556 2689 604 tamen
2715 548 2993 605 ordinibus
3031 552 3254 607 structis
3282 567 3382 623 per
3408 555 3645 625 quinque
3673 558 3747 611 ni-

2342 655 2352 666 ‘
3459 646 3685 719 [lentum

2319 731 2544 801 Agmina
2572 732 2900 789 concharum
2931 744 2981 803 ο,
3003 735 3171 791 series
3195 736 3418 793 densata
3444 749 3637 796 coacto

2319 821 2610 890 Marmore,
2634 824 2770 879 mira
2798 825 2970 881 oculis
3003 827 3177 896 aperit
3202 828 3558 897 spatiantibus
3579 840 3694 887 arte
3714 834 3751 887 '.

2394 911 2503 969 Sed
2530 914 2886 984 circumjectis
2914 917 2968 971 in
2989 918 3287 987 porticibus
3306 922 3527 990 spatiari

2178 1002 2250 1057 45
2319 1005 2485 1077 Copia
2515 1007 2661 1077 larga
2682 1008 2885 1077 subest,
2916 1009 3353 1081 interpositisque
3377 1014 3657 1069 columnas

2320 1097 2589 1155 Cancellis
2618 1098 2788 1156 fessos
2816 1100 3162 1167 incumbere;
3192 1110 3248 1157 et
3280 1103 3404 1160 inde
3430 1104 3657 1162 ﬂuentes

2322 1190 2615 1260 Aspectare
2634 1189 2790 1260 jocos
2817 1194 2861 1260 ’,
2893 1191 3225 1262 pedibusque
3252 1195 3522 1251 madentia
3553 1197 3707 1253 siccis

2319 1279 2577 1348 Cernere,
2610 1297 2711 1337 nec
2737 1282 2947 1338 calcare
2975 1283 3090 1339 sola
3114 1301 3129 1350 ;
3162 1293 3217 1339 et
3245 1287 3541 1343 certamine
3568 1287 3754 1346 blando

2323 1372 2503 1428 Mirari
2534 1374 2746 1444 placido
2776 1375 3034 1431 salientes
3060 1392 3334 1433 murmure
3360 1377 3557 1435 fontes.

2181 1460 2249 1517 50
2319 1463 2437 1519 Non
2486 1464 2661 1519 solum
2700 1464 2928 1522 hiberno
2956 1467 3217 1537 placitura
3263 1468 3317 1523 in
3356 1477 3602 1540 tempore
3628 1488 3753 1542 pra.»

3470 1567 3581 1640 [sto
3609 1577 3691 1622 est

2322 1646 2728 1715 Commoditas,
2778 1649 2905 1719 quia
2948 1652 3027 1707 sic
3073 1653 3202 1709 tecti
3242 1654 3396 1724 juvat
3434 1658 3628 1713 umbra
3668 1673 3757 1727 per

3457 1751 3691 1824 [:estum,

2333 1836 2351 1906 (
2379 1833 2456 1907 [ὁ]
2481 1834 2633 1891 Sicut
2659 1835 2840 1906 aprica
2868 1836 3085 1908 placent
3109 1839 3164 1895 in
3192 1839 3407 1909 frigore,
3440 1843 3692 1913 siccaque
3711 1843 3757 1898 in

3452 1933 3693 2007 [imbre.)

2405 2016 2567 2075 Parte
2588 2019 2691 2074 alia
2716 2027 2869 2091 patet
2895 2021 3151 2089 exterior,
3178 2036 3298 2092 quae
3326 2023 3559 2091 cingitur
3586 2038 3730 2092 reque

2323 2109 2462 2165 Area
2490 2111 2818 2180 porticibus,
2847 2111 2995 2167 cultu
3022 2113 3222 2181 minor,
3252 2128 3474 2183 aequore
3501 2114 3693 2183 major.

2180 2197 2249 2252 55
2320 2199 2459 2255 Ante
2478 2215 2661 2256 sacras
2684 2201 2829 2258 aedes
2850 2201 3010 2272 longe
3038 2204 3330 2273 spectabile
3352 2205 3533 2275 pandit

2324 2289 2679 2357 Vestibulum,
2697 2289 2895 2361 duplici
2912 2308 3030 2363 qua:
3046 2296 3332 2350 exstructis
3348 2296 3583 2364 tegmine
3599 2295 3755 2360 cellis,

2324 2379 2428 2436 Per
2459 2390 2835 2438 contestarum
2864 2386 3113 2440 coeuntia
3141 2386 3287 2454 tigna
3316 2386 3626 2453 domorum,

2318 2472 2538 2529 Castelli
2566 2476 2800 2545 speciem
2832 2477 3118 2532 meditatur
3140 2479 3372 2547 imagine
3398 2480 3558 2543 muri,

2322 2564 2681 2635 C‘onciliisque
2705 2566 2879 2624 forum
2909 2568 3017 2624 late
3044 2570 3337 2640 spectabile
3367 2571 3568 2640 pandit.

2180 2658 2248 2713 ϐο
2386 2659 2555 2727 Quale
2584 2662 2706 2717 loco
2727 2663 2937 2732 signum
2964 2663 3111 2719 Felix
3144 2665 3480 2720 venerandus
3507 2666 3559 2721 in
3591 2666 3695 2723 isto

2318 2749 2561 2807 Ediderit
2590 2769 2786 2824 nuper,
2814 2755 2976 2810 celeri
3002 2756 3234 2812 narrabo
3263 2757 3455 2812 relatu.

2390 2842 2450 2897 In
2476 2843 2653 2900 medio
2681 2846 2878 2916 campi,
2900 2856 3088 2901 contra
3124 2846 3142 2885 τ
3173 2848 3493 2904 venerabilis
3522 2848 3663 2905 aula:

2322 2933 2530 2989 Limina
2560 2935 2628 2991 de
2656 2936 2802 3005 ligno
2829 2937 2936 2992 duo
2961 2946 3108 2993 texta
3140 2938 3302 3008 tigilla
3332 2941 3662 3009 manebant,

2321 3026 2627 3098 Importuna
2653 3030 2780 3097 situ,
2807 3030 2965 3085 simul
2994 3038 3050 3085 et
3072 3029 3331 3085 deformia
3358 3032 3477 3085 visu
3502 3049 3518 3098 ;

2102 3095 2148 3159 (ἶ
2179 3116 2248 3172 65
2319 3095 2446 3184 Quae
2473 3116 2638 3174 decus
2662 3095 2821 3175 omne
2847 3134 3075 3191 operum
3106 3120 3467 3190 perimebant,
3498 3095 3756 3191 improba,

3451 3213 3621 3288 [taeda
3654 3215 3696 3246 ι·

2317 3300 2503 3373 Objice
2552 3313 2899 3375 prospectum
2946 3305 3205 3365 (recentia
3244 3315 3309 3358 ες
3374 3320 3607 3375 namque
3665 3321 3758 3376 pa-

3509 3394 3698 3466 [tentis

2321 3484 2492 3541 Ianua
2522 3485 2781 3553 basilicae,
2812 3486 2988 3557 tuguri
3017 3487 3197 3544 brevis
3225 3488 3512 3557 interjectu
3542 3490 3582 3521 “

2317 3576 2633 3644 Obscurata,
2666 3578 2811 3633 fores
2836 3580 3111 3636 incassum
3140 3579 3322 3636 clausa
3350 3579 3586 3650 patebat.

2387 3669 2514 3726 [iam
2545 3670 2758 3725 amoliri
2781 3670 3124 3741 cupientibus
3152 3670 3311 3726 obt'ia
3338 3671 3513 3741 nobis,

2177 3761 2244 3816 70
2315 3760 2490 3817 Verba
2530 3762 2732 3816 dabant
2770 3761 2927 3817 tectis
2956 3762 3047 3832 qui
3075 3764 3419 3819 metabantur
3456 3764 3508 3818 in
3540 3764 3676 3831 illis,

2313 3851 2679 3922 Jurabantque
2706 3853 2855 3923 prius
2884 3854 3046 3908 vitam
3075 3869 3133 3909 se
3153 3870 3313 3925 posse
3332 3856 3547 3925 pacisci,

2323 3944 2494 4012 Quam
2516 3946 2635 4014 cogi
2656 3946 2889 4014 migrare
2916 3946 3066 4001 locis.
3094 3946 3402 4003 Temnenda
3423 3948 3637 4017 quidem
3657 3965 3756 4006 vox

2315 4035 2419 4091 Ista
2439 4036 2755 4091 videbatur:
2786 4036 2879 4091 sed
2908 4047 3048 4105 erat,
3072 4038 3262 4105 fateor,
3293 4040 3425 4094 mihi
3455 4040 3687 4111 idipsum

2314 4125 2532 4182 Invidiae
2556 4145 2569 4181 :
2604 4126 2833 4183 taedebat
2860 4130 3003 4183 enim
3032 4129 3117 4183 vel
3139 4130 3353 4186 vincere
3381 4131 3517 4185 rixa.

2172 4214 2243 4269 75
2384 4216 2594 4273 Interea
2616 4217 2844 4288 quadam
2861 4218 2935 4287 (c)
2964 4219 3190 4288 primam
3212 4219 3321 4289 jam
3346 4230 3503 4276 nocte
3524 4221 3756 4292 quietem

2314 4307 2554 4379 Carpere
2582 4309 2772 4379 sopitis
2800 4310 3157 4380 coeptantibus
3184 4330 3197 4365 :
3236 4328 3362 4368 ecce
3392 4314 3591 4369 relictis

2320 4398 2612 4455 Prosiliens
2638 4400 2870 4456 scintilla
2898 4399 3051 4467 focis,
3082 4402 3335 4457 conllavit
3361 4404 3415 4458 in
3444 4419 3547 4458 una

2319 4490 2589 4547 Cellarum
2619 4491 2856 4561 ipsarum
2886 4491 3092 4547 latebra
3111 4531 3127 4558 ,
3158 4493 3227 4548 de
3253 4494 3509 4550 stramine
3537 4493 3687 4561 foeni,

2315 4580 2435 4649 Quo
2463 4582 2601 4638 forte
2630 4582 2924 4647 inciderat,
2973 4584 3207 4639 subitum
3251 4585 3467 4654 ignem:
3520 4599 3754 4654 moxque

3372 4675 3491 4747 [per
3518 4676 3687 4745 ipsam

2177 4761 2246 4816 80
2318 4762 2459 4818 Fusa
2482 4779 2688 4833 casam,
2720 4774 2779 4819 ut
2806 4766 2946 4822 vires
2974 4766 3227 4821 alimenta
3254 4781 3352 4836 per
3380 4767 3527 4822 arida
3557 4769 3719 4838 cepit,

2320 4853 2593 4923 lugentem
2622 4854 2794 4925 fragili
2823 4856 3002 4927 rapuit
3028 4857 3096 4912 de
3123 4857 3310 4913 fomite
3338 4857 3606 4913 tlammam
3633 4877 3649 4927 ;

2318 4944 2385 4998 Et
2412 4945 2553 5001 facili
2581 4947 2729 5017 lapsu
2758 4962 2856 5016 per
2878 4948 3057 5017 putria
3086 4948 3228 5016 ligna
3260 4949 3451 5003 vetusti

2316 5034 2579 5093 Culminis
2604 5053 2895 5107 erumpens
2919 5056 2933 5105 ;
2966 5040 3173 5108 magnis
3200 5041 3446 5095 incendia
3475 5042 3632 5097 torsit

2316 5132 2549 5189 Turbida
2579 5135 2906 5201 verticibus;
2936 5135 3273 5206 ealidamque
3298 5152 3395 5208 per
3414 5152 3540 5192 aera
3563 5139 3749 5193 nubem

2244 5271 2259 5283 '
2291 5264 2561 5332 Scriptum
2590 5280 2731 5318 anno
2761 5264 2885 5328 405,
2922 5263 3009 5319 die
3039 5264 3105 5318 II
3134 5263 3352 5319 Januar.

2246 5334 2321 5408 (ᾳ)
2354 5331 2665 5408 Ms:_C_ertn.
2693 5336 2897 5408 codex,
2930 5336 3127 5408 incloso
3160 5338 3296 5389 tecti.
3329 5334 3466 5391 Editi
3494 5337 3745 5408 quinque,

2171 5406 2227 5457 in
2256 5403 2402 5457 clivo.
2435 5404 2568 5458 Vide
2597 5414 2709 5459 not.
2747 5403 2842 5457 167
2874 5414 2928 5458 et
2956 5404 3082 5459 516.

2245 5475 2319 5604 ((2%
2350 5473 2447 5528 Hic
2477 5489 2666 5529 versus
2694 5475 2905 5529 additus
2934 5491 2997 5528 ex
3023 5492 3121 5530 ms.
3158 5475 3346 5537 codice
3372 5475 3743 5533 Germancnsi.

2246 5547 2294 5604 (ε
2348 5541 2423 5596 Ita
2454 5546 2789 5601 correximus
2818 5560 2883 5601 ex
2911 5562 3009 5601 ms.
3038 5545 3219 5603 Germ.
3250 5546 3391 5602 Ante
3419 5558 3537 5603 erat
3563 5549 3743 5604 prima.

2246 5541 2330 5667 (c)‘
2348 5541 2423 5596 Ita
2454 5546 2789 5601 correximus
2818 5560 2883 5601 ex
2911 5562 3009 5601 ms.
3038 5545 3219 5603 Germ.
3250 5546 3391 5602 Ante
3419 5558 3537 5603 erat
3561 5549 3743 5618 prima.

2246 5629 2447 5667 unuse.

2172 5629 2447 5670 lllClltlUSC.
