3990 6182
284 272 378 329 665
1679 266 1858 323 ΡΟΕΜ

2000 267 2181 325 XVIII.
3466 267 3571 325 (566

282 385 341 439 ιδ
413 382 647 448 Miscuit,
680 391 736 439 et
761 382 914 452 nigro
935 380 1189 437 subduxit
1216 378 1390 436 sidera
1424 377 1588 434 fumo.
1886 383 1938 441 A
2107 380 2299 437 Sidere
2327 379 2383 450 ι’,
2409 390 2466 437 et
2489 382 2760 451 exstingui
2789 380 3001 437 fremitu
3032 383 3293 439 moriente
3320 387 3537 455 coegit:

486 473 717 543 Ipsaque
738 472 1034 528 terribilem
1053 471 1218 525 dabat
1239 471 1459 540 insuper
1478 470 1554 524 ira
1579 470 1864 537 fragorem,
2122 471 2185 526 Et
2216 473 2401 528 cinere
2436 484 2683 528 exortam
2712 473 2881 527 cineri
2913 488 3155 528 remeare
3184 475 3495 544 procellam.

415 563 653 631 Materiae
678 564 881 632 fragilis
912 565 990 634 (α)
1020 563 1223 633 crepitu
1253 562 1500 631 graviore
1530 562 1818 615 resultans.
1979 561 2079 631 f§0
2188 562 2399 630 Quanta
2424 564 2603 619 crucis
2632 564 2839 618 virtus!
2886 571 3025 618 utse
3057 572 3245 619 natura
3275 566 3566 634 relinquat.

417 658 775 729 εωοϐξῑο
816 655 1132 727 Cunctaque
1169 655 1377 710 vicanis
1415 652 1618 709 circum
1668 660 1869 707 metata
2120 651 2312 707 Omnia
2343 654 2488 723 ligna
2517 669 2720 709 vorans
2759 655 2905 723 ligno
2934 655 3108 709 crucis
3137 656 3312 709 uritur
3341 656 3495 723 ignis.

1523 743 1756 817 [colonis
1781 760 1795 808 ;
2194 745 2359 800 Multa
2390 763 2601 811 manus,
2634 747 2840 803 crebris
2868 757 2997 803 tunc
3028 748 3116 802 illa
3145 748 3397 803 incendia
3428 749 3567 804 vasis

418 839 594 908 Atque
620 839 787 893 etiam
805 836 930 893 vico
959 837 1002 869 ¹²
1032 836 1312 892 submotos
1340 834 1553 905 longius
1580 848 1759 903 agros,
2123 837 2448 909 Aspergens,
2478 838 2640 908 largis
2668 839 2921 909 cupiebat
2947 840 3165 893 vincere
3188 840 3419 911 lymphis
3445 858 3459 894 :

276 934 343 987 90
414 932 505 986 Sic
534 942 704 999 vapor
728 926 968 995 afﬂabat,
1002 929 1080 983 sic
1100 927 1318 983 horrida
1348 926 1441 981 lux
1468 926 1733 990 feriebat;
2117 927 2225 985 Sed
2253 930 2382 985 licet
2410 930 2690 985 exhaustis
2714 940 3007 1001 pensarent
3033 930 3268 986 fontibus
3294 931 3515 995 imbres,

414 1024 506 1080 Sic
535 1036 726 1093 prope,
756 1021 835 1077 sic
862 1021 1020 1091 longe
1043 1022 1144 1076 sita
1170 1020 1400 1076 culmina
1425 1018 1801 1090 respergebat,
1975 1022 2078 1079 155
2119 1023 2181 1077 Vi
2212 1022 2419 1093 majore
2450 1032 2649 1089 tamen,
2684 1023 2839 1079 lassis
2867 1024 3263 1095 spargentibus,
3297 1039 3513 1078 omnem

416 1113 679 1172 Scintillis
708 1113 819 1169 late
848 1112 1199 1169 volitantibus
1222 1114 1409 1182 igneus
1435 1112 1646 1175 imber;
2118 1113 2334 1170 Vicerat
2380 1115 2517 1184 ignis
2563 1129 2806 1185 aquam:
2857 1130 2957 1170 nos
3009 1116 3153 1184 ligno
3211 1116 3571 1170 exstinximus

419 1207 489 1263 Ut
513 1208 696 1264 subito
722 1206 890 1262 exciti
919 1221 1019 1261 nos
1046 1206 1351 1275 planctibus
1377 1204 1615 1275 undique
1643 1202 1871 1270 maestis,
3268 1208 3493 1279 [ignem,

422 1299 489 1354 Et
514 1296 855 1355 circumfusis
881 1296 1105 1352 immani
1135 1297 1336 1352 lumine
1366 1296 1544 1362 tectis,
2119 1296 2401 1367 Quamque
2429 1313 2569 1369 aqua
2599 1313 2708 1354 non
2739 1306 2974 1370 poterat,
2999 1298 3127 1354 vicit
3147 1299 3327 1353 brevis
3347 1300 3518 1353 astula
3544 1309 3567 1338 ο

282 1390 349 1445 05
418 1389 610 1445 Omnia
636 1389 782 1444 circa
802 1403 903 1443 nos
923 1388 1105 1443 lucere
1131 1395 1191 1442 ut
1210 1395 1401 1458 aperta
1421 1386 1688 1450 videntes,
2742 1410 2751 1413 ·
3180 1387 3493 1463 [ﬂammam

418 1482 626 1538 Cuncta
654 1490 967 1552 putaremus
993 1482 1222 1536 ﬂammis
1243 1488 1491 1551 correpta
1520 1477 1773 1543 cremari,
2191 1478 2323 1534 Post
2352 1478 2444 1534 ubi
2471 1478 2723 1535 discessit
2748 1489 2946 1548 metus,
2976 1488 3333 1551 optatumque
3356 1479 3569 1535 reduxit

418 1572 648 1642 Ipsaque
674 1579 984 1627 sanctorum
1012 1571 1172 1626 simul
1202 1572 1325 1639 igne
1352 1570 1554 1640 palatia
1582 1576 1737 1623 tanto
1948 1594 1955 1605 κ
2120 1569 2234 1625 Lux
2265 1586 2500 1642 Operosa
2529 1570 2692 1635 diem,
2725 1572 3091 1643 processimus
3118 1580 3237 1627 acta
3262 1571 3447 1627 videre

417 1664 691 1720 Fervere:
723 1671 780 1718 et
808 1679 839 1718 a
870 1662 1027 1719 tectis
1052 1662 1211 1717 simul
1231 1662 1481 1718 omnibus
1508 1661 1599 1715 illa
1627 1658 1817 1714 referri
1975 1662 2078 1719 140
2116 1661 2319 1729 Noctis,
2350 1671 2405 1716 et
2431 1662 2713 1717 exstincta:
2742 1663 3005 1732 quamvis,
3032 1662 3291 1717 fumantia
3313 1663 3421 1719 late

418 1754 676 1823 Fulgura,
701 1769 821 1823 quae
850 1754 1052 1824 sparsis
1081 1754 1244 1809 etiam
1274 1753 1564 1823 longinqua
1592 1751 1873 1823 replebant
1904 1756 1951 1818 Β
2125 1751 2343 1807 Securis
2369 1760 2621 1821 spectare
2650 1752 2821 1807 oculis
2849 1753 3072 1822 vestigia
3100 1751 3345 1809 ﬂammae.

283 1844 379 1900 100
415 1844 649 1914 Ignibus,
680 1854 738 1901 et
757 1846 929 1901 multo
956 1844 1232 1900 terrebant
1259 1844 1335 1915 (b)
1368 1844 1492 1913 igne
1518 1857 1769 1913 vapores.
2116 1841 2185 1896 Et
2205 1841 2559 1897 credebamns
2585 1858 2684 1897 nos
2712 1843 2941 1912 plurima
2972 1844 3172 1899 damna
3193 1845 3478 1900 domorum

422 1936 492 1992 Ut
514 1938 669 2005 quasi
698 1937 908 1992 vicinas
942 1950 1134 1992 omnes
1161 1936 1263 1991 sibi
1291 1935 1518 2005 quisque
1548 1934 1801 1987 timerent
2114 1933 2362 2001 Visuros,
2394 1934 2573 2003 magni
2598 1949 2869 1990 memores
2894 1936 3119 1991 terroris
3142 1946 3198 1992 et
3223 1938 3360 2006 ignis
3386 1956 3399 1991 :

417 2028 499 2083 Ad
522 2042 622 2082 sua
654 2034 796 2082 tecta
828 2024 973 2080 faces
1001 2024 1283 2080 ardentem
1314 2023 1613 2079 comminus
1632 2028 1846 2085 aestum,
2113 2024 2222 2080 Sed
2248 2027 2359 2081 cito
2391 2026 2700 2096 conspectis
2727 2027 2969 2082 decrevit
2996 2029 3182 2098 opinio
3220 2030 3415 2085 rebus:

421 2120 763 2188 lnf'ectasque
794 2118 866 2188 (ε)
896 2117 1117 2172 trahens
1138 2116 1267 2172 diris
1287 2114 1567 2170 nidoribus
1597 2127 1777 2167 auras.
1975 2115 2077 2172 H5
2114 2115 2180 2171 Et
2210 2116 2344 2171 nihil
2373 2125 2625 2172 exustum
2645 2158 2660 2183 ,
2692 2117 2794 2176 nisi
2822 2117 2970 2187 quod
2998 2118 3229 2173 debebat
3258 2119 3433 2187 aduri,

492 2211 603 2268 Nos
634 2209 860 2282 trepidi,
892 2215 952 2264 ut
979 2206 1180 2263 nostris
1209 2205 1459 2263 domibus
1486 2204 1741 2276 pr0piore
1770 2215 1868 2272 pe-
2110 2209 2469 2281 σει-652
2496 2207 2799 2276 Cernimus,
2828 2226 2896 2265 ex
2925 2209 3137 2279 illisque
3158 2227 3321 2265 unum
3343 2210 3562 2281 ﬂagras-

1616 2294 1795 2368 [riclo,
3102 2302 3183 2374 [se

3102 2302 3183 2374 [se
3214 2303 3257 2333 "
3285 2302 3494 2359 duobus

285 2395 383 2450 105
423 2392 507 2449 Nil
544 2407 649 2464 ope
682 2391 753 2448 de
794 2398 976 2447 nostra
1015 2387 1389 2461 praesumimus
1411 2428 1427 2455 ,
1477 2385 1619 2442 unde
1666 2385 1869 2440 etenim
2119 2390 2381 2464 flospitiis
2404 2433 2419 2460 ,
2466 2407 2587 2464 qua:
2616 2402 2799 2451 nostra
2828 2410 3020 2452 manus
3044 2436 3060 2463 ,
3104 2396 3206 2452 nisi
3234 2394 3449 2451 ﬂamma
3478 2407 3565 2452 ιιιο

1668 2477 1790 2550 [vis,
3295 2491 3489 2562 [lisset,

414 2579 481 2634 Et
528 2593 721 2634 manus
768 2572 996 2631 inﬁrmis
1042 2575 1221 2643 foret,
1278 2573 1424 2629 illam
1450 2571 1797 2640 exstinguere
2116 2578 2426 2635 Abstulerat
2451 2597 2463 2633 :
2495 2578 2588 2633 sed
2618 2586 2674 2633 et
2702 2577 2806 2633 hoc
2829 2576 3022 2636 Felicis
3051 2580 3219 2650 gratia
3250 2581 3408 2636 nobis

1572 2663 1798 2736 {molem
2118 2672 2343 2730 Munere
2371 2673 2661 2740 consuluit,
2693 2672 2838 2743 quod
2867 2674 3246 2743 praweniendo
3275 2675 3513 2730 laborem

412 2759 742 2819 Sufﬁciens?
784 2775 907 2817 cum
936 2758 1018 2831 (ά)
1047 2758 1265 2813 ﬂamma
1294 2756 1406 2811 suis
1432 2754 1702 2825 ingentior
1730 2753 1834 2809 iret
1975 2762 1988 2817 ς

1975 2762 2077 2819 150
2116 2763 2349 2820 Utilibus
2371 2766 2414 2796 “
2443 2764 2704 2829 ﬂammis,
2735 2779 2964 2833 operum
2992 2766 3315 2837 compendia
3344 2767 3500 2822 nobis

418 2855 740 2921 Fomillbus,
761 2867 1040 2925 Parvoque
1068 2857 1257 2907 θκοτιθ
1280 2857 1505 2919 repente
1532 2848 1721 2916 tigillo,
2116 2856 2376 2913 Prmstitit
2400 2873 2416 2924 ;
2466 2856 2591 2911 inde
2618 2869 2806 2926 parem
2850 2855 3085 2911 incensa:
3109 2898 3126 2924 ,
3170 2869 3331 2925 quam
3366 2855 3567 2916 vicerat

420 2945 667 3001 Culmina
696 2951 891 2999 cuncta
921 2941 1078 2997 simul
1106 2939 1452 3011 perfunderet
1480 2937 1601 3005 igne
1628 2935 1868 2991 minaci?
3358 2947 3492 3021 [ξιιίο

279 3037 380 3093 Ill)
492 3035 773 3093 Currimus
800 3046 962 3103 er30,
992 3030 1098 3087 ﬁde
1123 3038 1334 3086 tantum
1360 3036 1416 3083 ει
1435 3042 1597 3099 Prece
1626 3026 1869 3098 supplice
2117 3036 2357 3093 Flamma
2388 3035 2608 3092 domum
2633 3075 2650 3104 ,
2696 3051 2806 3091 non
2845 3044 2906 3091 ut
2934 3045 3220 3107 pateretur
3255 3047 3402 3095 stare
3426 3080 3442 3106 ,
3482 3040 3567 3098 vel

1639 3120 1795 3195 [ηίιίν
1893 3125 1941 3187 C
3300 3130 3492 3202 [ipsam

420 3217 498 3273 Ad
526 3218 705 3273 vicina
736 3217 843 3272 mei
866 3215 1059 3271 Felicis
1081 3214 1265 3269 limina
1291 3230 1303 3267 :
1337 3221 1392 3270 et
1415 3211 1540 3268 inde
2116 3216 2435 3273 Obstantem
2466 3216 2629 3272 simili
2658 3215 3025 3287 bipatentibus
3054 3219 3231 3291 objice
3252 3221 3458 3277 valvis:

426 3309 743 3379 Contiguam
774 3308 996 3379 paribus
1023 3307 1166 3362 votis
1194 3306 1531 3362 adcurrimus
1559 3304 1759 3369 aulam,
2116 3308 2314 3365 Verum
2339 3317 2397 3364 ut
2424 3316 2480 3366 et
2511 3308 2625 3364 hmc
2647 3308 2795 3363 illum
2820 3310 3039 3381 puniret
3058 3311 3271 3367 ﬂamma
3297 3313 3568 3380 colonum,

423 3402 593 3471 Atque
616 3399 686 3454 ab
715 3398 1000 3469 apostolici
1023 3398 1221 3454 cineris
1252 3398 1449 3453 virtute
1474 3396 1742 3453 medelam
1973 3400 2078 3458 155
2115 3401 2459 3459 Conservans
2488 3401 2599 3469 illi,
2625 3400 2769 3472 quod
2799 3418 2923 3458 mox
2954 3412 3224 3460 everteret
3252 3405 3390 3475 ipse.

420 3492 699 3549 Poscimus
717 3531 732 3558 ,
764 3491 1033 3563 impositis
1060 3491 1289 3561 subjecti
1318 3491 1577 3546 altaribus
1604 3505 1722 3546 ora.
2184 3492 2320 3549 Nam
2360 3507 2459 3549 sua
2485 3494 2577 3562 qni
2614 3492 2816 3548 sanctis
2852 3508 3026 3564 nuper
3073 3494 3349 3564 gurgustla
3378 3494 3450 3566 (e)
3480 3503 3561 3552 te-

277 3586 372 3642 ll5
485 3584 605 3657 Ipse
630 3585 853 3641 domum
884 3597 1165 3649 remeans,
1197 3583 1502 3649 modicum,
1539 3582 1634 3638 sed
1663 3581 1869 3651 grande
3371 3585 3496 3657 [ctis

1508 3674 1691 3747 [saluti
1724 3674 1791 3743 ¹³,
2112 3673 2455 3741 Ρτωωῐθηη,
2485 3673 2718 3744 primum
2741 3657 2955 3727 ﬂamma
2978 3673 3084 3727 mul

2112 3673 2455 3741 Prmtulerat,
2485 3673 2718 3744 primum
2741 3657 2955 3727 ﬂamma
2978 3673 3267 3728 mulctatus
3290 3674 3337 3704 "
3357 3674 3410 3727 in
3433 3690 3564 3743 uno,

416 3767 491 3824 De
509 3767 687 3824 crucis
712 3775 927 3822 aeterna:
951 3772 1187 3821 sumtum
1216 3765 1349 3820 mihi
1372 3764 1633 3835 fragmine
1662 3764 1865 3834 lignum
2112 3766 2237 3822 Mox
2266 3766 2411 3821 aliud
2439 3765 2657 3835 propria
2682 3765 2797 3834 ipse
2824 3780 2988 3819 manu
3021 3774 3237 3820 vastare
3266 3765 3494 3834 tigillum

415 3860 633 3927 Pramo,
665 3868 963 3930 tenensque
991 3874 1157 3914 manu
1184 3858 1426 3914 adversis
1455 3858 1648 3929 procul
1678 3858 1866 3926 ingero
2111 3859 2327 3930 Incipit,
2356 3868 2412 3914 et
2438 3858 2601 3914 celeri
2631 3858 2842 3928 peragit
2869 3872 2964 3912 sua
2994 3855 3188 3912 damna
3215 3856 3421 3926 furore,

1519 3947 1794 4021 [ﬂammis,
1967 3948 2070 4006 160
2108 3951 2451 4020 Dilectasque
2475 3949 2554 4021 (f)
2577 3948 2787 4016 domos,
2816 3956 2873 4004 et
2892 3948 3079 4004 inanes
3099 3948 3306 4019 plangit
3326 3963 3563 4007 amores.

414 4044 487 4102 Ut
513 4045 765 4117 clypeum
788 4041 1030 4099 retinens
1055 4056 1155 4112 pro
1184 4047 1406 4112 pectore
1424 4081 1439 4109 ,
1480 4055 1590 4111 quo
1620 4048 1863 4109 tegerem
2187 4040 2290 4109 Qui
2318 4040 2477 4095 simul
2508 4040 2776 4110 aspiciens
2805 4040 3043 4104 incensa,
3075 4047 3132 4094 et
3158 4039 3336 4094 diruta
3366 4032 3539 4108 tecta,

1642 4133 1751 4205 [me
1775 4173 1793 4200 ,
2108 4132 2405 4192 Dissimiles
2432 4132 2594 4188 simili
2620 4132 2845 4187 miratur
2871 4132 2927 4186 in
2955 4144 3151 4200 aggere
3180 4131 3348 4195 labes,

412 4228 778 4295 Arceremque
797 4223 1010 4279 hostem
1039 4221 1238 4279 collato
1261 4221 1497 4278 umbone
1526 4221 1769 4277 relisum.
2106 4223 2336 4279 Ruderis
2388 4231 2443 4278 et
2471 4222 2670 4278 cineris
2701 4222 2781 4294 (g)
2806 4221 2981 4292 juncti
3008 4221 3250 4276 hicolore
3280 4221 3457 4278 ruina.

278 4318 374 4374 1ἳο
477 4316 719 4382 Credite,
751 4330 851 4370 nec
876 4314 1075 4369 donate
1103 4313 1252 4379 mihi,
1283 4312 1379 4369 sed
1404 4312 1615 4368 reddite
1637 4310 1855 4369 Christo
2109 4315 2264 4372 Hunc
2287 4314 2444 4370 nobis
2470 4315 2588 4370 sine
2616 4314 2709 4370 lite
2737 4314 2924 4369 videns
2951 4313 3181 4369 cessisse
3210 4312 3563 4383 triumphum,

412 4409 625 4475 Grates,
654 4414 711 4462 et
728 4406 903 4475 justas
929 4406 1054 4461 date
1082 4405 1270 4462 laudes
1298 4404 1670 4476 Omnipotenti
1697 4423 1710 4458 :
1968 4409 2071 4464 165
2110 4408 2181 4464 Se
2208 4415 2421 4463 tantum
2452 4407 2617 4463 miser
2645 4414 2892 4475 accusat,
2922 4420 3084 4475 quem
3112 4406 3281 4475 gratia
3316 4405 3462 4461 nulla

410 4498 607 4555 Nostra
648 4497 794 4553 salus
841 4498 1042 4552 etenim
1089 4511 1253 4553 cruce
1298 4495 1501 4551 Christi
1546 4503 1602 4551 et
1644 4496 1863 4553 nomine
1893 4491 1947 4554 D
2115 4498 2374 4555 Manserit
2400 4496 2667 4566 obsequii,
2694 4504 2751 4552 et
2774 4503 2991 4551 maneat
3018 4495 3262 4550 confusio
3290 4510 3490 4566 preme.

1530 4584 1789 4658 [constat,
2182 4590 2336 4647 Nunc
2361 4589 2489 4659 quia
2518 4588 2725 4644 dimoto
2750 4589 2792 4619 ¹⁷
2822 4594 3110 4657 patuerunt
3138 4586 3313 4655 objice
3336 4586 3564 4655 frontes,

412 4681 543 4737 lude
568 4680 699 4736 ﬁdes
728 4680 903 4747 nobis,
932 4688 988 4735 et
1014 4679 1068 4734 in
1099 4680 1205 4735 hoc
1231 4693 1394 4735 cruce
1422 4677 1546 4733 nixa
1580 4680 1785 4750 periclo
2109 4680 2340 4754 Eloquio
2363 4680 2524 4737 simul
2554 4688 2718 4749 atque
2744 4679 2929 4734 animo
2954 4678 3254 4749 spatiemur
3281 4678 3336 4734 in
3363 4680 3493 4751 ipsis

412 4771 639 4838 Profuit,
662 4780 719 4827 et
744 4778 986 4827 nostram
1016 4770 1270 4840 cognovit
1292 4766 1509 4824 ﬂamma
1539 4769 1769 4825 salutem
1796 4781 1841 4824 -.
2109 4776 2419 4831 candentes
2448 4773 2666 4845 spatiis,
2696 4778 3016 4841 sanctasque
3043 4770 3279 4827 feramur
3301 4773 3355 4827 in
3378 4774 3565 4831 aulas:

276 4864 375 4921 125
484 4865 593 4921 Nec
614 4879 735 4921 mea
761 4879 890 4932 vox,
922 4872 1017 4919 aut
1044 4864 1234 4919 dextra
1261 4862 1433 4929 illum,
1456 4862 1552 4919 sed
1572 4864 1658 4918 vis
1682 4864 1858 4921 crucis
1968 4866 2075 4923 170
2112 4868 2477 4936 Miremurque
2498 4879 2679 4921 sacras
2700 4873 2944 4921 veterum
2964 4874 3312 4920 monumenta
3334 4866 3565 4935 figuras:

1586 4956 1787 5031 [ignem
2110 4958 2179 5013 Et
2208 4959 2381 5015 tribus
2410 4958 2463 5012 in
2491 4957 2679 5029 spatiis
2706 4957 2815 5013 duo
2844 4955 3192 5013 Testamenta
3223 4957 3465 5028 legamus
3494 4974 3509 5023 ;

411 5049 648 5119 Terruit,
676 5049 839 5121 inque
866 5050 987 5106 loco
1012 5050 1081 5106 de
1106 5066 1216 5120 quo
1244 5057 1554 5106 surrexerat
1579 5050 1718 5119 ipso,
2111 5049 2264 5108 Hanc
2313 5064 2531 5121 quoque
2580 5049 2659 5121 (h)
2706 5058 2995 5107 cernentes
3040 5050 3306 5107 rationem
3360 5050 3562 5105 lumine

417 5140 488 5197 Ut
512 5142 927 5211 circumseptam
958 5143 1271 5212 praescripto
1294 5142 1465 5197 limite
1496 5139 1768 5197 ﬂammam
3311 5144 3489 5217 [recto

344 5301 370 5365 ξ
395 5291 452 5365 Id
474 5301 557 5350 est
583 5309 787 5365 crucem
824 5310 938 5365 qua:
974 5302 1048 5350 est
1082 5303 1263 5349 nostra
1293 5296 1456 5349 salus.
2039 5296 2120 5365 (ά)
2151 5292 2545 5365 Manuscriptus
2570 5292 2741 5347 codex
2770 5291 2975 5358 Germ,
3000 5294 3284 5365 flammam.

344 5301 370 5331 ι
395 5297 452 5347 Id
474 5301 557 5350 est
583 5309 787 5348 crucem
824 5310 938 5365 qua:
974 5302 1048 5350 est
1082 5303 1263 5349 nostra
1293 5297 1456 5349 salus.
2063 5297 2120 5365 ά)
2151 5297 2544 5362 Manuscriptus
2570 5297 2741 5347 codex
2770 5297 2975 5358 Germ,
3000 5297 3284 5363 ﬂammam.

341 5360 370 5401 δ
399 5362 458 5436 Id
485 5374 566 5436 est
595 5364 812 5436 sisti._4_
1966 5434 2004 5436 _
2039 5297 2112 5436 le)
2153 5364 2243 5436 Sic
2274 5364 2675 5418 emendavimns
2712 5378 2781 5418 ex
2806 5379 2909 5419 ms.
2948 5364 3135 5419 codice
3174 5361 3547 5420 Germancnsi.

345 5442 368 5471 ε
399 5431 531 5487 Vide
566 5443 680 5489 not.
714 5432 837 5487 3l9.
1965 5431 2105 5491 Edd.
2128 5476 2143 5500 ,
2175 5435 2347 5487 dictis.

344 5503 421 5640 ξα)
452 5503 838 5572 Manuscriptus
865 5503 1005 5559 idem
1032 5504 1203 5560 codex
1230 5503 1438 5571 Germ.,
1466 5506 1704 5577 strepitu.
2041 5508 2109 5576 (f)
2142 5504 2238 5558 Ms.
2272 5504 2479 5569 Germ.,
2507 5504 2707 5557 domus.

372 5574 422 5639 b)
456 5572 547 5628 Ms.
580 5575 753 5629 codex
773 5572 981 5639 Gcrm.,
1016 5592 1139 5629 rura
1169 5593 1376 5640 pavore.
2038 5578 2115 5640 (θ)
2150 5573 2293 5628 Idem
2340 5589 2442 5628 ms.
2488 5574 2662 5629 codex
2709 5572 2890 5629 Germ.
2917 5613 2931 5637 ,
2989 5574 3174 5640 juncta
3221 5579 3270 5627 et
3332 5571 3383 5626 bi

372 5570 422 5656 bl
450 5572 547 5656 με.
580 5570 753 5656 codex
773 5572 981 5639 Gcrm.,
1016 5592 1139 5656 rura
1169 5570 1433 5656 aucore?
1475 5648 1487 5656 _
1573 5570 1627 5656 '_
2150 5573 2293 5628 Idem
2340 5589 2442 5628 ms.
2488 5574 2662 5629 codex
2709 5572 2890 5629 Germ.
2917 5613 2931 5637 ,
2989 5574 3174 5643 juncta
3221 5579 3270 5627 et
3332 5570 3555 5628 bicolor:

347 5640 520 5720 (c)_lta
545 5660 644 5720 ins.
663 5643 846 5720 Germ.
878 5661 999 5700 cum
1021 5647 1141 5703 cdd.
1169 5640 1299 5705 Bad.
1326 5657 1377 5704 et
1401 5646 1587 5705 Schot.
1614 5647 1667 5704 in
1685 5661 1854 5720 marg.
1969 5640 2145 5720 ruina.

279 5701 455 5771 ceic'r',
481 5715 707 5781 codices,
736 5715 977 5785 ίηίεδιαε,
1034 5701 1073 5703 1⁷
1335 5701 1377 5704 ’“
1415 5701 1429 5703 “
1616 5701 1832 5720 "nm"
1972 5701 1978 5703 ⁷
2044 5717 2120 5786 υτ)
2152 5714 2249 5771 Ms.
2285 5714 2489 5783 Germ,
2520 5713 2781 5769 crcdcutcs
2808 5752 2819 5765 ι
2850 5750 2861 5765 ο
2890 5751 2899 5766 ι
2932 5750 2943 5764 -
2978 5722 3130 5767 τεηο-
