3990 6182
211 262 320 319 669

1520 462 1800 535 lentorem,

347 559 737 629 Serpentisque
760 558 941 615 cibum
968 558 1111 613 Deus
1134 574 1244 614 uno
1270 557 1488 613 nomine
1510 566 1710 611 terram

344 655 486 708 Dixit
512 673 525 707 :
552 662 607 708 et
630 652 755 709 inde
783 667 981 707 vorans
1008 661 1253 721 peccata,
1282 651 1520 707 dracone
1558 658 1799 704 voratur.

457 744 697 814 Tempus
725 743 878 799 adest
903 751 1115 799 mutare
1157 743 1294 811 vias,
1326 754 1620 810 exsurgere
1650 755 1800 794 som-

1196 896 1199 897 ,
1626 830 1719 904 [n0
1748 839 1799 895 '.

345 922 415 979 Et
444 925 663 981 tandem
690 923 915 993 vigilare
942 923 1073 988 Deo,
1097 912 1337 979 dormire
1364 921 1601 978 vicissim

205 745 307 800 235

343 1017 570 1075 Actibus
597 1016 700 1083 his,
726 1016 923 1085 quibus
952 1015 1195 1085 invigilat
1222 1030 1377 1070 mens
1411 1020 1623 1069 mortua
1644 1010 1803 1066 Chri-

1669 1103 1795 1176 [διο.

411 1197 473 1253 Si
497 1196 654 1253 nobis
680 1196 929 1253 doctrina
956 1194 1054 1252 Dei
1081 1196 1150 1252 de
1172 1195 1375 1251 lumine
1404 1194 1553 1250 verbi

337 1288 458 1345 Non
478 1288 655 1359 aperit
682 1303 922 1355 sensum,
946 1287 1140 1342 saltem
1162 1287 1440 1357 capiamus
1466 1285 1534 1341 ab
1563 1284 1693 1354 ipsis

210 1380 304 1435 260
340 1377 573 1434 Edibns
596 1378 847 1448 exempla
874 1396 885 1432 :
912 1386 968 1432 et
996 1377 1203 1447 lapides
1229 1385 1286 1432 et
1319 1377 1461 1446 ligna
1489 1375 1728 1443 magistri

341 1471 465 1527 Sint
490 1470 720 1535 stolidis,
750 1477 811 1525 ut
835 1469 996 1539 quale
1024 1484 1189 1523 manu
1215 1467 1549 1525 confecimus
1573 1466 1695 1521 istic

340 1565 471 1620 Tale
501 1564 607 1621 fide
631 1562 889 1622 faciamus
912 1579 1048 1634 opus
1072 1582 1084 1616 :
1120 1564 1248 1618 licet
1275 1562 1415 1618 absit
1439 1561 1507 1616 ab
1535 1576 1643 1616 uno

337 1655 538 1713 Mentis
568 1670 706 1726 opus
751 1669 1116 1724 manuumque
1170 1654 1341 1721 labor,
1372 1653 1470 1710 sed
1497 1653 1565 1709 ab
1595 1653 1800 1721 impare

1610 1743 1793 1816 [causa
1827 1730 1871 1788 Β

336 1836 447 1893 Par
484 1838 667 1909 operis
691 1839 737 1870 ¹¹
769 1837 1001 1893 trahitur
1044 1838 1221 1903 ratio;
1263 1850 1391 1893 ecce
1429 1834 1638 1902 videte,
1669 1849 1795 1903 pro-

1630 1926 1794 1998 [habo

213 2021 300 2073 £65
334 2019 634 2075 Dissimiles
660 2019 821 2075 simili
849 2020 1033 2090 specie
1060 2032 1386 2075 concurrere
1410 2017 1629 2072 formas.

412 2112 530 2180 Qua
573 2127 716 2167 nova
754 2120 899 2168 tecta
945 2111 1155 2179 sedent,
1180 2111 1336 2166 multi
1375 2110 1669 2166 meminere
1713 2108 1795 2164 Io-

1535 2201 1744 2274 [eorum
1777 2219 1790 2254 :

333 2294 476 2350 Nam
506 2296 672 2353 breve
698 2303 913 2366 tempus
951 2293 1005 2349 id
1041 2302 1154 2362 est,
1192 2309 1261 2350 ex
1295 2307 1403 2363 quo
1439 2301 1565 2347 sunt
1613 2290 1793 2346 omnia

1573 2381 1791 2454 Exspuu

334 2476 469 2543 Quae
497 2477 660 2532 modo
687 2476 832 2532 facta
862 2483 1119 2531 manent:
1152 2474 1308 2528 annis
1329 2473 1521 2529 sudata
1550 2472 1759 2527 duobus

334 2566 554 2622 Tertius
601 2566 860 2637 explicuit
903 2580 1065 2638 prece
1109 2572 1445 2629 sanctorum,
1479 2572 1643 2634 atque
1690 2578 1796 2634 Ope

1552 2653 1791 2725 [ChrkuL

214 2750 300 2803 270
334 2746 470 2804 Pars
520 2749 681 2819 spatii
730 2748 912 2804 brevis
960 2748 1150 2803 hortus
1193 2756 1350 2813 erat,
1402 2762 1531 2819 pars
1585 2746 1795 2801 ruderis

1589 2838 1790 2909 [asser.

333 2932 509 3000 Quem
533 2932 731 2988 collata
760 2947 971 2998 manus,
1001 2930 1203 3002 populo
1231 2937 1488 2997 curante,
1518 2927 1747 2984 removit
1776 2944 1788 2980 :

335 3023 408 3077 Et
436 3024 573 3079 viles
603 3024 813 3078 olerum
843 3039 963 3079 cum
995 3024 1239 3079 sentibus
1265 3022 1407 3077 eruit
1434 3021 1649 3086 herbas,

338 3115 411 3171 Ut
439 3115 612 3170 nitido
640 3124 865 3185 purgata
888 3121 1193 3184 patesceret
1220 3128 1347 3167 area
1376 3111 1557 3174 dorso,

337 3207 471 3275 Qua:
492 3207 654 3261 modo
678 3207 995 3261 marmoreis
1022 3214 1216 3260 ornato
1240 3204 1427 3273 jugere
1455 3201 1600 3257 saxis

216 3295 304 3349 Ξῖὸ
338 3298 469 3353 Late
497 3307 666 3352 strata
687 3298 843 3363 nitet,
868 3298 1044 3353 cultus
1065 3296 1229 3352 oblita
1258 3295 1468 3364 priores
1494 3295 1561 3347 ".

338 3389 513 3457 Quam
567 3391 708 3445 bene
762 3390 988 3444 mutavit
1038 3388 1307 3460 speciem!
1365 3394 1490 3456 post
1542 3385 1796 3439 stercoris

1592 3478 1793 3549 [usum,
1888 3494 1889 3497 η

334 3573 623 3631 Marmoris
666 3574 741 3645 (ὁ)
771 3582 1057 3636 ornatum,
1107 3572 1291 3629 Parias
1334 3579 1457 3643 post
1500 3571 1625 3625 vilia
1664 3585 1797 3624 con-

1646 3662 1796 3734 [cllas

340 3757 590 3814 Brassica
624 3756 696 3827 (c)
723 3755 860 3824 fert;
892 3764 949 3811 et
974 3755 1221 3826 splendet
1258 3756 1442 3826 aquis,
1490 3769 1609 3825 qum
1635 3752 1797 3807 sorde

1542 3845 1791 3918 [nitebat.

416 3939 661 4007 Quonam
683 3940 844 4009 igitur
864 3954 1007 3994 nunc
1046 3939 1149 3994 ista
1178 3937 1340 3993 modo
1364 3938 1493 3992 mihi
1523 3937 1723 3991 fabrica

1545 4030 1796 4103 [formam
1888 4045 1896 4055 '

217 4126 303 4177 ιδυ
337 4123 624 4189 Prmbebit,
649 4138 756 4193 qua
785 4138 872 4178 me
894 4124 1090 4189 colere,
1121 4120 1416 4188 aedificare,
1448 4138 1654 4177 novare

339 4217 619 4284 Sensibus,
663 4225 720 4272 et
763 4216 978 4271 Christo
1024 4217 1336 4271 metandum
1380 4215 1619 4272 condere
1671 4230 1798 4285 pos-

1637 4308 1796 4379 [sim?
1888 4324 1889 4327 η

343 4400 601 4473 Prompta
640 4400 857 4471 quidem
894 4401 1034 4457 ratio
1070 4408 1169 4465 est,
1202 4414 1321 4471 qua:
1368 4402 1440 4456 sit
1478 4409 1791 4465 meaterra,

1580 249 1818 305 POEMA
1856 248 2084 305 XXVIII.

356 377 524 445 Quam
547 389 742 447 capere
764 381 847 432 est
871 375 947 446 (a)
975 373 1229 440 donatus,
1275 370 1436 426 habet
1470 389 1481 423 :
1515 372 1638 439 quia
1670 384 1801 439 pec-
1830 372 1883 429 Α

3397 257 3501 310 630

2052 365 2386 435 Prodigaque
2416 366 2639 422 ambitio
2664 367 2892 438 proprii,
2916 368 3105 425 sitiens
3126 369 3308 435 alieni,

2048 459 2227 529 Spina:
2262 468 2389 514 sunt
2426 459 2504 530 (ά)
2542 461 2723 515 animo
2762 477 2775 512 :
2826 461 2952 529 quia
2997 478 3210 533 semper
3256 464 3500 533 inanibus

3276 556 3496 625 [angunt

1903 641 2009 695 290
2048 640 2321 710 Ancipites
2348 642 2556 695 animas
2583 641 2814 697 stimulis
2846 660 2858 695 :
2890 658 3026 712 quas
3047 642 3247 712 jugiter
3274 646 3381 698 urit

2049 732 2298 787 Defectus
2327 732 2508 785 miseri
2536 743 2739 796 metus,
2775 741 2830 787 et
2856 734 3024 788 miser
3052 733 3216 789 ardor
3243 734 3498 789 habendi.

2050 820 2225 890 Atque
2248 819 2322 873 ita
2361 829 2419 874 et
2446 821 2587 875 inter
2613 836 2748 891 opes
2785 822 3007 892 inopes,
3044 825 3199 893 quasi
3242 823 3499 880 Tantalus

3383 916 3497 987 [ille

2043 999 2187 1055 Inter
2214 1014 2383 1071 aquas
2410 1000 2619 1069 sitiunt,
2649 1016 2752 1058 nec
2779 1002 2980 1059 habent
3005 1004 3151 1075 quod
3186 1006 3385 1061 habere
3421 1010 3493 1060 vi-

3255 1098 3491 1169 [dentun

2043 1183 2174 1237 Nam
2198 1184 2370 1254 partis
2398 1184 2476 1239 uti
2497 1192 2765 1253 metuunt,
2794 1197 3005 1243 servata
3032 1189 3076 1220 “
3105 1190 3416 1259 relinquunt
3440 1212 3454 1245 :

1899 1274 2005 1329 295
2042 1275 2285 1346 Dumque
2310 1276 2566 1331 alimenta
2596 1286 2820 1347 parant,
2850 1279 3065 1335 vivendi
3095 1288 3337 1351 tempora
3366 1298 3491 1351 per—

3318 1372 3490 1444 [dunl.

2109 1456 2219 1511 Has
2240 1458 2403 1526 igitur
2428 1457 2628 1527 spinas,
2662 1457 2775 1513 haec
2820 1458 3017 1515 rudera
3071 1462 3342 1517 mentibus
3383 1465 3493 1517 hir-

2490 1574 2497 1579 -
3403 1558 3493 1626 [us

2041 1638 2275 1710 Egerere
2314 1651 2399 1698 est
2443 1659 2599 1714 opus,
2632 1652 2689 1700 et
2729 1644 2800 1716 (c)
2842 1647 3070 1715 primam
3092 1648 3233 1706 hanc
3261 1650 3494 1704 evellere

3252 1726 3257 1729 ’
3322 1742 3493 1813 [libris

2039 1822 2370 1878 Cunctorum
2412 1826 2632 1895 stirpem
2673 1827 2969 1895 scelerum,
3015 1828 3083 1900 (f)
3133 1844 3237 1898 qua
3267 1832 3491 1900 pullulat

3328 1924 3491 1976 arbor

2036 2004 2252 2071 Infelix;
2276 2006 2491 2062 Domini
2519 2007 2777 2063 radicitus
2806 2008 2894 2063 illa
2924 2011 3101 2065 securi
3306 1921 3324 1993 [

1892 2095 1997 2149 500
2033 2095 2142 2152 Icta
2172 2098 2217 2129 ⁸⁸
2241 2097 2400 2153 cadat
2441 2097 2499 2165 δ,
2541 2098 2740 2154 nostris
2786 2109 2847 2153 ut
2892 2116 3182 2170 numquam
3225 2104 3490 2173 germinet

2706 2262 2707 2267 η
3300 2194 3488 2265 [arvis.

2105 2277 2231 2333 Haec
2255 2278 2301 2332 si
2326 2279 2553 2348 praeciso
2581 2277 2650 2335 de
2678 2279 2833 2335 nobis
2860 2279 3047 2336 fomite
3075 2283 3226 2337 radix

2037 2367 2278 2432 Aruerit,
2307 2369 2465 2423 cadet
2485 2384 2647 2425 omne
2673 2370 2845 2436 nefas,
2870 2372 3057 2426 vitium
3088 2388 3249 2428 omne
3272 2375 3488 2443 peribit,

2036 2457 2381 2528 Matricisque
2409 2474 2519 2513 sure
2540 2475 2725 2515 casum
2750 2462 2889 2515 mala
2918 2470 3111 2517 cuncta
3138 2445 3454 2531 sequentur,

2035 2548 2387 2623 657-653
2406 2548 2475 2605 Et
2497 2553 2763 2608 moriente
2796 2567 2891 2608 sua
2925 2554 3083 2609 simul
3110 2555 3303 2610 arbore
3330 2572 3490 2626 poma

3197 2644 3489 2715 [peribunt.

1894 2728 2001 2787 305
2105 2731 2256 2787 Tunc
2275 2732 2414 2787 bene
2427 2742 2653 2803 purgato
2670 2733 2864 2790 domus
2882 2735 3230 2792 aedillcabitur
3242 2740 3421 2807 horto,

2037 2821 2105 2877 Et
2130 2823 2253 2877 vivo
2272 2821 2493 2878 fundata
2522 2824 2639 2879 solo
2666 2824 2805 2879 bene
2834 2834 3017 2895 surget
3039 2828 3091 2881 in
3122 2829 3290 2883 altum

2038 2914 2266 2970 Fabrica
2294 2914 2461 2969 divini
2490 2914 2800 2969 moliminis.
2833 2915 2954 2984 Ipse
2980 2917 3260 2974 columnas

2038 3006 2225 3075 Eriget
2245 3008 2301 3061 in
2320 3007 2478 3062 nobis
2502 3005 2766 3071 Christus,
2792 3014 3111 3076 veteresque
3134 3010 3370 3065 resolvet
3420 3022 3425 3031 λ

2040 3096 2340 3153 Obstructa:
2367 3097 2504 3167 pilas
2523 3098 2746 3163 animas;
2776 3097 3117 3166 spatiumque
3144 3099 3245 3154 sibi
3270 3099 3380 3157 Rex

1900 3191 2003 3246 510
2039 3191 2296 3246 Sensibus
2323 3190 2522 3246 efﬁciet
2549 3190 2768 3256 nostris,
2793 3198 2852 3244 ut
2874 3191 3169 3247 inambulet
3196 3193 3320 3262 illis,

2041 3282 2338 3352 Tamquam
2360 3283 2414 3337 in
2443 3282 2741 3353 porticibus
2767 3280 3071 3339 Salomonis
3090 3285 3336 3355 quinque
3352 3288 3489 3342 sole~

2934 3394 2937 3397 -
3381 3378 3490 3448 μκη

2039 3461 2145 3518 Ore
2172 3463 2264 3533 pio
2286 3463 2526 3519 medicos
2553 3464 2833 3535 Sapientia
2860 3464 3059 3520 ducere
3083 3478 3298 3534 gressus
3322 3486 3336 3521 :

2038 3563 2277 3634 Corpora
2294 3566 2561 3634 tangendo
2586 3566 2661 3636 (θ)
2679 3582 2892 3629 sanans,
2912 3568 3143 3621 ctcorda
3172 3568 3416 3625 docendo
3444 3582 3490 3627 ο.

2110 3656 2227 3711 Non
2257 3656 2417 3725 igitur
2437 3657 2605 3711 simus
2633 3664 2847 3711 veteres
2872 3657 3012 3710 inter
3038 3673 3177 3711 nova
3206 3666 3367 3713 tecta.

1896 3754 2004 3809 ’515
2041 3755 2111 3811 Ut
2138 3755 2230 3824 qui
2252 3754 2417 3810 corda
2436 3754 2645 3808 habitat
2673 3754 2934 3821 Christus,
2979 3772 3118 3810 nova
3147 3758 3313 3812 corda
3343 3760 3488 3813 revi-

3364 3845 3487 3917 [sat.

2044 3939 2208 4009 Pejor
2231 3940 2375 3994 enim
2402 3940 2633 3996 scissura
2660 3953 2801 3994 novo
2830 3937 3106 4007 veterique
3134 3937 3336 3993 coactis

2044 4039 2324 4109 Redditur,
2366 4046 2430 4097 et
2454 4056 2595 4097 nova
2637 4040 2762 4096 vina
2809 4044 2980 4095 novos
3018 4039 3156 4095 bene
3200 4038 3396 4093 dantur
3436 4039 3489 4093 iu
3522 4058 3525 4059 '

2381 4136 2387 4142 '
2478 4140 2483 4145 '
3246 4129 3416 4201 [utres
3437 4128 3487 4185 ἀ.

2041 4225 2162 4280 Vita
2192 4225 2343 4295 prior
2364 4231 2571 4295 pereat,
2602 4231 2793 4294 pereat
2818 4237 2888 4277 ne
2910 4222 3018 4276 vita
3048 4220 3245 4276 futura.

2040 4329 2246 4399 Sponte
2271 4328 2634 4397 relinquamus
2654 4325 2929 4391 mundum,
2956 4340 3064 4379 non
3084 4331 3276 4394 Sponte
3302 4337 3489 4377 caren-

3318 4412 3497 4487 [dum,

1439 4492 1603 4565 [(111οά
1632 4494 1683 4546 in
1707 4508 1795 4548 me
1820 4469 1875 4531 Β
1898 4512 2001 4569 520
2039 4512 2245 4584 Sponte
2269 4511 2368 4567 nisi
2400 4510 2627 4579 fugimus
2656 4527 2670 4563 :
2703 4508 3020 4573 moriamur,
3053 4521 3121 4561 ne
3149 4469 3445 4562 moriaiuur
3474 4526 3490 4563 :

344 4586 549 4652 Rudus,
580 4595 635 4641 et
664 4586 805 4641 unde
831 4601 955 4641 meo
983 4586 1151 4656 spinae
1173 4594 1466 4641 nascuntur
1491 4584 1535 4616 ”
1564 4584 1618 4638 in
1639 4598 1790 4652 agro.

344 4677 509 4733 Terra
540 4693 637 4732 cor
665 4686 767 4742 est,
798 4677 970 4747 culpa:
1000 4676 1151 4746 pravi
1180 4684 1305 4731 sunt
1341 4676 1533 4731 rudera
1564 4675 1745 4731 cordis
1777 4692 1790 4728 :
1890 4684 1897 4685 ί

217 4766 307 4822 285
343 4768 524 4824 Luxus
554 4770 721 4836 iners,
750 4770 989 4840 impurus
1010 4785 1183 4835 amor,
1211 4770 1489 4825 maculosa
1519 4769 1705 4834 libido,

346 4859 557 4915 Rudera
588 4868 714 4915 sunt
741 4861 962 4925 animae;
993 4861 1071 4915 sic
1090 4861 1335 4930 corporis
1363 4861 1523 4914 anxia
1553 4875 1702 4924 cura,

346 4949 505 5008 Livor
537 4951 712 5017 edax,
762 4959 818 5007 et
855 4966 1014 5007 avara
1041 4950 1242 5020 fames,
1288 4951 1465 5020 gravis
1510 4950 1611 5014 ira,
1661 4949 1793 5004 levis

1625 5041 1789 5113 [$968.

282 5204 304 5230 ⁸
340 5194 491 5250 Rom.
516 5197 744 5261 XIII,1I.

282 5263 307 5302 ιι
334 5264 515 5321 Matth.
550 5285 624 5333 ιιι,
656 5268 741 5321 10.

288 5345 308 5371 ε
339 5335 525 5392 Joban.
558 5356 608 5403 v,
642 5336 676 5390 2
701 5346 755 5392 et
782 5338 831 5392 ’5.

284 5404 308 5439 ά
341 5405 522 5461 Matth.
556 5425 630 5473 ix,
663 5408 730 5461 I6
758 5416 811 5462 et
835 5408 920 5461 I7.

285 5474 361 5545 (a)
389 5475 470 5532 Sic
499 5481 806 5533 restitutum
835 5494 903 5533 ex
931 5494 1031 5532 ms.
1064 5476 1416 5533 Germanensi
1451 5477 1656 5533 codice.
1691 5476 1795 5533 Cc-

222 5547 339 5616 tcri,
366 5547 654 5602 damnatus.
679 5548 812 5602 Vide
833 5558 946 5602 not.
975 5548 1101 5616 323.

290 5615 367 5688 th)
396 5616 485 5688 bis.
514 5620 724 5684 Germ,
755 5629 960 5673 ornatu.

293 5685 361 5755 ιε’)
393 5685 473 5745 Sic
492 5687 894 5747 emendavimus
922 5704 991 5746 ex
1018 5691 1174 5749 editis
1208 5688 1482 5749 codicibus
1518 5691 1686 5746 tribus
1718 5688 1795 5745 fa-

2040 4613 2283 4669 Lctalem
2311 4614 2475 4667 vitam
2507 4610 2652 4665 vitali
2682 4617 2859 4664 morte
2886 4616 3149 4677 tegemus.

2041 4713 2278 4769 Terrena
2309 4712 2557 4776 intereat,
2581 4710 2773 4766 subeat
2792 4707 3029 4763 caelestis
3049 4707 3246 4776 imago,

2042 4815 2110 4869 Et
2129 4814 2347 4880 Christo
2366 4819 2612 4868 vertatur
2638 4809 2829 4875 Adam,
2861 4816 3131 4873 mutemur
3156 4815 3213 4862 et
3240 4810 3388 4879 istic,

2043 4915 2113 4971 Ut
2142 4922 2411 4969 mutemur
2440 4913 2510 4967 ibi
2537 4930 2548 4964 :
2574 4911 2665 4979 qui
2690 4924 2831 4964 nunc
2857 4908 3215 4979 permanserit
3242 4908 3295 4962 in
3327 4923 3387 4964 se

1896 5017 2001 5074 3‘25
2037 5017 2203 5083 Idem,
2234 5024 2291 5071 et
2319 5015 2396 5085 (It)
2429 5015 2481 5068 in
2508 5020 2770 5067 aeternum
2795 5026 2903 5065 non
2930 5008 3301 5064 immutahitur
3323 5012 3352 5063 a
3384 5025 3462 5064 se.

1899 5200 2059 5246 vente
2086 5207 2185 5246 ms.
2228 5190 2415 5245 codice
2452 5190 2632 5243 Germ.
2676 5185 2775 5240 Ed.
2824 5185 3012 5251 Rosv.,
3044 5182 3328 5239 Brassiclu.
3363 5181 3488 5249 Alii,

1901 5262 2173 5317 Brassida.

1975 5329 2412 5403 (d)llIs.Germ.,
2444 5329 2651 5403 animm.
2802 5394 2821 5403 _
2904 5395 2915 5403 _
2961 5395 2973 5403 _
3145 5400 3153 5403 Δ
3193 5400 3201 5403 _

1971 5390 2149 5467 (‘eflta
2178 5418 2278 5455 ms.
2320 5390 2500 5455 Germ.
2543 5397 2748 5462 codex,
2802 5394 3062 5460 Latinius,
3104 5400 3159 5448 et
3189 5400 3295 5448 tres
3334 5390 3487 5445 editi.

1900 5475 2023 5535 Alii,
2049 5475 2286 5540 primum.
2331 5539 2351 5540 η
2368 5516 2369 5519 η

1970 5530 2155 5615 (i'Sic
2182 5539 2495 5615 ms.ACer_m.
2528 5537 2667 5593 Ε(ὶίιὶ
2689 5537 2922 5601 codices,
2953 5536 3094 5605 quia,
3120 5530 3394 5585 mendose.

1973 5611 2049 5685 (il)
2082 5613 2177 5665 MS-
2209 5612 2378 5667 COdcx
2398 5611 2604 5685 Uenit”
2636 5624 2855 5685 ruransr
2918 5615 2966 5685 ‘n
3123 5672 3133 5682 .

1974 5673 2050 5750 Ui)
2083 5685 2157 5740 Ita
2185 5699 2287 5739 ms.
2312 5682 2481 5739 codex
2510 5676 2903 5736 Ccrmanensis.
2928 5673 3085 5735 Editi,
3119 5673 3168 5725 in
3201 5678 3417 5725 a‘lcrno.
