3990 6182
417 240 515 295 671

965 352 1198 411 ΡΟΕΜΑ
1239 355 1410 411 XXIX
1440 358 1479 411 ‘.

563 480 631 519 ωε
668 480 873 522 ΝοιΑΝΑ
911 484 1144 525 BASILICA
1182 486 1227 526 S.
1272 487 1474 527 FELICIS
1510 491 1539 527 A
1582 488 1643 527 SE
1681 488 1873 527 AUCTA.

563 575 767 634 Parvus
788 588 906 634 erat
933 581 1083 637 locus
1103 592 1247 648 ante,
1279 585 1450 640 sacris
1477 594 1732 653 angustus
1756 584 1977 653 agendis
1996 627 2013 654 ,

633 678 1083 753 Supplicibusque
1140 698 1346 755 negans
1397 685 1636 756 pandere
1691 700 1852 755 posse
1895 700 2012 739 ma-

1866 796 1967 836 IIIIS

563 862 715 919 Nunc
741 867 942 936 populo
970 869 1206 938 spatiosa
1234 870 1404 926 sacris
1430 870 1619 925 altaria
1650 782 1863 942 praebetl

635 967 834 1025 Oﬂiciis
861 970 1027 1026 medii
1054 973 1305 1043 martyris
1334 973 1388 1027 in
1415 974 1642 1042 gremio.

493 1058 529 1111 5'
564 1058 769 1117 Cuncta
795 1060 907 1118 Deo
936 1072 1192 1118 renovata
1221 1063 1457 1133 placent,
1488 1072 1652 1120 novat
1673 1064 1854 1121 omnia
1873 1080 2017 1121 sem-

1956 1172 2018 1212 er

632 1244 897 1310 Christus,
924 1252 980 1300 et
1005 1244 1059 1299 in
1086 1245 1359 1301 cumulum
1386 1245 1602 1300 luminis
1630 1155 1953 1317 ampliﬁcai‘.)

563 1333 655 1390 Sic
682 1343 738 1390 et
764 1335 945 1391 dilecti
974 1336 1169 1389 solium
1200 1335 1396 1391 Felicis
1416 1337 1688 1392 honorans
1705 1378 1722 1404 ,

565 1424 629 1477 Et
650 1425 936 1495 splendore
965 1426 1120 1481 simul
1151 1426 1376 1496 protulit
1401 1435 1457 1482 et
1477 1428 1675 1499 spatio.

966 1548 1200 1604 POEMA
1239 1549 1453 1605 XXX".

653 1676 721 1717 DE
748 1676 794 1716 5.
825 1677 1015 1716 FELICB
1043 1678 1368 1716 NATALITIUI
1396 1678 1606 1717 CARIEN
1638 1676 1715 1721 XI.

1050 1767 1391 1808 FRAGIENTA.

606 1873 684 1928 De
704 1882 1004 1929 sanctorum
1031 1876 1260 1947 reliquiis
1287 1894 1377 1947 per
1405 1876 1579 1931 orbem
1606 1879 1832 1947 diffusis.

568 1966 757 2022 Sidera
786 1968 832 2022 si
860 1968 1020 2035 caelo,
1049 1969 1094 2023 si
1118 1978 1343 2038 possunt
1372 1971 1613 2039 gramina
1641 1973 1801 2027 terris

569 2058 794 2125 Defore,
837 2061 997 2115 mella
1043 2060 1211 2132 favis,
1257 2078 1397 2132 aqua
1443 2064 1713 2133 fontibus,
1766 2066 2021 2123 uberibus

1886 2155 2019 2229 liae;

572 2239 663 2296 Sic
692 2249 949 2310 poterunt
975 2242 1168 2311 linguis
1198 2241 1381 2298 laudes
1402 2258 1617 2298 cessare
1644 2244 1877 2312 piorum,

573 2332 629 2385 In
658 2332 851 2401 quibus
876 2342 933 2388 et
959 2334 1083 2388 vita:
1101 2334 1289 2400 virtus,
1320 2342 1376 2389 et
1400 2334 1570 2403 gloria
1599 2336 1790 2391 mortis

501 2418 538 2471 5
572 2419 691 2489 Ipse
716 2419 886 2487 Deus;
914 2436 1014 2491 pro
1036 2436 1145 2490 quo
1167 2423 1332 2477 vitam
1362 2423 1581 2476 voluere
1610 2424 1831 2493 pacisci,

574 2511 643 2567 Et
661 2514 941 2570 moriendo
970 2516 1113 2584 piam
1139 2515 1349 2570 sancire
1378 2514 1537 2570 ﬁdem
1566 2517 1911 2586 populorum.

579 2694 781 2752 Horum
814 2698 883 2752 de
912 2714 1137 2755 numero
1158 2715 1442 2770 procerum
1464 2700 1742 2758 confessor
1769 2704 1823 2758 in
1851 2704 1952 2760 ista

582 2785 723 2842 Urbe
743 2789 899 2845 datus
927 2790 1073 2845 Felix
1106 2790 1265 2860 longe
1294 2791 1507 2861 lateque
1534 2809 1632 2863 per
1659 2795 1847 2851 orbem

581 2876 824 2933 Nominis
850 2880 1070 2935 emicuit
1090 2881 1248 2936 titulo
1272 2899 1285 2935 :
1311 2882 1406 2938 sed
1434 2882 1566 2938 Nola
1594 2886 1792 2956 sepulti

473 2965 540 3021 £0
576 2965 737 3025 Facta
791 2968 1021 3037 domus,
1086 2980 1359 3042 tamquam
1410 2974 1632 3045 proprio
1686 2976 1789 3033 sibi
1851 2978 2028 3037 sidere

1780 3070 2027 3154 [plaudit.
2057 3082 2107 3147 ο

573 3148 759 3206 Omnis
803 3154 981 3220 enim,
1029 3169 1369 3226 quacumque
1411 3165 1595 3212 manet
1641 3148 1926 3217 mandatus
1972 3164 2026 3219 in

1932 3269 2026 3308 ora

1932 3269 2026 3308 ora

579 3332 798 3403 Martyr,
830 3334 988 3389 stella
1013 3335 1117 3391 loci
1144 3338 1305 3394 simul
1345 3348 1401 3395 et
1440 3340 1712 3397 medicina
1753 3252 2027 3399 colen[tum

1923 3444 2026 3492 est.

1923 3451 1953 3490 e

577 3510 819 3583 Namque
847 3515 1192 3571 tenebrosum
1218 3519 1391 3575 veteri
1419 3521 1647 3591 caligine
1674 3435 1953 3591 mundunIi,

576 3603 1023 3676 Languentesque
1051 3609 1260 3667 animas
1286 3613 1570 3670 miseratus
1615 3615 1671 3671 in
1699 3616 1832 3673 orbe
1859 3616 2026 3673 Crea-

1919 3707 2030 3781 [tor

471 3786 540 3842 l5
575 3788 665 3846 Sic
683 3804 779 3845 sua
810 3790 1075 3863 disposuit
1102 3796 1260 3852 terris
1289 3799 1620 3853 monimenta
1650 3798 1883 3869 piorum,

574 3880 784 3951 Sparsit
806 3891 866 3938 ut
892 3892 1161 3941 astrorum
1186 3896 1450 3943 nocturno
1479 3889 1683 3944 lumina
1708 3889 1866 3946 cmlo.

571 4073 925 4146 659-660
960 4074 1072 4132 Hos
1111 4077 1273 4146 igitur
1308 4080 1465 4135 nobis
1514 4080 1736 4150 cupiens
1777 4090 2025 4139 avertere

1780 4174 2024 4245 [morbos

571 4258 953 4316 Omnimedens
982 4260 1259 4329 Dominus,
1289 4274 1504 4323 sanctos
1532 4268 1847 4324 mortalibus
1867 4271 2024 4339 aegris

576 4347 682 4405 Per
710 4352 885 4406 varias
907 4360 1094 4421 gentes
1120 4356 1358 4413 medicos
1386 4360 1588 4429 pietate
1607 4360 1806 4415 salubri

466 4440 538 4497 20
576 4440 753 4496 Edidit
777 4460 789 4495 :
814 4451 978 4512 utque
998 4461 1148 4500 suam
1178 4446 1358 4503 divina
1386 4450 1625 4519 potentia
1646 4465 1831 4506 curam

578 4531 787 4587 Clarius
817 4544 1094 4601 exereret,
1128 4537 1426 4606 potioribus
1454 4539 1635 4594 intulit
1656 4539 1776 4595 illos

574 4622 806 4681 Urbibus
836 4643 849 4679 :
880 4635 936 4683 et
961 4629 1225 4698 quosdam
1254 4630 1381 4686 licet
1402 4631 1599 4703 oppida
1628 4646 1796 4703 parva
1836 4641 2023 4690 reten-

1906 4734 2026 4782 tent

1906 4734 2026 4782 lem.

574 4806 852 4880 Martyres,
884 4810 952 4866 ad
977 4826 1232 4881 proceres
1259 4811 1404 4869 Deus
1429 4813 1575 4885 ipsos
1604 4726 2026 4871 maznibuJam-

1894 4906 2019 4980 [piis

569 4986 752 5044 Intulit
786 5009 800 5043 :
828 5001 886 5046 et
911 5007 1112 5063 paucas
1140 4994 1354 5052 functos
1381 4996 1562 5053 divisit
1580 4998 1634 5054 in
1656 5014 1812 5064 oras;

463 5078 532 5133 25
570 5078 715 5145 Quos
744 5088 924 5138 tamen
963 5094 1089 5141 ante
1137 5086 1342 5142 obitum
1370 5095 1487 5145 toto
1515 5089 1665 5145 dedit
1691 5090 1824 5146 orbe
1850 5090 2019 5157 magi-

1831 5181 2013 5253 [stros.

568 5262 697 5318 lude
725 5262 942 5321 Petrum
970 5278 1025 5323 et
1046 5268 1267 5327 Paulum
1295 5271 1539 5328 Romana
1563 5272 1679 5328 ﬁxit
1698 5273 1751 5328 in
1781 5274 1944 5338 urbe,

567 5352 903 5425 Principibus
930 5361 1183 5430 quoniam
1214 5363 1437 5419 medicis
1451 5372 1615 5435 caput
1640 5363 1787 5419 orbis
1802 5364 2013 5433 egebat.

498 5552 524 5580 ι
560 5543 691 5599 Vide
720 5554 835 5600 not.
866 5548 988 5604 δξι.

496 5612 523 5649 ιι
558 5613 690 5670 Vide
715 5626 827 5672 n‘ot.
853 5618 977 5675 525.

497 5683 515 5702 ‘
544 5682 659 5740 lluc
681 5687 961 5748 adscitum.
988 5690 1157 5750 Porro
1187 5707 1404 5753 carmen
1425 5693 1515 5759 26.
1538 5710 1677 5753 nunc
1698 5694 1785 5750 27.
1813 5695 2011 5763 Script.

1365 245 1424 303 S.
1463 241 1739 300 PAULlNl
1788 241 2038 299 NOLANI
2078 241 2380 299 EPISCOPI
2420 241 2767 299 POEMATA.

2048 4452 2103 4514 D

2259 464 2350 520 Sic
2379 464 2521 520 Deus
2542 476 2598 521 et
2626 466 2846 536 reliquis
2890 468 3130 524 tribuens
3167 470 3255 539 pia
3285 484 3510 527 munera
3536 476 3728 539 terris,

2259 558 2471 629 Sparsit
2498 559 2699 630 ubique
2727 561 2831 615 loci
2860 575 3081 631 magnas
3108 578 3204 618 sua
3233 564 3476 620 membra
3504 581 3605 636 per
3624 580 3728 621 ur—

3578 660 3720 732 [bes.

2152 740 2225 794 30
2259 740 2350 797 Sic
2383 739 2534 797 dedit
2572 740 2843 798 Andream
2884 741 3061 800 Patris
3082 781 3099 810 ,
3149 743 3473 818 Ephesoque
3511 746 3728 805 Johan—

3546 840 3725 911 [nem,

2264 918 2336 975 Ut
2361 920 2522 977 simul
2561 921 2832 995 Europam
2861 934 3025 996 atque
3051 925 3233 981 Asiam
3259 936 3479 984 curaret
3508 930 3565 986 in
3596 931 3728 1001 illis,

2265 1012 2674 1083 Discuteretque
2702 1028 2892 1084 graves
2917 1032 3016 1086 per
3042 1018 3243 1072 lumina
3265 1026 3413 1073 tanta
3441 1020 3725 1077 tenebras.

2263 1104 2480 1161 Parthia
2494 1106 2802 1163 Matthaaum
2823 1111 3221 1179 complectitur,
3245 1111 3394 1167 ludia
3416 1112 3685 1169 Thomam
3708 1134 3724 1169 :

2265 1196 2549 1253 Lebbteum
2582 1196 2794 1269 Libyes,
2827 1199 3066 1271 Phryges
3087 1216 3351 1273 accepere
3374 1202 3687 1275 Philippum
3708 1224 3726 1261 :

2157 1285 2229 1341 '55
2260 1285 2423 1343 Creta
2454 1287 2634 1343 Titum
2665 1290 2765 1346 sibi
2794 1291 3007 1359 sumsit,
3053 1300 3110 1346 et
3148 1291 3435 1349 Antiochia
3471 1303 3531 1350 et
3570 1293 3728 1351 Ostia

3399 1381 3628 1455 [Lucam
3652 1395 3677 1423 ι
3704 1402 3725 1440 :

2263 1468 2494 1543 Marcus,
2505 1471 2955 1541 Alexandria,tihi
2980 1473 3160 1543 datus,
3190 1484 3250 1531 ut
3270 1476 3409 1532 bove
3428 1477 3610 1548 pulso,

2262 1661 2395 1717 Nam
2434 1662 2821 1722 Constantinus
2848 1665 2878 1707 δ
2924 1668 3131 1739 proprii
3171 1667 3298 1723 dum
3336 1670 3601 1725 conderet
3629 1686 3727 1726 ur-

3575 1762 3727 1835 [hem

2261 1848 2525 1915 Nominis,
2552 1858 2608 1905 et
2635 1852 2842 1921 primus
2872 1851 3118 1909 Romano
3147 1854 3202 1907 in
3230 1854 3451 1909 nomine
3470 1868 3670 1923 regum

2264 1939 2641 1997 Christicolam
2666 1951 2897 2011 gereret,
2925 1944 3163 1999 divinum
3193 1952 3375 2000 mente
3405 1947 3620 2016 recepit

2158 2027 2227 2083 40
2261 2028 2576 2097 Consilium,
2608 2040 2665 2088 ut
2691 2036 2945 2102 quoniam
2970 2032 3155 2092 Romae
3180 2038 3447 2093 mmnibus
3467 2039 3620 2093 urbis

2264 2120 2479 2178 Emula
2502 2124 2799 2194 magniﬁcis
2822 2135 3058 2185 strueret
3086 2138 3214 2186 tunc
3242 2130 3438 2186 mmnia
3460 2131 3689 2200 ereptis,

2265 2213 2360 2270 His
2392 2230 2609 2287 quoque
2646 2217 2965 2276 Romuleam
2999 2230 3322 2292 sequeretur
3366 2221 3585 2278 dotibus
3630 2239 3728 2276 ur-

3541 2314 3688 2386 [hem
3710 2332 3729 2380 ;

2268 2393 2340 2450 Ut
2358 2411 2454 2452 sua
2482 2398 2793 2467 apostolicis
2820 2402 3053 2458 muniret
3081 2402 3278 2458 mmnia
3302 2404 3457 2461 laetus

2264 2486 2597 2558 Corporibus
2621 2509 2633 2544 :
2658 2498 2785 2547 tunc
2805 2492 3073 2548 Andream
3100 2495 3320 2550 devexit
3349 2495 3589 2564 Achivis,

2160 2577 2231 2633 45
2262 2578 2715 2651 Timotheumque
2762 2582 2910 2640 Asia.
2956 2583 3198 2641 Geminis
3237 2587 3311 2641 ita
3353 2588 3594 2643 turribus
3631 2604 3730 2643 ex-

3595 2680 3731 2753 [stat

2266 2761 2765 2836 Constantinopolis
2791 2781 3001 2835 magna:
3027 2776 3190 2839 caput
3208 2769 3401 2824 aemula
3431 2769 3624 2827 Roma:
3656 2790 3670 2825 :

2271 2856 2463 2911 Verius
2484 2857 2589 2913 hoc
2612 2859 2801 2915 similis
2827 2859 3085 2915 Romanis
3112 2861 3346 2917 culmine
3365 2864 3535 2918 muris

2269 2946 2424 3012 Quod
2453 2947 2691 3015 Petrum,
2722 2949 3057 3020 Paulumque
3077 2953 3193 3022 pari
3225 2952 3365 3009 Deus
3393 2955 3695 3011 ambitione

2281 3037 2661 3110 Compensavit
2680 3042 2750 3107 ei,
2779 3044 2976 3097 meruit
3002 3045 3125 3114 quia
3155 3060 3367 3101 sumere
3398 3047 3547 3102 Pauli

2168 3128 2240 3184 50
2276 3129 2633 3200 Discipulum,
2665 3148 2786 3187 cum
2828 3133 2997 3190 fratre
3026 3133 3191 3190 Petri.
3231 3134 3351 3191 Jam
3397 3147 3598 3207 quanta
3629 3155 3731 3209 per

3540 3232 3730 3305 [istam

2270 3313 2592 3371 Sanctorum
2619 3331 2720 3386 per
2746 3316 2905 3386 longa
2933 3316 3075 3372 viam
3103 3318 3331 3374 divortia
3357 3328 3519 3377 terrae

2271 3404 2517 3463 Creverit
2540 3409 2741 3464 utilitas
2768 3408 2837 3464 ad
2865 3418 3063 3465 nostra:
3090 3411 3271 3466 munia
3297 3412 3452 3478 vitae,

2270 3500 2389 3571 Ipsa
2418 3501 2616 3557 docent
2644 3500 2913 3571 hodieque
2939 3502 3080 3569 loca,
3107 3503 3161 3557 in
3192 3504 3389 3573 quibus
3420 3505 3507 3558 illa
3540 3505 3692 3560 beati

2272 3591 2459 3647 Rheda
2480 3606 2651 3661 capax
2673 3594 2854 3649 oneris
2876 3593 3052 3663 posita
3075 3595 3307 3650 statione
3334 3595 3538 3650 resedit
3563 3614 3575 3649 :

2167 3681 2236 3737 55
2270 3683 2532 3740 Omnibus
2559 3685 2615 3740 in
2649 3686 2838 3756 spatiis
2863 3700 3205 3757 quacumque
3240 3696 3335 3742 aut
3361 3690 3573 3745 mansio
3601 3706 3733 3745 san.

3603 3784 3615 3853 |
3628 3785 3733 3838 clis

2272 3868 2619 3941 Corporibus,
2649 3871 2933 3942 requiesve
2952 3871 3052 3927 fuit
3077 3874 3415 3930 vectantibus
3440 3875 3565 3931 illos

2268 3961 2523 4018 Sacratos
2551 3963 2781 4029 cineres,
2814 3964 2965 4018 miris
2998 3963 3286 4019 clamantia
3315 3965 3502 4034 signis.

2267 4051 2398 4106 Nam
2427 4052 2609 4108 divina
2638 4069 2829 4110 manus
2854 4055 3063 4110 medica
3086 4056 3284 4110 virtute
3308 4071 3407 4126 per
3431 4072 3624 4113 omnes

2271 4141 2493 4199 Estillic
2523 4154 2743 4215 operata
2770 4147 2904 4210 vias,
2936 4161 3042 4215 qua
3064 4162 3294 4216 corpora
3323 4158 3512 4203 sancta

2160 4232 2231 4289 60
2266 4234 2592 4304 lmpressere
2617 4252 2773 4291 sacro
2801 4236 3027 4305 vestigia
3049 4238 3170 4291 viva
3198 4246 3400 4292 meatu.

2268 4325 2397 4382 lnde
2418 4327 2587 4394 igitur
2613 4326 2873 4381 suadente
2900 4327 3003 4382 ﬁde
3031 4329 3153 4382 data
3182 4327 3339 4397 copia
3368 4328 3487 4383 ﬁdis

2271 4417 2421 4474 Tunc
2448 4418 2704 4473 comitum
2731 4418 2945 4486 studiis,
2975 4419 3218 4488 quaedam
3256 4427 3318 4474 ut
3356 4418 3458 4475 sibi
3494 4420 3726 4489 pignora

3502 4512 3730 4584 [vellent

2267 4599 2489 4656 Ossibus
2511 4616 2543 4657 e
2570 4601 2770 4657 sanctis
2798 4602 3050 4657 meritum
3070 4602 3367 4673 decerpere
3394 4602 3628 4657 fructum
3656 4622 3673 4657 :

2270 4692 2340 4748 Ut
2358 4694 2510 4764 quasi
2540 4694 2842 4750 mercedem
2872 4695 3052 4762 oﬂicii,
3084 4696 3427 4767 pretiumque
3455 4696 3661 4752 laboris

2161 4783 2232 4838 65
2268 4784 2521 4842 Pnesidia
2550 4785 2615 4842 ad
2644 4786 2855 4857 privata
2879 4786 3100 4843 domum
3134 4788 3235 4843 sibi
3272 4788 3503 4858 quisque
3548 4788 3721 4843 refer-

3587 4879 3717 4951 [τοι.

2268 4965 2348 5020 Ex
2378 4966 2472 5023 illo
2495 4967 2632 5023 sacri
2654 4967 2884 5037 eineres,
2907 4969 3060 5041 quasi
3082 4969 3284 5026 semina
3316 4969 3440 5024 vita:

2266 5066 2500 5122 Diversis
2520 5076 2646 5123 sunt
2670 5083 2854 5138 sparsa
2883 5069 3017 5125 locis
3043 5086 3057 5124 :
3087 5082 3299 5139 quaque
3320 5083 3445 5126 osse
3473 5070 3689 5126 minuto

2268 5169 2343 5224 De
2371 5169 2579 5226 modica
2600 5170 2738 5226 sacri
2764 5171 2903 5242 stipe
2930 5172 3174 5242 corporis
3203 5171 3430 5239 exiguus
3457 5186 3553 5226 ros

2270 5271 2507 5339 Decidit;
2532 5272 2778 5342 ingentes
2804 5273 2913 5329 illic
2932 5272 3021 5343 pia
3039 5273 3211 5342 gratia
3233 5271 3429 5339 fontes,

2161 5373 2228 5427 70
2266 5370 2335 5427 Et
2362 5371 2557 5428 ﬂuvios
2585 5372 2708 5428 vita:
2734 5373 3013 5441 generavit
3032 5380 3187 5443 gutta
3217 5372 3432 5427 favillre.

2118 5564 2261 5607 anno
2290 5547 2413 5603 405.
2440 5547 2504 5603 Hi
2530 5563 2715 5605 versus
2741 5547 2907 5604 hodie
2930 5555 3145 5604 exstant
3171 5548 3225 5603 in
3252 5546 3440 5603 eadem
3469 5548 3705 5603 basilica.

2188 5623 2233 5646 “
2253 5620 2397 5690 Alias
2414 5617 2514 5690 26:
2539 5620 2682 5690 quod
2705 5630 2884 5680 autem
2911 5618 2982 5674 27
3002 5628 3138 5688 erat,
3162 5634 3304 5677 nunc
3323 5618 3411 5674 28.
3440 5619 3711 5690 Scriptum

2118 5705 2263 5748 anno
2292 5688 2416 5760 ἀοι,
2438 5689 2526 5747 die
2558 5688 2623 5746 η
2642 5688 2860 5746 Januar.
