4006 6182
392 548 463 602 At
488 544 759 614 Carthago
788 551 983 614 potens
1003 541 1275 614 Cypriano
1304 550 1542 612 martyre
1564 540 1782 611 gaudet,

389 640 554 709 Cujus
580 645 637 693 et
656 650 752 690 ore
781 635 939 689 simul
960 634 1185 704 profusi,
1217 641 1275 687 et
1293 632 1557 701 sanguine
1576 634 1753 687 fontes

391 729 837 788 Fecundaverunt
863 724 1044 797 Libyae
1066 732 1091 762 ι
1112 724 1346 780 sitientis
1370 736 1583 778 arenas.

396 924 752 999 “1-662
791 920 901 977 Nec
931 920 1107 974 minor
1152 916 1394 974 occiduis
1434 914 1634 973 ell‘ulsit
1673 914 1845 983 gratia

1647 1006 1846 1080 [terris,

284 1109 361 1164 ‘15
395 1108 710 1165 Ambrosius
737 1104 916 1171 Latio,
944 1102 1258 1159 Vincentius
1285 1109 1463 1159 exstat
1492 1100 1708 1156 Hiberis
1737 1118 1751 1153 :

396 1198 569 1256 Gallia
596 1198 906 1263 Martinum,
945 1194 1270 1266 Delphinum
1318 1193 1607 1263 Aquitania
1635 1192 1845 1247 sumsit.

398 1295 673 1363 Multaque
700 1280 961 1361 przeterea
990 1303 1088 1359 per
1110 1287 1327 1342 easdem
1358 1286 1578 1355 largiter
1605 1300 1731 1341 oras

397 1385 615 1441 Semina
645 1390 957 1439 sanctorum
985 1380 1177 1451 positis
1204 1377 1394 1433 diffusa
1413 1378 1675 1447 sepulcris

407 1480 682 1535 lllustrant
709 1484 885 1530 totum
913 1472 1125 1543 superis
1148 1471 1438 1527 virtutibus
1463 1471 1672 1525 orbem.

290 1664 363 1716 80
400 1660 490 1717 Sic
510 1660 692 1728 itaque
713 1666 768 1713 et
795 1664 979 1712 nostra
1008 1652 1334 1710 haccChristi
1348 1650 1655 1709 miserantis
1666 1663 1853 1704 amore

405 1750 596 1805 Felicis
615 1748 811 1803 meruit
837 1745 1033 1801 muniri
1062 1744 1196 1799 Nola
1222 1742 1495 1814 sepulcro,

403 1841 733 1912 Purgarique
750 1838 909 1895 simul
935 1856 947 1892 :
973 1837 1098 1907 quia
1126 1836 1284 1892 caecis
1313 1835 1480 1890 mixta
1508 1833 1679 1889 ruinis

398 1934 575 2001 Orbis,
602 1943 661 1989 et
687 1934 800 2004 ipsa
824 1930 941 2003 pari
972 1930 1212 1985 moriens
1240 1928 1296 1983 in
1323 1936 1485 1983 nocte
1503 1926 1745 1996 iacebat.

400 2117 651 2174 Persona:
677 2115 957 2172 exululant
984 2113 1158 2184 poenis
1184 2111 1277 2183 qui
1297 2110 1517 2166 numine
1545 2056 1682 2165 falso
1736 2055 1752 2071 .
1833 2053 1848 2069 .

282 2211 361 2267 85
400 2211 485 2266 Dii
511 2210 757 2275 fuerant;
787 2216 844 2264 et
870 2208 963 2276 qui
984 2206 1211 2261 mentito
1241 2204 1460 2259 nomine
1489 2203 1641 2258 vivos

396 2307 537 2361 Ante
560 2304 653 2359 Dei
684 2302 886 2359 cultum
915 2300 1018 2355 sibi
1041 2299 1115 2353 nil
1136 2298 1356 2354 cmleste
1380 2296 1626 2352 videntes

398 2399 727 2455 Dediderant
754 2394 1021 2457 homines,
1049 2392 1103 2447 hi
1124 2406 1285 2457 nunc,
1310 2390 1400 2444 ubi
1424 2389 1626 2444 lumine
1649 2387 1851 2445 Christi

397 2492 539 2549 Vera
569 2488 701 2545 fides
720 2486 914 2558 patuit,
947 2498 1055 2538 non
1077 2489 1304 2554 possunt
1325 2479 1465 2535 ferre
1492 2478 1754 2549 sepultos.

393 2622 570 2746 .Alpha
598 2616 940 2727 itidem.mihi
976 2613 1222 2721 Christus
1250 2661 1277 2702 δ
1303 2610 1368 2719 et
1383 2684 1425 2716 υ
1451 2608 1475 2714 ,τ
1512 2608 1604 2730 qui
1638 2606 1847 2714 summa

1558 2750 1847 2824 [supremis

274 2861 358 2917 90
396 2856 616 2913 Finibus
642 2850 844 2909 excelsi
871 2848 1077 2919 pariter
1103 2844 1419 2915 complexus
1438 2850 1496 2898 et
1523 2840 1638 2909 imi,

394 2951 583 3006 Victor
611 2954 668 3002 et
696 2943 904 3000 inferna
932 2949 989 2996 et
1014 2940 1221 3011 pariter
1248 2936 1489 2992 ccelestia
1516 2934 1661 3003 cepit
1686 2949 1699 2986 :

394 3041 751 3109 Effractisque
776 3036 955 3109 abysis
982 3034 1149 3089 cados
1178 3028 1483 3101 penetravit
1510 3034 1749 3096 apertos,

393 3133 680 3189 Victricem
704 3128 946 3185 referens
973 3132 1226 3195 superata
1253 3129 1428 3176 morte
1449 3119 1701 3175 salutem.

399 3223 571 3294 thue
590 3222 741 3276 illum
767 3217 955 3290 patria:
976 3215 1155 3285 junxit
1180 3211 1407 3267 victoria
1427 3209 1632 3264 dextra:
1648 3248 1665 3275 ,

272 3316 357 3373 95
394 3314 764 3381 Vexillumque
785 3308 960 3365 crucis
983 3320 1146 3377 super
1174 3302 1354 3360 omnia
1378 3300 1555 3356 sidera
1587 3309 1610 3338 ο
1633 3296 1768 3366 ﬁxit,

392 3410 728 3480 Corporeum
754 3402 945 3460 statuit
971 3397 1179 3456 cmlesti
1206 3397 1261 3451 in
1280 3394 1410 3452 sede
1439 3392 1758 3462 trophzeum.

393 3607 543 3661 Nunc
563 3602 629 3657 ad
652 3610 727 3667 te,
748 3593 1053 3654 veneranda
1083 3588 1177 3646 Dei
1189 3603 1323 3647 crux
1333 3585 1382 3654 τι,
1400 3593 1557 3642 verto
1577 3582 1840 3654 loquelas,

390 3698 784 3763 Gratantesque
813 3699 904 3744 tua
940 3682 1257 3743 concludam
1284 3679 1441 3735 laude
1469 3677 1733 3750 profatus.

393 3790 439 3843 0
466 3803 599 3844 crux
627 3798 817 3854 magna
850 3780 948 3835 Dei
976 3778 1169 3849 pietas,
1195 3789 1329 3830 crux
1352 3771 1523 3840 gloria
1543 3770 1664 3826 coeli
1680 3813 1696 3838 ,

242 3883 354 3939 100
388 3878 537 3935 Crux
577 3889 779 3933 aeterna
818 3871 966 3929 salus
1002 3866 1303 3931 hominum,
1350 3877 1485 3918 crux
1522 3869 1699 3917 terror
1733 3858 1839 3915 ini-

1677 3951 1840 4023 [quis,

391 4066 459 4121 Et
484 4066 654 4121 virtus
670 4060 850 4131 iustis,
872 4057 1162 4125 lumenque
1192 4049 1439 4107 fidelibus
1469 4065 1484 4104 :
1508 4063 1542 4104 ο
1564 4062 1697 4103 crux

391 4160 524 4227 Quae
544 4155 705 4211 terris
729 4153 785 4207 in
816 4164 979 4206 carne
999 4147 1171 4201 Deum
1191 4143 1394 4199 servire
1415 4138 1576 4196 saluti

390 4252 558 4321 Inque
584 4248 698 4302 Deo
724 4242 877 4299 cmlis
902 4238 1179 4295 hominem
1206 4246 1437 4302 regnare
1461 4227 1685 4286 dedisti!

344 4346 352 4353 ‘
396 4342 499 4400 Per
521 4350 572 4396 te
600 4340 692 4394 lux
719 4334 891 4407 patuit
918 4331 1057 4399 veri,
1079 4344 1187 4383 nox
1211 4326 1373 4395 impia
1402 4321 1555 4392 fugit.
1626 4358 1641 4367 .

243 4438 356 4493 I05
395 4433 475 4489 Tu
503 4425 815 4487 destruxisti
842 4420 1185 4479 credentibus
1204 4424 1358 4472 eruta
1380 4414 1502 4468 fana

393 4525 674 4587 Gentibus,
704 4520 954 4574 humana:
978 4524 1209 4569 concors
1239 4516 1295 4562 tu
1325 4505 1484 4560 fibula
1514 4502 1693 4574 pacis,

396 4617 702 4674 Concilians
731 4611 1001 4668 hominem
1028 4603 1192 4662 medii
1217 4616 1316 4671 per
1342 4596 1545 4653 fmdera
1567 4592 1787 4649 Christi.

398 4709 561 4766 Facta
580 4704 817 4762 hominis
842 4700 1040 4773 gradus
1069 4712 1158 4765 es,
1203 4705 1314 4762 quo
1341 4687 1511 4760 possit
1547 4686 1601 4741 in
1638 4683 1842 4739 aethera

1671 4773 1842 4847 [lerri.

401 4893 526 4948 Esto
553 4890 804 4947 columna
838 4883 941 4954 piis
966 4889 1026 4935 tu
1050 4892 1264 4948 semper
1290 4881 1347 4930 et
1373 4870 1610 4927 anchora
1636 4868 1794 4923 nobis
1826 4884 1839 4922 :

249 4991 361 5046 IIO
402 4986 468 5042 Ut
492 4987 633 5042 bene
660 4988 846 5037 nostra
873 4978 1065 5034 domus
1092 4979 1329 5036 maneat,
1349 4967 1490 5023 bene
1508 4962 1695 5021 classis
1715 4974 1846 5125 {iga-

1737 5063 1845 5117 tur,

1737 5063 1845 5117 IIII',

400 5170 458 5227 In
484 5183 647 5227 cruce
674 5164 778 5220 ﬁxa
813 5161 973 5217 fidem
992 5196 1008 5223 ,
1039 5155 1123 5211 vel
1150 5152 1219 5209 de
1258 5164 1419 5208 cruce
1460 5153 1657 5203 nancta
1692 5158 1851 5199 coro-

1678 5237 1846 5310 lnam.

334 5490 363 5519 ⁸
389 5479 446 5535 Id
470 5484 554 5535 est
579 5476 795 5547 Africa:
812 5470 944 5528 Vide
967 5481 1134 5525 cam.
1160 5461 1214 5526 '5,
1241 5474 1289 5513 v.
1313 5456 1370 5512 2.

331 5551 362 5591 ιδ
391 5550 522 5605 Vide
550 5542 666 5601 not.
696 5542 821 5598 3‘26.

338 5632 363 5660 ε
390 5620 521 5675 Vide
549 5626 661 5672 not.
692 5614 817 5669 527.

334 5692 363 5729 ⁸
391 5691 524 5746 Vide
552 5696 665 5741 not.
697 5683 823 5738 328.

342 5772 365 5799 ε
393 5760 527 5815 Vide
556 5766 669 5812 not.
692 5755 817 5809 529.

341 5833 361 5875 ί
392 5831 524 5889 Vide
552 5836 665 5886 not.
694 5825 819 5880 239.

1664 325 1893 383 POEMA
1932 326 2165 382 XXXIII.

391 444 1920 502 ................Λ

1882 1826 1931 1886 Β

1869 4566 1920 4627 D

3440 331 3547 389 674

2488 456 2715 513 POEMA
2756 457 2927 513 XXXI
2963 463 3000 512 '.

1984 568 2051 607 DE
2079 568 2125 607 S.
2159 567 2347 607 γευοε
2378 566 2702 605 NA‘I‘ALITIUI
2734 565 2946 605 CARIIEN
2985 565 3097 604 XIII.
3128 566 3507 610 FRAGIIEN'I'III.

2041 643 2122 698 De
2149 643 2438 697 Gothorum
2468 652 2492 680 ο
2524 645 2780 697 exercitus
2810 658 2924 695 cum
2953 658 3045 696 suo
3069 658 3189 712 rege
3215 644 3447 697 interitu.

2089 732 2338 787 Pluribus
2369 733 2480 787 haac
2507 734 2707 787 etenim
2735 747 2895 787 causa
2925 739 3007 786 est
3034 740 3217 787 curata
3247 733 3511 804 patronis,

2094 820 2165 877 Ut
2186 821 2430 876 Romana
2459 822 2627 890 salus,
2657 831 2713 877 et
2740 822 2953 892 publica
2974 823 3086 877 vita
3113 832 3379 879 maneret.

2092 912 2192 969 llic
2230 912 2441 978 Petrus,
2490 913 2578 969 hic
2607 914 2805 969 Paulus
2831 930 3104 985 proceres,
3154 914 3241 970 hic
3281 924 3548 987 martyres

2836 1022 2839 1023 '
3313 1013 3547 1077 [omnes,

2094 1093 2244 1163 Quos
2265 1095 2425 1152 simul
2446 1096 2760 1152 innumeros
2788 1112 2995 1167 magna:
3022 1108 3169 1155 tenet
3189 1101 3422 1155 ambitus
3446 1098 3546 1154 llr-

3421 1189 3548 1262 [bis,

2024 1276 2058 1331 5
2097 1277 2353 1347 Quosque
2380 1293 2480 1349 per
2501 1278 2811 1334 innumeras
2839 1278 3033 1335 diffuso
3063 1281 3234 1335 limite
3262 1290 3453 1349 gentes

2097 1372 2242 1427 Intra
2273 1372 2567 1428 Romuleos
2595 1382 2888 1429 veneratur
2942 1375 3149 1430 Eclesia
3184 1374 3202 1412 ί
3238 1376 3405 1441 lines,

2096 1462 2368 1519 Sollicitas
2397 1466 2557 1520 simul
2587 1465 2833 1536 impenso
2863 1466 3066 1521 duxere
3093 1478 3315 1537 precatu

2096 1556 2384 1612 Excubias.
2415 1556 2565 1612 Felix
2593 1574 2745 1613 meus
2774 1559 2877 1624 his,
2906 1560 3056 1613 velut
3086 1576 3224 1615 unus
3252 1576 3461 1627 eorum,

2096 1649 2155 1704 In
2185 1650 2432 1720 precibus
2461 1664 2588 1720 pars
2614 1663 2807 1719 magna
2833 1648 2953 1716 fuit,
2983 1651 3077 1705 sed
3109 1667 3317 1705 summa
3347 1652 3512 1722 petiti.

1991 1741 2059 1797 10
2097 1741 2334 1799 Muneris
2355 1743 2422 1797 ad
2450 1751 2694 1809 cunctos,
2722 1743 2854 1797 nulli
2885 1745 3090 1813 privata
3122 1745 3371 1800 refertur.

2460 1856 2697 1912 POEMA
2724 1855 2919 1911 XXXII
2952 1861 3014 1913 ·”.

2025 1985 2093 2025 DE
2121 1986 2169 2025 S.
2202 1987 2390 2026 FELICE
2422 1987 2748 2026 NA'I‘ALITIUI
2779 1987 2991 2026 CARIEN
3012 1987 3121 2028 XIV.
3139 1984 3478 2025 FRAGHENTA.

1954 2060 2017 2119 S.
2049 2060 2217 2117 Felici
2244 2063 2444 2133 gratias
2476 2064 2635 2133 refert
2661 2063 3043 2133 maximasqpro
3073 2062 3296 2130 acceptis
3324 2062 3437 2133 ejus
3462 2063 3541 2115 inc

2292 2142 2517 2186 (emerim
2536 2130 2644 2186 Dei
2667 2133 2816 2186 donis
2846 2142 2895 2187 et
2924 2130 3207 2202 beneﬁciis.

2093 2246 2447 2319 663-664
2458 2244 2612 2302 Nunc
2626 2245 2693 2301 ad
2710 2254 2781 2313 te,
2794 2246 3099 2302 venerande
3120 2259 3335 2315 parens,
3349 2252 3552 2300 aeterne

3267 2338 3543 2410 [patrone

2093 2434 2389 2507 Susceptor
2414 2451 2586 2502 meus,
2619 2443 2676 2491 et
2695 2434 2913 2489 Christo
2940 2431 3217 2487 carissime
3247 2429 3420 2495 Felix,

2091 2526 2374 2584 Cratilicas
2397 2543 2558 2583 verso
2585 2526 2815 2581 referam
2844 2539 3097 2581 sermone
3123 2522 3388 2591 loquelas.

2093 2618 2256 2674 Multa
2284 2619 2418 2673 mihi
2439 2618 2600 2673 variis
2624 2616 2857 2672 tribuisti
2882 2629 3107 2670 munera
3130 2612 3306 2668 donis.

2019 2711 2055 2765 5
2091 2709 2303 2776 Omnia,
2334 2711 2616 2782 praesentis
2643 2710 2768 2765 vitae
2788 2723 2934 2775 rem,
2964 2720 3225 2778 spemque
3246 2705 3441 2760 futura!

2090 2806 2220 2872 Qua:
2243 2805 2478 2874 pariunt,
2514 2802 2609 2857 tibi
2636 2817 2725 2856 me
2753 2800 2972 2855 memini
3001 2798 3201 2854 debere
3230 2816 3243 2851 :
3274 2799 3360 2853 cui
3389 2812 3477 2851 me

2090 2896 2414 2967 Mancipium
2442 2895 2633 2965 primis
2660 2893 2881 2948 donavit
2909 2890 3154 2945 Christus
3184 2891 3253 2945 ab
3283 2890 3459 2945 annis.

2088 2988 2146 3044 Si
2174 2989 2307 3044 mihi
2327 2986 2594 3042 flumineis
2622 2983 2868 3039 facundia
2896 2988 3141 3037 curreret
3168 2980 3345 3045 undis,

2089 3080 2306 3150 Oraque
2334 3078 2480 3134 mille
2502 3077 2682 3131 forent
2705 3073 2950 3131 centenis
2970 3085 3204 3143 persona
3230 3069 3446 3139 linguis,

1871 3191 1919 3255 ο
1986 3173 2049 3229 10
2085 3173 2251 3228 Forte
2280 3186 2382 3226 nec
2403 3169 2488 3225 his
2508 3167 2702 3239 Opibus
2721 3166 2919 3221 collato
2946 3162 3094 3218 fonte
3121 3161 3357 3216 refectus

2085 3264 2277 3319 Omnia
2302 3262 2497 3317 Felicis
2526 3271 2845 3331 percurrere
2869 3268 3094 3310 munera
3125 3265 3367 3323 possem,

2089 3355 2303 3424 Quanta
2327 3369 2427 3410 suo
2456 3352 2716 3409 Dominus
2736 3348 2958 3405 donavit
2984 3344 3231 3401 Christus
3251 3342 3450 3407 amico,

2087 3446 2157 3503 Et
2176 3447 2306 3503 mihi
2326 3445 2606 3502 confessor
2632 3442 2833 3499 famulo
2856 3438 3153 3496 transmisit
3178 3436 3424 3491 alumno.

2086 3632 2143 3688 Si
2170 3632 2343 3703 prima
2373 3638 2624 3700 repetens
2647 3628 2715 3681 ab
2743 3625 2947 3693 origine
2969 3629 3162 3678 cuncta
3189 3618 3464 3674 revolvam
3484 3655 3504 3683 ,

1976 3724 2046 3779 15
2084 3724 2213 3791 Quae
2240 3724 2443 3793 pietate
2466 3721 2584 3791 pari
2612 3719 2765 3773 vario
2791 3716 2924 3770 mihi
2953 3712 3202 3785 pmsﬁtit
3223 3727 3361 3775 mvo,

2088 3816 2227 3870 Ante
2246 3828 2443 3884 queam
2465 3811 2654 3881 capitis
2676 3808 2881 3879 proprii
2906 3818 3193 3861 numerare
3221 3803 3466 3873 capillos,

2088 3908 2258 3974 Quam
2290 3912 2380 3959 tua
2402 3903 2546 3958 circa
2570 3915 2679 3965 me,
2709 3897 2862 3954 Felix
2888 3898 3053 3962 bone,
3074 3894 3217 3950 dona
3242 3890 3469 3947 referre.

2078 4038 2094 4053 0
2196 4036 2213 4053 0
2293 4034 2309 4050 0
2387 4034 2402 4050 0
2482 4032 2498 4047 0
2576 4029 2592 4045 0
2673 4030 2687 4045 0
2766 4029 2780 4044 0
2860 4029 2875 4043 0
2944 4022 2967 4041 ἱ
3046 4028 3062 4041 0
3140 4024 3155 4039 0
3240 4024 3255 4039 0
3332 4023 3347 4037 0
3426 4020 3444 4037 0
3517 4018 3541 4041 ο

2085 4087 2345 4146 Incolumi
2373 4085 2533 4151 solio,
2563 4091 2619 4140 et
2643 4096 2933 4153 numquam
2955 4080 3187 4135 rimante
3208 4076 3480 4148 sepulcro,

2088 4182 2335 4253 Undique
2358 4179 2614 4233 vallatum
2643 4175 2817 4231 solido
2846 4172 3141 4228 munimine
3167 4183 3366 4239 corpus

1979 4276 2048 4332 20
2083 4274 2333 4346 Martyris
2362 4280 2419 4327 et
2446 4268 2627 4326 meriti
2652 4266 2812 4322 nullis
2842 4264 3081 4337 patuisse
3107 4260 3296 4333 piaclis
3320 4277 3334 4313 :

2088 4367 2155 4422 Et
2181 4367 2404 4435 dignum
2431 4362 2669 4417 retinere
2696 4370 2807 4413 suae
2834 4357 2920 4427 pia
2950 4353 3130 4410 carnis
3150 4351 3417 4406 honorem

2087 4460 2240 4521 Ossa,
2271 4456 2397 4526 quia
2425 4453 2625 4509 sanctis
2652 4460 2944 4517 numquam
2970 4443 3181 4499 desistit
3207 4440 3401 4495 adesse

2086 4551 2318 4622 Spiritus
2347 4566 2361 4601 :
2392 4545 2536 4602 unde
2556 4544 2658 4614 piis
2678 4549 2785 4597 stat
2813 4537 2985 4609 gratia
3010 4537 3132 4591 viva
3160 4531 3441 4602 sepulcris,

2093 4645 2221 4710 Qua:
2234 4640 2430 4713 probat
2447 4637 2500 4691 in
2517 4634 2731 4691 Christo
2746 4638 2970 4687 cunctos
2986 4627 3102 4682 sine
3115 4632 3291 4679 morte
3301 4623 3543 4693 sepultos

1985 4736 2055 4791 25
2093 4734 2175 4790 Ad
2202 4741 2414 4803 tempus
2441 4725 2653 4800 placido
2675 4722 2841 4793 sopiri
2868 4732 3097 4789 corpora
3125 4728 3339 4771 somno.

2446 4867 2681 4925 POEMA
2710 4860 2923 4921 XXXIII
2958 4864 3041 4915 ⁶“.

2023 5006 2090 5046 DE
2117 5003 2165 5044 8.
2195 5001 2383 5043 FELICB
2410 4993 2734 5038 NA'I'ALITIUI
2760 4990 2970 5032 CARIIEN
3008 4989 3099 5032 ιν.
3133 4987 3472 5027 FRAGMENTA.

1952 5081 2158 5137 Narrat
2185 5079 2245 5133 S.
2272 5076 2466 5130 Felicis
2487 5069 2740 5126 miracula
2756 5109 2772 5134 ,
2794 5066 2976 5138 quibus
3003 5064 3130 5138 (agri
3175 5069 3458 5130 sanantur,
3499 5069 3547 5115 ct

2150 5164 2370 5220 corpora
2400 5162 2433 5198 a
2453 5138 2770 5197 (immanibus
2794 5135 3002 5193 obsessa
3031 5135 3335 5187 liberantur.

2095 5263 2204 5319 Ver
2230 5274 2330 5331 age
2356 5254 2684 5314 carminibus
2716 5267 2729 5304 :
2756 5247 2890 5305 ﬂuat
2914 5246 3196 5303 articulata
3224 5242 3487 5300 modestis

2028 5450 2045 5468 ⁶
2075 5442 2220 5497 Alias
2244 5438 2311 5492 27
2339 5455 2352 5490 :
2376 5432 2520 5506 quod
2549 5438 2728 5506 autem
2742 5427 2809 5481 ‘27
2824 5432 2962 5491 erat,
2990 5435 3135 5477 nunc
3154 5418 3243 5474 28.
3274 5415 3547 5485 Scriptum

1953 5530 2096 5570 anno
2120 5510 2340 5573 406,die
2372 5501 2438 5558 1'4
2465 5501 2724 5557 Januarii.

2028 5555 2242 5636 3&3;
2376 5555 2531 5645 quod
2552 5581 2730 5626 autem
2752 5567 2820 5622 29
2837 5573 2975 5630 erat,
3002 5576 3141 5616 nunc
3167 5557 3257 5612 '50.
3274 5555 3547 5624 Scriptum

1957 5670 2104 5711 anno
2132 5651 2255 5717 407,
2283 5650 2369 5704 die
2396 5643 2463 5700 M
2490 5643 2707 5717 Ianuar.
2756 5707 2821 5717 η
2940 5712 2951 5717 Δ
3161 5700 3223 5717 __
3277 5696 3392 5717 cui

2079 5697 2255 5778 :A-Iias’
2264 5697 2367 5773 25':
2400 5697 2543 5786 quod
2562 5723 2741 5766 autem
2756 5707 2826 5763 50
2841 5712 2979 5775 erat,
2993 5717 3134 5758 nunc
3157 5700 3245 5755 I7.
3277 5697 3550 5767 Scriptum
