3990 6182
239 357 333 415 επ
1280 320 1283 323 ’
1493 411 1511 415 Α
1632 342 1845 399 ream

1976 341 2117 405 txv,
2552 315 2556 319 ’
3429 333 3532 390 678

370 465 538 536 impia
570 481 692 521 nam
720 466 891 537 pietas
921 463 1151 518 animam
1177 462 1357 529 lugere
1377 460 1614 525 beatam,

514 556 957 627 Gaudentemque
989 556 1098 611 Deo
1126 554 1274 617 ﬁere,
1317 565 1520 606 nocens
1549 564 1703 604 amor
1729 555 1829 607 est.

270 650 337 703 45
374 649 567 705 Nonne
587 657 737 719 patet
759 655 1018 718 quantum
1057 646 1149 700 tali
1179 646 1383 714 pietate
1410 642 1656 696 trahatur

521 737 810 795 Peccatum
825 739 851 792 ἲ
874 738 1147 807 arguimur
1174 734 1363 790 fraude
1392 740 1579 787 tenere
1600 729 1784 797 ﬁdem,

376 832 484 886 Aut
496 832 795 900 reprobare
824 831 918 885 Dei
949 830 1095 898 leges
1124 842 1311 883 errore
1335 825 1548 891 rebelli,

524 921 589 975 Ni
620 922 831 991 placeat
860 921 1015 975 nobis
1063 917 1209 989 quod
1238 917 1445 987 placuit
1472 915 1726 970 Domino.

376 1014 582 1070 lustius
608 1022 693 1069 est
712 1014 844 1068 istas
864 1012 1141 1067 hominum
1170 1010 1353 1078 lugere
1382 1008 1654 1071 tenebras,

276 1106 342 1160 50
525 1105 671 1172 Quas
698 1103 923 1158 facimus
951 1102 1108 1156 nobis
1135 1101 1430 1169 degeneres
1458 1098 1671 1163 animae,

378 1197 731 1254 Immemores
759 1195 963 1265 primos
990 1192 1225 1249 ctelestis
1249 1189 1495 1258 imaginis
1521 1197 1693 1255 ortus,

520 1289 695 1354 Quam
730 1291 957 1342 revocat
990 1283 1254 1339 miserans
1293 1280 1360 1336 ad
1399 1294 1497 1335 sua
1536 1292 1700 1347 regna
1731 1276 1837 1331 Pa-

1709 1370 1835 1441 iter.

380 1470 551 1540 Cujus
576 1482 763 1523 amore
782 1481 937 1523 meos
964 1463 1201 1534 suscepit
1225 1462 1391 1516 Filius
1416 1467 1587 1526 artus,

528 1561 745 1629 Virgine
772 1565 1089 1628 conceptus,
1122 1555 1327 1622 virgine
1353 1561 1514 1607 natus
1543 1551 1729 1615 homo,

279 1657 348 1709 55
384 1656 590 1711 Cuncta
617 1667 812 1723 gerens
830 1651 1135 1715 hominem,
1167 1654 1393 1704 cunctos
1432 1652 1489 1699 et
1526 1656 1756 1713 corpore
1784 1640 1840 1694 in

1708 1732 1840 1803 [uno

527 1834 860 1891 Cunctorum
888 1840 914 1868 α
944 1829 1203 1883 Dominus
1228 1823 1523 1895 suscipiens
1552 1822 1802 1877 famulos.
1878 1830 1917 1887 [ι

387 1927 585 1982 Factus
604 1925 747 1981 enim
768 1921 909 1978 servi
929 1920 1102 1976 forma
1131 1926 1251 1984 est,
1296 1917 1390 1986 qui
1428 1928 1672 1970 summus
1711 1928 1837 1983 age-

1702 2004 1834 2077 [bat,

528 2107 722 2162 Forma
750 2104 847 2160 Dei
873 2116 1107 2173 regnans
1130 2115 1254 2155 cum
1281 2112 1409 2167 rege
1438 2096 1599 2151 Patre
1627 2095 1787 2151 Deus.

384 2200 639 2271 Suscepit
666 2199 894 2255 formam
922 2194 1085 2261 servi,
1108 2194 1431 2262 culpamque
1454 2190 1705 2261 peremit,

285 2297 347 2348 ϐυ
533 2292 649 2358 Qua
678 2303 851 2360 pinna:
876 2295 934 2344 et
959 2285 1149 2342 mortis
1176 2282 1447 2354 quondam
1468 2283 1631 2337 homo
1653 2293 1843 2336 servus

1680 2373 1836 2447 [ei-at.

391 2476 463 2531 Et
486 2474 717 2531 libertati
746 2472 1024 2537 famulum,
1054 2469 1156 2525 sub
1186 2466 1418 2536 imagine
1444 2466 1587 2522 servi

534 2566 727 2620 Nostra
753 2578 881 2618 caro
910 2562 1134 2617 effectus
1162 2559 1396 2615 restituit
1418 2557 1697 2613 Dominus.

391 2658 463 2715 Ut
490 2659 619 2712 mihi
648 2672 746 2728 per
772 2655 1044 2711 Christum
1071 2653 1308 2709 ecelestis
1334 2652 1511 2721 imago
1538 2650 1771 2713 rediret,

537 2752 639 2818 Qui
666 2765 825 2805 cruce
854 2756 1128 2803 terrenum
1151 2749 1228 2817 (a)
1258 2746 1578 2816 despoliavit
1598 2745 1788 2800 Adam.

285 2846 350 2899 65
386 2842 622 2899 Carnem
651 2843 814 2912 igitur
832 2848 1170 2911 mortemque
1194 2853 1371 2894 meam
1390 2852 1543 2894 meus
1564 2838 1654 2893 ille
1681 2834 1848 2891 Crea-

1738 2928 1849 3002 [tor

537 3026 782 3094 Pertulit,
814 3033 871 3080 et
897 3038 1081 3080 carum
1110 3030 1286 3077 morte
1314 3020 1541 3076 redemit
1567 3035 1723 3091 opus.

390 3118 560 3172 Multa
587 3118 719 3172 mihi
747 3115 971 3173 dederat
997 3115 1146 3184 prius
1173 3121 1230 3168 et
1254 3113 1517 3183 promissa
1538 3112 1747 3179 salutis,

535 3211 601 3265 Et
628 3218 895 3281 praicepta
924 3202 1120 3279 quibus
1141 3206 1239 3277 per
1265 3208 1408 3262 bona
1428 3206 1709 3275 dirigerer.

389 3301 506 3357 Sed
526 3303 650 3371 quia
672 3314 790 3367 nec,
817 3300 949 3368 legis
976 3298 1158 3369 posito
1188 3298 1563 3364 medicamine,
1594 3297 1755 3368 primi

290 3393 353 3445 70
542 3392 843 3447 lnveterata
868 3390 1036 3462 patris
1062 3389 1285 3444 vulnera
1313 3387 1594 3453 dilueram,

386 3482 464 3536 Et
493 3497 665 3551 neque
690 3483 981 3553 praamissis
1007 3481 1189 3536 divino
1212 3494 1283 3534 ex
1310 3494 1406 3535 ore
1428 3479 1711 3549 prophetis

540 3572 864 3644 Exspectare
891 3573 988 3628 Dei
1015 3564 1240 3626 munera
1268 3570 1629 3635 credideram,

385 3666 463 3719 Et
483 3680 651 3735 genus
678 3667 969 3721 humanum
996 3664 1195 3735 passim
1224 3663 1340 3718 sine
1368 3662 1485 3731 lege
1507 3659 1629 3716 ﬁdei
1650 3660 1679 3701 δ

533 3759 903 3830 σεε-επ)
918 3757 1212 3828 Desperata
1235 3755 1377 3810 salus
1404 3760 1668 3810 merserat
1690 3753 1742 3809 in
1763 3762 1847 3809 te-

1608 3845 1844 3919 [nebras,

285 3942 349 3997 75
387 3943 785 4013 Regnabatque
812 3940 970 3997 simul
997 3946 1278 4011 peccatum
1300 3940 1354 3994 in
1384 3953 1615 4010 corpore
1640 3946 1846 4003 nostro,

535 4033 678 4091 Mors
706 4037 760 4091 in
788 4040 1032 4104 peccato,
1058 4032 1269 4086 daemon
1296 4034 1311 4063 ¹
1342 4033 1397 4087 in
1419 4032 1662 4097 interitu,

386 4124 787 4198 Captivumque
815 4126 1091 4182 hominem
1109 4124 1277 4180 tristis
1303 4134 1479 4181 metus
1508 4132 1563 4180 et
1582 4125 1745 4181 miser
1764 4139 1849 4180 er-

1186 4234 1189 4237 '
1736 4215 1848 4288 [ror

540 4316 713 4371 Altius
735 4317 788 4371 in
817 4322 1049 4370 mortem
1074 4313 1411 4385 praecipitare
1435 4315 1455 4345 ²
1485 4311 1703 4368 dabant.

389 4408 605 4464 interea
634 4408 796 4465 Pater
816 4410 931 4480 ipse
959 4408 1087 4480 polo
1116 4408 1402 4463 miseratus
1430 4407 1497 4462 ab
1526 4406 1657 4472 alto,

283 4498 353 4549 8U
540 4498 827 4554 Errantum
857 4500 1037 4570 lapsus
1062 4495 1347 4569 pestiferos
1374 4498 1670 4564 hominum,

1856 462 1905 518 Δ

1870 3203 1918 3265 C

2218 453 2463 509 Ostendit
2492 449 2516 488 ἀ
2551 450 2724 519 fragili
2751 450 2930 506 carnis
2959 450 3134 505 inesse
3164 448 3351 505 Deum.

2084 544 2265 601 Utitur
2292 544 2485 600 ofﬁciis
2515 543 2769 610 hominis,
2799 542 2897 597 sed
2928 548 2983 595 et
3010 541 3153 595 intus
3180 542 3352 612 Operti

2224 635 2385 706 Signa
2414 636 2509 691 Dei
2537 634 2761 690 medicis
2783 635 2986 688 exserit
3014 633 3273 702 imperiis.

2027 746 2031 750 λ
2081 729 2227 785 Voce
2256 729 2491 784 hominis
2515 728 2697 783 divina
2719 726 2894 791 docet,
2920 725 3167 779 mortalia
3195 738 3324 779 vere

1975 819 2045 875 90
2222 819 2387 875 Extra
2413 828 2695 891 peccatum
2718 832 3014 888 corporeus
3041 816 3270 886 peragit.

2082 911 2291 983 Quippe
2320 911 2402 967 sui
2429 926 2543 967 rem
2573 919 2780 965 tantum
2818 909 3001 980 operis
3034 908 3135 964 sibi
3178 906 3406 963 reddere
3443 898 3539 963 cui

3364 998 3534 1072 [rans,

2223 1094 2479 1148 Naturam
2507 1094 2657 1148 venit
2684 1107 2918 1162 sumere,
2945 1107 3053 1147 non
3083 1092 3291 1146 vitium.

2086 1182 2328 1254 Namque
2350 1184 2552 1240 bonum
2582 1192 2775 1239 natura
2800 1184 3068 1246 hominem
3101 1184 3273 1238 bonus
3295 1182 3361 1237 ad
3395 1183 3536 1238 bona

3346 1273 3529 1347 [fecit.,

2224 1367 2404 1431 Mente
2428 1384 2524 1425 sua
2546 1368 2731 1439 lapsus
2756 1383 2814 1424 se
2842 1368 3050 1423 vitiavit
3076 1368 3260 1422 homo.

1977 1462 2045 1514 ‘in
2088 1461 2267 1529 Quare
2295 1461 2475 1532 opifex
2500 1461 2776 1517 hominum
2805 1461 3021 1516 mortali
3044 1461 3097 1515 in
3126 1476 3354 1530 corpore
3375 1459 3540 1527 venit,

2225 1557 2344 1612 Non
2374 1568 2430 1613 et
2458 1557 2672 1612 mortali
2703 1557 2931 1613 crimine
2959 1556 3129 1612 factus
3150 1557 3334 1611 homo.

2085 1650 2216 1707 Nam
2246 1668 2424 1722 neque
2452 1653 2659 1708 deleret
2688 1654 2891 1723 culpas,
2917 1653 3021 1709 nisi
3047 1654 3183 1708 liber
3212 1653 3279 1709 ab
3315 1653 3435 1716 illis,

2226 1744 2336 1799 Nec
2364 1745 2546 1799 laxare
2577 1762 2698 1800 reos
2729 1754 2912 1815 posset
2938 1753 2992 1800 et
3014 1747 3129 1814 ipse
3149 1761 3291 1811 reus,

2088 1836 2196 1891 Nec
2222 1837 2497 1907 peccatori
2521 1852 2670 1891 mors
2696 1837 2913 1891 cederet
2943 1844 3128 1906 utpote
3158 1836 3395 1891 vinctum

1942 1927 2044 1981 100
2226 1928 2439 1983 Peccati
2466 1928 2655 1982 vinclis
2676 1928 2913 1995 legitime
2943 1927 3203 1981 retinens.

2083 2016 2212 2074 Jure
2232 2018 2394 2088 igitur
2420 2018 2585 2074 cessit
2614 2019 2883 2088 rumpenti
2913 2025 3113 2071 tartara
3138 2017 3373 2081 Christo,

2222 2110 2280 2166 In
2302 2126 2433 2181 quo,
2456 2111 2599 2181 quod
2628 2117 2812 2181 posset
2840 2121 3075 2171 nectere,
3104 2125 3209 2163 non
3232 2110 3435 2164 habuit.
3526 2100 3529 2103 ⁴

2082 2200 2310 2272 Ipsaque
2331 2200 2517 2270 judicii
2547 2199 2730 2269 injusti
2752 2215 2845 2254 rea
2869 2198 3008 2254 facta
3039 2199 3293 2262 vicissim,

2226 2290 2332 2346 Per
2358 2292 2534 2347 scelus
2561 2291 2741 2346 occiso
2764 2290 2889 2360 jure
2916 2290 3138 2346 subacta
3169 2289 3374 2344 homini
3402 2299 3507 2345 est.

1946 2382 2049 2438 l05
2088 2381 2284 2438 Palluit
2307 2382 2506 2437 invidia
2532 2398 2777 2459 serpens,
2809 2381 3016 2436 inferna
3041 2380 3264 2436 reducto

2231 2474 2480 2531 Claustra
2508 2473 2732 2538 homini,
2766 2488 2917 2528 versa
2948 2473 3301 2542 lege,reelusa
3319 2473 3532 2534 videns,

2088 2567 2253 2637 inque
2274 2567 2445 2621 vicem
2466 2566 2646 2620 vincta
2665 2564 2950 2619 mortalem
2978 2572 3155 2619 morte
3185 2564 3403 2630 resolvi,

2231 2658 2635 2728 Excussumque
2663 2673 2761 2714 sua
2789 2672 3010 2727 surgere
3029 2670 3225 2727 corpus
3252 2657 3437 2719 humo,
3528 2642 3533 2649 ’

2090 2751 2313 2821 Insuper
2340 2759 2396 2805 et
2424 2750 2589 2806 cmlos
2616 2750 2910 2805 redivivum
2940 2750 3200 2834 scandere
3228 2765 3474 2815 cernens,

1949 2838 2052 2894 llO
2232 2842 2401 2896 Dente
2424 2842 2561 2897 truci
2586 2841 2785 2896 frustra
2815 2841 3008 2895 lividus
3038 2839 3332 2896 infremuit.

2086 2930 2152 2989 Et
2179 2935 2343 2990 modo
2369 2935 2616 3001 tabescit,
2653 2949 2796 2998 cum,
2827 2934 3204 2988 crebrescente
3229 2935 3441 3003 piorum

2231 3024 2479 3097 Agmine,
2520 3041 2618 3098 per
2656 3025 2928 3081 Christum
2966 3024 3210 3096 perditor
3241 3036 3264 3064 θ
3296 3026 3413 3098 ipse
3455 3043 3551 3097 pe-

3435 3119 3548 3190 [νει.

2090 3206 2233 3280 Ergo
2262 3210 2368 3265 mei
2388 3209 2582 3266 vitiosa
2604 3208 2768 3265 animi
2796 3209 3026 3275 sanavit,
3059 3217 3113 3264 et
3133 3222 3276 3277 aegra
3524 3248 3529 3291 Ι

2236 3300 2493 3372 Corporis
2520 3301 2752 3372 excepit,
2786 3310 2960 3357 matre
2986 3301 3179 3365 homo,
3203 3308 3358 3379 patre
3380 3293 3548 3360 Dens.

1952 3390 2056 3448 115
2095 3392 2366 3449 imbecilla
2396 3386 2634 3463 quidem,
2666 3392 2760 3449 sed
2788 3393 3055 3449 naturalia
3077 3395 3256 3451 carnis

2237 3482 2439 3548 Gessit,
2463 3493 2519 3541 et
2540 3486 2766 3541 affectus
2788 3487 3034 3556 corporis
3055 3486 3317 3542 exhibuit.

2094 3573 2352 3631 Sensibus
2380 3577 2626 3631 humanis
2645 3577 2756 3631 edit
2781 3585 2836 3630 et
2863 3576 3017 3643 bibit,
3042 3585 3098 3631 et
3124 3592 3223 3632 sua
3248 3593 3443 3634 somno

2239 3664 2465 3721 Lumina
2493 3666 2742 3733 declinat,
2776 3666 2942 3720 lassat
2976 3666 2994 3704 ῐ
3019 3666 3197 3720 eundo
3220 3666 3383 3722 viam.

2096 3759 2393 3830 Tamquam
2427 3761 2620 3827 homo,
2675 3761 2929 3837 defuncto
2976 3759 3241 3832 lacrymas
3288 3761 3551 3832 impendit

3352 3855 3551 3924 [amico

1953 3938 2071 3998 120
2236 3943 2408 4009 Quem
2436 3957 2563 3997 mox
2593 3942 2706 4013 ipse
2734 3942 2875 3998 Deus
2903 3942 3127 3998 suscitat
3154 3957 3187 3998 e
3217 3945 3422 4000 tumulo
3450 3956 3498 4001 ε.

2101 4055 2119 4088 c
2151 4035 2376 4107 Navigio
2415 4042 2659 4092 vectatur
2698 4036 2893 4102 homo,
2924 4044 2981 4091 et
3019 4034 3164 4091 Deus
3196 4035 3427 4105 imperat
3455 4052 3551 4091 au-

3372 4128 3551 4203 [εει-ῖς,

2240 4219 2310 4275 Ει
2339 4220 2535 4275 virtute
2567 4219 2659 4275 Dei
2684 4228 2926 4290 permeat
2951 4233 3137 4289 aequor
3159 4220 3324 4276 homo
3356 4219 3404 4274 δ.

2097 4312 2278 4370 Mente
2319 4312 2551 4368 hominis
2590 4311 2822 4383 trepidat
2865 4312 3057 4367 vicinae
3100 4312 3293 4368 mortis
3337 4314 3405 4367 ad
3450 4313 3549 4368 ho—

3413 4419 3560 4468 ram,

2238 4494 2418 4549 Mente
2445 4492 2540 4548 Dei
2564 4491 2718 4546 novit
2746 4498 2955 4562 tempus
2984 4490 3173 4548 adesse
3200 4404 3410 4548 necis.[

393 4591 825 4661 Serpentemque
852 4591 989 4647 truci
1028 4589 1394 4647 dominantem
1441 4590 1495 4644 in
1530 4598 1706 4645 morte
1750 4605 1843 4645 ca-
1878 4585 2055 4645 0195
2095 4586 2150 4641 ln
2180 4601 2341 4642 cruce
2383 4584 2521 4640 ﬁxus
2564 4583 2727 4638 homo
2756 4589 2857 4649 est,
2902 4580 3047 4638 Deus
3084 4598 3117 4639 e
3162 4599 3321 4640 cruce
3363 4583 3554 4640 terruit

1603 4679 1843 4750 [dentom

537 4774 651 4829 Non
682 4773 822 4839 tulit,
852 4781 909 4828 et
936 4772 1129 4826 Natum
1157 4771 1303 4826 misit
1339 4771 1405 4826 ad
1435 4785 1596 4826 omne
1619 4771 1842 4824 bonum.

394 4863 581 4920 Paruit
612 4866 700 4919 ille
727 4865 920 4933 libens,
952 4864 1092 4919 Deus
1126 4874 1147 4901 ε
1171 4863 1352 4918 omnia
1381 4879 1503 4918 cum
1531 4862 1691 4918 Patre
1717 4877 1845 4917 con-

1705 4952 1872 5025 [cors,

536 5048 888 5105 Communem
917 5062 1110 5104 curans
1137 5062 1250 5103 rem
1275 5047 1474 5117 pietate
1498 5046 1634 5117 pari.
1700 5048 1709 5057 ’

286 5140 356 5193 85
378 5139 646 5208 Advenit,
673 5148 727 5195 et
756 5140 814 5194 lit
847 5140 1038 5203 homo,
1069 5147 1125 5194 et
1151 5139 1377 5193 mixtum
1402 5137 1673 5208 perfectus
1701 5146 1849 5192 utro-

1722 5228 1849 5300 tque

326 5376 349 5401 ⁸·
388 5365 447 5419 Id
480 5375 561 5421 est
591 5383 682 5436 per
703 5376 906 5420 cuncta.
939 5364 1073 5420 Vide
1093 5373 1209 5420 not.
1233 5363 1360 5420 555.

282 5460 283 5467 η
321 5437 349 5474 δ
386 5436 522 5489 Vide
548 5446 662 5491 not.
688 5436 812 5488 554.

323 5517 348 5544 ε
383 5506 519 5560 Vide
546 5522 689 5561 vers.
722 5505 791 5559 55
815 5514 871 5561 et
897 5512 1010 5560 not.
1044 5505 1169 5558 555.

320 5574 347 5613 ἀ
379 5576 438 5648 id
470 5586 555 5632 est
580 5579 631 5629 in
656 5594 812 5630 carne
836 5577 1035 5648 fragili.
1060 5576 1192 5631 Vide
1222 5589 1390 5630 carm.
1424 5574 1508 5643 15,
1535 5591 1584 5631 v.
1613 5573 1735 5629 518.

288 5668 293 5669 ν
326 5656 351 5717 f
384 5646 443 5717 id
470 5656 555 5717 est
579 5663 803 5717 serpens.

331 5716 351 5754 ί
385 5714 501 5787 Pro
528 5714 771 5787 lassatur.
801 5716 935 5787 Vide
952 5731 1051 5787 ep.
1086 5714 1141 5780 5,
1174 5732 1226 5771 n.
1265 5714 1351 5769 l8.

324 5797 353 5834 ε
380 5784 586 5841 Julian.
617 5804 691 5851 ιιι,
724 5786 792 5840 55
819 5796 873 5848 et
901 5784 1015 5839 1H.—
1412 5804 1415 5805 ν

314 5854 343 5891 λ’
372 5854 582 5914 Matth.
618 5874 726 5931 xxv,
756 5858 825 5915 52
851 5867 905 5917 et
933 5856 1030 5927 29;
1064 5871 1206 5927 xxvn,
1239 5856 1327 5912 58.

3311 4676 3551 4749 [orbem,

2240 4772 2467 4828 Mortem
2488 4770 2677 4839 homo,
2703 4784 2892 4826 verum
2917 4783 3066 4825 mors
3103 4767 3218 4839 ipsa
3255 4767 3425 4824 Deum
3456 4784 3554 4839 pa-

3330 4859 3483 4932 [titur
3508 4861 3555 4925 ί,

2100 4958 2158 5012 ln
2186 4970 2345 5012 cruce
2372 4954 2569 5026 pendet
2591 4954 2775 5024 homo,
2805 4951 2947 5009 Deus
2975 4966 3007 5008 e
3034 4967 3194 5008 cruce
3211 4953 3436 5009 crimina
3451 4954 3556 5007 do-

3358 5044 3478 5111 [nat
3504 5054 3557 5100 ιο

2192 5128 2195 5131 ἢ
2239 5140 2306 5195 Ει
2332 5144 2568 5195 moriens
2597 5139 2762 5192 vitam
2791 5136 3028 5193 criminis
3048 5135 3344 5202 interimit;

2096 5231 2310 5303 Proque
2331 5233 2439 5288 reis
2466 5231 2679 5287 habitus
2710 5231 2756 5298 ι,
2787 5230 3047 5301 pejorque
3069 5231 3283 5287 latrone
3311 5238 3549 5302 putatus,

2033 5369 2046 5404 ί
2083 5366 2274 5421 Matth.
2306 5383 2473 5431 xxvu,
2499 5365 2590 5419 5|.

2030 5438 2044 5488 i
2086 5437 2141 5490 ld
2172 5446 2256 5492 est
2284 5441 2561 5501 condonat,
2591 5437 2819 5507 simplex
2843 5451 2942 5507 pro
2966 5435 3299 5505 composito.

2029 5508 2054 5547 λ
2084 5508 2246 5563 Marc.
2280 5525 2368 5571 xv,
2399 5507 2485 5561 28.

2032 5580 2110 5650 (a)
2139 5579 2218 5650 ita
2248 5594 2314 5633 ex
2344 5579 2581 5633 editione
2602 5577 2789 5633 Schot.
2822 5575 3227 5650 emendavimus
3264 5572 3553 5650 auxiliare

1959 5643 2101 5704 thi'oi
2129 5649 2218 5703 Sic
2241 5663 2303 5701 ea
2336 5664 2468 5703 voce
2512 5650 2637 5702 alibi
2682 5663 2808 5703 usus
2839 5646 3126 5712 Paulinus,
3168 5660 3335 5700 carm.
3367 5643 3462 5714 9-5,
3495 5660 3551 5701 v.

1960 5720 2066 5773 219
2099 5740 2110 5770 ε
2146 5718 2362 5791 Lumine
2389 5720 2687 5791 despoliet»,
2738 5727 2793 5776 et
2831 5732 2918 5788 ep.
2942 5716 3033 5785 ει,
3080 5733 3136 5773 ιι.
3184 5714 3237 5770 2.
3285 5716 3453 5786 Alias,
3496 5734 3552 5774 se

1963 5791 2201 5863 spoliavit
2224 5790 2410 5844 Adam.
