3990 6182
263 263 358 326 681

534 400 803 469 Qumritis,
832 409 888 459 et
912 402 1037 459 vani
1066 403 1267 460 lubrica
1295 403 1513 475 diligitis
1541 407 1606 459 ll?
1641 425 1659 457 ι

390 489 733 547 Commutate
758 492 891 558 vias,
923 493 1233 564 disrumpite
1275 495 1486 550 vincula
1516 497 1724 564 mortis,

530 581 598 636 Et
626 583 748 637 date
769 584 1020 654 praedulci
1048 585 1217 639 libera
1241 585 1377 640 colla
1405 584 1556 655 jugo.

390 670 596 726 Sumite
615 671 820 726 divinas
842 688 940 742 pro
967 673 1214 728 libertate
1243 683 1478 739 catenas,

490 784 493 785 ν
535 760 771 819 Crimine
792 778 911 832 qua:
931 764 1164 830 solvunt,
1194 772 1247 818 et
1275 765 1474 835 pietate
1494 765 1676 834 ligant.

395 854 495 922 Qui
515 856 753 925 sequeris
773 856 1043 924 tenebras,
1074 857 1127 911 in
1153 864 1340 927 aperto
1364 857 1497 913 lucis
1523 858 1761 922 oberras,

532 944 599 997 Et
619 944 742 1013 quia
773 952 931 1000 nocte
951 945 1119 1009 vides,
1152 945 1351 1000 lumine
1375 945 1403 984 δ
1434 961 1605 1001 caecus
1628 947 1761 1015 agis.

253 1031 354 1087 225
386 1033 529 1103 Ergo
559 1035 743 1091 oculos
771 1036 965 1090 mentis
993 1034 1207 1091 Christo
1234 1051 1534 1092 reseremus
1558 1046 1611 1091 et
1639 1052 1832 1105 aures;

537 1122 607 1177 Ut
634 1139 805 1189 mens,
834 1134 1057 1194 peccato
1084 1126 1284 1188 clausa,
1316 1125 1429 1180 Deo
1446 1134 1645 1195 pateat.

391 1210 524 1267 Nam
552 1226 671 1280 qum
700 1214 977 1283 corporeis
997 1228 1093 1267 sua
1114 1213 1225 1282 jam
1256 1214 1514 1283 promissa
1539 1215 1744 1269 revelat

531 1298 764 1363 Visibus,
791 1310 847 1355 et
870 1302 1029 1356 claris
1057 1309 1319 1357 monstrat
1341 1311 1531 1372 operta
1553 1302 1694 1358 Deus
1713 1346 1728 1369 ,

392 1388 597 1446 Cuncta
619 1392 929 1461 resurgendi
959 1390 1149 1448 faciem
1180 1403 1204 1431 ο
1233 1393 1559 1448 meditantur
1600 1394 1652 1448 in
1690 1395 1836 1449 omni

528 1479 790 1552 Corpore,
847 1490 904 1538 et
953 1482 1008 1537 in
1061 1482 1219 1538 terris
1262 1483 1535 1551 germina,
1592 1492 1650 1538 et
1692 1492 1835 1540 astra

1664 1574 1830 1647 [polo.

390 1659 588 1717 Noctes
616 1669 778 1731 atque
804 1661 941 1729 dies,
968 1670 1119 1718 ortus
1147 1662 1431 1732 obitusque
1460 1663 1691 1719 vicissim

530 1752 812 1807 Alternant
844 1771 856 1806 :
888 1754 1094 1809 morior
1124 1764 1305 1820 nocte,
1330 1769 1552 1824 resurgo
1581 1756 1686 1811 die.

390 1839 610 1896 Dormio
637 1857 913 1913 corporeae
932 1843 1139 1913 sopitus
1159 1843 1391 1911 imagine
1411 1845 1622 1910 mortis,

535 1930 754 1987 Excitor
780 1947 813 1986 a
838 1947 1026 1988 somno
1052 1934 1190 1988 sicut
1209 1932 1278 1987 ab
1299 1932 1535 1988 interitu.

255 2020 358 2077 255
392 2021 531 2090 Quid
544 2031 680 2091 sata,
694 2024 823 2095 quid
849 2022 1066 2080 frondes
1086 2038 1384 2090 nemorum,
1415 2024 1541 2095 quid
1564 2032 1837 2098 tempora?

1623 2119 1839 2191 [nempe

539 2200 769 2273 Legibus
796 2203 879 2260 his
903 2203 1105 2261 obeunt
1124 2208 1322 2275 omnia,
1350 2209 1435 2265 vel
1464 2208 1707 2265 redeunt.

390 2290 532 2348 Vere
554 2302 925 2360 resurgentum
953 2296 1161 2352 cunctis
1186 2313 1326 2353 nova
1347 2299 1509 2354 rebus
1539 2300 1713 2370 imago

536 2382 667 2439 Post
702 2384 895 2452 hiemis
922 2394 1151 2446 mortem
1181 2386 1446 2445 vivificata
1468 2388 1630 2444 redit.

391 2473 546 2542 Quod
592 2475 761 2530 semel
808 2483 892 2531 est
943 2475 1181 2532 facturus
1226 2476 1391 2533 homo
1416 2520 1433 2546 ,
1492 2479 1579 2534 cui
1627 2480 1838 2536 subdita

1635 2568 1839 2640 [mundi

532 2654 793 2727 Corpora,
817 2656 915 2712 sub
942 2656 1081 2713 ccelo
1108 2664 1300 2712 cuncta
1323 2656 1631 2727 frequenter
1653 2664 1837 2727 agunt.

392 2746 500 2804 Sed
528 2755 774 2818 quzerunt
795 2749 939 2819 quali
968 2757 1248 2819 reparetur
1274 2758 1518 2805 mortuus
1546 2750 1720 2805 omnis
1742 2745 1768 2786 ἀ

536 2835 775 2908 Corpore
794 2879 808 2904 ,
840 2853 1014 2907 quove
1042 2837 1203 2893 modo
1234 2838 1325 2892 ﬁat
1351 2839 1513 2894 homo
1541 2853 1608 2894 ex
1634 2840 1833 2895 cinere.

392 2927 451 2985 Si
471 2944 578 2985 non
607 2928 877 2985 suﬂiciunt
895 2930 1061 2985 sacris
1085 2929 1292 2998 signata
1317 2930 1593 2998 prophetis
1610 2971 1626 2997 ,

538 3020 684 3075 Muta
716 3020 872 3075 fidem
890 3020 1144 3085 clamant,
1175 3018 1378 3074 credite
1409 3019 1729 3089 conspicuis.

257 3110 359 3167 245
397 3112 611 3169 Cernite
635 3112 777 3166 nulla
803 3112 913 3167 suis
941 3124 1217 3179 emergere
1246 3109 1449 3165 semina
1470 3110 1693 3180 campis,

539 3200 603 3255 Ni
632 3201 779 3270 prius
807 3202 1074 3255 intereant
1098 3200 1217 3255 labe
1237 3200 1258 3232 ⁸
1286 3200 1459 3255 soluta
1488 3202 1631 3270 putri
1663 3211 1708 3255 ο.

398 3290 549 3346 Nuda
576 3292 731 3360 seris,
752 3292 947 3346 vestita
981 3290 1000 3329 ί
1034 3290 1197 3359 legis;
1218 3291 1355 3360 jacis
1382 3291 1527 3346 arida
1551 3305 1735 3359 grana,

539 3383 710 3451 Atque
730 3381 919 3436 eadem
947 3379 1122 3437 fructu
1149 3382 1497 3453 multiplicata
1524 3384 1700 3438 metis.

399 3473 444 3527 0
470 3488 719 3544 perversa
748 3473 894 3539 ﬁdes,
920 3481 975 3528 et
994 3472 1284 3528 diffidentia
1313 3475 1467 3529 nobis
1484 3516 1500 3541 ,

259 3563 363 3620 250
404 3608 405 3611 η
538 3563 772 3620 Credere
799 3566 899 3619 nos
927 3564 1102 3630 terris,
1133 3571 1189 3618 et
1207 3564 1451 3618 dubitare
1476 3563 1614 3617 Deo!

403 3654 470 3710 Et
487 3662 634 3711 certa
664 3654 737 3708 nil
769 3661 909 3708 terra
941 3650 1045 3708 ﬁde
1073 3652 1339 3721 spondere
1368 3668 1467 3707 nec
1489 3667 1639 3718 ausa,

540 3744 649 3800 Nec
676 3744 878 3814 potuit;
902 3742 1028 3812 quin
1058 3749 1115 3796 et
1137 3757 1278 3811 saepe
1299 3741 1486 3797 fefellit
1507 3757 1634 3811 ager
1651 3785 1664 3807 ,

400 3834 504 3889 Vix
530 3834 811 3888 commissa
859 3832 959 3887 sibi
1004 3830 1231 3886 reddens
1251 3839 1364 3885 sata
1390 3849 1405 3897 ;
1433 3847 1533 3887 nec
1560 3840 1737 3887 tamen
1761 3833 1834 3887 illi

380 3926 486 3994 67
492 3923 735 3994 5-676
743 3921 979 3977 Credere
993 3921 1247 3990 deceptus
1260 3936 1407 3991 spem
1421 3924 1616 3991 segetis
1628 3923 1833 3991 dubito;

254 4016 362 4071 255
400 4016 509 4071 Nec
535 4015 681 4085 piget
707 4013 922 4068 incertis
950 4021 1155 4068 certum
1177 4012 1369 4067 sudare
1395 4013 1634 4069 laborem

537 4104 797 4171 Frugibus
826 4104 868 4169 ⁸,
897 4110 953 4157 et
978 4101 1121 4157 nudo
1143 4103 1361 4157 credere
1390 4102 1528 4157 nuda
1558 4104 1691 4158 solo.

398 4194 553 4263 Quod
572 4194 615 4249 si
640 4203 782 4249 terra
812 4202 991 4263 potest
1015 4203 1323 4265 corruptum
1353 4194 1574 4248 reddere
1595 4208 1778 4253 semen

546 4287 721 4357 (Quod
751 4295 925 4340 tamen
948 4287 1131 4340 mterni
1159 4286 1273 4354 lege
1294 4284 1417 4339 facit
1437 4286 1693 4356 Domini),

402 4375 627 4433 Diﬂicile
653 4376 1043 4447 Omnipotentis
1069 4393 1203 4447 opus
1232 4378 1346 4432 fore
1372 4377 1626 4441 creditur,
1658 4388 1715 4433 ut
1737 4394 1836 4435 nos

542 4468 619 4522 Ex
643 4468 808 4522 nihilo
829 4467 1015 4531 factos,
1039 4482 1107 4521 ex
1138 4468 1319 4537 aliquo
1350 4469 1598 4537 reparet?

401 4561 586 4615 Nullus
616 4574 782 4625 eram,
826 4567 879 4614 et
907 4559 1137 4613 faciente
1182 4558 1293 4614 Deo
1319 4575 1437 4614 sum
1474 4568 1630 4614 natus
1660 4569 1718 4613 ut
1746 4576 1831 4615 es-

1677 4649 1835 4720 [sem,

543 4739 693 4793 Nunc
708 4740 816 4809 jam
837 4740 904 4795 de
932 4738 1149 4809 proprio
1172 4739 1376 4795 semine
1402 4757 1586 4807 rursus
1612 4755 1727 4795 ero.

400 4828 535 4884 Nam
565 4829 692 4883 licet
729 4829 783 4883 in
825 4837 1039 4884 tenuem
1081 4830 1387 4898 redigantur
1416 4839 1470 4883 et
1519 4847 1638 4886 ossa
1682 4832 1833 4885 [υνυς

1681 4922 1831 4994 llam.

538 5008 790 5079 Corporis
813 5009 1002 5079 integri
1030 5011 1230 5066 semina
1252 5011 1425 5081 pulvis
1453 5012 1614 5066 habet
1640 5030 1651 5065 :

262 5097 361 5152 265
396 5096 637 5168 Cumque
665 5102 824 5155 etiam
847 5102 1055 5157 cineres
1083 5103 1321 5157 vacuatis
1350 5110 1489 5156 terra
1520 5103 1794 5172 sepulcris,

537 5190 780 5259 Cognato
808 5192 1077 5249 immixtos
1104 5195 1304 5265 cespite
1326 5196 1614 5263 sorbucrit,

251 581 351 635 220

255 1477 355 1534 250

255 2655 359 2710 240

261 4469 364 4525 260

331 5348 355 5375 ³
385 5340 528 5395 Psal.
554 5358 625 5405 iv,
654 5338 709 5395 5.

329 5406 357 5447 δ
384 5410 442 5465 Id
469 5420 553 5466 est
580 5412 679 5464 die.

334 5489 357 5552 ξ
388 5479 661 5552 Ρτιιάθηιίἰ
690 5482 870 5552 hymn.
896 5481 963 5535 10
990 5481 1423 5552 Cathemerinon.

330 5544 355 5583 ά
385 5549 443 5631 |d_
468 5559 553 5605 est
572 5544 789 5673 integr.
814 5551 947 5607 Vide
970 5568 1022 5607 v.
1045 5550 1169 5607 508.

335 5625 358 5653 ο
388 5620 516 5673 Vide
545 5628 662 5673 not.
732 5619 821 5673 55.

335 5625 358 5653 ο
388 5620 516 5675 Vide
545 5628 662 5674 not.
686 5619 821 5674 555.

335 5682 355 5723 ⁸
387 5688 515 5744 Vide
534 5699 649 5743 not.
681 5690 806 5743 556.

504 5782 773 5840 Parnm"
819 5783 998 5847 LXI.

1640 272 1872 327 POEMA
1910 269 2118 325 XXXV.

1860 390 1911 448 Λ

1864 1750 1913 1809 Β

1864 3105 1911 3168 C

1865 4472 1912 4529 Ι)

2081 378 2455 451 Tunc'quoquc
2475 380 2750 450 corporeis
2763 380 3040 435 hominum
3066 396 3354 439 vanescere
3383 384 3524 441 visos

2204 469 2551 537 .Luminibus,
2584 470 2783 524 solidos
2810 470 3049 525 continet
3076 469 3451 541 Omnipotens;

2080 560 2246 629 Inque
2270 561 2356 615 die
2378 575 2589 629 magno,
2623 575 2740 630 qum
2764 577 2905 616 nunc
2934 563 3179 617 absumta
3205 572 3454 632 putamus

2220 646 2480 719 Corpora,
2514 665 2796 705 cernemus
2824 664 3043 717 surgere
3077 659 3186 705 tota
3215 652 3346 717 Deo,

2082 742 2236 797 Nulla
2273 744 2359 797 cui
2400 752 2591 815 natura
2627 744 2767 814 perit
2813 762 2824 797 :
2867 746 2992 813 quia
3030 746 3285 816 quidquid
3332 748 3529 817 ubiqrc

3396 839 3524 910 [εει.

1939 650 2045 703 270

2219 921 2391 979 Omne
2418 924 2689 983 Creatoris
2717 928 2979 982 clauditur
3006 928 3061 982 in
3087 929 3313 998 gremio.

2080 1011 2227 1079 Quos
2268 1030 2407 1084 aqua
2448 1015 2772 1086 ﬂuminibus,
2821 1019 3150 1090 pelagoque,
3198 1029 3256 1075 et
3293 1021 3523 1091 piscibus

3298 1112 3519 1183 [_haurit,

2220 1195 2366 1261 Quos
2393 1197 2660 1263 volucres,
2692 1206 2746 1251 et
2773 1212 2907 1266 quos
2936 1198 3202 1268 diripuere
3235 1200 3379 1266 ferae,

1944 1284 2049 1338 275
2088 1284 2322 1341 Cunctos
2352 1296 2494 1341 terra
2524 1288 2634 1343 Deo
2663 1289 2821 1344 debet
2859 1306 2870 1342 :
2903 1291 3024 1358 quia
3056 1306 3190 1360 quos
3217 1307 3354 1361 aqua
3381 1308 3522 1348 mcrv

3413 1386 3520 1456 [εἰη

2220 1469 2424 1526 Littore
2456 1472 2541 1526 vel
2569 1470 2754 1538 fundo,
2779 1481 2946 1529 strata
2974 1475 3175 1545 recepit
3203 1475 3416 1529 humus.

2084 1559 2212 1625 Qua:
2238 1561 2363 1615 licet
2385 1577 2506 1625 una,
2540 1569 2719 1616 tamen
2750 1579 2857 1617 non
2885 1580 2991 1619 uno
3020 1574 3193 1620 sumta
3221 1566 3490 1635 sepulcro,

2222 1650 2419 1722 Sparsa
2450 1654 2584 1708 locis
2613 1654 2775 1709 laceri
2795 1655 2998 1711 funeris
3021 1666 3045 1704 8
3072 1672 3193 1713 ossa
3218 1658 3367 1726 tegit.

2080 1740 2145 1793 Et
2174 1742 2298 1810 quia
2325 1751 2639 1797 consumtus
2668 1744 2826 1798 simul
2854 1753 2911 1800 et
2937 1755 3249 1801 consumtor
3277 1748 3330 1800 in
3359 1762 3466 1801 uno

2222 1830 2448 1885 Telluris
2474 1832 2678 1898 gremio
2708 1842 2881 1887 morte
2904 1832 3109 1888 ferente
3135 1835 3359 1901 cadunt;

2082 1918 2207 1974 Sive
2235 1936 2332 1989 per
2350 1921 2603 1988 egeriem,
2632 1935 2737 1989 qua
2765 1937 2885 1976 sese
2911 1923 3159 1977 animalia
3187 1932 3450 1994 purgant,

2215 2011 2463 2065 Reddunt
2492 2012 2709 2079 digestis
2735 2013 2976 2068 membra
3003 2024 3190 2069 vorata
3212 2016 3346 2072 cibis
3378 2034 3393 2071 :

2078 2098 2378 2154 Humanum
2409 2116 2603 2171 corpus
2634 2100 3022 2157 transfunditur
3047 2118 3114 2158 ex
3143 2105 3322 2160 alieno

2221 2189 2482 2262 Corpore,
2509 2206 2608 2247 nec
2632 2192 2808 2262 perdit
2834 2194 2942 2247 vim
2963 2195 3165 2264 proprii
3192 2196 3424 2264 generis.

1939 2279 2045 2336 285
2081 2279 2188 2337 Sed
2214 2282 2340 2338 licet
2367 2297 2398 2337 e
2419 2281 2675 2342 membris
2703 2282 2759 2338 in
2798 2284 3020 2339 humum
3048 2287 3360 2341 transmissa
3399 2287 3519 2343 feri-

3413 2380 3518 2450 [nis

2221 2463 2456 2521 Membra
2484 2465 2761 2522 hominum
2800 2467 2924 2522 vivo
2972 2467 3176 2523 semine
3214 2468 3361 2524 salva
3409 2484 3518 2523 ma-

3334 2565 3515 2635 [nent;

2084 2647 2151 2703 Et
2176 2648 2440 2705 moriente
2467 2650 2598 2716 fera,
2631 2652 2717 2708 cui
2747 2650 2885 2708 forte
2912 2653 3189 2709 cadaveris
3218 2668 3341 2709 esca

2220 2740 2447 2795 Humani
2476 2742 2654 2809 fuerit,
2686 2743 2937 2798 dividitur
2964 2745 3121 2799 ratio.

2081 2831 2322 2904 Namque
2350 2836 2546 2891 animal
2564 2837 2787 2893 rationis
2815 2838 2979 2893 homo
3008 2848 3107 2905 est,
3142 2838 3366 2908 ideoque
3392 2848 3448 2893 et
3470 2839 3518 2896 in

3382 2932 3516 3003 [ipsc

1937 1827 2042 1882 280

1937 3013 2042 3067 290
2220 3014 2334 3069 Rex
2362 3014 2479 3070 aliis
2507 3025 2724 3085 prmstat
2751 3027 2976 3088 corpore
2996 3020 3329 3090 corporibus.

2079 3104 2207 3160 Inde
2233 3106 2357 3161 licet
2384 3108 2555 3176 possit
2578 3108 2739 3163 mutis
2764 3110 3083 3165 animalibus
3113 3111 3252 3166 idem

2219 3194 2402 3250 Przeda
2431 3196 2568 3263 dari,
2598 3205 2778 3253 tamen
2805 3199 2889 3255 his
2923 3209 3067 3255 sorte
3096 3201 3242 3256 coire
3270 3209 3447 3270 negat.

2077 3282 2202 3340 Sola
2224 3287 2536 3354 resurgendi
2557 3303 2682 3342 caro
2704 3297 3024 3359 perceptura
3056 3291 3315 3359 vigorem,

2219 3375 2348 3442 Quae
2376 3377 2654 3432 rationalis
2680 3393 2773 3434 vas
2793 3381 2984 3434 animae
3012 3377 3038 3417 ὖ
3062 3380 3238 3443 fuerit,
3337 3374 3343 3380 ’

1934 3462 2039 3518 295
2081 3461 2148 3518 Ut
2175 3464 2425 3520 reducem
2457 3467 2612 3521 terris
2633 3467 2864 3522 animam
2895 3484 3151 3539 compage
3170 3470 3389 3537 refecta,

2216 3555 2333 3608 Jam
2357 3570 2463 3609 non
2486 3557 2702 3625 lapsuro
2725 3560 2961 3626 tegmine
2990 3562 3264 3630 suscipiat.

2079 3643 2143 3697 Et
2168 3645 2313 3698 velut
2340 3644 2429 3699 hic
2453 3647 2596 3699 omni
2626 3662 2776 3701 mens
2804 3657 2859 3701 et
2886 3662 3011 3703 caro
3034 3650 3275 3719 jungitur
3302 3659 3444 3721 actu,

2216 3736 2306 3790 Sic
2332 3744 2387 3790 et
2415 3737 2468 3789 in
2494 3744 2749 3791 aeternam
2774 3739 2885 3793 sint
2910 3741 3112 3794 sociata
3131 3742 3292 3805 diem,

2083 3826 2148 3881 Ut
2170 3834 2392 3896 carpant
2411 3828 2559 3882 socio
2585 3835 2857 3895 gestorum
2883 3831 3098 3900 praemia
3126 3830 3299 3887 fructu
3317 3874 3331 3898 ,

2216 3916 2510 3972 Consortcs
2529 3919 2708 3973 meriti
2731 3918 2870 3989 luce,
2895 3919 2980 3974 vel
3009 3920 3149 3987 igne,
3177 3922 3301 3976 loci.

2078 4005 2392 4078 Propterea,
2423 4009 2667 4077 quamvis
2693 4025 2809 4076 nos,
2844 4019 2898 4065 et
2927 4012 3183 4081 spirantia
3212 4021 3420 4079 cuncta,

2223 4097 2396 4153 Unam
2423 4100 2598 4154 sortiti
2627 4116 2855 4171 corpore
2875 4104 3172 4170 materiem,

2080 4191 2199 4248 Non
2223 4201 2401 4247 tamen
2431 4193 2486 4247 in
2515 4207 2741 4247 vacuum
2769 4209 3084 4249 revocamur
3112 4196 3284 4251 morte
3307 4195 3490 4266 soluti,

2219 4284 2474 4338 Exsortes
2495 4285 2684 4338 anima:
2704 4286 2881 4340 carnis
2910 4285 2976 4340 ab
3000 4286 3219 4341 occiduo
3243 4306 3254 4340 :

1939 4373 2044 4427 505
2083 4372 2190 4429 Sed
2220 4374 2503 4443 clangente
2531 4374 2677 4437 tuba,
2709 4375 3054 4431 reddentibus
3075 4378 3308 4445 undique
3334 4380 3491 4435 terris

2217 4465 2410 4520 Nostra
2439 4481 2507 4520 ex
2534 4466 2743 4520 arcanis
2770 4480 2995 4534 corpora
3025 4469 3335 4533 seminibus,

2081 4558 2342 4628 Corpore,
2372 4566 2571 4623 mente,
2601 4557 2801 4624 anima,
2848 4572 3055 4611 rursum
3095 4558 3149 4611 in
3198 4574 3290 4614 sua
3319 4558 3514 4617 foedera

3319 4647 3513 4719 [nexis,

2217 4740 2412 4807 lntcgri
2449 4739 2462 4776 ί
2493 4740 2776 4793 Dominum
2806 4739 3045 4794 sistimur
3072 4748 3195 4795 ante
3218 4741 3406 4797 Deum.

2080 4829 2135 4884 Si
2158 4829 2370 4884 dubitas
2400 4830 2606 4885 cineres
2629 4831 2682 4884 in
2701 4846 2927 4900 corpora
2950 4846 3106 4900 posse
3126 4834 3305 4901 recogi
3322 4873 3339 4897 ,

2219 4919 2284 4974 Et
2313 4919 2423 4975 fieri
2460 4924 2681 4977 reduces
2712 4924 2762 4976 in
2791 4938 2886 4977 sua
2913 4939 3038 4977 vasa
3074 4925 3086 4973 i
3127 4925 3359 4992 animas;

2089 5029 2106 5063 ι
2135 5009 2379 5065 Ezechiel
2412 5012 2504 5064 tibi
2528 5012 2674 5066 testis
2694 5013 2813 5077 erit,
2847 5014 2930 5067 cui
2962 5014 3168 5083 prodita
3191 5015 3390 5069 dudum

2044 5094 2049 5100 ’
2226 5099 2359 5154 Tota
2389 5102 2695 5169 resurgendi
2723 5118 2821 5171 per
2848 5103 3131 5158 Dominum
3162 5104 3340 5161 facies.

2083 5191 2195 5246 lllic
2215 5190 2440 5260 aspicies
2464 5198 2577 5245 toto
2608 5191 2633 5227 ’ί
2663 5192 2934 5249 vivescerc
2962 5210 3151 5266 campo

1937 3915 2039 3971 500

1940 4921 2043 4974 510

2015 5358 2039 5395 [ς
2066 5348 2121 5403 ld
2142 5355 2225 5402 est
2248 5348 2529 5402 cadaveris.
2557 5348 2690 5404 Vide
2718 5366 2858 5406 vers.
2882 5351 2970 5408 4|.

2011 5418 2033 5453 ιι
2065 5418 2121 5471 ld
2143 5425 2223 5471 est
2247 5434 2449 5487 corpus.
2479 5418 2609 5473 Vide
2636 5435 2776 5477 vers.
2799 5420 2921 5475 510.

2016 5487 2031 5523 ί
2064 5488 2197 5542 Vide
2226 5502 2363 5541 vers.
2386 5487 2508 5540 241.

2014 5559 2027 5605 i
2062 5557 2119 5612 ld
2144 5569 2226 5611 est
2254 5574 2487 5617 corpora.
2523 5559 2673 5616 Vide.
2698 5576 2837 5617 vers.
2870 5562 2985 5617 295-

2010 5625 2036 5664 ¹ι
2070 5627 2197 5682 Vide
2224 5642 2310 5696 ep.
2342 5625 2428 5693 24,
2463 5646 2514 5682 n.
2549 5630 2634 5685 18.

3423 270 3524 324 082
3623 354 3627 358 Ι
