3990 6182
422 264 527 321 685
1376 260 1433 315 S.
1477 256 1746 313 PAULINI
1783 253 2030 311 NOLANI
2067 253 2368 311 EPISCOPI
2409 254 2751 309 POE-MATA.
3561 247 3668 302 684

699 384 923 439 Arentes
951 390 1192 435 veterum
1213 378 1484 446 relliquias
1513 377 1819 439 hominum,
2017 378 2068 435 Α
2243 391 2259 420 ς
2309 370 2434 425 inde
2476 372 2577 426 sub
2601 374 2820 442 antiquo
2840 371 3033 441 legitur
3060 370 3326 427 velamine
3372 369 3550 424 Moses
3588 368 3599 405 ί
3648 390 3667 421 ο

424 471 478 522 5:
494 468 524 521 5
560 470 815 542 Ossaque,
834 478 1140 542 porrectum
1168 469 1273 523 late
1302 468 1537 536 dispersa
1563 480 1658 535 per
1680 478 1886 533 agrum,
2376 460 2570 514 Judaei:
2593 460 2787 516 nebula
2802 460 2978 516 cordis
2997 468 3216 529 opertus
3238 459 3433 525 adhuc,

562 564 931 635 677-678
968 560 1120 616 Ultro
1148 559 1215 613 ad
1244 571 1527 627 compages
1574 569 1791 610 currere
1846 552 1994 621 jussa
2238 546 2407 613 Quam
2428 549 2496 603 de
2523 549 2808 606 luminibus
2834 552 3027 607 mentis
3052 550 3181 605 mihi
3221 550 3459 606 creditus
3498 550 3683 606 aufert

870 679 881 693 -μ
1757 644 1771 715 [
1778 659 1921 709 suas,
2376 637 2644 709 Christus,
2671 641 3013 697 adumbratas
3040 641 3331 695 discutiens
3366 640 3602 710 species.

562 740 734 810 Atque
755 738 1056 794 medullatis
1076 737 1440 808 penetralibus
1468 736 1627 791 edere
1648 749 1863 799 nervos,
2095 723 2200 777 365
2235 724 2411 795 Seque
2437 728 2593 784 dOCel
2615 731 2788 800 prisca
2812 731 3043 785 velatum
3068 730 3199 797 ιεεὶε
3232 730 3283 782 in
3315 729 3527 794 umbra.

683 830 913 897 Moxque
940 835 1231 898 supernata
1254 827 1450 881 ducere
1470 841 1631 880 carne
1653 831 1852 889 cutem,
2373 813 2597 885 Jamqne
2619 818 2912 871 revelatum
2941 817 3182 886 corporis
3207 817 3261 870 in
3290 815 3450 871 facie.

563 920 626 972 Et
651 919 795 977 dicto
819 918 975 972 citius
1003 916 1253 986 perfectis
1290 915 1477 970 ordine
1506 913 1778 977 membris,

2236 900 2460 967 Qualem
2482 905 2738 972 praemissi
2759 906 3067 961 cecinerunt
3096 905 3282 959 adfore
3314 914 3495 968 vates;

419 1010 521 1063 5:20
676 1010 905 1066 Pulvere
933 1010 1000 1063 de
1037 1008 1208 1063 veteri
1238 1016 1383 1061 stare
1410 1021 1577 1060 novos
1606 1004 1853 1058 homines
1883 1012 1925 1053 η.
1968 1019 1986 1052 ι
2372 998 2557 1065 Qualis
2583 1003 2892 1071 apostolicis
2919 1017 3101 1057 coram
3128 1001 3297 1056 oculis
3324 1001 3532 1071 patuit;

560 1104 635 1156 Ac
675 1116 742 1155 ne
771 1101 930 1168 forte,
959 1100 1102 1168 quod
1128 1107 1209 1152 est
1228 1098 1366 1151 sacri
1406 1096 1688 1150 manifesta
1712 1092 1993 1163 PrOphetae
2236 1088 2457 1153 Qualem
2488 1099 2542 1145 et
2563 1090 2729 1145 Judaei
2757 1107 2862 1146 non
2884 1106 3209 1161 perspexere
3236 1090 3486 1145 videntes
3515 1132 3534 1158 ,

694 1193 863 1258 Visio,
890 1192 1079 1260 sopitis
1106 1190 1285 1244 omnia
1313 1202 1448 1241 vana
1476 1195 1659 1256 putes,
2092 1178 2196 1231 370
2234 1180 2588 1251 679—680
2607 1181 2872 1236 Mentibus
2887 1181 3092 1235 obtusis
3114 1182 3385 1250 impietate
3414 1195 3549 1244 sua;

558 1284 810 1355 Majnrem
837 1300 999 1353 super
1024 1284 1107 1336 his
1134 1289 1188 1335 et
1216 1280 1431 1351 plenum
1451 1278 1662 1347 suscipe
1692 1283 1904 1340 testem,
2234 1266 2298 1319 Ει
2317 1268 2550 1336 Qualem,
2573 1269 2817 1337 quamvis
2839 1285 2945 1323 non
2960 1271 3128 1323 visum
3158 1270 3211 1322 in
3234 1284 3463 1337 corpore
3496 1268 3687 1336 nobis,

694 1376 810 1446 Ipse
837 1374 1217 1444 prophetarum
1248 1386 1370 1425 nam
1408 1370 1645 1437 loquitur
1694 1367 1948 1422 Dominus
1975 1384 1985 1416 :
2373 1358 2651 1414 Credendo
2680 1360 2891 1414 interno
2918 1360 3119 1414 lumine
3150 1360 3531 1428 conspicimus.

417 1468 517 1519 523
563 1487 578 1517 ι
614 1466 737 1520 Vita
788 1478 888 1532 ego
917 1479 1055 1529 sum,
1086 1463 1178 1532 qui
1206 1477 1294 1517 me
1322 1463 1522 1525 credet,
1556 1475 1655 1514 nec
1695 1466 1868 1512 morte
1892 1470 1987 1525 pc-
2233 1452 2364 1507 Nam
2396 1456 2539 1523 quod
2570 1456 2787 1511 veridici
2817 1472 2939 1511 sese
2964 1457 3158 1511 vidisse
3186 1456 3423 1525 Magistri

1672 1550 1917 1621 [remtus,
2374 1550 2441 1605 Et
2466 1553 2711 1622 palpasse
2734 1554 2949 1618 docent,
2980 1563 3141 1621 tango
3171 1554 3291 1617 ﬁde,
3317 1563 3371 1608 et
3400 1555 3583 1609 video.

692 1643 1169 1700 Consortimecum
1199 1645 1316 1700 luce
1343 1644 1536 1698 beatus
1560 1651 1683 1710 aget
1706 1643 1752 1695 ι’.
1792 1660 1810 1692 ι
2095 1638 2199 1691 57ἒ)
2235 1638 2299 1693 Et
2339 1643 2542 1697 cunctis
2595 1642 2901 1710 credendo,
2949 1653 3100 1714 patet
3145 1658 3472 1712 cognoscere
3522 1645 3683 1701 Chri-

555 1736 789 1803 Denique
811 1735 952 1805 quod
979 1736 1143 1789 verbo
1172 1734 1327 1802 dixit,
1356 1734 1551 1787 virtute
1590 1734 1855 1803 probavit,
2025 1730 2067 1787 B
3428 1734 3438 1805 [
3462 1742 3609 1789 stum

692 1825 808 1894 ipse
837 1840 991 1879 suum
1012 1840 1275 1879 revocans
1300 1840 1367 1879 ex
1390 1823 1467 1895 (α)
1494 1824 1671 1896 abysis
1700 1824 1990 1878 hominem.
2381 1822 2545 1894 Impia
2563 1833 2852 1880 micantem
2878 1833 3095 1894 pectora
3124 1824 3367 1894 perfidia,

550 1915 814 1984 'l‘empore
842 1929 1166 1985 quamquam
1192 1914 1283 1969 illo
1311 1931 1417 1969 non
1450 1922 1656 1968 tantum
1686 1914 1741 1967 in
1766 1928 1994 1983 corpore
2238 1910 2678 1981 Fundcntemque
2705 1928 2857 1966 suam
2885 1928 2983 1982 per
3010 1912 3172 1968 corda
3204 1913 3376 1967 lidelia
3408 1913 3608 1974 lucem,

1662 2006 1924 2078 [Christus
2380 2006 2450 2062 Ut
2475 2009 2700 2077 placitas
2727 2008 2931 2063 habitet
2958 2010 3321 2079 clarificetque
3340 2011 3566 2065 animas.

415 2100 512 2151 5.50
689 2097 850 2165 Signa
876 2114 974 2153 suo
1000 2098 1226 2163 dederit,
1252 2113 1373 2152 cum
1405 2113 1564 2153 cruce
1596 2100 1766 2153 victor
1788 2099 1919 2153 obit.
2238 2094 2398 2164 Ergo,
2421 2098 2526 2151 mei
2556 2096 2769 2162 fratres,
2812 2113 2928 2152 mea
2955 2114 3101 2161 cura,
3130 2116 3306 2154 meum
3344 2116 3458 2165 cor,
3495 2103 3546 2155 in
3578 2103 3682 2157 ista

551 2190 788 2259 Namque
810 2199 867 2243 ut
891 2190 1169 2244 concussis
1194 2188 1451 2259 patefecit
1472 2197 1675 2243 tartara
1697 2190 1853 2244 terris
1870 2229 1885 2255 ,
2093 2182 2198 2237 530
2375 2184 2655 2241 Maercnlcs
2684 2188 2891 2242 animos
2928 2189 3195 2245 Laetiﬁcate
3225 2190 3351 2245 ﬁde.

682 2280 749 2334 Et
772 2283 1007 2335 vinctum
1035 2280 1245 2336 inferno
1291 2297 1507 2336 carcere
1532 2282 1692 2336 solvit
1720 2281 1918 2348 Adam,

2236 2271 2423 2328 Pellite
2452 2274 2744 2340 tristitiam,
2778 2276 2977 2333 dociles
3000 2280 3198 2347 pietate
3227 2280 3388 2343 ﬁdeli,

554 2392 569 2421 ‹
608 2372 755 2428 Fissa
783 2382 1123 2442 resurgentes
1146 2379 1412 2442 ruperunt
1439 2388 1570 2426 saxa
1600 2372 1814 2440 sepulti,
2374 2365 2736 2437 Fidenlesqm:
2760 2369 2871 2424 Deo
2897 2371 3133 2425 laetitiam
3166 2372 3388 2427 induite.

690 2462 757 2515 Ει
779 2479 947 2517 novus
966 2464 1016 2516 ίη
1044 2474 1227 2516 sancta
1244 2463 1425 2517 ίιοισυίι
1451 2462 1582 2516 urbe
1606 2461 1678 2532 (ὸ)
1697 2462 1872 2517 tholus
1900 2472 1941 2513 ο,
1966 2480 1983 2513 ι
2236 2452 2357 2508 Illos
2378 2454 2559 2510 infelix
2585 2457 2757 2513 luctus
2778 2459 2952 2522 decet,
2987 2470 3043 2514 ct
3070 2461 3225 2516 dolor
3251 2478 3458 2527 amens,

415 2554 512 2607 5553
558 2556 811 2610 Viderunt
838 2559 989 2610 multi
1014 2567 1256 2613 veterum
1282 2570 1535 2613 renovata
1559 2560 1770 2629 piorum

2369 2543 2522 2599 Nulla
2552 2546 2742 2615 quibus
2762 2558 3007 2617 superest
3034 2565 3176 2619 spes,
3199 2553 3322 2619 quia
3347 2555 3491 2608 nulla
3523 2555 3679 2611 fides.

2091 2629 2197 2684 585
2234 2629 2347 2686 lleu
2366 2633 2528 2687 mihi!
2561 2648 2722 2703 quam
2756 2636 2979 2692 stultum
3024 2646 3106 2693 est
3134 2640 3306 2697 oculis
3344 2657 3405 2697 se
3451 2644 3687 2701 credere

692 2649 953 2717 Corpora,
987 2648 1247 2703 descensu
1267 2648 1537 2705 viviﬁcata
1557 2649 1673 2705 Dei.

554 2736 700 2792 'l‘unc
728 2739 891 2791 etiam
919 2735 1103 2806 refugo
1146 2746 1377 2793 emeatus
1404 2739 1603 2794 lumine
1634 2739 1882 2807 mundus,

693 2827 915 2883 Aiterna
943 2830 1117 2884 timuit
1140 2839 1298 2885 nocte
1322 2831 1470 2901 piare
1502 2831 1671 2886 nefas.

555 2917 702 2973 'l‘unc
724 2928 778 2972 ct
800 2919 1042 2975 discusso
1068 2920 1268 2975 nudata
1298 2921 1489 2975 altaria
1520 2922 1638 2975 velo

414 3008 514 3061 540
696 3011 936 3066 Amisere
962 3013 1099 3067 sacri
1128 3013 1460 3081 rclligionem
1489 3013 1665 3083 adyti;

556 3102 620 3156 Ut
650 3113 1042 3159 monstraretur
1086 3106 1420 3160 vacuandum
1458 3109 1676 3162 numine
1714 3109 1997 3177 templum,
2032 3086 2075 3146 C

690 3191 757 3243 Et
781 3192 893 3247 fore
920 3194 987 3246 ab
1010 3194 1190 3246 hostili
1221 3204 1404 3248 sancta
1437 3196 1657 3264 profana
1679 3212 1859 3249 manu.

554 3282 709 3345 Quod
735 3281 869 3335 duce
892 3282 1134 3335 Romano
1164 3282 1347 3336 docuit
1368 3292 1490 3351 post
1517 3285 1692 3338 exitus
1722 3284 1926 3352 ingens,

3406 2732 3604 2804 [vanis,

2372 2813 2668 2884 Desperare
2694 2814 2826 2879 Deo,
2855 2817 3021 2872 lidere
3044 2820 3346 2890 corporeis!

2230 2903 2338 2959 lllis
2370 2904 2611 2959 internus
2636 2914 2843 2975 stupor,
2873 2906 3154 2962 insolabile
3179 2918 3383 2977 pectus,

2372 2991 2607 3047 Desertis
2637 3009 2763 3048 vero
2784 2996 3049 3062 sensibus,
3080 2995 3350 3063 obsideat,

2248 3079 2391 3147 Quos
2422 3080 2577 3136 inﬁda
2606 3081 2718 3137 Deo
2742 3098 2891 3137 ruens
2930 3083 3157 3147 abdicat,
3189 3093 3243 3137 et
3270 3086 3467 3153 quibus
3488 3101 3681 3145 exsm's

2090 3175 2193 3228 590
2374 3177 2420 3231 A
2447 3177 2659 3233 Christo
2676 3180 2910 3234 infernas
2929 3196 3048 3235 sors
3075 3180 3218 3235 cadit
3246 3182 3299 3236 in
3326 3185 3602 3242 tenebras.

2229 3265 2393 3322 Nobis
2416 3282 2511 3323 ore
2540 3268 2633 3323 Dei
2661 3269 2864 3323 solator
2884 3270 3170 3338 Apostolus
3190 3269 3347 3337 adsit,

689 3368 900 3423 Eversis
925 3369 1142 3437 templo,
1167 3370 1390 3437 civibus,
1413 3372 1565 3436 urbe,
1590 3373 1773 3425 sacris.
2372 3364 2479 3418 N03
2507 3364 2797 3433 Evangelio
2825 3364 3068 3420 Christus
3097 3382 3284 3422 amans
3313 3368 3537 3436 doceat;

416 3456 517 3511 3&5
556 3458 657 3513 Fas
685 3459 905 3523 etenim,
940 3468 997 3511 ut
1020 3458 1221 3523 Judara,
1246 3460 1331 3513 cui
1370 3476 1498 3514 suus
1540 3462 1714 3515 hostia
1742 3462 1988 3517 Christus

2232 3452 2340 3508 Nos
2383 3456 2625 3524 exempla
2658 3465 2867 3525 patrum
2897 3457 3054 3511 simul
3081 3465 3136 3512 ct
3174 3461 3443 3527 praeconia
3463 3468 3677 3528 vatum,

691 3548 807 3603 Non
854 3557 991 3615 erat,
1039 3557 1092 3603 et
1136 3562 1230 3618 per
1275 3563 1434 3616 qualn
1489 3550 1704 3605 victima
1743 3549 1987 3606 Christus

2370 3541 2477 3596 Nos
2505 3542 2640 3597 liber
2667 3544 2905 3598 historiae
2932 3543 3109 3599 firmet
3135 3547 3446 3615 apostolica:
3478 3549 3528 3615 i,

1755 3642 1910 3715 [θηρί’
2088 3628 2194 3683 395
2232 3629 2289 3684 in
2316 3646 2420 3699 qua
2442 3646 2763 3700 corporeum
2807 3650 3050 3691 remeare
3076 3636 3142 3689 ad
3171 3636 3346 3691 sidera
3393 3636 3677 3694 Christum

547 3728 684 3782 Sede
712 3727 939 3797 locoque
960 3727 1115 3782 simul
1130 3734 1371 3782 veterum
1400 3729 1619 3783 viduata
1640 3727 1665 3766 ά
1688 3746 1982 3795 sacrorum,
2368 3719 2669 3789 (ἶθΐιιίιηυεν
2703 3733 2757 3779 ει
2778 3726 2984 3793 gremio
3017 3727 3174 3782 nubis
3202 3729 3255 3782 in
3279 3737 3425 3784 astra
3452 3731 3598 3798 vehi,

686 3816 922 3871 lniiciata
954 3817 1130 3879 Iidem,
1162 3816 1411 3885 perderet
1438 3833 1598 3873 omne
1625 3834 1857 3873 sacrum.

2228 3812 2293 3867 Et
2323 3814 2483 3868 talem
2512 3816 2660 3871 caelis
2687 3818 2938 3873 reducem
2963 3834 3180 3888 sperare
3198 3820 3471 3888 jubemur,

547 3906 690 3960 Finis
717 3907 857 3959 enim
886 3907 1017 3975 legis
1041 3904 1287 3961 Christus
1321 3925 1333 3957 :
1367 3910 1489 3975 quia
1519 3910 1635 3978 lege
1669 3906 1809 3964 ﬁdeli
2373 3905 2454 3959 Ad
2480 3908 2649 3963 caelos
2674 3910 2888 3977 qualem
2911 3911 3139 3965 vidimus
3159 3912 3237 3965 ire
3256 3910 3423 3966 Patri.

411 3994 509 4051 550
686 3992 995 4058 Pnedictus,
1025 3992 1126 4059 legi
1150 3994 1235 4046 lex
1262 3996 1526 4051 veniendo
1555 3995 1667 4061 fuit,
2231 3995 2397 4066 Hujus
2429 3997 2480 4050 in
2508 3997 2793 4053 adventum
2822 3999 2984 4054 modo
3004 4000 3239 4069 pendent
3262 4002 3442 4055 omnia
3465 4016 3676 4069 rerum,

555 4081 911 4135 Pracscribens
938 4080 1106 4132 veteri
1134 4079 1292 4133 finem
1324 4081 1602 4151 legemque
1642 4082 1760 4138 ﬁdei
1795 4095 1839 4149 θ,
2090 4085 2191 4136 400
2367 4084 2549 4141 Omnis
2570 4087 2623 4141 in
2654 4088 2795 4143 hunc
2825 4088 3025 4157 Regem
3049 4105 3277 4161 spesque
3307 4090 3545 4161 ﬁdesque
3588 4095 3675 4147 ir.-

692 4169 885 4236 Legem
916 4166 1204 4236 perfectam
1232 4169 1482 4233 gentibus
1512 4171 1816 4227 instituens.
3437 4179 3594 4251 [biat.

547 4260 696 4314 Unde
726 4256 1011 4325 Magistert
1043 4257 1117 4310 ait
1147 4275 1157 4309 :
1196 4277 1212 4308 ι
1238 4258 1431 4313 Vetera
1457 4259 1731 4331 efﬂuxere,
1756 4266 1986 4333 peractis
2228 4262 2452 4333 Jamque
2478 4266 2924 4335 propinquantem
2955 4280 3205 4336 supremo
3235 4274 3478 4336 tempore
3508 4268 3676 4325 linem

686 4352 1057 4422 Temporibus,
1078 4352 1307 4406 subeunt
1321 4353 1498 4405 omnia
1522 4353 1868 4421 ubiqucnova
1888 4365 1931 4404 κ.
1960 4375 1975 4404 ι
2368 4355 2697 4412 lmmutanda
2730 4358 2881 4412 novis
2903 4359 3081 4413 secula
3109 4360 3412 4428 parturiunt
3444 4380 3455 4415 :

411 4444 510 4498 555
557 4465 571 4493 ι
614 4443 835 4510 Jamque
870 4441 1105 4496 revelata
1122 4440 1259 4495 facie
1283 4441 1621 4510 speculamur
1644 4451 1885 4511 apertum
2008 4452 2051 4507 ι)
2222 4444 2419 4500 Omnes
2448 4462 2572 4501 vera
2601 4456 2820 4502 monent
2846 4449 3017 4504 sacris
3047 4450 3261 4505 oracula
3284 4451 3456 4516 libris,

686 4534 739 4587 in
768 4533 982 4588 Christo
1012 4532 1240 4601 propriae
1268 4531 1402 4587 lucis
1431 4532 1637 4587 honore
1666 4534 1831 4588 Deum
1860 4534 1906 4588 λι.
1950 4558 1965 4586 ι
2364 4537 2595 4593 Credere
2624 4539 2905 4608 praedictis,
2935 4555 3100 4608 seque
3128 4557 3319 4611 parare
3347 4544 3481 4599 Deo.

547 4624 609 4676 Et
633 4634 759 4693 puto
780 4621 923 4691 quod
947 4622 1097 4677 scissi
1127 4623 1180 4675 in
1199 4623 1399 4691 templo
1421 4624 1672 4692 mysteria
1701 4624 1803 4678 veli
2084 4628 2185 4683 405
2224 4630 2515 4700 Festinate,
2540 4647 2749 4701 precor,
2778 4632 2903 4687 dum
2932 4636 3086 4703 copia
3116 4637 3365 4705 panditur
3387 4639 3511 4696 istic

691 4714 743 4767 ld
764 4728 982 4781 quoque
1008 4711 1268 4780 signarint
1302 4712 1470 4777 gratia
1499 4711 1642 4779 quod
1671 4713 1874 4769 tribuit.
2366 4720 2657 4776 Procurare
2680 4721 2852 4787 bonis,
2885 4736 3098 4791 piaeque
3127 4740 3318 4779 cavere
3341 4728 3518 4782 malis.

543 4810 671 4863 Nam
694 4810 854 4862 veluti
887 4816 1043 4875 rupto
1074 4814 1295 4875 patuere
1317 4806 1550 4859 sacraria
1577 4806 1723 4873 velo,
2224 4810 2426 4865 Vertite
2448 4809 2472 4848 ιι
2505 4826 2781 4879 perversas
2809 4827 3072 4868 converso
3099 4822 3314 4882 pectore
3333 4831 3516 4880 curas,

409 4903 506 4955 5:50
686 4901 773 4952 Sic
803 4907 1004 4952 reserat
1034 4897 1186 4951 nobis
1203 4896 1333 4965 legis
1355 4906 1539 4966 operta
1562 4896 1710 4953 ﬁdes.
2361 4903 2621 4959 Monstrat
2646 4903 2774 4959 ﬂere
2805 4904 2933 4959 fides
2962 4906 3179 4961 utilibus
3207 4906 3477 4976 lacrymis.

473 5067 494 5093 ο
522 5054 712 5109 Ezeeh.
746 5067 947 5105 xxxv".
1854 5076 1857 5077 ν
2154 5058 2177 5096 ιε
2212 5058 2339 5111 Vide
2365 5074 2503 5112 vers.
2543 5057 2660 5111 196.

473 5127 496 5163 ¹³
520 5126 714 5198 (ΙρΙιθηο
739 5139 809 5183 XI.
833 5120 903 5172 Q5
924 5128 987 5198 ΕΞ
1012 5118 1167 5198 iam
2153 5131 2228 5198 (ιι)
2260 5128 2337 5198 Ita
2367 5129 2766 5198 emendavimus
2788 5143 2854 5182 ex
2878 5144 2975 5181 ms.
2993 5127 3193 5197 Regio;
3219 5139 3271 5184 et
3299 5132 3375 5186 sic
3402 5131 3666 5190 Paulinus

476 5210 493 5273 ς
522 5195 706 5273 Matth.
734 5208 896 5271 xxvii,
923 5189 991 5243 5:2
1016 5198 1069 5243 et
1104 5190 1190 5245 55.
2080 5189 2245 5273 carni.
2277 5196 2364 5273 ‘27,
2397 5198 2567 5273 “592.
2613 5196 2811 5273 omnes
2851 5189 3142 5273 editionuin
3183 5189 3547 5273 correctores
3588 5189 3665 5273 (et

470 5266 491 5301 ιι
523 5264 584 5337 id
609 5273 686 5337 est
717 5262 958 5337 δροιξαέᾳ.
2081 5270 2193 5335 ipse
2223 5267 2382 5321 etiam
2436 5267 2782 5337 Rosveydus)
2818 5268 3205 5324 substituerant
3231 5271 3423 5335 erebis,
3470 5262 3664 5329 offensi

474 5348 493 5410 εξ
520 5333 658 5410 Vide
689 5329 957 5410 ῃυιζξὸι.
992 5399 1018 5410 ῃ
2078 5329 2312 5410 secunda
2342 5338 2557 5410 syllaba
2576 5329 2631 5390 in
2658 5329 3155 5410 abyssis_correpta_;
3188 5339 3281 5393 sed
3324 5329 3422 5395 hic.
3443 5358 3540 5410 per
3566 5357 3662 5410 ge-

477 5407 490 5443 r
520 5404 649 5479 vim?
671 5418 757 5471 ορ,
790 5400 955 5479 ’δίῃ-ιι,
2076 5409 2273 5460 minam
2299 5424 2348 5459 ss
2373 5399 2478 5459 ἶ·οχ
2509 5407 2597 5459 illa
2625 5399 2746 5479 non:
2768 5399 3069 5479 scribenda.
3103 5399 3207 5479 _Sic
3250 5410 3378 5464 alibi
3423 5399 3655 5479 Eclesia,

470 5487 492 5523 ς
525 5475 565 5545 ll
596 5469 719 5545 Cor.
756 5486 808 5535 v,
2076 5478 2535 5545 primacorrepta,
2562 5492 2660 5545 pro
2690 5476 2920 5529 Ecclesia
2949 5477 3082 5530 dixit
3103 5476 3375 5534 Paulinus.

469 5548 489 5579 ιι
526 5544 563 5596 ll
594 5542 717 5614 Cor.
752 5557 824 5601 lli,
856 5538 984 5614 18;
2077 5538 2088 5545 ’
2143 5549 2216 5614 (b)
2248 5544 2339 5597 Ed.
2370 5538 2576 5599 Sc'hot.
2600 5563 2720 5600 cum
2762 5548 3046 5609 Sacrhino,
3083 5548 3295 5612 chorus;
3342 5566 3450 5605 non
3495 5566 3652 5605 ausus

478 5626 487 5650 δ
519 5612 686 5666 Exod.
712 5625 889 5673 xxxrv,
923 5610 1010 5663 55.
2073 5610 2187 5668 sum
2201 5610 2497 5670 emendare
2529 5625 2714 5671 contra
2741 5617 2966 5671 aliorum
2999 5616 3247 5673 codicum
3278 5610 3643 5676 autoritatem.

474 5699 486 5732 ι
529 5684 645 5735 Act.
680 5701 713 5738 I.
