3990 6182
348 286 451 341 687
1284 284 1339 340 S.
1383 282 1655 340 PAULINI
1693 282 1924 338 NOLAN

2032 279 2280 338 PISCOPI
2319 279 2497 335 POEM
2505 280 2656 336 ΑΤΑ.
3508 281 3608 339 688

636 392 827 462 Turpis
854 407 914 449 es
937 400 1061 448 ante
1089 390 1258 449 Deum
1274 392 1550 448 debilitate
1576 393 1784 447 animae.
1960 395 2011 455 Α
2176 391 2533 462 685-886
2558 389 2647 446 Sic
2675 397 2729 445 et
2756 403 2851 444 eos
2877 388 3202 458 quicumque
3251 364 3357 446 ﬁde
3395 391 3607 450 vivente

489 481 757 553 Improbe,
778 490 1085 539 consortem
1112 490 1317 537 natura:
1340 483 1549 552 spernis
1576 489 1841 551 egentem,
3219 480 3542 551 [quiescunt,

358 571 457 628 510
634 571 700 627 Et
727 574 858 628 lacis
877 582 1145 629 exsortem
1173 574 1342 642 partis
1368 574 1611 627 avaritia.
2311 572 2552 627 Adducet
2574 570 2786 627 Christo
2812 588 2934 627 cum
2961 580 3237 627 remeante
3256 571 3434 628 Pater.

492 661 777 733 Quidquid,
805 664 1003 731 inique,
1035 663 1131 717 tibi
1161 664 1308 717 nullo
1334 662 1663 732 supereﬂluit
1689 678 1808 727 usu,
2039 662 2144 715 555
2182 664 2296 719 lloc
2324 665 2523 719 etenim
2552 666 2606 719 iu
2625 665 2789 720 verbo
2813 664 3022 719 Domini
3040 664 3199 719 docet
3217 666 3306 719 ille
3321 664 3599 735 Magisteri

639 754 793 821 Quod
816 755 959 811 fosso
987 755 1257 811 abstrudis
1297 758 1529 826 cespite,
1562 772 1689 827 pars
1714 756 1935 825 inopum
2321 756 2438 821 Quo
2468 756 2602 811 duce
2631 756 2866 810 sidereas
2895 756 3115 808 nitimur
3142 756 3221 809 ire
3250 757 3403 821 vias;

1722 848 1862 919 '[est.
2182 842 2336 910 Quod
2366 846 2561 915 quibus
2590 846 2644 900 in
2672 844 2887 903 Christo
2932 845 3092 901 fuerit
3132 846 3297 902 modo
3322 848 3434 902 vita
3461 864 3606 918 pera-

500 941 611 997 Cur
633 941 806 995 aliena
834 948 1004 1005 tenes,
1035 954 1141 1009 qua
1171 955 1265 1010 spe
1291 939 1576 1009 linquenda
1605 946 1863 1003 retentas,
3416 940 3543 1013 [cta,

644 1031 753 1086 Nec
776 1031 1032 1085 retributa
1054 1031 1184 1094 suis,
1218 1045 1316 1085 nec
1342 1029 1596 1099 potienda
1626 1029 1764 1083 tibi?
2328 1028 2519 1083 [isdem
2548 1045 2670 1085 cum
2697 1028 2912 1084 Christo
2940 1028 3049 1083 vita
3077 1029 3329 1099 perennis
3352 1033 3473 1086 erit.

362 1118 466 1181 515
504 1125 602 1193 Tu,
632 1125 716 1181 cui
737 1123 921 1180 sordet
949 1123 1122 1193 inops,
1153 1122 1266 1191 qui,
1291 1122 1507 1177 nomine
1534 1122 1713 1175 divitis
1728 1136 1936 1186 excors,
2184 1117 2422 1187 Cumque
2439 1120 2565 1173 tuba
2591 1120 2801 1187 signum
2822 1121 3033 1175 Domini
3056 1119 3393 1177 adventantis
3419 1123 3486 1177 ab
3512 1123 3605 1181 alta

646 1215 822 1269 Triste
863 1214 1011 1268 levas
1057 1213 1232 1282 crispa
1281 1222 1305 1250 ι
1343 1212 1517 1267 fronte
1578 1212 1940 1281 supercilium,
2044 1205 2149 1261 500
2328 1208 2468 1263 Sede
2498 1206 2671 1263 Patris
2696 1210 2945 1279 princeps
2972 1209 3196 1277 angelus
3224 1210 3479 1277 ediderit,

504 1308 615 1362 Nec
642 1306 876 1374 dignaris
897 1320 990 1360 eos
1018 1306 1265 1360 homines
1293 1306 1377 1360 vel
1407 1306 1623 1359 nomine
1647 1304 1745 1359 fari
2186 1297 2347 1353 Primi
2377 1299 2467 1368 qui
2497 1299 2552 1353 in
2582 1298 2796 1355 Christo
2824 1308 3027 1355 mortes
3052 1300 3234 1355 obiere
3262 1312 3560 1372 resurgent,

648 1396 795 1462 Quos
830 1396 991 1450 simili
1023 1396 1147 1450 luxu
1180 1412 1283 1450 non
1316 1394 1524 1451 ﬂuitare
1551 1396 1729 1460 vides,
2326 1391 2537 1458 Dignati
2564 1407 2845 1447 occursum
2874 1392 3103 1446 nubibus
3130 1392 3210 1448 ire
3237 1393 3349 1448 Deo
3378 1392 3427 1449 ι.
3456 1414 3474 1446 ι

511 1486 676 1541 Filius
704 1486 792 1540 ille
822 1485 916 1539 Dei
938 1500 1043 1553 qua
1071 1485 1280 1539 venerit
1300 1485 1478 1554 aspice
1505 1484 1696 1553 forma,
2189 1480 2429 1552 Cumque
2450 1498 2639 1537 omnes
2666 1482 2720 1537 iu
2748 1497 2853 1553 qua
2882 1483 3131 1537 vixerunt
3162 1498 3326 1539 carne
3357 1486 3608 1549 revivent,

370 1578 475 1635 520
658 1597 677 1628 ι
737 1577 839 1643 Qui
890 1592 1013 1633 cum
1065 1585 1208 1633 esset
1256 1576 1426 1645 dives,
1480 1591 1688 1647 pauper
1722 1577 1774 1631 in
1816 1578 1947 1633 orbe
2324 1592 2341 1623 ι
2377 1572 2493 1627 Non
2522 1587 2709 1627 omnes
2739 1588 2895 1628 verso
2930 1588 3160 1642 corpore
3189 1574 3369 1631 lumen
3389 1589 3543 1633 erunt
3576 1580 3608 1635 ι.

988 1708 999 1713 -
1614 1666 1734 1739 [fuit
1762 1666 1811 1721 δ.
1852 1687 1870 1719 ι
2050 1662 2153 1718 565
2192 1663 2431 1733 Namque
2483 1678 2843 1733 resurgemus,
2890 1662 2990 1719 sed
3019 1679 3128 1719 non
3157 1666 3479 1721 mutabimur
3509 1685 3609 1721 om.

517 1779 535 1809 ι
569 1758 635 1815 Et
662 1760 882 1814 veniens
902 1774 1010 1814 non
1033 1760 1139 1814 alta
1170 1760 1329 1824 Deus,
1364 1759 1459 1815 sed
1487 1759 1614 1814 vilia
1636 1759 1817 1815 mundi
1982 1763 2026 1822 Β
3334 1756 3451 1827 [nes
3479 1776 3491 1810 :
3531 1779 3547 1808 ι

652 1849 823 1919 Legit,
848 1858 907 1904 ut
939 1848 1160 1904 inﬁrmis
1189 1848 1346 1904 fortia
1371 1849 1673 1904 destrueret
1705 1860 1750 1904 ε.
1782 1870 1800 1903 ι
2333 1844 2449 1901 Hoc
2476 1844 2759 1901 discrimen
2788 1846 2892 1900 erit
2914 1847 3159 1915 gentibus
3182 1856 3306 1902 ante
3328 1847 3514 1905 Deum.

514 1939 632 1993 Non
650 1939 760 2007 jam
784 1938 983 1993 divitiis
1001 1939 1170 2003 dives,
1204 1955 1305 1995 nec
1331 1940 1527 1994 robore
1554 1938 1727 2004 fortis,
2194 1934 2503 2005 incorrupta
2541 1937 2887 2005 profanorum
2914 1950 3129 2007 quoque
3157 1953 3387 2008 corpora
3411 1950 3616 2008 surgent

658 2030 768 2085 Nec
792 2030 1006 2100 sapiens
1026 2044 1221 2098 magno
1244 2029 1474 2099 gaudeat
1504 2029 1737 2097 ingenio.
2336 2027 2381 2080 A
2405 2028 2639 2091 tumulis,
2671 2028 2833 2095 longo
2856 2029 3046 2097 pabula
3076 2030 3356 2099 supplicio.

376 2121 480 2176 525
515 2122 683 2177 Nemo
708 2137 811 2193 ope
832 2120 1065 2176 conﬁdat
1086 2120 1365 2192 "propria,
1385 2129 1477 2176 aut
1495 2121 1562 2176 de
1586 2136 1645 2177 se
1673 2122 1773 2177 sibi
1802 2121 1953 2192 plau-
2194 2117 2316 2171 Vita
2345 2119 2449 2173 erit
2498 2118 2599 2185 his,
2631 2118 2749 2174 sine
2776 2115 2882 2174 ﬁne
2926 2120 3096 2186 mori;
3125 2128 3181 2175 et
3232 2136 3397 2183 mors,
3450 2122 3622 2174 vivere

1746 2212 1878 2285 [dat,
3330 2213 3554 2285 [paenis,

657 2304 790 2358 Cum
820 2311 936 2358 sata
957 2303 1044 2358 vel
1065 2303 1191 2357 data
1220 2304 1326 2359 sint
1354 2304 1534 2359 omnia
1572 2304 1719 2359 fonte
1748 2304 1877 2359 Deo.
2054 2305 2157 2359 570
2334 2303 2400 2357 Et
2429 2302 2659 2358 durante
2684 2317 2809 2357 suas
2830 2317 3051 2372 pascere
3080 2318 3244 2360 carne
3263 2321 3468 2361 cruces.

520 2392 825 2463 Perfugium
855 2393 1098 2449 Christus
1123 2408 1461 2464 personaque
1484 2394 1651 2449 factus
1679 2404 1948 2462 egentum,
2193 2395 2313 2465 ipse
2332 2410 2458 2449 suos
2476 2394 2696 2463 proprio
2724 2400 2976 2462 peccator
2994 2409 3221 2462 corpore
3240 2396 3423 2463 gignet

658 2486 914 2541 Divitibus
936 2487 1109 2556 pudor
1132 2493 1233 2551 est,
1269 2487 1439 2554 gloria
1466 2486 1807 2556 pauperibus.
2342 2482 2652 2548 Carniﬁces,
2685 2493 2740 2539 et
2768 2485 2870 2538 erit
2890 2485 3163 2541 vermibus
3190 2501 3314 2542 esca
3339 2496 3375 2523 ω
3405 2488 3532 2542 suis.

515 2574 684 2645 llujus
714 2575 767 2630 in
793 2576 1092 2631 ambrosios
1120 2576 1261 2631 avidi
1290 2591 1569 2631 curramus
1592 2575 1805 2639 odores,
2195 2578 2264 2632 At
2282 2592 2417 2647 quos
2442 2576 2647 2632 caelesti
2667 2576 2838 2647 pietas
2856 2577 3099 2631 evexerit
3117 2585 3260 2642 actu,

375 2667 480 2723 550
661 2666 730 2723 Ut
758 2669 946 2738 procul
975 2684 1004 2722 a
1036 2669 1190 2724 nobis
1218 2670 1407 2724 mortis
1427 2669 1560 2724 odor
1590 2670 1772 2737 fugiat.
2336 2668 2659 2738 Participata
2686 2675 2874 2736 gerent
2898 2676 3182 2724 stemmata
3211 2669 3357 2739 Rege
3380 2670 3523 2736 Deo;

515 2756 643 2825 Quis
672 2760 803 2815 mihi
832 2760 921 2815 det
946 2762 1240 2832 pretiosum
1266 2762 1538 2817 alabastro
1576 2760 1795 2817 fundere
1826 2777 1951 2816 nar-
2055 2758 2159 2813 575
2195 2758 2491 2829 Vestitique
2514 2774 2669 2814 suum
2699 2758 2879 2814 divino
2906 2760 3109 2815 lumine
3134 2776 3349 2831 corpus,

1711 2853 1879 2924 [dum,
2334 2851 2649 2907 Conformes
2685 2850 2899 2906 Christo
2926 2867 3137 2922 semper
3161 2863 3322 2920 agent
3349 2853 3585 2909 Domino.

676 2940 744 2996 Et
764 2942 975 2998 Domini
1004 2958 1187 2999 sacros
1210 2940 1385 2998 ﬁendo
1414 2943 1594 2998 lavare
1622 2942 1787 3013 pedes
1820 2944 1883 2997 οἳ
2202 2965 2218 2997 ι
2240 2945 2392 3012 Quod
2405 2960 2525 3000 cum
2548 2945 2621 2999 ita
2634 2945 2720 3009 sit,
2735 2945 2912 3014 capite
2927 2946 3126 3000 existis
3141 2945 3333 3001 solatia
3347 2948 3521 3002 verbis
3536 2958 3575 3009 ",
3596 2966 3614 2999 ι

517 3035 625 3091 Vos
643 3050 857 3105 precor,
891 3051 924 3091 o
946 3051 1067 3090 mea
1088 3050 1238 3101 cura,
1260 3037 1363 3105 piis
1389 3051 1606 3105 operam
1641 3035 1765 3089 date
1786 3035 1949 3101 curis,
2337 3034 2401 3088 Et
2432 3034 2564 3089 ﬁdos
2591 3035 2701 3089 veri
2729 3049 2826 3104 spe
2856 3042 3099 3089 recreate
3129 3036 3337 3089 animos
3370 3054 3383 3088 :

655 3126 873 3193 Vosque
911 3126 1036 3180 date
1063 3128 1325 3181 immenso
1346 3126 1573 3194 jungere
1612 3133 1791 3181 mente
1822 3127 1951 3181 Deo.
1983 3128 2027 3191 6
2195 3127 2261 3183 Et
2279 3128 2471 3198 pignus
2495 3136 2519 3164 ο
2541 3141 2826 3182 commune
2853 3141 3085 3195 superno
3113 3127 3169 3181 in
3197 3128 3398 3182 lumine
3423 3128 3617 3184 Celsum

375 3216 483 3269 555
526 3235 544 3266 σ
581 3216 814 3284 Tempus
842 3216 1024 3282 adest;
1055 3230 1224 3285 prope
1248 3217 1358 3287 jam
1402 3218 1659 3273 Dominus
1697 3235 1709 3270 :
1760 3233 1954 3289 prope-
2055 3220 2161 3274 580
2336 3216 2552 3272 Credite
2579 3217 2824 3271 vivorum
2858 3216 2997 3271 lacte
3026 3216 3267 3286 favisque
3297 3218 3420 3272 frui.

1548 3309 1686 3380 [rate
1706 3310 1884 3379 parari
2197 3309 2301 3364 Aut
2320 3308 2466 3363 illum
2488 3308 2693 3375 gremio
2722 3316 3004 3376 exceptum
3031 3306 3175 3361 fovet
3202 3308 3457 3364 Abramio
3488 3311 3547 3371 ".

660 3398 823 3467 Regis
849 3397 917 3453 ad
963 3411 1265 3461 occursum,
1299 3396 1425 3452 dum
1470 3397 1648 3453 brevis
1694 3399 1825 3453 hora
1855 3415 1953 3469 pa-
2338 3399 2405 3453 Et
2434 3398 2657 3453 blandus
2686 3398 2835 3466 digiti
2864 3413 2987 3452 rore
3006 3396 3229 3452 Eleazar
3250 3399 3346 3452 alit
3376 3409 3438 3465 r;

1660 3493 1761 3566 [tet
1786 3491 1827 3546 τ.
1859 3513 1876 3546 ι
2199 3490 2308 3546 Aut
2336 3499 2457 3545 eum
2496 3489 2742 3544 Bethlreis
2760 3489 3050 3544 infantibus
3081 3490 3132 3543 in
3155 3490 3429 3559 paradiso,

519 3581 734 3639 Utimini
759 3583 950 3638 vestris
979 3582 1169 3652 opibus
1197 3583 1398 3652 pietate
1425 3582 1676 3651 benigna,
2334 3581 2480 3649 Quos
2500 3582 2672 3635 malus
2700 3580 2940 3636 Herodes
2960 3581 3187 3651 perculit
3217 3582 3413 3636 invidia
3442 3593 3489 3648 ει,

660 3677 1024 3746 Radicemque
1048 3676 1174 3730 mali
1207 3676 1385 3730 vellite
1413 3676 1738 3746 pectoribus.
2058 3676 2163 3731 585
2198 3676 2342 3732 Inter
2370 3674 2657 3731 odoratum
2682 3674 2816 3729 ludit
2842 3689 3046 3740 nemus,
3078 3682 3239 3742 atque
3267 3690 3495 3729 coronas

519 3768 695 3825 Corde
730 3769 949 3838 inopum
981 3776 1170 3823 vestrm
1216 3768 1448 3838 pretium
1478 3767 1784 3823 concluditc
1812 3767 1950 3833 vitae,
2340 3766 2495 3821 Texit
2519 3766 2849 3822 honorandis
2869 3766 3084 3836 praemia
3114 3767 3453 3837 martyribus.

376 3861 479 3916 510
654 3861 722 3915 Et
748 3863 923 3931 capita
951 3862 1200 3930 expensis
1220 3862 1401 3929 ungite
1421 3868 1598 3915 vestra
1616 3861 1739 3930 piis.
2197 3858 2414 3912 Talibus
2435 3858 2709 3913 immixtus
2739 3857 2940 3926 Regem
2966 3857 3310 3911 comitabitur
3332 3855 3559 3926 Agnum,

517 3953 782 4021 Castaque
811 3954 1107 4007 lambentes
1137 3952 1345 4006 Domini
1374 3952 1595 4019 vestigia
1624 3951 1840 4014 Christi,
2338 3950 2601 4018 Virgineis
2629 3949 2801 4004 iulans
2826 3948 3040 4004 additus
3063 3948 3378 4016 agminibus.

658 4044 942 4111 Detergete
970 4044 1138 4098 comis
1166 4052 1191 4091 8
1215 4045 1393 4107 ambo,
1422 4044 1597 4097 lavate
1619 4044 1805 4098 oculis.
2197 4040 2371 4105 Celse,
2395 4041 2673 4096 beatorum
2702 4049 2861 4096 casta:
2885 4055 3018 4110 puer
3038 4040 3211 4095 incola
3238 4048 3428 4101 terra);

519 4134 575 4188 Si
597 4133 916 4187 desiderium
947 4140 1032 4187 est
1051 4130 1193 4185 Celsi
1222 4132 1337 4186 sine
1365 4133 1468 4186 ﬁne
1492 4132 1718 4197 fruendi,
2058 4131 2162 4186 590
2337 4130 2510 4197 Celse,
2543 4132 2696 4187 dolor
2720 4132 2979 4201 patribus,
3009 4131 3177 4199 gloria
3207 4129 3363 4186 Celse
3393 4140 3621 4201 patrum;

660 4224 750 4278 Sic
769 4224 929 4291 agite,
962 4232 1021 4276 ut
1043 4224 1191 4277 vobis
1220 4225 1341 4277 aula
1370 4221 1398 4263 ιι
1428 4224 1613 4279 eadem
1642 4234 1843 4295 pateat.
2197 4222 2375 4293 Celse,
2418 4240 2571 4279 amor
2608 4232 2663 4279 et
2700 4224 3056 4293 desiderium,
3084 4224 3371 4293 lumenque
3400 4233 3621 4283 tuorum,

378 4317 482 4370 515
519 4316 650 4371 Nam
674 4330 833 4385 quem
862 4323 1043 4370 sancta
1074 4314 1222 4380 lides,
1249 4324 1303 4368 et
1327 4317 1504 4371 nescia
1532 4318 1771 4371 criminis
1798 4325 1928 4370 tetas
2338 4317 2512 4382 Celse,
2536 4318 2714 4373 brevis
2743 4318 2896 4371 nobis
2916 4317 3105 4384 gratia,
3128 4317 3286 4384 longa
3317 4317 3431 4370 tibi.

643 4406 709 4461 Et
733 4407 817 4476 pia
847 4422 997 4462 mens
1024 4414 1175 4462 casto
1205 4422 1431 4477 corpore
1446 4408 1739 4473 continuit;
2199 4408 2307 4465 Sed
2337 4419 2515 4465 tamen
2537 4419 2593 4465 et
2610 4410 2766 4464 nobis
2803 4410 3002 4478 poterit
3042 4414 3128 4462 tua
3154 4409 3325 4477 gratia
3374 4418 3395 4446 ι
3424 4408 3622 4475 longum

518 4499 675 4553 Certa
698 4499 846 4567 ﬁdes,
874 4499 960 4552 illa
985 4514 1237 4568 superum
1274 4498 1494 4565 regione
1522 4498 1703 4567 potiri,
1978 4500 2029 4557 D
2335 4503 2551 4569 Vivere,
2573 4502 2617 4556 si
2639 4503 2804 4555 nostri
2827 4501 2899 4555 sis
2928 4515 3134 4554 memor
3160 4499 3228 4553 ad
3260 4499 3559 4553 Dominum.

637 4587 916 4660 lgneaqua
929 4598 1144 4645 sanctos
1181 4590 1413 4660 protegit
1442 4604 1534 4642 ara
1556 4589 1669 4643 Dei.
2056 4591 2161 4647 595
2198 4592 2437 4662 Namque
2459 4594 2512 4648 in
2532 4602 2588 4648 te
2606 4593 2755 4662 parvi
2784 4592 2990 4647 meritis
3010 4591 3311 4660 ingentibus
3340 4592 3441 4646 ωνί

524 4702 541 4733 ε
581 4681 839 4737 Nolumus
866 4695 1018 4750 ergo,
1047 4682 1173 4738 boni
1216 4682 1428 4744 fratres,
1462 4680 1530 4736 de
1551 4680 1775 4751 pignore
1810 4690 1823 4719 ι
1856 4697 1951 4735 ve-
2342 4684 2607 4754 Tempore
2633 4684 2743 4738 vita
2769 4684 2966 4749 brevis,
2998 4683 3092 4738 sed
3120 4682 3323 4752 pietate
3350 4692 3565 4752 potens.

1751 4772 1883 4845 [stro
2198 4776 2407 4831 Talium
2428 4776 2573 4831 enim
2599 4775 2725 4831 caeli
2743 4790 2969 4843 regnum
2997 4774 3138 4829 Deus
3167 4787 3285 4828 esse
3314 4773 3582 4842 profatur,

380 4865 484 4921 550
658 4864 767 4920 Vos
788 4865 861 4919 ita
888 4864 1108 4927 tristari,
1137 4871 1407 4932 tamquam
1436 4864 1682 4919 homines
1701 4878 1901 4919 vacuos
1936 4882 1947 4916 :
2333 4866 2516 4932 Qualis
2540 4881 2661 4920 eras
2686 4881 2802 4920 aevo
2828 4872 3008 4919 mente
3028 4862 3235 4931 ﬁdeque
3255 4879 3426 4933 puer;

516 4953 647 5007 Nam
676 4954 720 5006 si
745 4961 891 5008 certa
916 4953 1045 5006 lides
1068 4952 1239 5017 vobis,
1268 4952 1393 5020 quia
1416 4951 1661 5008 Christus
1692 4951 1842 5007 Iesus
2195 4957 2377 5024 Qualis
2401 4966 2456 5013 et
2482 4959 2572 5013 ille
2592 4958 2691 5012 fuit
2717 4965 2919 5022 noster,
2950 4966 3072 5012 tuus
3100 4957 3189 5012 ille
3208 4958 3353 5011 beati

661 5042 903 5098 Mortuus
922 5051 1024 5107 est,
1051 5050 1106 5095 et
1133 5057 1274 5098 nunc
1299 5042 1431 5098 vivit
1448 5043 1510 5097 in
1540 5057 1664 5098 arce
1687 5042 1815 5107 Dei;
2053 5047 2157 5102 600
2331 5048 2591 5114 Nominis,
2622 5048 2822 5103 accitus
2840 5056 3085 5117 tempore
3111 5062 3218 5117 quo
3238 5047 3398 5103 datus
3428 5058 3536 5116 est,

450 5188 475 5216 ι
504 5177 559 5231 ld
587 5184 669 5232 est
698 5187 959 5247 caperata.

2129 5195 2142 5231 ι
2188 5182 2381 5235 Paulus
2408 5182 2540 5237 Vide
2564 5199 2649 5247 ep.
2682 5182 2769 5246 50,
2804 5199 2857 5236 η.
2886 5181 2936 5245 5,
2956 5190 3012 5237 et
3039 5199 3091 5237 ν.
3122 5181 3246 5238 555.

450 5250 474 5286 ιι
506 5248 546 5319 ll
573 5247 700 5319 Cor.
733 5264 847 5319 vui,
875 5249 926 5301 9.

2126 5251 2149 5288 ιι
2182 5251 2409 5305 lThess.
2436 5268 2507 5315 IV,
2542 5247 2628 5317 l5,
2662 5251 2749 5318 M,
2781 5252 2869 5319 15,
2896 5250 2982 5307 16.

455 5330 476 5357 ε
509 5318 525 5371 l
557 5318 681 5372 Cor.
707 5334 743 5381 ι,
782 5317 887 5387 27.

2134 5321 2153 5360 ι
2183 5320 2350 5375 lCor.
2383 5338 2470 5387 xv,
2500 5320 2551 5375 5.

448 5391 471 5424 ά
508 5388 643 5442 Vide
671 5402 837 5441 carm.
867 5386 954 5455 27,
984 5404 1036 5442 v.
1068 5387 1193 5441 468.

1068 5387 1193 5441 468.
2132 5401 2170 5429 ιιι
2197 5391 2328 5444 Vide
2350 5386 2463 5444 not.
2493 5390 2616 5445 558.

450 5470 473 5495 ο
498 5458 627 5528 Luc.
663 5472 753 5520 vn,
783 5455 897 5528 58._

2130 5470 2155 5497 ιι
2189 5460 2207 5513 l
2239 5460 2425 5514 Thess.
2456 5477 2530 5528 tv,
2564 5462 2646 5515 17.

455 5529 472 5565 τ
510 5527 665 5580 Rom.
698 5542 808 5590 xm,
843 5526 927 5579 11.

2132 5540 2156 5566 ο
2188 5530 2323 5584 Vide
2353 5545 2494 5583 vers.
2519 5526 2651 5584 ⁷549.

448 5606 473 5665 β
506 5597 638 5650 Vide
666 5611 750 5665 ep.
784 5596 874 5663 25,
904 5612 955 5648 u.
988 5596 1077 5650 55.

2128 5610 2155 5648 ρ
2185 5599 2312 5653 Luc.
2345 5615 2454 5663 xvr,
2486 5601 2554 5653 23
2579 5609 2634 5655 et
2657 5601 2746 5656 25.

449 5664 471 5702 ι
499 5666 553 5733 id
583 5674 664 5718 est
684 5666 880 5723 cwlum.
914 5666 1054 5720 Vide-
1075 5682 1239 5721 carm.
1273 5667 1359 5730 l5,
1390 5683 1437 5720 v.
1464 5667 1519 5723 5.

998 5666 1054 5719 le-
1075 5682 1239 5721 carm.
1273 5667 1359 5730 l5,
1390 5683 1437 5720 v.
1464 5667 1519 5723 5.
2128 5679 2154 5718 τι
2185 5669 2373 5722 Matth.
2407 5685 2461 5733 ιι,
2490 5669 2573 5724 16.

458 5733 473 5771 ί
503 5732 560 5789 id
582 5744 661 5788 est
681 5736 815 5797 ﬁlio.
846 5736 978 5791 Vide
996 5752 1160 5791 carm.
1187 5737 1272 5800 18,
1296 5754 1346 5791 v.
1378 5737 1497 5793 200.
2129 5747 2151 5776 τ
2177 5738 2311 5795 Vide
2348 5732 2488 5798 vers.
2520 5739 2642 5807 615i,
2666 5746 2721 5796 et
2746 5754 2831 5811 ep.
2862 5737 2951 5805 29,
2984 5756 3037 5796 n.
3064 5739 3119 5795 8.
