3990 6182
299 294 402 351 689
1394 297 1622 354 POEMA
1654 298 1987 355 ULTIMUM.
2028 298 2414 354 PRzEFATIO.
3462 304 3565 360 690

430 403 696 476 Exoptata
725 407 815 463 diu
834 409 1069 475 soboles,
1101 424 1202 466 nec
1220 411 1456 480 praestita
1484 411 1661 477 nobis,
1906 416 1958 477 Α
2127 409 2270 475 Quot
2295 408 2415 477 tibi,
2442 406 2619 473 Celse,
2649 407 2822 474 annis,
2856 410 3079 466 totidem
3125 412 3199 467 illi
3243 414 3350 469 vita
3376 413 3569 471 diebus

583 494 829 553 Gaudere
860 499 1089 567 indignis
1110 501 1429 569 posteritate
1456 501 1541 570 pia
1574 520 1586 554 :
2273 500 2503 563 Hausta;
2526 499 2622 555 sed
2648 500 2738 554 ille
2758 500 2955 568 minor,
2977 517 3083 571 qua
3103 504 3248 572 prior
3271 512 3353 561 est
3367 505 3573 559 senior.

429 583 711 641 Credimus
738 590 955 643 aeternis
984 589 1128 642 illum
1161 590 1274 653 tibi,
1305 590 1479 654 Celse,
1510 591 1695 645 viretis
1728 592 1769 622 ¹³
2124 592 2255 645 Nam
2310 592 2487 647 minor
2534 600 2637 658 est,
2674 592 2727 646 in
2764 607 2872 661 quo
2902 594 3036 647 vixit
3084 595 3290 662 minus;
3329 604 3570 652 attamen

276 749 281 751 _
571 676 793 733 Latitiae
820 687 875 734 et
901 680 1025 733 vita:
1054 679 1237 734 ludere
1262 681 1597 750 participem,
3336 685 3499 757 [idem

288 767 391 823 605
431 767 600 837 Quem
632 770 1002 842 Complutensi
1052 770 1429 827 mandavimus
1466 772 1620 840 urbe,
1652 772 1873 842 propin-
1979 773 2084 827 €20
2262 772 2377 840 Qua
2398 774 2548 843 prior
2568 773 2847 838 abscessit,
2876 788 3020 827 nunc
3047 773 3115 826 ibi
3149 782 3200 828 te
3227 776 3428 829 senior.

1664 866 1805 938 [quis
2121 868 2298 934 Celse,
2352 873 2445 921 tuo
2487 882 2609 921 cum
2666 866 2829 921 fratre
2880 867 2987 921 tuis
3028 866 3256 936 (quibus
3299 866 3570 940 addimur)

565 952 922 1021 Conjunctum
962 954 1150 1011 tumuli
1201 956 1406 1013 foedere
1452 959 1776 1029 martyribus
1816 967 1872 1024 Ἰ;
3291 958 3498 1030 [θδδιθο

426 1040 497 1097 Ut
517 1042 585 1097 de
612 1043 790 1099 vicino
814 1054 1124 1101 sanctorum
1152 1048 1410 1116 sanguine
1433 1046 1458 1084 δ
1482 1048 1662 1113 ducat,
2260 1048 2392 1103 Nam
2424 1054 2514 1101 tua
2544 1047 2611 1101 de
2634 1048 2809 1115 patrio
2837 1048 3097 1117 sanguine
3127 1063 3259 1102 vena
3290 1064 3496 1103 sumus.

567 1132 686 1200 Quo
713 1144 924 1192 nostras
948 1136 1039 1190 illo
1064 1146 1257 1206 purget
1288 1138 1339 1191 in
1363 1138 1482 1203 igne
1504 1140 1728 1193 animas.
2118 1142 2251 1196 Cum
2282 1148 2436 1211 patre
2457 1138 2779 1194 Pneumatio
2801 1181 2816 1207 ,
2848 1139 3007 1193 simul
3035 1147 3091 1194 et
3132 1155 3251 1194 cum
3281 1147 3453 1193 matre
3478 1138 3563 1193 Fi-

426 1224 590 1281 Forte
629 1228 830 1282 etenim
869 1229 1027 1283 nobis
1072 1244 1287 1298 quoque
1315 1232 1692 1299 peccatoribus
1722 1234 1868 1295 olim,
3364 1232 3494 1304 [deli

280 1316 386 1372 610
565 1318 850 1387 Sanguinis
880 1321 995 1376 haec
1022 1323 1191 1377 nostri
1221 1324 1425 1390 guttula
1468 1324 1647 1378 lumen
1678 1325 1799 1379 erit.
2258 1324 2353 1379 Dic
2381 1332 2436 1379 et
2459 1322 2501 1354 ¹⁸
2530 1322 2811 1377 Paulinum
2834 1322 3253 1391 Therasiamque
3280 1330 3419 1376 tuos.

425 1408 598 1473 Celse,
621 1409 749 1477 juva
774 1410 995 1465 fratrem
1026 1413 1172 1467 socia
1203 1413 1403 1482 pietate
1430 1414 1704 1483 laborans,
1976 1414 2080 1469 625
2124 1414 2189 1469 Ut
2220 1415 2472 1485 precibus
2502 1428 2792 1469 commune
2818 1414 2924 1467 tuis
2947 1414 3240 1466 miserante
3272 1413 3566 1467 habeamus

571 1499 639 1554 Ut
668 1512 845 1556 vestra
870 1502 1025 1558 nobis
1046 1503 1117 1557 sit
1144 1504 1297 1559 locus
1326 1504 1377 1558 in
1407 1506 1612 1573 requie.
2259 1506 2569 1561 Praesidium
2601 1505 2814 1559 Christo
2844 1519 2942 1557 nos
2980 1518 3215 1573 quoque,
3259 1503 3433 1567 Celse,
3467 1504 3562 1557 tui.

426 1592 603 1648 Vivite
628 1593 937 1665 participes,
966 1605 988 1633 α
1017 1603 1277 1649 mternum
1306 1596 1487 1662 vivite,
1520 1596 1735 1662 fratres,
2116 1598 2224 1653 Sed
2266 1608 2445 1652 tamen
2476 1606 2533 1651 et
2573 1596 2730 1651 nobis
2760 1603 3008 1665 superest
3035 1610 3258 1663 operam
3285 1595 3435 1657 dare,
3460 1610 3562 1663 qua

561 1683 629 1739 Et
656 1684 809 1741 lastos
837 1686 1056 1755 dignum
1084 1702 1185 1757 par
1211 1687 1451 1742 habitate
1477 1689 1648 1757 locos,
3416 1686 3492 1757 [ιο

277 1771 385 1828 615
420 1774 780 1848 687-688
806 1775 1162 1849 Innocuisque
1182 1793 1342 1850 pares
1368 1779 1597 1847 meritis,
1646 1790 1869 1849 peccata
1902 1779 1947 1838 Β
2256 1783 2530 1838 Possimus
2551 1782 2711 1837 simili
2734 1781 3076 1851 simplicitate
3104 1780 3275 1848 sequi.

1466 1872 1793 1943 |parentum,
2113 1872 2249 1927 Tum
2278 1883 2463 1928 nostro
2493 1872 2625 1928 socii
2657 1873 2732 1942 (a)
2764 1872 3061 1942 poterimus
3102 1870 3281 1924 vivere
3316 1866 3474 1923 Celso
3510 1878 3556 1930 ο,

560 1961 815 2029 Infantes,
846 1964 1011 2021 castis
1034 1965 1235 2020 vincite
1264 1963 1530 2032 suffragiis
1554 1961 1600 2017 ἀ.
1967 1964 2069 2019 650
2247 1964 2429 2021 Dulcis
2454 1973 2510 2020 et
2536 1974 2798 2020 aeternum
2827 1962 2844 2002 ι
2888 1964 3131 2034 pignoris
3158 1977 3281 2018 esse
3307 1976 3485 2031 pares.

344 2122 369 2152 ⁸
406 2114 539 2169 Vide
562 2123 677 2170 not.
708 2115 831 2171 339.

2042 2134 2061 2159 “-
2098 2122 2228 2178 Vide
2251 2130 2364 2177 not.
2396 2122 2520 2176 542.

344 2182 374 2221 δ
411 2185 538 2239 Vide
567 2196 681 2240 not.
704 2181 827 2239 540.

2043 2191 2061 2230 τ
2094 2193 2227 2248 Vide
2256 2208 2396 2247 vers.
2430 2191 2553 2245 615.

350 2264 372 2333 ξ
400 2254 542 2333 Vide
570 2272 709 2310 vers.
735 2256 863 2333 59?},
895 2256 1015 2319 650,
1049 2264 1305 2333 etl‘earm.
1336 2256 1428 2321 25,
1459 2258 1753 2333 ver-5.9.55.
1798 2329 1812 2333 _
2046 2264 2124 2333 (α)
2149 2263 2226 2317 Ita
2258 2264 2591 2317 restituimus
2635 2263 2987 2333 antiquam_et
3006 2258 3339 2333 verissimam
3367 2255 3557 2333 lectio-

342 2322 368 2360 ⁸³
400 2324 535 2401 γίρβ
573 2342 741 2381 carm.
772 2322 875 2401 Si,
896 2342 1036 2401 vers.
1070 2325 1197 2391 295,
1240 2336 1296 2382 et
1320 2344 1488 2383 carm.
1531 2329 1556 2382 1
1591 2329 1860 2401 Append.,
1972 2322 2183 2387 nei‘nex
2214 2348 2341 2387 mss.
2360 2333 2636 2387 codicibus
2654 2322 2800 2399 Belg.
2825 2340 2878 2384 et
2902 2330 3035 2401 Beg.
3061 2337 3115 2383 ct
3145 2326 3556 2401 edit18chot.iu

279 2406 419 2452 vers.
459 2394 548 2463 74,
582 2406 639 2453 et
665 2406 782 2452 not.
813 2396 938 2452 5M.
1640 2394 1656 2399 “
1678 2394 1694 2401 ’
1847 2394 1856 2398 ⁷
1980 2418 2151 2472 marg.
2182 2402 2380 2457 Omnes
2404 2402 2555 2470 editi,
2587 2394 2861 2471 possimus.
2895 2394 3030 2455 Vide
3052 2408 3165 2454 not.
3189 2397 3313 2453 542.

889 2611 1048 2693 ΑΙ)
1134 2610 1220 2693 S.
1307 2613 1783 2695 PAULINI
1861 2614 2275 2697 POEMA
2365 2614 2931 2698 ULTIMUM

1717 2767 2239 2829 PREFATIO.

340 2951 509 3023 689
533 2981 560 2993 -
582 2952 747 3024 690
774 2949 1244 3008 Praclarissimum
1274 2952 1376 3007 hoc
1415 2951 1473 3007 S.
1506 2952 1715 3008 Paulini
1745 2969 1963 3010 carmen
1995 2956 2047 3009 in
2077 2956 2322 3011 ethnicos
2349 2964 2473 3027 post
2502 2974 2595 3012 xm
2624 2958 2865 3012 Natalem
2894 2958 3243 3027 subsequitur
3285 2958 3338 3012 in
3369 2958 3557 3015 codice

275 3053 483 3100 nostro.
514 3042 679 3097 Multa
722 3043 793 3099 ibi
824 3044 1074 3111 eruditio,
1106 3052 1163 3099 et
1196 3043 1387 3099 solitus
1422 3053 1593 3113 poeta:
1629 3045 2057 3114 eloquentissimi
2095 3048 2331 3116 spiritus.
2367 3047 2603 3103 Primum
2642 3049 2694 3103 in
2735 3047 2965 3115 Judaeos,
2998 3050 3051 3104 in
3098 3049 3325 3118 gentiles
3367 3049 3559 3105 deinde

270 3137 464 3202 fertur,
492 3150 723 3203 quorum
748 3137 988 3201 numina,
1018 3137 1228 3191 variam
1252 3136 1671 3207 philosophiam,
1699 3151 2019 3206 erroresque
2046 3138 2304 3209 plurimos
2332 3145 2504 3193 notat.
2536 3137 2649 3194 Hoc
2678 3154 2812 3209 opus
2840 3139 2989 3194 innui
3012 3150 3217 3196 certum
3246 3140 3480 3195 arbitror
3507 3140 3558 3195 in

270 3232 431 3301 epist.
464 3229 534 3284 54
562 3228 619 3283 S.
653 3227 937 3298 Augustini
963 3229 1031 3284 ad
1060 3228 1343 3284 Paulinum
1367 3231 1443 3284 ita
1472 3230 1754 3285 scribentis
1779 3249 1790 3283 :
1820 3230 2078 3285 Adversus
2103 3249 2335 3302 paganos
2369 3242 2415 3286 te
2444 3232 2664 3287 scribere
2687 3232 2843 3286 didici
2870 3250 2934 3286 ex
2960 3234 3226 3304 fratribus.
3260 3233 3322 3289 Si
3349 3234 3472 3305 quid
3500 3233 3563 3287 de

271 3338 359 3380 tuo
389 3337 596 3397 pectore
613 3343 889 3393 meremur,
914 3327 1269 3396 indiﬂ'erenter
1293 3327 1459 3395 mitte,
1482 3334 1537 3379 ut
1562 3327 1829 3397 legamus;
1854 3343 1976 3379 nam
2006 3336 2180 3395 pectus
2206 3334 2349 3380 tuum
2374 3327 2475 3380 tale
2506 3324 2718 3380 Domini
2745 3326 3008 3380 oraculum
3033 3335 3130 3394 est,
3156 3334 3211 3378 ut
3239 3343 3304 3379 ex
3331 3343 3389 3379 eo
3417 3325 3565 3379 nobis

268 3430 377 3473 tam
402 3418 596 3489 placita
621 3428 669 3473 et
698 3420 943 3473 adversus
968 3420 1361 3490 loquacissimas
1391 3420 1698 3490 quwstiones
1727 3418 2138 3488 cxplicatissima
2166 3417 2283 3471 dari
2312 3432 2561 3487 responsa
2589 3432 2981 3486 prazsumamus.
3030 3413 3363 3485 Opinabatur
3383 3415 3561 3471 forsan

268 3510 602 3577 Augustinus
623 3518 880 3565 statutum
902 3510 1065 3565 fuisse
1086 3510 1310 3565 Paulino
1336 3510 1642 3565 universam
1662 3510 2000 3564 ethnicorum
2029 3508 2321 3565 confodere
2342 3510 2797 3580 superstitionem,
2827 3509 2923 3564 sed
2950 3508 3253 3577 hujusmodi
3282 3508 3560 3562 consilium

268 3609 446 3671 poeta:
473 3616 629 3657 sacro
656 3616 768 3656 non
805 3601 1121 3668 obvenerat,
1152 3602 1238 3657 cui
1269 3610 1472 3656 tantum
1511 3600 1712 3671 placuit
1739 3616 2071 3672 paganorum
2100 3602 2394 3672 explicare,
2427 3618 2534 3657 non
2572 3602 2807 3656 refutare
2835 3601 3179 3655 dementiam.
3213 3598 3379 3653 Fama
3419 3598 3560 3653 aliud

268 3694 571 3761 Augustino
600 3694 786 3759 suasit,
819 3703 879 3749 ut
905 3695 1100 3749 mirum
1124 3709 1231 3748 non
1261 3694 1332 3748 sit
1358 3695 1403 3749 si
1433 3709 1465 3748 a
1494 3692 1718 3749 Paulino
1749 3693 2155 3763 loquacissimus
2183 3696 2507 3763 quaestiones
2527 3694 2823 3764 explicatas
2851 3693 3087 3762 opperiri
3109 3706 3167 3747 se
3188 3691 3348 3745 dicat.
3394 3691 3558 3746 Certe

267 3784 311 3840 si
341 3784 598 3839 Paulinus
621 3784 894 3853 egregium
914 3783 1130 3853 aliquod
1159 3799 1295 3853 opus
1322 3784 1375 3838 in
1398 3799 1637 3855 paganos
1660 3783 2002 3839 scribendum
2029 3785 2372 3853 suscepisset,
2396 3782 2702 3838 Gennadius
2729 3780 2845 3850 ejus
2873 3783 3069 3852 scripta
3091 3795 3377 3836 recensens
3405 3796 3560 3835 men-

269 3877 473 3932 tionem
501 3877 733 3946 aliquam
762 3877 1055 3946 injecisset.
1092 3875 1350 3946 Superest
1387 3876 1546 3945 igitur
1576 3884 1635 3931 ut
1686 3875 1754 3930 ab
1783 3875 1976 3932 eodem
2004 3882 2192 3931 sancto
2232 3876 2483 3944 exiguum
2516 3876 2620 3930 hac
2651 3874 2718 3929 de
2758 3888 2817 3929 re
2851 3888 2986 3943 opus
3022 3872 3353 3927 elaboratum
3399 3869 3562 3926 fuisse

270 3972 529 4038 dicamus,
569 3971 871 4041 cuiusmodi
899 3978 981 4026 est
1010 3971 1178 4026 hocce
1205 3985 1417 4041 poema.
1451 3969 1590 4037 Quin
1628 3978 1683 4025 et
1715 3970 2013 4025 elucubrati
2042 3968 2207 4024 libelli
2252 3976 2462 4040 tempus
2490 3970 2855 4038 conjecturam
2892 3974 3132 4021 nostram
3162 3964 3298 4019 tueri
3328 3964 3559 4019 videtur.

271 4062 485 4135 Olybrio
531 4072 581 4118 et
606 4062 836 4116 Probino
862 4078 1022 4129 coss.,
1052 4062 1226 4131 inquit
1254 4060 1488 4133 Prosper
1518 4062 1570 4117 in
1599 4060 1799 4118 Chron.
1834 4063 1961 4135 (hoc
1990 4070 2074 4119 est
2102 4076 2245 4116 anno
2275 4062 2485 4117 Domini
2516 4060 2639 4130 595)
2672 4061 2985 4132 Augustinus
3018 4057 3079 4112 B.
3108 4056 3368 4111 Ambrosii
3394 4056 3555 4110 disci-

271 4157 418 4227 pulus
448 4156 611 4210 multa
641 4156 907 4228 facundia,
944 4155 1280 4224 doctrinaque
1310 4154 1565 4209 excellens
1599 4152 1839 4224 Hippone
1868 4153 2031 4226 Regio
2058 4156 2115 4208 in
2142 4155 2323 4227 Africa
2351 4156 2616 4227 episcopus
2645 4153 2933 4207 ordinatur.
2979 4149 3100 4204 Suze
3129 4162 3292 4218 porro
3332 4147 3552 4202 ordina-

273 4250 432 4305 tionis
462 4258 734 4318 tamquam
764 4264 934 4319 nuper
965 4249 1118 4304 facta:
1147 4247 1437 4304 certiorem
1477 4244 1757 4300 Paulinum
1786 4246 2114 4315 Augustinus
2150 4246 2277 4302 facit
2312 4248 2367 4301 in
2406 4246 2593 4301 eadem
2628 4245 2959 4315 supracitata
3000 4242 3245 4313 epistola,
3279 4241 3407 4296 dum
3434 4242 3552 4295 ait:

274 4343 387 4408 Qua
415 4342 664 4397 Ecclesia:
691 4359 817 4395 cura
845 4351 1043 4410 tenear,
1073 4359 1137 4397 ex
1167 4342 1263 4396 hoc
1295 4352 1466 4397 vestra
1502 4343 1695 4395 caritas
1721 4348 1921 4409 oportet
1947 4340 2204 4405 attendat,
2235 4339 2372 4411 quod
2400 4338 2725 4393 beatissimus
2767 4345 2915 4407 pater
2950 4336 3189 4391 Valerius
3216 4352 3307 4389 nec
3345 4334 3558 4405 presby-

273 4447 433 4490 terum
458 4453 538 4489 me
562 4453 673 4491 esse
692 4452 839 4491 suum
867 4451 1048 4503 passus
1076 4442 1170 4499 est,
1198 4435 1297 4487 nisi
1325 4433 1575 4503 majorem
1613 4432 1739 4486 mihi
1768 4432 2153 4502 coepiscopatus
2177 4431 2441 4483 sarcinam
2472 4431 2778 4499 imponeret,
2817 4436 2921 4481 etc.
2955 4425 3083 4481 llaec
3113 4439 3242 4493 ergo
3270 4423 3554 4491 Augustini

272 4526 497 4597 epistola
526 4534 620 4581 aut
656 4528 756 4582 sub
786 4525 947 4580 finem
984 4526 1111 4579 anni
1140 4524 1264 4590 395,
1297 4531 1389 4578 aut
1428 4522 1528 4578 sub
1570 4522 1779 4575 initium
1819 4520 2197 4590 subsequentis
2243 4518 2431 4589 procul
2477 4518 2640 4572 dubio
2685 4516 2904 4585 scripta.
2960 4512 3030 4568 Ut
3072 4515 3213 4568 enim
3262 4513 3559 4569 Chimetius

272 4628 423 4690 parte
452 4618 508 4687 2,
538 4634 658 4689 cap.
695 4619 751 4686 8,
802 4616 1009 4671 Paulin.
1053 4616 1250 4671 lllustr.
1291 4611 1558 4679 ostendit,
1595 4612 1822 4682 contigit
1863 4610 2131 4667 ordinatio
2171 4607 2456 4676 Augustini
2491 4614 2610 4676 post
2655 4604 2889 4660 medium
2926 4602 3274 4657 Decembrem
3315 4603 3557 4671 ejusdem

273 4713 395 4767 anni
423 4711 547 4767 395.
579 4712 764 4781 Itaque
807 4712 913 4767 hoc
959 4724 1101 4765 anno
1141 4708 1399 4764 adversus
1438 4720 1680 4776 paganos
1722 4704 1977 4759 Paulinus
2025 4710 2209 4758 noster
2249 4701 2463 4772 scriptis
2491 4698 2781 4769 pugnabat.
2820 4695 3013 4751 Nolam
3052 4694 3139 4749 hic
3177 4708 3236 4749 se
3274 4703 3558 4763 receperat

275 4806 495 4862 cadente
523 4821 611 4860 an.
645 4804 744 4859 Ch.
777 4803 899 4868 394,
932 4804 1113 4873 ibique
1150 4806 1419 4856 maturato
1446 4800 1815 4856 conversionis
1842 4814 1952 4854 suae
1978 4798 2207 4854 consilio
2236 4795 2729 4867 prazstantissimam
2757 4790 3075 4847 Christianae
3099 4789 3221 4846 vita:
3250 4788 3559 4847 methodum

276 4912 550 4970 aggressus
576 4898 769 4955 fuerat.
801 4897 914 4953 lloc
939 4912 1067 4953 vero
1096 4896 1241 4952 idem
1270 4896 1553 4953 consilium
1582 4895 1753 4964 tangit
1774 4894 1934 4964 hujus
1962 4892 2229 4963 poematis
2260 4892 2414 4948 initio
2441 4890 2526 4946 his
2552 4888 2732 4945 verbis
2757 4902 2771 4939 :

1012 5034 1242 5101 Discussi,
1267 5032 1446 5101 fateor,
1470 5035 1650 5101 sectas,
1676 5032 1931 5101 Antonius,
1948 5042 2144 5091 omnes,
2244 5091 2254 5101 ι

1014 5092 1470 5157 Ριυιὶιηδάιιωθίιίὶ,
1496 5106 1585 5157 per
1607 5092 1799 5152 singula
1823 5106 2037 5157 qumque
2060 5092 2279 5157 cucurri,
2372 5096 2379 5107 '

1010 5158 1109 5206 Sed
1136 5153 1449 5207 nihil'inveni
1460 5153 1662 5217 melius,
1679 5166 1824 5217 quam
1850 5153 2060 5204 credere
2085 5153 2295 5203 Christo.

276 5283 496 5343 Uberius
521 5286 627 5341 hoc
650 5286 929 5356 sequentia
958 5284 1229 5340 evincunt.

1010 5419 1126 5468 Haec
1152 5430 1248 5480 ego
1269 5421 1442 5467 cuncta
1462 5416 1611 5478 (prius,
1634 5413 1817 5464 clarum
1840 5408 2138 5480 cumlumen
2158 5408 2382 5480 adeptus,

1013 5474 1294 5541 Meque'diu
1314 5474 1554 5527 incertum
1579 5487 1630 5541 et
1660 5474 2133 5541 tgttetnpestatibus
2157 5478 2319 5522 actum

1005 5536 1178 5589 Sancta
1203 5539 1404 5589 salutari
1426 5540 1643 5599 suscepit
1666 5536 1853 5599 Eelesia
1876 5543 2034 5595 portu,

1006 5601 1220 5664 Postque
1246 5614 1393 5664 vagos
1414 5594 1587 5649 ﬂuctus
1611 5594 1883 5664 tranquilla
1897 5599 1943 5643 in
1962 5596 2082 5664 sede
2104 5594 2323 5657 locavit,

1012 5662 1075 5711 lit
1098 5656 1331 5721 m'ihijani
1352 5662 1495 5711 liceat
1514 5664 1712 5709 detersa
1736 5656 1866 5708 nube
1892 5656 2131 5705 malorum

1008 5723 1256 5787 Tempore
1278 5726 1515 5786 promisso
1538 5723 1697 5773 lucem
1720 5734 1924 5785 Sperare
1947 5732 2196 5768 serenam.
