3990 6182
256 312 351 368 697

1597 530 1749 575 nunt.

1597 530 1729 575 nunt

394 611 508 666 Rex
541 611 640 665 fuit
666 611 753 665 hic
774 609 957 675 Janus,
988 613 1206 681 proprio
1238 614 1329 680 qni
1360 522 1594 667 nomiLP:
1606 612 1733 668 fecit

391 701 689 756 Janiculum
710 742 724 766 ,
773 701 1005 769 prudens
1032 703 1195 757 homo
1219 720 1233 768 ;
1288 703 1378 771 qui
1407 718 1529 757 cum
1554 704 1717 758 multa
1748 704 1829 759 fu-

1641 803 1759 847 tura

1641 803 1757 847 tura

252 889 321 943 70
396 887 581 941 Posset
606 887 891 956 respicere,
919 887 1062 940 hunc
1089 885 1285 954 duplici
1314 884 1538 953 pinxere
1568 792 1757 950 tig[ura,

399 979 467 1033 Et
488 978 679 1032 Janum
710 978 978 1045 geminum
1006 984 1216 1030 veteres
1244 974 1429 1029 dixere
1455 972 1647 1027 Latini.

260 1133 483 1198 Parens,
501 1129 593 1194 ait,
615 1129 879 1182 hominum
907 1127 1214 1198 deorumque
1238 1121 1431 1194 Optimi
1452 1124 1615 1198 prius,
1648 1123 1832 1198 deinde

254 1194 479 1257 Maximi
502 1199 707 1252 nomine
735 1198 935 1250 colitur.
989 1194 1455 1262 Erat'cognomen
1500 1194 1603 1247 hoc
1639 1195 1829 1263 princi-

255 1287 420 1342 puum
442 1269 619 1343 lovis,
662 1266 894 1343 illudque
922 1265 1061 1343 apvd
1086 1274 1297 1343 veteres
1324 1264 1622 1343 scriptores
1642 1264 1831 1343 saepis-

252 1332 387 1397 sime
414 1338 667 1394 occurrit.
708 1332 967 1389 Nostram
998 1335 1062 1387 ad
1102 1350 1214 1387 rem
1254 1333 1380 1387 facit
1408 1332 1650 1386 Lactant.
1694 1332 1786 1386 lib.
1814 1348 1831 1387 1

257 1411 389 1465 Inst.
417 1408 560 1468 Div.,
590 1422 710 1475 cap.
744 1404 828 1464 10,
863 1405 948 1457 ubi
972 1405 1141 1475 inquit
1169 1421 1181 1455 :
1234 1400 1371 1475 Quid
1392 1403 1575 1475 horum
1602 1404 1830 1475 omnium

290 1489 403 1531 ater
429 1471 775 1546 Jupiteﬂqui
807 1476 879 1546 in_
910 1474 1125 1546 solemni
1155 1474 1456 1546 precatione
1495 1471 1735 1546 Optimus
1782 1480 1832 1546 et

314 1541 520 1601 aximus
544 1541 884 1600 nominatur?
913 1542 979 1595 Et
1006 1541 1183 1595 infra:
1217 1541 1344 1595 Haec
1373 1542 1457 1611 qui
1480 1543 1622 1611 fecit,
1644 1542 1831 1595 videri-

253 1635 366 1672 mus
402 1634 470 1669 an
501 1617 759 1669 maximus
784 1654 799 1678 ,
844 1622 979 1681 certe
1003 1613 1223 1681 optimus
1263 1610 1511 1665 nonest.
1562 1610 1833 1681 Arnobius

294 1702 470 1755 noque
494 1687 586 1740 lib.
621 1701 647 1755 1
666 1679 1102 1755 adversusAGent.
1134 1700 1145 1733 :
1175 1680 1301 1734 Cum
1329 1699 1361 1734 a
1386 1680 1523 1734 vobis
1546 1690 1594 1733 et
1620 1679 1825 1749 Jupiter

304 1750 517 1827 ptiinus,
548 1765 597 1827 et
628 1754 889 1827 hlaximus
920 1750 1185 1827 habeatur.

324 1826 479 1879 Vers.
512 1825 600 1877 67.
625 1821 759 1876 Iane
780 1831 945 1891 pater.
980 1821 1218 1880 Veteres,
1252 1828 1311 1873 ut
1338 1819 1496 1873 docet
1524 1819 1826 1891 Brissonius

255 1896 321 1950 de
344 1894 581 1948 Formnl.
614 1893 705 1946 lib.
739 1889 788 1956 1,'
808 1906 835 1943 a
866 1889 1002 1943 Jano
1026 1891 1361 1959 precationes
1390 1889 1823 1957 auspicabantur.

255 1964 487 2019 Martial.
517 1964 607 2017 lib.
642 1978 693 2026 ι,
726 1962 893 2030 epigr.
925 1959 1014 2024 28,
1037 1960 1104 2014 de
1124 1960 1229 2014 hoc
1252 1959 1469 2013 numine
1498 1972 1660 2026 agens
1687 1975 1700 2010 :

378 2053 645 2109 Annorum,
672 2052 907 2111 nitidique
933 2057 1063 2097 sator
1088 2048 1412 2108 pulcherrime
1440 2048 1601 2096 mundi

442 2112 638 2161 Publica
659 2123 807 2174 quem
834 2113 1038 2171 primum
1058 2119 1165 2158 vota
1186 2120 1459 2171 precesque
1478 2114 1674 2158 canunt.

260 2199 385 2254 Aur.
412 2197 619 2251 Victor.
652 2196 703 2249 in
732 2195 888 2249 Brev.
922 2193 1059 2248 Hist.
1092 2193 1246 2247 Rom.
1276 2210 1290 2243 :
1325 2191 1390 2245 In
1418 2193 1579 2245 sacris
1599 2189 1832 2245 omnibus

263 2272 478 2337 primum
508 2269 673 2320 locum
694 2264 837 2337 Juno
866 2264 1339 2337 detulenmt‘usque
1356 2279 1415 2316 eo
1450 2272 1523 2337 _ut
1544 2265 1698 2337 etiam
1718 2276 1832 2313 cum

263 2329 378 2391 aliis
408 2338 510 2390 diis
532 2336 842 2404 sacriﬁcium
870 2335 950 2403 ﬁt,
984 2334 1106 2386 dato
1136 2329 1283 2386 thure
1320 2333 1373 2384 in
1408 2331 1619 2404 altaria,
1660 2329 1833 2404 {unus

295 2410 405 2461 rior
450 2399 772 2488 nominetur,
822 2399 1162 2484 cognomento
1196 2418 1404 2488 Lquo‘que
1451 2401 1627 2488 addito
1651 2399 1831 2488 fater.

304 2478 458 2530 auius
478 2475 618 2528 Festi
645 2467 985 2529 abbreviavtor
1009 2474 1060 2526 in
1100 2467 1263 2525 verbo
1293 2467 1505 2525 Cnsos:
1552 2470 1701 2524 Unde
1739 2467 1837 2521 Ja-

262 2564 357 2600 nus
384 2547 616 2598 detracta
644 2544 958 2610 aspiratione
984 2544 1281 2595 nominatur
1304 2582 1318 2604 ,
1367 2540 1481 2610 ideo
1520 2539 1655 2609 quod
1682 2539 1837 2610 fuerit

266 2616 498 2669 omnium
546 2608 777 2683 primus,
827 2614 905 2665 cui
947 2613 1111 2683 primo
1142 2608 1566 2683 supplicabatur:
1608 2609 1832 2683 Arnob.,

264 2686 355 2739 lib.
382 2701 457 2748 111,
508 2678 573 2737 de
602 2684 714 2751 ipso
744 2696 905 2749 agens
930 2678 956 2733 τ’
989 2682 1153 2752 Atque
1192 2678 1265 2738 ita
1288 2695 1384 2752 per
1410 2696 1498 2733 vos
1529 2678 1624 2752 Dei
1653 2694 1836 2752 nomen

262 2746 527 2824 creditur.
577 2746 724 2824 quem
752 2746 807 2803 in
834 2751 1028 2804 cunctis
1055 2746 1365 2820 anteponitis
1402 2748 1655 2819 precibus.
1700 2746 1837 2802 Hinc

261 2823 419 2879 Ovid.
447 2823 539 2877 lib.
575 2822 608 2876 1
635 2822 675 2875 F
679 2832 780 2876 ast.
810 2839 823 2874 :

730 2910 826 2960 Cur
847 2910 1067 2971 quamvis
1089 2908 1292 2957 aliorum
1319 2909 1520 2971 numina
1538 2906 1747 2969 placem,

389 2972 537 3034 Jane,
560 2972 647 3020 tibi
674 2968 876 3033 primum
902 2972 1043 3019 thura
1068 2982 1357 3030 merumque
1381 2968 1527 3021 fero?

331 3056 694 3112 Consulantur
718 3054 953 3109 Macrob.
980 3054 1073 3108 lib.
1101 3070 1117 3107 1
1143 3052 1384 3118 Saturn.,
1413 3067 1531 3120 cap.
1559 3051 1620 3117 9;
1648 3047 1836 3107 Horat.

267 3143 353 3197 ep.
368 3126 472 3197 716,
505 3126 596 3197 lib.
622 3141 637 3179 1
653 3143 677 3197 _;
709 3125 926 3197 servius
950 3124 1103 3197 in‘vn
1125 3121 1364 3197 ΑΞηεὶρν
1395 3130 1497 3197 e_tc.

336 3196 495 3249 Vers.
524 3195 610 3247 69.
639 3194 955 3247 laniculum.
1000 3192 1248 3262 Cyprian.
1285 3192 1377 3247 lib.
1401 3191 1469 3245 de
1508 3191 1638 3247 ldol.
1670 3191 1835 3246 vanit.

262 3267 331 3321 de
356 3265 589 3319 Saturno
618 3279 778 3333 agens
802 3280 815 3315 :
849 3262 1277 3385 Hunclfugatum,
1302 3262 1395 3325 ait,
1425 3262 1645 3331 hospitio
1673 3263 1840 3315 Janus

263 3336 486 3385 excepit.
515 3335 578 3385 de
600 3335 746 3385 cuius
776 3334 980 3385 nomine
1042 3333 1302 3385 aniculam
1329 3332 1523 3385 dictum
1541 3342 1637 3385 est.
1668 3332 1837 3385 Solin.

263 3336 486 3404 excepit,
515 3335 578 3387 de
600 3332 746 3404 cujus
776 3334 980 3404 nomine
1002 3332 1523 3404 aniculumdietum
1541 3342 1637 3404 est.
1668 3332 1837 3404 Solin.

266 3400 529 3475 Polyliist.
557 3400 996 3475 capl_2,_Arnob.
1022 3402 1110 3455 lib.
1146 3402 1657 3475 1,_et_Aug_ust.p_lib_._
1679 3417 1746 3455 v11
1774 3400 1843 3453 de

262 3470 380 3529 Civ:
402 3474 519 3538 Dei,
535 3470 655 3542 cap.
673 3471 725 3535 4,
751 3472 887 3525 idem
910 3480 1172 3526 asserunt.
1196 3470 1301 3524 Sed
1321 3479 1375 3526 et
1392 3470 1589 3539 Vergil.
1606 3472 1697 3526 lib.
1715 3486 1837 3526 vnt:

388 3564 529 3613 Hanc
550 3563 699 3612 Janus
724 3572 878 3623 pater,
907 3563 1028 3610 hanc
1052 3563 1293 3611 Saturnus
1315 3562 1531 3610 condidit
1553 3575 1737 3623 arcem,

388 3601 818 3685 ῖιῖιὶἷὲιῖιῖιῖιῗιιῧῖἐς
837 3601 1111 3671 ’ίίιῖξιῖἐτέί
1121 3601 1569 3672 ὲῖὤὶἷιίῖιῖὃᾱῐέἱιῖ

263 3707 523 3763 Hinutius
546 3724 570 3777 :A
603 3704 785 3777 Itague
809 3705 1059 3759 latebram
1076 3721 1250 3777 suam,
1290 3705 1425 3777 quod
1454 3714 1559 3759 tuto
1585 3705 1841 3777 latuisset,

262 3778 437 3833 rocari
466 3775 649 3829 maluit
678 3774 905 3837 Latium,
931 3785 979 3827 et
1002 3774 1178 3828 urbem
1208 3774 1513 3828 Saturniam
1542 3776 1605 3829 de
1632 3792 1721 3831 suo
1749 3774 1843 3832 no;

261 3850 405 3901 mine
428 3884 444 3908 ,
492 3854 540 3898 et
577 3844 872 3916 laniculum
897 3844 1067 3916 [unus
1094 3844 1162 3916 ad
1188 3845 1500 3916 memoriam
1514 3856 1721 3916 uterque
1748 3865 1842 3916 po—

234 3916 494 3971 ‘steritati
518 3914 868 3986 reliquerunt.
903 3914 1082 3986 Miror_
1102 3914 1413 3983 Dionysium
1456 3913 1841 3984 Halicarnassq

263 3996 378 4041 tam
432 3982 744 4039 accuratum
803 3983 1003 4051 alioqui
1051 3982 1415 4037 Romanarum
1467 3982 1839 4051 antiquitatum

262 4057 623 4124 scriptorem,
655 4054 866 4124 scriptis
897 4051 1196 4124 prodidisse
1244 4067 1275 4106 a
1307 4051 1534 4124 Romulo
1565 4051 1751 4109 jEnea:
1781 4054 1844 4107 ii-

265 4120 721 4191 lio,'Ascaniiqne
749 4120 804 4177 et
826 4120 979 4177 Remi
1004 4120 1190 4185 fratre,
1214 4122 1504 4183 conditam,
1539 4127 1728 4178 Αἰνείαν
1752 4126 1847 4180 πό-

264 4199 337 4249 λιν
362 4197 469 4265 ὀιπρ
489 4201 580 4265 τοῦ
604 4195 817 4265 not-596;,
842 4199 931 4252 τὴν
955 4193 1171 4265 ὕστερρν
1196 4194 1453 4265 κληθεῖσαν
1476 4194 1716 4257 Ἰάνικλον,
1745 4195 1848 4250 hoc

264 4273 349 4320 est
376 4283 390 4317 :
426 4263 616 4317 Urbem
636 4262 863 4333 Eneam
884 4280 915 4315 a
934 4262 1093 4331 patre'
1107 4262 1511 4325 denominatam,
1536 4278 1650 4333 quia
1669 4273 1848 4333 postea

267 4334 576 4388 laniculum
604 4332 864 4402 appellata
893 4334 1009 4402 fuit.

339 4403 493 4456 Vers.
519 4402 607 4455 69.
634 4400 732 4464 Qui
756 4418 870 4455 cum
891 4400 1053 4471 multa
1078 4402 1269 4471 futura.
1300 4400 1395 4471 Est
1413 4408 1468 4455 et
1486 4400 1600 4471 hmc
1622 4402 1847 4457 aliorum

1611 316 1840 371 ΡΟΕΜΑ
1880 317 2208 374 ULTIMUM.

390 429 650 499 Huncque
684 438 909 499 rogant,
958 438 1013 486 et
1054 430 1186 485 Jane
1230 430 1391 487 Pater
1432 432 1605 503 primo
1633 434 1821 488 ordine
1848 433 1898 491 Δ

3401 314 3505 367 698

2066 430 2166 487 Hic
2187 432 2312 500 quia
2343 431 2555 501 navigio
2585 432 2849 487 Ausonias
2874 431 3090 487 advenit
3119 434 3185 489 ad
3215 450 3359 499 oras,

2080 521 2336 575 Nummus
2361 522 2485 575 huic
2511 522 2738 591 primum
2770 521 2863 575 tali
2888 530 2970 575 est
2990 537 3215 577 excusus
3241 524 3463 589 honore,

2082 608 2146 663 Ut
2172 624 2296 678 pars
2322 626 2427 664 una
2456 618 2637 679 caput,
2669 626 2792 679 pars
2818 610 3086 680 scalperet
3104 612 3268 667 altera
3290 629 3499 671 navem.

1935 698 2002 753 75
2073 697 2240 767 Cujus
2286 690 2427 754 nunc
2469 713 2737 754 memores
2783 714 3144 769 quaecumque
3187 702 3501 757 nomismata

2076 879 2231 948 701
2263 907 2288 917 -
2320 878 2478 949 702
2524 877 2603 931 Ex
2648 880 2817 933 veteri
2858 879 3000 935 facto
3037 804 3431 950 capiamini"?
3452 892 3503 940 et

3006 971 3196 1045 [navia
3224 972 3426 1029 dicunt.

1932 1117 2075 1199 εἶχεν
2096 1121 2245 1199 Ἰἁγου
2272 1119 2594 1199 διπρόσωπον
2618 1122 2797 1199 sinam,
2816 1132 2886 1183 πῆ
2902 1121 2960 1199 ,δὲ
2985 1124 3161 1179 πλοίου
3186 1126 3442 1199 πρύμναν,
3471 1126 3503 1187 ἦ

1933 1194 2139 1268 πρῴραν
2164 1191 2630 1268 ἐγκξχαρασχμένηνὲ
2656 1193 2870 1268 πότερον
2895 1193 3041 1259 (ὡςοί
3057 1191 3503 1268 πολλοὶξλέλχουσλιν)

1936 1260 2018 1314 ini
2035 1260 2160 1335 :rtur‘z
2188 1260 2368 1335 Κρόνοῇ
2400 1260 2559 1335 aricia!
2596 1260 3107 1335 δωπερᾶσανςοςιξς
3123 1260 3349 1335 ζιταλξαῦγ.
3402 1260 3503 1319 Cui

1934 1329 2200 1405 antiquum
2222 1329 2478 1405 nomisma
2507 1329 2571 1405 ab
2600 1347 2705 1383 una
2727 1329 2875 1399 parte
2899 1330 2935 1383 Ι
2939 1332 3029 1385 ani
3056 1332 3294 1405 bifrontis
3319 1334 3504 1405 imagi-

1935 1416 2080 1458 nem,
2115 1404 2193 1471 _ab_
2216 1398 2380 1471 altera
2410 1401 2555 1452 navis
2585 1398 2929 1471 autproram,
2968 1410 3055 1453 aut
3082 1398 3290 1471 puppim
3312 1398 3504 1457 inscul-

1934 1478 2077 1538 ptam
2106 1466 2293 1521 habet?
2331 1467 2431 1538 An,
2475 1485 2585 1537 qua:
2608 1469 2810 1538 vulgata
2833 1472 3005 1538 opinio
3048 1466 3161 1533 est,"
3186 1466 3238 1523 in
3262 1471 3503 1526 honorem

1934 1526 2028 1609 hoc
2043 1538 2103 1605 ﬁt
2131 1536 2350 1609 Saturni
2370 1526 2573 1607 navigio
2594 1540 2645 1591 in
2671 1526 2887 1609 Italiam
2904 1540 3097 1593 advecti
3111 1526 3141 1592 γ’
3159 1538 3276 1609 Ipse
3290 1543 3505 1609 quidem

1936 1604 2251 1679 Plutarchus
2279 1608 2424 1679 hanc
2463 1604 2723 1679 rationem
2754 1608 2894 1679 haud
2931 1611 3151 1664 omnino
3176 1604 3503 1679 probandam

1939 1676 2014 1747 ait
2039 1692 2053 1737 ;
2081 1676 2170 1747 sed
2203 1676 2324 1730 huic
2348 1677 2663 1743 acquievere
2684 1678 3042 1745 probatissimi
3067 1676 3302 1736 autores.
3326 1678 3503 1747 Ovid.,

1859 1779 1901 1838 Β
1940 1743 2084 1798 Fast.
2112 1745 2203 1798 lib.
2237 1761 2273 1810 1,
2304 1761 2424 1800 cum
2448 1747 2583 1799 Jano
2612 1743 2925 1814 colloquens
2954 1748 3027 1801 ita
3049 1750 3194 1803 canit
3220 1767 3233 1803 :

2661 1846 2760 1895 Sed
2785 1859 2869 1894 cur
2893 1848 3075 1896 navalis
3098 1851 3147 1897 in
3170 1861 3274 1900 ere

2048 1905 2216 1954 Altera
2239 1908 2426 1967 signata
2456 1914 2549 1965 est,
2577 1906 2732 1957 altera
2757 1911 2909 1957 forma
2932 1909 3101 1971 biceps
3116 1909 3141 1959 ‘l

1925 1993 2089 2050 Janus
2118 1995 2404 2065 respondet
2430 2014 2443 2048 :

2050 2108 2199 2157 Causa
2223 2107 2337 2156 ruis
2354 2115 2576 2170 superest
2588 2141 2605 2170 ._
2623 2106 2831 2170 Tuscum
2852 2114 2958 2170 rate
2976 2109 3113 2158 venit
3130 2110 3181 2158 in
3199 2121 3410 2170 amnem,

2116 2171 2240 2216 Ante
2266 2178 2522 2227 pererrato
2551 2167 2655 2216 falci
2681 2182 2734 2216 er
2758 2169 2879 2215 orbe
2910 2168 3059 2216 Deus.

2053 2230 2263 2293 Athona
2288 2231 2546 2293 posteritas
2574 2243 2785 2293 puppem
2806 2229 3029 2293 formavit
3053 2232 3103 2277 in
3124 2242 3247 2293 are,

2118 2290 2333 2352 Hospitis
2356 2290 2615 2338 adventum
2641 2289 2895 2338 testillcata
2925 2290 3034 2338 Dei.

1932 2392 2131 2446 Verum
2153 2391 2296 2462 enim
2324 2406 2467 2462 vero
2481 2391 2547 2445 ab
2577 2392 2695 2445 aliis
2720 2390 2977 2462 dissidere
3004 2391 3214 2462 videtur
3234 2390 3507 2462 Paulinus,

1934 2477 2097 2531 quum
2123 2461 2219 2530 ipsi
2248 2460 2382 2515 Jano
2406 2460 2692 2531 adventum
2716 2462 2767 2513 in
2792 2461 2994 2514 Italiam
3022 2461 3228 2531 tribuit,
3254 2462 3396 2531 quod
3416 2460 3508 2519 alii

1937 2529 2002 2584 ad
2031 2529 2317 2585 Satarnum
2347 2529 2601 2583 referunt.
2658 2530 2965 2599 Athenaaus,
3019 2529 3287 2599 Deipnosf
3302 2532 3391 2585 lib.
3418 2548 3507 2597 xv,

1936 2616 2043 2655 non
2070 2600 2231 2653 ltalim
2256 2600 2451 2663 solum,
2484 2600 2577 2654 sed
2605 2608 2660 2654 et
2680 2598 2895 2655 Graeciae
2921 2600 2972 2652 in
3001 2611 3100 2653 usu
3120 2598 3291 2655 fuisse
3319 2602 3511 2657 asserit

1937 2669 2237 2736 bujusmodi
2266 2684 2513 2723 nummos
2538 2685 2551 2733 ;
2604 2670 2680 2721 ait
2708 2670 2869 2731 enim,
2918 2674 3023 2729 Τὰς
3048 2672 3172 2725 κατά
3194 2678 3283 2730 τήν
3307 2671 3513 2728 Ἑλλάδα

1938 2742 2121 2800 πολλὰς
2144 2740 2332 2801 πόλεις.
2369 2743 2454 2791 καὶ
2481 2742 2579 2800 τὰς
2604 2742 2730 2793 κατὰ
2754 2746 2844 2797 τὴν
2867 2739 3091 2801 Ἰταλίαν,
3141 2743 3373 2804 Σικελίαν,
3424 2745 3511 2796 hri

1937 2817 2029 2896 ’Σοῦ
2049 2813 2364 2895 pollicitam;
2390 2810 3027 2896 ἐγχαρόξῖτιιηπρόρνωπον
3049 2809 3327 2896 διξέφκαλον,
3355 2816 3437 2896 agi

1941 2881 2155 2952 θατέρῳ
2193 2882 2381 2952 Eipouc
2404 2878 2433 2938 ἦ
2460 2878 2693 2952 σχεδία-ξ,
2723 2878 3114 2952 ἧ-ἁῖξφανργ.ηῇ
3140 2878 3325 2932 τὲλοῖον.
3375 2878 3514 2934 Civi-

1943 2942 2072 3000 tates
2100 2949 2154 3001 in
2182 2942 2385 3001 Griecia
2414 2942 2622 3017 mullus,
2657 2949 2711 2999 in
2737 2942 2917 3009 Italia,
2950 2945 3233 3017 Siciliaque
3255 2959 3513 3002 monetam

1944 3018 2128 3071 cudere
2154 3020 2456 3085 impressam
2483 3015 2674 3084 bicipiti
2705 3017 2865 3085 facie,
2909 3024 2958 3085 et
2980 3031 3045 3068 ex
3072 3015 3236 3068 altera
3266 3026 3413 3085 parte
3436 3016 3513 3072 vel

1945 3098 2077 3153 rate,
2110 3088 2183 3140 vel
2203 3084 2412 3148 cbrona,
2445 3085 2522 3138 vel
2550 3084 2773 3154 navigio.
2803 3084 3015 3137 Similes
3043 3085 3241 3137 nunnni
3273 3086 3513 3140 visuntur

1868 3131 1914 3193 ο
1946 3131 2256 3209 aestus
2263 3131 2412 3224 sua
2428 3131 2580 3224 satis
2580 3131 2616 3206 ιῖ
2615 3131 2638 3224 ί
2634 3131 2772 3224 es;
2779 3131 3514 3224 sanies";fertiles-1};

1947 3226 2085 3294 apud
2108 3220 2312 3279 clarissl
2343 3226 2513 3277 virum
2535 3220 2590 3277 S.
2614 3222 2676 3276 Β.
2700 3222 2917 3294 Ιηϐοιῐι.
2948 3220 3285 3278 Franciscum
3314 3222 3515 3278 Medio-

1942 3293 2166 3349 barbum
2196 3294 2470 3363 Biragum,
2497 3294 2593 3360 qui
2623 3293 3003 3363 amplissimum
3036 3294 3087 3345 in
3117 3308 3175 3346 re
3220 3295 3516 3349 nummaria

1944 3364 2251 3418 thesaurum
2281 3363 2616 3432 possidebat,
2639 3362 3025 3431 prmteritisquc
3047 3363 3198 3416 annis
3217 3363 3518 3432 laudatissi-

1942 3448 2088 3487 mum
2115 3430 2295 3486 emisit
2321 3448 2455 3502 opus
2482 3433 2548 3485 de
2580 3430 2835 3502 Numism.
2877 3432 3089 3502 impen,
3116 3448 3223 3501 quo
3248 3430 3515 3487 Occouem

1942 3503 2256 3558 mirabiliter
2308 3500 2475 3557 auxit.
2528 3501 2653 3566 Sed,
2684 3503 2788 3556 heu
2838 3500 3183 3554 infortunium
3231 3502 3513 3555 nostrum!

1882 3610 1885 3611 ν
1944 3570 2174 3640 Ereptus
2217 3587 2248 3626 e
2294 3573 2426 3627 vivis
2465 3578 2547 3640 est
2598 3571 2699 3626 hoc
2728 3585 2878 3640 anno
2914 3571 2995 3623 vir
3029 3571 3127 3640 istc
3156 3572 3518 3640 doctissimus,

1943 3639 2302 3707 magnumque
2330 3642 2409 3696 sui
2442 3639 2770 3707 desiderium
2786 3639 2911 3691 viris
2932 3639 3153 3691 eruditis
3176 3640 3409 3707 reliquit.

2062 3725 2165 3763 ers.
2200 3705 2289 3763 75.
2324 3708 2673 3763 Nomismata.
2718 3705 2994 3760 Numisma
3023 3716 3079 3761 et
3105 3705 3355 3761 nomisma
3381 3708 3520 3763 dici-

1944 3786 2047 3831 tur.
2084 3778 2316 3831 Primum
2347 3778 2487 3846 apud
2530 3774 3077 3846 Horatiumioccurrit
3107 3776 3197 3829 lib.
3240 3793 3295 3841 11,
3341 3793 3426 3846 ep.
3463 3777 3515 3843 l,

1944 3857 2000 3901 et
2021 3847 2248 3900 Martial.
2277 3844 2430 3910 lib.’1,
2455 3845 2621 3913 epigr.
2650 3844 2734 3897 40.
2772 3845 3007 3897 Alterum
3040 3846 3090 3898 in
3123 3846 3355 3913 antiquis
3378 3844 3519 3914 glos-

1944 3918 2045 3979 sis,
2097 3924 2152 3969 et
2186 3915 2327 3984 apud
2352 3924 2568 3969 autores
2609 3914 3099 3984 praestantissimos.
3138 3914 3297 3969 Certe
3327 3917 3528 3970 melius

1944 3984 2143 4109 ξιυῗοὶε
2187 3983 2581 4054 orthographia:
2610 3983 3083 4050 accommodatur,
3137 4000 3254 4053 qua:
3295 3988 3520 4057 νόμισμα

1985 4070 2013 4107 a
2054 4070 2083 4108 e
2115 4095 2127 4108 .

1985 4057 2127 4108 abet.

2018 4124 2167 4181 Vers.
2205 4122 2290 4181 76.
2321 4122 2505 4193 Capita
2528 4123 2637 4177 [nec
2657 4131 2707 4175 et
2756 4124 2929 4175 naria.
2960 4121 3055 4176 Est
3082 4122 3385 4192 ludusapud
3416 4123 3523 4177 Ita-

1946 4194 2029 4248 los
2051 4194 2322 4264 puerulos,
2348 4208 2507 4261 queat
2526 4202 2725 4264 vocant
2746 4193 2952 4264 giocare
2971 4209 3002 4244 a
3031 4201 3159 4245 testa
3186 4210 3215 4247 ο
3238 4209 3402 4258 arma,
3429 4202 3522 4247 aut

1947 4281 1980 4317 a
2005 4260 2133 4317 testa
2159 4282 2189 4318 o
2225 4260 2407 4327 crocei,
2440 4270 2493 4317 et
2519 4263 2658 4333 apud
2688 4260 2869 4317 Gallos
2899 4264 3052 4333 jouer
3073 4266 3104 4315 ὰ
3127 4265 3270 4316 croix
3304 4278 3369 4315 ou
3394 4264 3517 4333 pile.

1946 4333 2039 4387 Ille
2069 4335 2181 4403 ipse
2210 4342 2295 4387 est
2328 4333 2418 4401 qui
2455 4332 2594 4403 apud
2622 4332 3119 4403 antiquos.'Ac_cipe
3155 4332 3517 4403 autoritatem.

1949 4400 2295 4457 Ann—Victor
2322 4400 2439 4469 (Seu
2467 4400 2587 4470 quis
2616 4402 2750 4455 alius
2776 4411 2931 4455 autor
2958 4400 3173 4470 ille’sit)
3223 4401 3276 4455 in
3316 4402 3407 4455 lib.
3456 4400 3525 4454 de

265 4472 856 4546 opinio‘asserentiutn
882 4470 1002 4525 ideo
1030 4469 1313 4546 bifrontem
1333 4469 1529 4546 Janum
1546 4470 1692 4546 fingi,
1711 4473 1845 4546 quia
1877 4488 1924 4546 ι)
1948 4471 2091 4546 Orig.
2110 4481 2255 4539 gent.
2287 4471 2474 4546 Rom._:
2493 4469 2673 4546 'Istum
2699 4472 2875 4546 etiam,
2903 4471 3093 4546 inquit,
3115 4469 3263 4546 usum
3284 4471 3527 4541 signandi

265 4539 545 4613 praeterita
585 4540 909 4613 respexerit2
962 4555 1025 4595 ac
1042 4540 1224 4613 futura
1256 4539 1575 4613 praeviderit.
1626 4539 1843 4613 Ovidius

267 4609 454 4667 tamen
481 4611 575 4663 lib.
607 4626 623 4663 1
653 4609 821 4676 Fast.,
862 4609 1097 4664 Macrob.
1146 4610 1236 4664 lib.
1270 4626 1286 4664 1
1315 4610 1532 4663 Saturn.
1554 4649 1568 4672 ,
1618 4612 1840 4677 August.

267 4682 363 4735 lib.
388 4697 461 4735 v11
483 4680 549 4732 de
576 4678 689 4733 Civ.
714 4680 831 4745 Dei,
854 4678 1043 4748 cap.8,
1062 4679 1277 4746 aliique,
1303 4679 1541 4733 diversas
1571 4681 1846 4748 excogita-

268 4758 400 4805 runt
425 4749 683 4812 rationes,
712 4764 845 4817 quas
871 4748 1108 4802 recolere
1129 4748 1330 4802 volenti
1360 4749 1425 4802 ad
1449 4764 1668 4803 manum
1694 4759 1850 4805 erunt

268 4835 462 4874 eorum
486 4818 775 4872 volumina.
796 4818 1094 4889 Macrobius
1121 4834 1269 4889 vero,
1295 4818 1386 4872 lib.
1420 4834 1591 4888 nuper
1610 4819 1847 4889 laudato,

269 4897 327 4943 et
358 4889 692 4957 potissimum
723 4904 842 4957 cap.
873 4888 923 4948 7,
950 4886 1169 4941 Paulino
1195 4886 1565 4956 adstipulatur.

394 4957 620 5028 ersjl.
653 4956 849 5028 Ianum
876 4959 1160 5028 geminum_._
1184 4957 1351 5010 Numa
1382 4960 1617 5012 omnium
1648 4958 1852 5028 primus

272 5029 467 5082 Janum
495 5026 774 5081 Geminum
805 5027 1088 5081 dedicavit.
1126 5026 1372 5091 Velleius,
1407 5028 1570 5093 lib.n,
1602 5026 1673 5081 ita
1704 5029 1851 5083 illum

274 5106 438 5150 vocat
460 5115 471 5149 :
504 5096 669 5150 Certa:
690 5098 831 5165 pacis
860 5104 1215 5165 argumentum
1242 5096 1409 5149 Janus
1433 5096 1678 5151 Geminus
1707 5098 1853 5151 clau-

276 5183 363 5219 sus
396 5167 553 5219 dedit.
580 5165 717 5235 Plin.
752 5166 842 5219 lib.
877 5181 1054 5225 xxx1v.
1101 5181 1219 5235 cap.
1252 5167 1282 5218 '1
1310 5184 1322 5218 :
1377 5165 1638 5219 Prwterea
1683 5168 1851 5221 Janus

280 5235 525 5289 Geminus
559 5252 603 5304 Aa
645 5233 823 5287 Numa
860 5251 978 5304 rege
1024 5233 1243 5289 dicatus.
1297 5235 1459 5304 Idem,
1489 5235 1700 5304 cap.72,
1756 5236 1847 5290 lib.

280 5321 445 5359 XXXIII
473 5323 485 5357 :
520 5302 573 5356 Ν
577 5312 663 5358 ota
685 5306 803 5359 aeris
825 5302 931 5373 fuit
942 5320 1007 5357 ex
1029 5305 1192 5357 altera
1215 5312 1361 5373 parte
1391 5302 1567 5357 Janus
1584 5303 1847 5365 Geminus.

281 5390 346 5443 ex
374 5376 538 5429 altero
574 5384 795 5443 rostrum
821 5375 984 5443 navis.
1018 5374 1099 5427 Ad
1126 5375 1225 5428 hoc
1252 5373 1545 5441 respiciunt
1567 5383 1853 5443 sequentes

286 5441 485 5512 Paulini
514 5458 718 5496 versus.
743 5442 874 5496 Vide
895 5458 1109 5512 quoque
1130 5443 1423 5497 Varronem
1448 5443 1538 5496 lib.
1558 5458 1610 5497 1v
1621 5441 1687 5497 de
1699 5442 1848 5511 Ling.

287 5510 470 5583 Latina
493 5554 508 5577 ,
541 5512 765 5583 Sueten.
799 5514 850 5566 in
881 5510 1077 5567 Neron.
1109 5528 1230 5582 cap.
1264 5512 1359 5579 ιι,
1389 5520 1445 5567 et
1468 5512 1700 5568 Macrob.
1732 5510 1851 5583 cap.

289 5579 339 5647 9,
368 5583 456 5636 lib.
486 5600 501 5637 ι
532 5581 748 5636 Saturn.

356 5652 504 5707 Vcrs.
530 5652 617 5705 73.
646 5650 899 5705 Nummus
921 5651 1054 5705 huic.
1074 5651 1393 5706 Plutarchus
1413 5652 1467 5705 in
1481 5651 1679 5717 Quaest.
1698 5651 1856 5706 Rom.

288 5720 385 5777 hac
411 5722 475 5778 de
505 5736 566 5777 re
602 5722 824 5778 scribit:
852 5728 1019 5795 ¹Δισιτιὶ
1044 5724 1102 5778 τὸ
1148 5724 1352 5780 παλαιὸν
1394 5723 1615 5793 νόμισμα
1658 5731 1730 5781 πῆ
1773 5727 1862 5792 μέν

1952 4544 2091 4603 ωνὶδ,
2117 4560 2177 4595 as
2204 4552 2422 4595 monetae
2450 4543 2503 4594 in
2535 4543 2754 4610 formam
2782 4539 3108 4604 incutiendar,
3149 4539 3529 4594 Janus-osten‘

1953 4613 2089 4664 disse
2118 4612 2357 4675 traditur,
2405 4612 2455 4663 in
2486 4608 2585 4681 qua
2629 4608 2690 4661 ab
2724 4626 2825 4661 una
2854 4620 3000 4681 parte
3030 4619 3180 4677 caput
3190 4611 3320 4681 _ejus
3350 4611 3529 4679 impri-

1952 4692 2194 4745 meretur,
2226 4683 2392 4734 altera
2419 4678 2583 4742 nauis,
2608 4696 2705 4745 qua
2730 4686 2895 4731 vectus
2916 4678 3005 4732 illo
3025 4688 3155 4732 erat.
3188 4678 3266 4732 En
3295 4687 3353 4731 ut
3374 4678 3529 4732 autor

1954 4750 2056 4804 iste
2083 4752 2134 4803 in
2156 4750 2273 4803 Jani
2296 4750 2528 4804 adventu
2558 4747 2779 4801 Paulino
2806 4748 3115 4801 concordat.
3141 4748 3330 4801 Subdit
3364 4765 3376 4800 :
3414 4747 3528 4801 Un-

1958 4820 2021 4872 de
2047 4821 2316 4883 aleatores,
2333 4820 2499 4889 posito
2528 4834 2734 4889 nummo
2759 4825 3050 4889 opertoque,
3067 4818 3324 4889 optionem
3353 4818 3533 4870 conlu-

1957 4891 2158 4943 soribus
2205 4886 2398 4957 ponunt
2438 4887 2740 4942 enuntiandi
2782 4886 2905 4955 quid
2955 4895 3131 4957 putent
3175 4886 3414 4950 subesse,
3444 4903 3533 4939 ea-

1956 4967 2085 5028 put,
2116 4968 2203 5010 aut
2249 4975 2475 5028 navemd:
2518 4957 2651 5028 quod
2682 4972 2812 5028 nunc
2848 4957 2995 5027 vulgo
3023 4966 3404 5028 rat-rumpentes
3436 4973 3531 5008 na-

1955 5025 2130 5082 uiandi
2179 5028 2373 5080 dicunt.
2423 5026 2501 5080 'l‘u
2530 5025 2716 5080 vocem
2765 5025 2903 5080 hanc
2932 5025 3175 5079 naviandi
3204 5025 3431 5094 corrige,
3476 5032 3533 5094 et

1956 5099 2109 5151 naria
2137 5112 2357 5165 repone.
2387 5095 2479 5149 His
2502 5103 2764 5165 consonat
2786 5094 3107 5162 Macrobius,
3139 5096 3229 5149 lib.
3254 5112 3292 5160 1,
3325 5093 3441 5163 cap.
3472 5093 3526 5152 '7.

1954 5166 2168 5221 Saturn.
2200 5163 2221 5219 ἐ
2253 5165 2379 5219 Cum
2408 5167 2602 5234 primus
2623 5163 2789 5217 Janus
2814 5180 2917 5219 trra
2960 5165 3207 5235 signaret,
3239 5165 3457 5219 servavit
3486 5176 3535 5215 et

1952 5238 2007 5289 in
2037 5236 2130 5290 hoc
2156 5235 2373 5289 Saturni
2402 5235 2740 5288 reverentiam
2758 5273 2770 5297 ,
2812 5242 2865 5285 ut
2894 5236 3135 5304 quoniam
3155 5236 3243 5288 ille
3266 5236 3383 5288 navi
3416 5235 3531 5304 [ue-

1952 5314 2035 5358 rat
2064 5305 2314 5358 adductus
2340 5345 2353 5368 ,
2376 5321 2441 5357 ex
2468 5322 2571 5357 una
2601 5304 2804 5375 quidem
2828 5303 2974 5371 parte
2988 5307 3072 5375 sui
3101 5306 3281 5375 capitis
3310 5303 3530 5375 effigies,

1958 5391 2023 5427 ea:
2051 5375 2214 5428 altera
2243 5391 2354 5427 vero
2376 5375 2519 5426 navis
2541 5374 2929 5440 exprimeretur.
2954 5374 3054 5427 Ai's
3084 5374 3336 5443 itafuisse
3357 5374 3532 5441 signa-

1961 5453 2067 5497 tum
2099 5445 2341 5515 hodieque
2360 5444 2665 5515 intelligitur
2690 5443 2743 5496 in
2772 5444 2901 5515 alea:
2922 5443 3055 5511 lusu,
3079 5461 3187 5497 cum
3211 5444 3352 5515 pueri
3373 5443 3534 5493 dena-

1962 5516 2068 5567 rios
2097 5515 2149 5566 in
2171 5512 2383 5566 sublime
2384 5512 2664 5581 jactantes,
2688 5514 2880 5582 capita,
2903 5524 2989 5565 aut
3015 5512 3235 5576 navium,
3268 5514 3379 5582 lusu
3410 5517 3534 5561 teste

1963 5585 2247 5649 vetustatis,
2295 5580 2604 5635 exclamant.
2658 5580 2897 5635 Andreas
2923 5582 3172 5636 Schottus
3219 5583 3301 5635 hic
3328 5580 3533 5649 integre

1964 5651 2068 5717 legi
2098 5645 2325 5715 navium,
2351 5668 2455 5705 non
2474 5653 2667 5712 navim,
2693 5666 2760 5705 ex
2788 5652 2820 5702 4
2841 5667 2937 5705 ms.
2966 5650 3281 5703 Pitlxeorum
3304 5649 3410 5712 ait;
3440 5645 3534 5701 sed

1966 5720 2095 5777 mihi
2122 5722 2302 5791 potius
2329 5721 2481 5774 naria
2504 5729 2595 5777 aut
2616 5721 2822 5775 navium
2850 5720 3027 5790 legere
3054 5720 3310 5787 placeret,
3341 5718 3393 5775 id
3420 5732 3535 5774 ver-
