3990 6182
216 302 330 355 705

221 414 332 469 140
368 413 621 471 Stercore
651 419 777 469 tunc
819 411 1055 477 mittunt,
1089 411 1263 480 ipsum
1307 421 1408 478 pro
1447 413 1687 462 stercore
1730 402 1813 472 ja-
1842 403 1894 463 Α

1553 497 1742 569 [ctant.

372 596 564 652 Omnia
593 598 639 652 si
667 610 893 666 quaeras,
937 592 1106 661 magis
1137 599 1192 646 et
1218 587 1444 645 ridenda
1473 586 1741 641 videntur.

375 689 604 744 Additur
629 689 719 743 hic
747 686 889 741 aliud
920 704 931 738 :
965 684 1140 739 Vesta:
1176 697 1309 751 quas
1336 679 1571 747 virgines
1611 676 1762 731 aiunt

377 780 758 850 Quinquenues
786 779 973 849 epulas
1000 776 1152 830 audis
1179 782 1397 843 portare
1426 769 1664 833 draconi,

380 870 479 937 Qui
510 876 688 923 tamen
728 877 820 921 aut
848 883 953 921 non
1000 872 1120 931 est,
1172 873 1264 917 aut
1312 863 1357 917 si
1408 868 1521 923 est,
1578 857 1824 912 diabolus

1480 948 1616 1019 [ipse
1646 952 1747 1011 est,

239 1049 348 1109 115
380 1047 612 1104 liumani
642 1045 855 1114 generis
885 1042 1186 1099 contrarius
1215 1047 1371 1094 antea
1401 1051 1609 1091 suasor.

380 1140 449 1195 Et
478 1146 805 1194 venerantur
832 1152 977 1201 eum,
1000 1134 1092 1204 qui
1124 1147 1264 1187 nunc
1292 1132 1345 1186 in
1377 1130 1593 1184 nomine
1625 1124 1826 1181 Christi

383 1232 449 1287 Et
479 1231 680 1295 tremit,
724 1238 780 1284 et
822 1227 1045 1298 pendet,
1086 1240 1290 1295 suaque
1334 1222 1515 1277 omnia
1557 1219 1696 1275 facta
1744 1217 1821 1271 fa-

1568 1313 1754 1385 [tetur.

384 1412 513 1480 Quae
547 1424 699 1465 mens
727 1416 809 1465 est
840 1407 1141 1469 hominum,
1189 1414 1252 1461 ut
1285 1420 1385 1476 pro
1414 1404 1556 1459 veris
1586 1403 1716 1457 falsa
1745 1401 1829 1457 lo-

772 1480 787 1493 .
1480 1495 1757 1567 [quantur,

386 1593 487 1663 Qui
515 1591 807 1663 linquenda
844 1589 1047 1655 colunt,
1079 1595 1373 1659 contraque
1413 1586 1637 1643 colenda
1666 1585 1831 1640 relin-

1530 1679 1760 1753 [quunt‘l

246 1777 348 1832 150
382 1776 500 1831 Jam
529 1784 615 1830 sat
639 1776 741 1829 erit
768 1774 926 1829 nobis
956 1788 1125 1828 vanos
1166 1786 1388 1826 narrare
1418 1771 1658 1825 timores.

384 1867 510 1922 Haec
537 1881 639 1935 ego
666 1874 856 1921 cuncta
886 1864 1029 1933 prius
1048 1904 1064 1929 ,
1097 1864 1301 1919 clarum
1329 1878 1451 1917 cum
1492 1862 1673 1915 lumen
1698 1861 1829 1917 ade-

389 2045 745 2117 709-710
771 2044 962 2114 Meque
991 2042 1081 2098 diu
1130 2042 1394 2097 incertum
1423 2049 1479 2095 et
1509 1950 1828 2111 to[tptlt:lr:pe-

1302 2132 1554 2205 [statibus
1584 2140 1762 2187 actum

387 2228 589 2283 Sancta
627 2225 847 2281 salutari
876 2225 1115 2295 suscepit
1140 2222 1349 2280 Eclesia
1377 2232 1556 2293 portu,

389 2319 626 2389 Postque
654 2331 817 2385 vagos
847 2315 1039 2371 fluctus
1067 2314 1353 2384 tranquilla
1382 2314 1509 2369 sede
1540 2315 1758 2381 locavit,

252 2409 352 2464 155
391 2408 461 2463 Ut
482 2408 609 2461 mihi
627 2407 739 2476 jam
762 2406 939 2471 liceat,
972 2405 1185 2459 detersa
1216 2404 1357 2458 nube
1381 2403 1668 2469 malorum,

392 2498 659 2567 Tempore
681 2496 945 2565 promisso
974 2494 1148 2549 lucem
1178 2508 1396 2562 Sperare
1423 2507 1691 2547 serenam.

384 2588 503 2643 Jam
519 2589 665 2658 prior
679 2586 766 2640 illa
776 2586 935 2651 salus,
950 2599 1108 2654 quam
1122 2583 1353 2654 perdidit
1364 2582 1838 2653 immemorAdam,

321 2722 475 2776 Vers.
522 2719 643 2774 HO.
696 2718 941 2774 Stercora
988 2726 1110 2771 tunc
1147 2719 1374 2771 mittunt.
1423 2716 1577 2771 Fimo
1607 2717 1682 2771 dii
1709 2730 1841 2784 gen-

251 2794 382 2847 tium
428 2790 775 2845 dehonestari
819 2789 1087 2843 solebant.
1148 2786 1327 2855 Nuper
1380 2787 1626 2841 laudatus
1675 2788 1839 2842 abbas

250 2863 581 2917 Blanchinus
616 2860 1005 2914 Othoboniante
1050 2856 1387 2926 bibliothecae
1434 2856 1716 2925 praefectus
1744 2872 1841 2926 per

248 2935 314 2988 cl.
359 2934 535 2986 virum
579 2928 662 2983 Jo.
709 2929 1048 2997 Ciampinum
1085 2924 1320 2997 Orphei,
1366 2924 1463 2981 seu
1490 2924 1839 2997 Onomacriti,

250 3018 463 3057 versum
503 3001 569 3055 de
619 3001 722 3053 ritu
762 2995 921 3053 simili
967 3006 1027 3051 ut
1074 2995 1555 3051 animadverteram
1608 2996 1837 3051 monuit.

251 3072 492 3127 Habetur
528 3071 615 3124 ille
664 3070 803 3139 apud
844 3069 1091 3123 Nazianz.
1134 3068 1189 3121 in
1237 3066 1507 3122 Steliteut.
1550 3067 1575 3120 1
1627 3066 1836 3122 advers.

251 3142 449 3198 Julian.

359 3240 453 3287 Ζεῦ
485 3230 715 3293 κύδιστε,
750 3232 955 3301 μέγιστε
982 3230 1126 3291 θεῶν,
1158 3227 1375 3301 saeuius
1397 3226 1589 3301 ιιόπρῳ.

314 3303 518 3363 Jupiter
536 3295 904 3362 gloriosissime,
917 3300 1064 3346 deum
1089 3308 1316 3355 maxime,
1334 3295 1557 3344 delibute
1576 3303 1819 3344 stercore.

254 3386 521 3442 Seldcnus
551 3383 618 3437 de
647 3382 758 3436 Diis
787 3381 956 3451 Syris,
990 3377 1233 3451 synt._2,
1268 3393 1401 3451 cap:
1431 3376 1482 3442 5,
1524 3378 1666 3431 hunc
1694 3392 1845 3430 eum-

261 3456 383 3510 dem
412 3455 605 3509 recitat
636 3447 868 3512 tersum,
911 3450 1005 3504 sed
1033 3447 1101 3502 ad
1141 3447 1338 3502 Jovem
1365 3447 1690 3502 Stercoreum
1737 3461 1845 3500 non

257 3527 430 3592 magis
451 3525 681 3593 attinere
697 3529 883 3576 censet
904 3519 1031 3575 illud
1055 3521 1305 3590 εὓιυμένος
1328 3521 1519 3593 κόπρῳ,
1538 3531 1699 3585 quam
1718 3515 1844 3570 Ver-

256 3596 369 3664 gilii
398 3594 467 3649 de
496 3592 629 3648 Jove
656 3593 817 3647 verba
845 3609 858 3644 :

786 3683 1054 3743 Totamque
1078 3679 1234 3728 infusa
1260 3692 1348 3740 per
1372 3685 1508 3725 artus

346 3747 494 3796 Mens
516 3746 670 3808 agitat
691 3744 890 3803 molem,
914 3753 965 3793 et
976 3739 1165 3802 'magno
1187 3753 1245 3789 se
1263 3739 1479 3802 corpore
1502 3739 1689 3786 miscet.

255 3829 421 3896 Quasi
454 3827 741 3894 utrobique
766 3824 975 3896 Jupiter
997 3822 1208 3896 arcanis
1237 3829 1441 3896 natura:
1476 3817 1850 3896 involutus‘di-

256 3888 432 3955 Eatur.
471 3888 670 3951 Verum
694 3896 767 3949 nil
797 3888 873 3948 rei
904 3893 1094 3947 Latina
1124 3891 1358 3946 carmina
1387 3905 1507 3944 cum
1532 3888 1732 3944 Grmcis
1758 3890 1851 3941 ha-

256 3969 385 4042 bent
416 4010 431 4033 ,
474 3968 747 4042 etaiam;
789 3966 909 4042 ille,
941 3978 1048 4042 quo
1088 3957 1849 4042 delibutusdigturnlupiter,

257 4029 569 4107 hujusinodi
613 4029 679 4089 ali
726 4029 1406 4107 explicatione__abhorret.
1458 4029 1548 4107 Dii
1583 4029 1851 4107 Stercorei

258 4097 412 4162 {utere
450 4114 734 4171 pneterea,
765 4097 946 4170 atque,
996 4111 1053 4154 ut
1096 4100 1289 4153 ibidem
1321 4106 1473 4153 notat
1499 4099 1638 4153 idem
1669 4097 1856 4171 Selde-f

259 4194 394 4240 nus,
450 4167 730 4228 Beelzebut'
758 4167 913 4226 sonat
957 4171 1205 4225 Dominus
1251 4180 1560 4229 stercoreus,
1585 4177 1667 4240 __et
1704 4167 1854 4240 ralibi

262 4237 539 4302 Abraham
572 4244 870 4298 Benkattun
899 4257 1111 4295 versum
1152 4240 1220 4292 53
1262 4256 1382 4308 cap.
1424 4255 1550 4292 χχιιι
1582 4237 1751 4290 Exodi
1783 4238 1853 4290 ita

263 4316 509 4385 explicat
539 4332 551 4365 :
588 4312 711 4385 Non
743 4315 878 4366 sines
902 4310 1383 4385 apud‘tehabitare,
1416 4309 1500 4385 qui
1532 4310 1702 4361 colunt
1736 4313 1856 4360 deos

263 4379 569 4457 peregrinos
590 4384 665 4457 ρει
688 4393 985 4457 stercoreus.
1019 4382 1131 4457 Sed
1155 4396 1262 4457 cur‘
1277 4379 1477 4457 Adonis
1499 4387 1736 4457 sthpra
1764 4392 1856 4457 pa:

266 4445 545 4510 ticbatur?
584 4453 811 4508 Causam
856 4452 1120 4504 invenisse
1175 4446 1300 4502 mihi
1354 4447 1550 4501 videor.
1602 4445 1853 4499 Nonnulli

265 4523 574 4581 Adonidem
602 4538 785 4576 semen
831 4521 988 4575 tritici
1033 4534 1150 4573 esse
1184 4526 1507 4578 statuerunt,
1549 4516 1699 4585 inter
1718 4530 1853 4585 quos

265 4592 543 4648 Theocriti
609 4592 937 4646 Scholiastes
989 4590 1061 4643 ita
1110 4588 1319 4642 locutus
1362 4593 1444 4641 est
1484 4604 1494 4637 :
1531 4597 1585 4639 '0
1621 4584 1853 4644 Ἄδωνις.

267 4666 425 4737 ἤγουν
449 4664 476 4718 ὁ
505 4672 652 4725 σῖτος
676 4662 701 4716 ὁ
726 4664 1052 4737 ammoneret;
1083 4659 1131 4737 ἓξ
1149 4666 1313 4737 ⁵μιῇνοις
1349 4658 1397 4737 ἐν
1430 4666 1492 4726 τῇ
1516 4663 1579 4728 γῇ
1605 4663 1737 4708 ποιεῖ
1758 4656 1858 4708 ὑπὸ

270 4728 363 4795 τὶς
411 4740 641 4807 σπορᾶς..
668 4740 774 4807 etc.
809 4728 1026 4807 Adonis,
1077 4728 1304 4807 videlicet
1342 4729 1652 4807 fr_umen_tum
1689 4733 1858 4805 satum

273 4793 365 4859 sea:
393 4793 595 4856 menses
622 4793 758 4854 humi
806 4800 895 4853 sub
925 4801 1124 4853 satione
1167 4793 1497 4866 degit.'Tatn
1536 4794 1671 4866 bene
1700 4793 1860 4860 igitur

277 4873 506 4927 Adonidi
546 4880 787 4925 stercora
826 4877 1097 4938 aptantur,
1129 4861 1288 4938 quam
1330 4865 1526 4938 tritico.
1560 4861 1706 4938 Quia
1732 4878 1861 4917 vero

279 4945 423 4997 inter
450 4942 743 4996 Vulcanum
762 4933 1090 5006 Venerisque
1119 4933 1350 4990 amasios
1376 4933 1861 5006 inimiciti:e_intcr-_

282 5013 567 5075 cedebant,
611 5012 733 5064 hinc
761 5008 962 5064 Adonis
990 5000 1129 5061 male
1166 5006 1398 5065 habitus,
1437 5018 1599 5071 quum
1643 5000 1862 5075 Vulcani

281 5096 432 5135 sacra
462 5071 871 5149 peragebantur.
913 5078 1021 5132 Has
1048 5075 1461 5149 ego_pr_opiore_s
1501 5086 1690 5149 causas
1718 5071 1862 5124 arbi-

286 5096 432 5135 sacra
462 5091 871 5149 peragebantur.
913 5091 1021 5132 Has
1048 5092 1148 5145 ego
1221 5091 1461 5143 roptores
1501 5091 1690 5126 causas
1718 5091 1862 5124 arm-

286 5161 399 5204 tror
439 5167 536 5205 cur
564 5150 698 5205 adeo
729 5148 904 5218 turpia
934 5149 1022 5202 ille
1060 5148 1113 5201 in
1151 5091 1531 5200 Videanalibus
1560 5141 1740 5195 subire
1769 5156 1863 5195 co-

324 5227 525 5273 eretur.

289 5234 525 5344 gelVeettl‘lst.
546 5287 661 5342 145.
699 5285 1057 5357 ριιὶιιᾳιιςηηςε
1086 5284 1280 5357 epulas.
1327 5281 1563 5357 Lipsium
1589 5279 1709 5334 audi
1740 5293 1860 5357 cap.

294 5358 354 5412 10
382 5358 452 5413 de
475 5358 633 5413 Vesta
657 5348 943 5412 etiVes'tal.
977 5373 989 5407 :
1014 5352 1079 5407 In
1110 5348 1343 5422 ambage,
1367 5348 1442 5405 vel
1462 5351 1593 5422 nube
1611 5357 1706 5422 est,
1731 5348 1865 5417 quod

290 5431 341 5482 in
380 5428 631 5498 Sylvestri
666 5428 808 5479 Actis
847 5423 1149 5497 quibusdam
1200 5419 1426 5498 legitur:
1458 5419 1711 5498 Draconis
1752 5434 1866 5498 eunt

290 5515 381 5552 ora
424 5487 690 5559 clausisse,
733 5504 781 5548 et
816 5487 1072 5564 perpetuo
1096 5487 1354 5564 ergastulo
1400 5491 1743 5564 mancipasse,
1781 5487 1866 5564 cui

290 5568 523 5622 kalendis
550 5556 834 5635 singulisa
868 5556 1343 5635 virginibus'Vestaz
1369 5558 1687 5635 suppeditari
1713 5556 1868 5609 solita

292 5645 409 5691 sunt
438 5625 703 5689 alimeni'a.
740 5632 880 5686 Nam
915 5625 1025 5703 quis
1058 5638 1279 5703 veterum
1318 5625 1684 5703 tale‘aliquid‘?
1710 5639 1869 5703 eoque

293 5710 483 5774 sperni,
513 5716 601 5757 aut
630 5704 787 5773 abjici
824 5720 855 5755 a
899 5691 1269 5774 ninguisuviris
1307 5707 1364 5774 ut
1405 5691 1542 5774 falsa
1584 5695 1747 5774 video.
1781 5691 1868 5774 Me

296 5760 589 5836 cunctante,
637 5760 710 5826 an
760 5788 863 5827 non
915 5760 1261 5824 Tertullianus
1312 5760 1416 5819 lutc'
1453 5764 1746 5834 adspexerit
1800 5760 1870 5815 ad

1576 290 1809 348 POEMA
1853 286 2181 343 ULTIMUM.

1862 1766 1908 1826 B

3396 283 3502 338 706

2058 399 2208 455 Tunc
2235 412 2366 455 vero
2394 397 2658 453 suadente
2676 397 2844 465 malo,
2874 411 3017 453 nunc
3043 398 3244 468 remige
3265 396 3505 466 Christo,

2062 490 2228 546 Eruta
2255 491 2323 546 de
2350 490 2587 561 sc0pulis
2614 504 2828 559 semper
2855 503 3103 543 mansura
3132 498 3393 556 resurget.

1922 583 2025 637 160
2062 583 2263 638 Rector
2285 583 2430 637 enim
2458 591 2643 637 noster
2662 583 2739 637 sic
2755 581 2990 650 undique
3009 589 3197 635 cuncta
3222 581 3502 647 gubernat,

2062 672 2134 727 Ut
2161 672 2326 731 modo
2355 674 2447 741 qui
2474 674 2631 728 nobis
2659 687 2897 727 errorem
2926 671 3121 724 mentis
3144 670 3363 737 ademit,

2065 764 2164 819 llic
2190 765 2413 818 meliore
2442 765 2526 816 via
2556 764 2789 832 paradisi
2820 763 3001 817 limina
3030 763 3229 832 pandat

2065 855 2234 910 Felix.
2262 855 2453 909 Nostra
2475 854 2606 908 ﬁdes
2628 855 2719 908 uni
2747 862 3002 924 certoque
3030 854 3205 908 dicata
3230 872 3243 919 ;

2070 943 2215 998 Unus
2244 944 2387 997 enim
2415 944 2557 997 Deus
2585 951 2685 1009 est,
2719 944 3015 997 substantia
3045 944 3211 998 Filius
3240 959 3367 1004 una.

1928 1036 2032 1090 165
2070 1036 2217 1091 Unus
2246 1037 2298 1089 in
2327 1045 2554 1105 utroque
2574 1042 2656 1090 est
2682 1050 2816 1089 unus
2843 1036 3011 1103 vigor,
3045 1052 3149 1090 una
3176 1044 3437 1105 potestas.

2073 1126 2313 1194 Namque
2342 1125 2437 1178 Dei
2460 1124 2694 1177 Verbum
2725 1126 2900 1193 patrio
2930 1125 2998 1179 de
3024 1134 3243 1194 pectore
3268 1126 3513 1181 Christus

2069 1215 2321 1279 Emicuit,
2354 1229 2672 1284 semperque
2700 1213 2816 1279 fuit,
2853 1215 2943 1282 qui
2987 1231 3090 1270 non
3115 1217 3265 1283 quasi
3297 1224 3471 1278 natus,

2070 1304 2198 1369 Ore,
2235 1305 2329 1359 sed
2369 1319 2646 1372 egressus,
2678 1305 2843 1358 chaos
2886 1304 3013 1359 illud
3057 1304 3213 1359 inane
3252 1306 3508 1371 removit,

2070 1394 2139 1448 Et
2164 1394 2287 1449 tulit
2320 1394 2600 1448 informem
2630 1402 2895 1448 contexta:
2922 1394 3092 1449 noctis
3121 1395 3344 1463 hiatum,

1931 1485 2036 1540 170
2074 1485 2456 1552 Distribuitque
2478 1484 2609 1539 locis
2635 1499 2806 1550 mare,
2838 1492 3028 1549 terras,
3054 1499 3201 1550 aera,
3227 1484 3445 1552 coelum,

2072 1574 2273 1643 Hisque
2300 1573 2447 1627 dedit
2472 1573 2738 1640 geminam
2777 1572 2929 1641 pulsa
2956 1572 3180 1639 caligine
3210 1573 3405 1627 lucem.

2074 1663 2171 1718 Ast
2186 1664 2273 1717 ubi
2300 1672 2491 1717 cuncta
2513 1678 2710 1717 novum
2732 1670 3052 1732 stupuerunt
3073 1676 3291 1729 surgere
3311 1662 3514 1728 Solem,

2074 1751 2341 1819 Quattuor
2360 1751 2477 1806 hate
2492 1752 2669 1806 hausit
2696 1753 2856 1808 variis
2882 1752 3103 1806 exordia
3134 1753 3310 1806 rebus.

2075 1842 2211 1897 Sunt
2239 1843 2483 1896 homines
2512 1841 2690 1903 terris,
2721 1849 2847 1895 sunt
2873 1841 3050 1895 addita
3080 1841 3255 1894 sidera
3284 1841 3440 1904 cmlo,

1934 1932 2037 1986 175
2074 1932 2213 1987 Aere
2235 1932 2433 2001 pendet
2458 1932 2589 1996 avis,
2618 1931 2818 1999 liquido
2846 1939 2996 1984 natat
3022 1946 3238 1998 aequore
3265 1932 3441 1999 piscis.

2073 2020 2162 2075 Sic
2190 2021 2457 2075 elementa
2485 2021 2595 2074 suis
2617 2021 2893 2075 decoravit
2918 2021 3124 2088 singula
3152 2021 3358 2085 formis,

2072 2109 2269 2164 Nexuit
2298 2108 2434 2170 haec,
2463 2108 2672 2163 diversa
2702 2109 2846 2175 licet,
2871 2110 3206 2178 discretaque
3222 2110 3418 2179 juuxit,

2072 2199 2373 2268 Junctaque
2399 2198 2676 2264 discrevit,
2702 2212 2822 2266 qua:
2869 2214 3010 2252 nunc
3035 2198 3201 2253 divisa
3227 2200 3519 2254 cohaarent.

2078 2287 2291 2343 Claudit
2317 2288 2463 2342 enim
2502 2287 2747 2342 Oceanus
2778 2294 3005 2353 terram;
3046 2303 3196 2343 mare
3225 2289 3519 2356 clauditur;

3307 2380 3326 2452 [
3342 2380 3455 2448 ipse

1938 2468 2042 2525 180
2080 2469 2195 2524 Axe
2224 2468 2322 2523 sub
2342 2468 2576 2523 aethereo
2595 2468 2804 2523 medius
2832 2470 3170 2525 concluditur
3193 2486 3306 2527 aer.

2082 2560 2199 2615 lloc
2220 2560 2381 2615 etiam
2411 2557 2625 2625 cmlum,
2658 2559 2803 2628 quod
2824 2576 2923 2614 nos
2943 2562 3171 2615 sublime
3199 2562 3467 2628 videmus,

1945 2695 2107 2750 Uxor.
2138 2713 2263 2767 cap.
2287 2693 2339 2759 6,
2374 2695 2510 2767 hisce
2547 2694 2759 2767 iverbis:
2795 2693 2971 2749 Romae
3011 2695 3212 2765 quidem
3240 2713 3355 2767 quw
3391 2697 3528 2766 ignis

1941 2767 2079 2820 illius
2107 2763 2512 2835 inextinguibilis
2541 2766 2817 2834 imaginem
2842 2763 3086 2835 tractant,
3114 2763 3341 2833 auspicia
3363 2763 3527 2834 paena:

1942 2852 2047 2890 sua:
2068 2852 2181 2888 cum
2224 2834 2334 2902 ipso
2364 2834 2602 2886 Dracone
2627 2843 2862 2887 curantes
2892 2834 2953 2885 de
2983 2835 3276 2902 virginitate
3314 2853 3528 2888 censen-

1944 2916 2042 2958 tur.
2076 2905 2201 2958 Hazc
2232 2902 2459 2972 Lipsius.
2514 2902 2592 2954 Tu
2620 2918 2769 2965 vero,
2819 2903 2996 2972 sodes,
3030 2903 3235 2955 intuere
3266 2914 3527 2970 quantum

1942 2975 2201 3045 ponderis
2244 2970 2388 3045 hisce
2436 2972 2682 3025 omnibus
2723 2986 2781 3045 a_
2809 2970 3034 3024 Paulino
3085 2972 3328 3045 accedat.
3381 2972 3525 3038 Quo-

1943 3039 2108 3099 modo
2133 3060 2263 3098 vero
2290 3044 2637 3113 quinquennia:
2666 3041 2842 3113 epulas
2870 3049 3047 3113 vocet,
3079 3039 3249 3113 fateor
3277 3057 3364 3095 me
3395 3058 3529 3095 non-

1869 3129 1914 3191 ρ
1945 3115 2070 3191 dum
2110 3109 2438 3191 percepisse.
2488 3110 2729 3191 liabetur
2756 3109 2968 3179 quidem
3028 3111 3078 3163 in
3128 3110 3311 3164 codice
3342 3120 3528 3165 nostro

1945 3182 2200 3265 scriptum
2222 3182 2581 3265 quinquennis;
2605 3190 2659 3234 at
2680 3195 2853 3248 neque
2873 3188 3123 3260 metrum,
3148 3195 3320 3250 neque
3341 3196 3531 3235 sensus

1944 3250 2085 3309 hanc
2124 3250 2410 3336 lectionem
2455 3250 2765 3320 patiuntur,
2822 3250 3186 3319 scriptumque
3234 3266 3332 3320 pro
3381 3253 3529 3322 quin-

1946 3342 2208 3395 quennets.

2019 3407 2169 3461 Vers.
2206 3403 2326 3459 H9.
2359 3407 2460 3471 Qui
2487 3404 2783 3477 linquenda.
2806 3401 3008 3457 Similis
3030 3402 3182 3477 locus
3202 3401 3528 3477 Mintttiano:

1949 3475 2143 3530 Nonne
2170 3477 2443 3530 ridiculum
2468 3473 2673 3541 est,'rel
2708 3474 2880 3544 lugere
2905 3473 3038 3544 quod
3066 3473 3226 3535 colas,
3251 3475 3329 3527 vel
3366 3475 3534 3528 colere

1947 3547 2084 3618 quod
2104 3546 2281 3617 lugeas
2293 3546 2316 3598 ?

2025 3627 2175 3680 Vers.
2212 3624 2335 3679 151.
2385 3624 2499 3694 Ego
2541 3623 2931 3694 cuncta_pﬁus.
2976 3620 3072 3674 Hic
3104 3635 3314 3694 versum
3371 3636 3535 3694 unum

1948 3695 2198 3765 pluresve
2249 3689 2453 3748 deesse'
2503 3707 2660 3745 nemo
2714 3689 3061 3765 dillitebitur;
3113 3690 3312 3757 quippe
3370 3691 3532 3743 verba

1951 3760 2129 3834 priora
2150 3782 2202 3818 ιι.
2224 3773 2429 3834 incerto
2452 3770 2687 3834 manent,
2718 3760 3051 3826 similemque
3072 3773 3285 3834 sensum
3297 3768 3367 3834 _ut
3387 3774 3535 3812 com-

1950 3828 2200 3903 pleantur
2227 3833 2540 3903 requirunt_:
2574 3829 2702 3883 Haec
2722 3829 3195 3903 eg_o_cuncta_prius
3216 3828 3535 3903 dubia_men-

1950 3898 2001 3959 te
2020 3898 2379 3967 volvebam,'et
2403 3898 2621 3971 probare
2650 3898 2934 3953 nesciebam
2954 3936 2970 3961 ,
2998 3900 3195 3950 clarum
3221 3914 3337 3949 cum
3366 3898 3536 3951 lumen

1954 3976 2165 4044 adeptus
2192 3989 2326 4037 sum,
2350 3982 2454 4026 etc.

2024 4064 2331 4119 Vers.153.
2366 4061 2591 4115 Eclesia.
2646 4061 2722 4114 Ita
2772 4057 2927 4112 ell‘crt
2974 4058 3097 4112 alibi
3140 4057 3394 4111 Paulinus
3429 4058 3534 4111 hoc

1956 4151 2154 4191 nomen
2180 4135 2334 4188 metri
2365 4133 2555 4200 gratia.
2589 4132 2645 4185 lu
2677 4130 2906 4199 Epitlial.
2934 4147 2947 4181 :

2020 4226 2212 4275 Grande
2240 4230 2614 4284 sacramentum,
2644 4233 2738 4283 quo
2764 4222 2897 4269 nultit
2921 4219 3109 4284 E_cl_csia
3136 4218 3349 4284 Christo.

2024 4289 2109 4336 Hic
2132 4300 2215 4335 vos
2245 4292 2408 4333 nectat
2431 4296 2583 4345 amor,
2602 4280 2709 4341 'qtio
2728 4284 2920 4341 stringit
2943 4280 3130 4329 Eclesia
3157 4280 3412 4327 Christum.

1957 4369 2015 4423 In
2045 4368 2164 4422 Nat.
2195 4384 2246 4421 IV
2275 4380 2488 4434 quoque
2510 4373 2562 4417 et
2588 4363 2734 4434 alibi.
2767 4362 2843 4415 Ita
2885 4362 3043 4434 etiam
3085 4360 3360 4434 usurpavit
3392 4358 3541 4411 Ano-

1958 4455 2155 4509 nymus
2172 4437 2270 4509 lib.
2294 4431 2338 4490 in
2369 4431 2553 4509 contra
2601 4433 2926 4487 Marcionem
2955 4433 3019 4486 iis
3052 4431 3392 4493 carminibus,
3424 4444 3543 4497 quae

1885 4498 1931 4556 D
1959 4498 2289 4564 Tertulliano
2322 4505 2698 4560 adscribuntur
2722 4521 2733 4555 :

2056 4601 2137 4648 Sic
2161 4606 2212 4647 et
2234 4596 2499 4658 apostolico
2521 4595 2737 4643 decurrit
2761 4592 2947 4642 Eclesia
2973 4591 3143 4641 verbo.

2033 4683 2187 4737 Vers.
2217 4680 2333 4733 161.
2365 4679 2431 4732 Ut
2452 4677 2622 4732 modo.
2654 4672 3412 4744 Tempuswdesignatquohmc
3425 4673 3548 4728 scri-

1961 4754 2069 4823 ptis
2092 4750 2400 4823 mandabat,
2421 4761 2610 4823 n_emp_e
2632 4742 2826 4799 annum
3002 4759 3059 4823 se
3076 4744 3217 4823 enim
3239 4743 3426 4823 Nolam
3452 4760 3550 4823 nu—

1965 4814 2062 4892 per
2091 4819 2400 4892 contulerat
2442 4817 2723 4892 Paulinus,
2758 4824 2813 4867 ιιι
2859 4814 3215 4892 ibi-religioso
3245 4814 3548 4892 pioque_v_i-

1966 4883 2120 4946 vendi
2162 4889 2404 4943 instituto
2433 4887 2585 4941 daret
2623 4898 2862 4954 operam.
2908 4883 3043 4939 Vide
3080 4898 3201 4953 qua:
3240 4884 3463 4938 disserui
3494 4884 3547 4937 in

1965 4960 2115 5033 praef.
2148 4960 2216 5014 ad
2246 4959 2348 5013 hoc
2376 4973 2589 5027 poema.

2036 5040 2191 5094 Vers.
2226 5038 2347 5091 176.
2392 5037 2483 5090 Sic
2524 5037 2793 5089 elementa.
2842 5032 2945 5087 Vix
2998 5032 3101 5087 erit
3145 5033 3425 5102 quisquam
3466 5031 3553 5086 cui

1968 5126 2105 5164 nova
2135 5124 2242 5163 non
2273 5107 2515 5160 videatur
2549 5104 2754 5160 Paulini
2786 5105 3071 5159 sententia.
3098 5102 3173 5156 En
3190 5117 3372 5172 aperte
3389 5119 3551 5167 mare,

1968 5188 2155 5241 terras,
2188 5194 2332 5243 aera,
2373 5176 2571 5239 caelum,
2596 5175 2984 5229 elementorum
3016 5174 3229 5227 nomine
3256 5172 3551 5243 distinguit,

1969 5240 2147 5317 neque
2173 5240 2341 5301 hilum
2363 5245 2431 5317 de
2457 5247 2576 5317 igne
2604 5247 2823 5317 cogitat.
2874 5243 2980 5317 Res
3004 5244 3186 5317 pulcra
3218 5252 3272 5296 et
3302 5240 3554 5317 disquisi-

1970 5312 2116 5373 tione
2153 5318 2332 5384 digna.
2370 5315 2625 5369 Consulat
2680 5316 2859 5382 itaque
2906 5314 3077 5368 lector
3113 5312 3552 5384 Dissertationem

1969 5404 2064 5453 xx,
2088 5379 2247 5455 quam
2268 5385 2476 5455 idcirco
2491 5384 2677 5455 posui,
2691 5393 2750 5437 ut
2771 5379 3100 5450 singularem
3121 5381 3434 5436 eruditionis
3454 5379 3555 5432 hu-

1967 5459 2055 5528 jus
2079 5453 2285 5526 partem
2311 5453 2629 5509 elucidatam
2660 5454 2913 5509 facerem.

2044 5548 2196 5601 Vers.
2228 5544 2349 5599 180.
2383 5543 2586 5597 Medius
2615 5545 2935 5597 concluditur
2962 5561 3071 5598 aer.
3104 5542 3253 5595 Absit
3290 5548 3346 5593 ut
3371 5539 3558 5607 imagi-

1974 5618 2178 5672 nariam
2209 5616 2351 5668 illam
2380 5614 2515 5682 iguis
2536 5615 2795 5684 splizcram
2819 5655 2833 5680 ,
2878 5629 3037 5682 quam
3068 5611 3383 5684 Aristoteles
3411 5609 3559 5677 ejus-

1974 5703 2079 5758 que
2106 5694 2403 5758 se_ctatores
2429 5682 2601 5752 lepide
2621 5685 3025 5758 excogitarunt,
3036 5698 3102 5758 ac
3124 5682 3412 5737 etiamnum
3436 5696 3561 5754 pro-

1975 5750 2121 5824 bant,
2154 5754 2407 5810 Paulinus
2450 5750 2633 5809 noster
2669 5754 2958 5809 admiserit.
3008 5750 3143 5805 llinc
3178 5766 3358 5807 acrem
3389 5750 3497 5807 nan
3526 5750 3555 5805 ἡ
