3990 6182
519 265 625 319 707

656 383 765 438 Sex
792 382 912 440 aliis
940 383 1077 439 intra
1104 394 1190 439 est
1207 385 1383 455 spatio
1405 384 1751 454 surgentibus
1773 399 1953 454 atquo,

659 472 892 543 Postque
915 475 1138 530 thronos
1164 483 1392 545 septem,
1425 484 1551 546 post
1578 484 1660 530 tot
1678 475 1919 530 cmlestia
1949 487 2112 542 regna

655 564 850 619 Cetera
880 578 1006 634 pars
1034 565 1230 630 omnis,
1263 579 1382 633 qua:
1407 565 1616 620 cunctis
1643 564 1849 620 eminet
1875 563 2038 630 ultra,

522 653 620 705 t85
641 653 789 734 Quae
817 668 980 723 super
999 653 1234 718 excedit,
1264 668 1382 722 qua:
1406 654 1605 723 passim
1637 653 1809 708 tendit
1838 653 1891 706 in
1921 653 2109 716 altum,

658 745 785 810 Qua:
812 745 928 798 sine
953 743 1056 798 [ine
1078 751 1246 814 patet,
1269 760 1430 814 quam
1462 760 1561 799 nec
1582 759 1737 799 mens
1756 743 1960 812 colligit
1980 743 2106 808 ulla,

659 835 816 889 Lucis
845 836 1129 890 inaccessae
1157 835 1350 890 domus
1377 844 1478 899 est,
1506 834 1773 904 sedesque
1802 834 2039 904 potentis

656 925 853 981 Sancta
875 925 989 990 Dei,
1015 926 1153 980 unde
1170 925 1358 996 procul
1379 940 1500 994 qua:
1528 925 1655 980 fecit
1674 925 1886 979 subdita
1913 924 2106 978 cernit.

659 1020 1016 1090 711-712
1047 1017 1239 1072 Omnia
1293 1019 1373 1074 sic
1414 1026 1685 1084 constant,
1721 1017 1850 1072 dum
1892 1017 2110 1086 spiritus

1615 1108 1815 1180 [omnia
1838 1108 2035 1176 cingit;

523 1201 620 1254 190
657 1200 782 1254 time
809 1200 1020 1269 eadem,
1050 1215 1280 1269 quorum
1309 1200 1466 1255 nobis
1495 1201 1812 1255 conceditur
1835 1215 1981 1264 usus,

658 1293 786 1359 Qua:
809 1293 962 1362 polus
990 1292 1214 1346 inferior
1240 1305 1433 1360 magna
1463 1291 1840 1360 complectitur
1873 1289 2030 1345 Urbe.

655 1382 861 1436 Cuncta
893 1384 1020 1438 licet
1045 1383 1266 1449 distent,
1290 1397 1396 1437 una
1425 1398 1546 1436 cum
1569 1397 1702 1452 pace
1729 1389 1997 1436 tenentur.

658 1474 898 1543 Denique
952 1489 1151 1528 nomen
1205 1473 1406 1528 habent
1475 1487 1684 1542 unum,
1750 1481 1877 1528 sunt
1925 1472 2107 1527 omnia

1753 1563 2034 1638 [mundus.

657 1655 810 1711 Ilunc
831 1656 997 1710 etiam
1026 1654 1198 1712 Graeci
1221 1671 1444 1711 cosmon
1473 1655 1659 1710 dixere
1679 1656 1888 1726 priores
1913 1672 1926 1720 ;

517 1747 619 1801 195
658 1747 790 1801 Hinc
819 1748 891 1800 ita
915 1747 1270 1817 compositum
1297 1747 1629 1815 distinguens
1670 1755 1899 1815 utraque
1929 1746 2106 1814 lingua
2144 1757 2184 1820 Β

655 1839 887 1894 Cosmou
918 1839 986 1892 ab
1015 1846 1229 1906 ornatu,
1262 1837 1518 1891 mundum
1545 1836 1612 1890 de
1646 1836 1851 1891 lumine
1877 1836 2032 1891 dixit.

653 1930 783 1984 Nam
810 1945 916 1998 quo
941 1929 1022 1983 sol
1045 1929 1200 1996 nitet,
1220 1929 1326 1982 hoc
1349 1936 1522 1981 totum
1541 1927 1796 1982 sordebat
1824 1927 1876 1981 in
1897 1929 2104 1994 umbra,

656 2022 723 2077 Et
751 2031 931 2077 manet
953 2022 1282 2092 exemplum,
1313 2023 1562 2092 quotiens
1583 2038 1692 2076 nox
1721 2023 1900 2076 omnia
1922 2021 2107 2088 foedat,

656 2113 723 2167 Et
751 2115 910 2169 docet
931 2129 997 2167 ex
1027 2113 1265 2167 tenebris
1293 2128 1413 2180 qua:
1435 2113 1506 2165 sit
1536 2111 1662 2165 data
1707 2115 1878 2180 gratia
1915 2113 2069 2168 lucis.

513 2207 616 2263 200
653 2205 759 2261 Tot
785 2205 927 2260 bona
966 2205 1058 2273 qui
1088 2202 1234 2266 fecit,
1265 2205 1355 2273 qui
1384 2204 1461 2259 sic
1492 2213 1748 2273 operatus
1777 2205 1974 2274 ubique
2003 2212 2103 2268 est,

514 2340 895 2397 commentitiis
937 2339 1040 2392 illis
1096 2336 1356 2404 ﬂammis,
1407 2338 1501 2394 sed
1550 2338 1618 2392 ab
1662 2339 1865 2392 aethere
1900 2338 2108 2396 cmlove

515 2411 827 2466 conclusum
853 2407 1104 2463 aliirmat.

589 2481 738 2534 Vers.
784 2478 903 2549 185.
958 2477 1183 2549 Postque
1238 2479 1446 2531 thronos
1491 2488 1702 2548 septem.
1749 2477 1866 2532 Non
1896 2487 2106 2549 septem

519 2559 745 2614 tantum,
789 2548 883 2603 sed
913 2548 1108 2619 novem
1150 2549 1249 2619 sub
1289 2563 1549 2619 empyreo
1579 2549 1901 2619 constitutos
1945 2548 2107 2605 fuisse

515 2621 700 2682 cmlos,
731 2619 888 2686 vulgo
917 2617 1162 2672 dicimus.
1196 2617 1509 2687 Septem‘ex
1553 2618 1618 2672 iis
1656 2619 1892 2674 errantia
1929 2621 2105 2675 sidera

518 2697 724 2753 tenent,
749 2697 809 2743 ut
835 2688 998 2742 habet
1028 2689 1319 2742 versiculus
1345 2705 1356 2740 :

578 2783 797 2847 Cynthia,
821 2782 1117 2845 Mercurius,
1139 2783 1328 2846 Venus,
1354 2789 1407 2833 et
1425 2783 1527 2842 Sol,
1551 2783 1855 2844 Mars,Jove,
1875 2785 2040 2835 Satur.

516 2871 776 2926 Octavum
818 2885 848 2924 a
893 2867 1011 2923 ﬁxis
1046 2869 1309 2923 sideribus
1359 2878 1682 2938 occupatur;
1735 2885 1938 2923 nonum
1979 2883 2105 2924 vero

517 2942 747 3011 primum
778 2940 976 2994 mobile
997 2951 1100 3011 est,
1132 2940 1216 2994 cui
1260 2937 1509 2994 succedit
1529 2955 1862 3010 empyreum.
1895 2939 2105 3011 Nihilo-

517 3009 693 3066 minus
719 3018 923 3081 septem
953 3010 1120 3064 cmlos
1149 3018 1275 3064 ante
1314 3026 1622 3079 empyrcum
1643 3009 1869 3081 exstare
1906 3009 2105 3081 diserte

520 3079 983 3136 Paulinns’sentit.
1018 3082 1132 3145 Qua
1177 3081 1385 3133 ratione
1431 3080 1658 3147 quieris?
1691 3079 1907 3134 Poetica
1940 3080 2105 3134 facul-

519 3161 626 3206 tate
645 3151 973 3220 respondeo;
996 3151 1259 3217 siquidem
1282 3149 1422 3218 apud
1449 3159 1637 3218 poetas
1661 3151 1710 3203 in
1729 3159 1921 3204 octavo
1942 3150 2101 3214 caelo,

518 3219 767 3275 videlicet
789 3221 841 3272 in
870 3221 1081 3272 sidereo
1110 3221 1268 3279 coelo,
1301 3219 1393 3272 Dei
1422 3221 1617 3273 summi
1643 3220 1972 3275 domicilium
1999 3228 2108 3275 sta-

521 3292 707 3344 tuitur.
741 3289 940 3355 Vergil.
977 3288 1067 3340 lib.
1101 3304 1133 3340 x
1167 3287 1382 3341 iEneid.
1413 3307 1424 3340 :

579 3377 944 3436 Conciliumque
965 3377 1283 3425 vocatdivum
1310 3388 1470 3439 pater,
1500 3386 1648 3439 atque
1675 3379 1926 3428 hominum
1953 3393 2039 3429 rex

579 3441 835 3490 Sideream
857 3439 902 3486 in
926 3439 1115 3488 sedem.

519 3521 705 3576 Sidon.
731 3519 963 3590 Apollin.
991 3519 1042 3573 in
1075 3519 1336 3592 Panegyr.
1360 3521 1499 3575 Aviti
1516 3521 1584 3576 dc
1606 3521 1826 3576 deorum
1839 3524 2102 3580 concilio.

643 3611 748 3673 Ipsa
775 3613 1101 3673 pavimentum
1121 3621 1226 3673 sunt
1260 3613 1440 3670 sidera,
1463 3611 1561 3672 jam
1589 3613 1737 3661 I’ater
1770 3627 1922 3663 aureo

643 3627 659 3660 ι
699 3627 748 3659 sa
775 3627 1101 3673 paumentum
1121 3627 1226 3658 sunt
1260 3627 1400 3659 smer:

640 3627 951 3732 'Ifi'athuillus
971 3686 1088 3722 sese
1111 3671 1235 3720 soliti
1261 3674 1400 3723 locat.

519 3754 803 3824 Euripides
839 3753 1056 3828 iulone
1127 3756 1236 3814 Διὸς
1270 3758 1590 3828 πόρᾳστρον
1624 3755 1756 3828 ἕδος,
1788 3754 1930 3828 lovis
1959 3758 2106 3827 pavi-

516 3836 740 3898 mentum
761 3824 1202 3898 Atnttqltisidereum,
1238 3824 1613 3898 appellatfcui
1654 3826 1790 3880 adde
1822 3824 2100 3898 Cht'y'sost.

516 3905 656 3950 orat.
675 3895 722 3967 2
743 3896 809 3967 de
842 3895 930 3967 Dei
962 3894 1105 3959 Nat.,
1138 3897 1400 3963 aliosque.
1434 3895 1556 3967 Ifuit
1582 3897 1695 3950 tunc
1720 3894 1945 3967 quoque
1965 3909 2108 3953 vete-

515 3982 632 4021 rum
662 3963 1087 4019 Christianorum
1117 3967 1404 4019 sententia.
1433 3965 1513 4018 De
1547 3963 1786 4020 caelorum
1811 3963 2107 4024 diversitate

514 4035 830 4090 Philastrius
861 4035 1140 4104 Brixianus
1162 4036 1446 4104 episcopus
1467 4037 1832 4103 imaginariam
1857 4038 2103 4094 hairesim

513 4115 757 4161 recenset
785 4119 903 4172 cap.
938 4102 1025 4165 46,
1059 4102 1243 4174 aitque
1269 4123 1281 4155 :
1310 4104 1430 4159 Sive
1456 4102 1698 4174 ergo’sea:
1719 4108 1895 4172 caelos,
1921 4124 2105 4163 secun-

513 4176 634 4249 dum
659 4175 846 4249 David,
868 4181 916 4226 et
937 4173 1205 4241 septimum
1229 4174 1324 4249 hoc
1343 4173 1724 4249 [innantentunt
1746 4179 1976 4249 accipere
1989 4181 2104 4249 quis

511 4245 744 4308 voluerit,
776 4259 880 4296 non
906 4252 1076 4306 errat;
1107 4259 1230 4312 nam
1260 4244 1510 4299 Salomon
1533 4255 1634 4299 tres
1663 4245 1818 4299 casias
1846 4244 2097 4312 dicit,'ita

509 4315 713 4389 centum,
738 4322 786 4367 et
815 4313 994 4389 caelum
1022 4311 1152 4365 caeli.
1182 4311 1378 4389 Paulus
1401 4331 1542 4385 teque
1569 4318 1832 4389 apostolus
1853 4311 2011 4389 usque
2031 4319 2102 4372 ad

510 4386 718 4459 tertium
765 4383 943 4459 caelum
987 4398 1041 4436 se
1088 4393 1293 4459 raptum
1336 4383 1544 4459 fatetur.
1590 4383 1711 4459 Sive
1759 4404 1881 4459 ergo
1911 4383 2098 4459 septem

509 4455 623 4524 quis
665 4454 933 4522 acceperit,
982 4463 1037 4506 ut
1077 4446 1276 4520 David,
1326 4446 1429 4509 sive
1476 4465 1612 4522 tres,
1651 4457 1754 4510 sive
1797 4446 2098 4525 duos,'tion

507 4533 668 4577 errat.

581 4593 730 4666 V_crs.
755 4593 881 4666 188.
917 4594 1064 4648 Unde
1092 4596 1288 4666 procul.
1316 4595 1609 4665 Vergilium
1635 4596 1875 4651 imitatur
1896 4598 1968 4651 ita
1998 4598 2091 4652 lib.

504 4676 543 4718 ι
574 4663 788 4718 ιιΕηθίό.
821 4663 1101 4721 canentem
1130 4707 1141 4718 .

569 4754 931 4816 Conciliumque
960 4757 1270 4804 vocatdivum
1295 4762 1449 4816 pater,
1464 4765 1612 4815 atque
1633 4757 1882 4806 hominum
1907 4770 1998 4807 rex
2061 4765 2066 4770 “

565 4817 821 4865 Sideream
845 4821 890 4865 in
912 4820 1099 4873 sedem,
1130 4827 1284 4866 terras
1311 4819 1442 4867 unde
1473 4821 1654 4867 arduus
1676 4831 1848 4868 omnes

567 4878 838 4941 Castraque
869 4879 1193 4927 Dardanidum
1218 4887 1426 4941 speetat.

504 4962 923 5088 {siccatuquoqluﬁ
938 4961 1244 5015 Italicorum
1269 4971 1447 5015 vatum
1470 4962 1766 5032 principem
1792 4963 1879 5019 hic
1905 4963 2092 5020 audire

527 5045 820 5086 1.1'el'.
875 5047 1046 5085 ter.:

527 5045 598 5086 II).
631 5049 647 5085 I
675 5045 820 5086 uter.
853 5045 1005 5086 IIDCI‘.
1035 5050 1046 5084 Ζ

598 5111 800 5170 Quando
819 5112 928 5174 dall'
947 5111 1044 5160 alto
1065 5111 1223 5173 soglio
1246 5111 1276 5174 il
1298 5111 1457 5162 Padre
1485 5118 1683 5174 etvrno,

595 5174 684 5222 (lli'
706 5174 735 5220 e
759 5173 884 5220 uella
912 5183 1049 5232 parte
1077 5175 1156 5234 piu
1180 5173 1260 5222 del
1286 5174 1377 5221 eiel
1404 5175 1616 5230 sincera,

595 5236 670 5283 (ili
693 5237 826 5296 occhj
853 5237 900 5296 in
920 5236 1004 5294 gih
1031 5235 1181 5292 volse,
1209 5249 1238 5281 e
1262 5237 1308 5283 in
1337 5249 1403 5282 un
1435 5240 1501 5282 sol
1527 5244 1696 5296 punio,
1719 5243 1770 5285 et
1793 5237 1844 5284 in
1866 5250 1963 5286 una

597 5297 730 5346 Vista
756 5295 876 5343 mm)
900 5300 941 5343 ei
965 5297 1068 5342 tctt’
1096 5299 1142 5344 in
1169 5311 1223 5343 se
1256 5296 1285 5344 ἰ
1311 5299 1485 5344 mondo
1509 5295 1682 5345 aduna.

569 5367 724 5422 Vers.
752 5366 874 5420 191.
897 5365 1260 5436 Complectitur
1281 5365 1435 5420 Urbe.
1462 5367 1690 5420 Romani
1717 5366 1928 5436 imperii
1954 5367 2088 5424 ﬁnes

499 5440 715 5494 eosdem
746 5453 809 5492 ac
830 5438 975 5491 orbis
1001 5445 1264 5491 terrarum
1289 5446 1464 5507 poetae
1484 5445 1804 5493 statuerunt.
1833 5438 1999 5494 Rutil.
2031 5440 2086 5494 in

497 5509 680 5565 Itiuer.
712 5509 986 5576 eleganter
1010 5525 1022 5559 :

622 5590 846 5650 Dumque
868 5588 1016 5637 otl'ers
1040 5587 1178 5636 victis
1205 5588 1381 5648 proprii
1408 5587 1806 5650 consortiajuris,

687 5649 870 5699 Urbem
890 5650 1070 5710 fecisti,
1093 5651 1176 5712 qui
1197 5653 1336 5711 prius
1353 5649 1485 5696 orbis
1507 5661 1606 5698 era:
1621 5686 1632 5696 .

497 5730 783 5806 Scholiast.
806 5733 871 5806 in
919 5733 1139 5804 Dionys.
1175 5730 1243 5788 de
1281 5729 1399 5806 Situ
1435 5731 1554 5786 orb.
1583 5751 1593 5784 :
1636 5730 1796 5806 'Orrsp
1839 5732 1904 5806 δέ
1937 5735 2084 5796 πόλις

499 5809 600 5860 τοῖς
623 5804 776 5864 αὐτῆς
799 5803 970 5877 ὁρίοις,
995 5802 1081 5860 καὶ
1101 5807 1302 5878 χώραις
1327 5805 1459 5873 ἐστὶ,
1482 5811 1635 5860 τοῦτο
1662 5802 1744 5862 ἥδε
1766 5802 1801 5862 ἦ
1824 5803 1968 5864 ποἏις
1990 5814 2083 5867 τῆς

1156 270 1212 324 8.
1256 267 1530 325 PAULINI
1569 267 1818 325 NOLANI
1860 265 2099 323 EPISCO

2213 264 2556 324 POEMATA.
2601 265 2846 323 «ΡΟΕΜΔ
2896 264 3235 324 υιτιιυκ.

2139 387 2186 444 Α

3662 273 3750 328 708

2358 382 2460 439 Hic
2479 381 2624 439 Deus
2650 390 2734 439 est
2761 382 2831 438 de
2858 383 3022 439 corde
3054 382 3163 450 Dei,
3195 383 3284 440 hic
3309 383 3530 454 Spiritus
3553 388 3665 450 oris.

2359 471 2545 528 Sancti
2568 487 2745 528 sermo
2777 471 2972 538 Patris,
3005 481 3275 527 tantarum
3306 473 3498 529 fabrica
3526 493 3698 534 rerum.

2361 563 2474 619 Nec
2501 579 2559 619 se
2582 578 2821 634 paganus
2849 564 3050 632 laudet,
3074 565 3120 620 si
3145 566 3280 620 vitat
3307 565 3464 634 idola,

2357 657 2435 712 Ac
2462 658 2596 713 satis
2625 672 2746 712 esse
2771 666 2923 727 putat
2949 658 3093 728 quod
3115 657 3342 714 Numine
3360 659 3540 714 credat
3562 661 3609 716 in
3629 678 3735 718 uno.

2211 749 2317 804 205
2358 749 2496 817 Quid
2535 749 2679 805 colet
2725 749 2814 805 ille
2857 748 3048 815 Deum,
3097 750 3187 820 qui
3237 749 3470 806 Verbum
3514 767 3610 806 non
3653 753 3755 808 colit

3535 841 3702 914 [aut

2355 933 2455 1001 Qui
2488 948 2594 988 non
2625 932 2887 988 Virtutem
2916 932 3079 987 simili
3109 940 3400 987 veneratur
3424 932 3652 988 honore?

2357 1023 2568 1094 Quique
2599 1023 2919 1079 invisibilem
2937 1064 2952 1091 ,
2986 1022 3667 1094 incomprehensibilemque
3692 1024 3756 1079 la-

3549 1115 3565 1186 [
3581 1123 3703 1169 tetur

2353 1206 2486 1264 Esse
2511 1207 2704 1275 Deum,
2733 1207 2822 1262 hic
2847 1206 3011 1261 etiam
3040 1203 3312 1260 Christum
3339 1205 3382 1261 si
3410 1207 3614 1276 cogitet,
3643 1207 3755 1262 idem

2353 1299 2613 1366 Inveniet,
2631 1299 2886 1369 quoniam
2903 1298 3136 1354 Verbum
3152 1300 3598 1369 comprehendere
3608 1317 3756 1365 nemo,

2205 1391 2316 1446 210
2352 1391 2523 1448 Nemo
2550 1389 2734 1445 videre
2752 1398 2951 1460 potest,
2975 1404 3140 1459 opera
3167 1389 3286 1476 ejus
3324 1390 3438 1445 sola
3460 1390 3695 1446 videntur.

2351 1483 2410 1536 In
2432 1480 2591 1536 Patre
2615 1480 2782 1536 Natus
2809 1481 2976 1547 enim,
3019 1479 3073 1534 in
3097 1480 3236 1536 Nato
3266 1481 3427 1536 Pater
3451 1483 3618 1536 omnia
3639 1481 3754 1547 imit,

2355 1572 2422 1627 Et
2447 1571 2704 1644 quidquid
2729 1572 2928 1626 virtute
2955 1570 3123 1638 dedit,
3155 1571 3361 1642 pietate
3389 1579 3578 1627 tuetur.

2353 1664 2445 1719 Sic
2485 1663 2602 1728 fuit,
2634 1671 2690 1716 et
2729 1663 2940 1716 steterit
2968 1677 3155 1718 versus
3183 1661 3433 1717 Salvator
3461 1663 3510 1717 in
3533 1678 3702 1731 aevum,

2355 1756 2457 1822 Qui
2489 1755 2608 1809 tulit
2634 1768 2869 1817 errores,
2901 1755 2991 1823 qui
3021 1753 3147 1809 fecit
3177 1769 3307 1809 vera
3336 1754 3516 1819 videri,

2210 1847 2316 1903 2I5
2357 1845 2682 1914 Placatoque
2710 1842 2855 1897 Patri
2882 1851 3202 1913 pereuntem
3232 1844 3463 1899 reddidit
3486 1845 3669 1899 orbem.

2352 1939 2460 1994 Nec
2486 1937 2704 2002 mirum,
2737 1935 2781 1990 si
2804 1944 2998 1991 cuncta
3027 1936 3186 2006 regit,
3217 1937 3308 2006 qui
3349 1945 3533 1992 cuncta
3571 1937 3754 2001 creavit,

2353 2030 2456 2096 Qui
2483 2027 2632 2082 dedit
2660 2043 2728 2082 ex
2751 2027 2918 2081 nihilo
2942 2034 3136 2094 totum,
3170 2027 3454 2098 lucemque
3478 2027 3686 2084 tenebris

2352 2120 2612 2184 Praetulit,
2644 2127 2806 2189 atque
2833 2119 2976 2173 diem
3008 2117 3168 2188 jussit
3195 2119 3490 2174 succedere
3514 2120 3672 2183 nocti;

2349 2211 2612 2281 Quodque
2641 2210 2696 2265 in
2735 2224 2901 2265 carne
2929 2208 3048 2276 fuit,
3087 2209 3274 2265 carnis
3318 2217 3528 2280 peccata
3552 2210 3756 2265 remittit.

2209 2346 2414 2419 ᾅτςάσης
2430 2347 2744 2419 οἰκουμένης,
2768 2347 2941 2419 ὥσπερ
2963 2347 3335 2419 αὐτῆς-χάζρᾳς
3360 2343 3486 2400 ἄστυ
3507 2346 3640 2419 notabit
3659 2347 3758 2419 riuo-

2208 2403 2514 2490 δεδειγρένη.
2553 2403 2710 2490 Quod
2727 2403 2922 2490 '_auteni
2951 2424 3028 2467 est
3060 2403 3392 2490 suifﬁ'nibus
3427 2413 3756 2490 et_reg_ionibut

2208 2488 2328 2541 urbs
2351 2484 2564 2558 aliqua,
2590 2487 2682 2539 hoc
2715 2484 2989 2558 Romaest
3005 2485 3162 2558 totius
3181 2484 3331 2539 Orbis
3359 2484 3631 2558 provinciis,
3653 2501 3757 2558 qua-

2208 2559 2254 2612 si
2291 2554 2560 2611 commune
2605 2558 2771 2626 totius
2817 2555 3115 2610 habitabilis
3161 2565 3322 2612 terra
3360 2554 3615 2626 'oppidunt.
3649 2554 3756 2608 Hinc

2209 2628 2381 2682 Roma
2412 2627 2706 2681 Claudiano
2745 2625 2941 2696 dicitur
2975 2642 3089 2696 qua:
3127 2627 3310 2696 fundit
3337 2625 3409 2680 in
3434 2625 3597 2680 amnes
3621 2626 3753 2692 impe-

2207 2700 2361 2752 rium.
2393 2697 2484 2752 Sic
2513 2697 2650 2750 Plin.
2676 2711 2796 2766 cap.
2831 2695 2883 2761 5,
2912 2695 3004 2750 lib.
3033 2695 3196 2760 xxxv,
3240 2697 3461 2751 Romam
3487 2711 3596 2751 esse
3627 2709 3754 2766 unum

2208 2779 2510 2822 cunctarum
2541 2764 2780 2838 gentium,
2802 2767 2864 2838 in_
2887 2774 2993 2821 toto
3019 2766 3154 2838 prbe
3183 2769 3414 2838 patriam
3452 2767 3592 2838 dixit.
3627 2764 3753 2820 Plura

2207 2849 2335 2910 pete
2359 2855 2388 2892 a
2419 2835 2722 2910 Bule'ugero
2751 2835 2818 2910 de
2847 2836 2980 2910 Imp.
3017 2835 3302 2910 Rom.'lib_.
3331 2853 3386 2902 n,
3409 2852 3520 2910 cap.
3547 2835 3596 2890 5.

2279 2909 2434 2964 Vers.
2469 2907 2591 2962 195.
2625 2906 2765 2960 Hinc
2792 2909 2888 2961 ita.
2922 2906 3199 2961 Arrideret
3235 2906 3392 2961 Hunc
3419 2906 3508 2961 ita.

2279 2979 2433 3034 Vers.
2485 2979 2604 3033 196.
2637 2977 2862 3032 Cosmon
2903 2977 2966 3030 ab
3008 2987 3216 3031 ornatu.
3278 2982 3468 3047 κόσμος
3493 2975 3669 3047 Griecis
3689 2981 3754 3028 est

2207 3058 2609 3106 ornamentum.
2640 3047 2722 3102 Ab
2741 3049 2842 3102 hac
2869 3047 3272 3117 significatione
3301 3045 3500 3112 mundi,
3532 3046 3612 3115 qui
3633 3045 3752 3100 Gne-

2129 3130 2177 3193 c
2209 3122 2294 3193 cis
2316 3123 2503 3191 κόσμος
2529 3119 2744 3184 dicitur,
2775 3133 2970 3193 nomen
2993 3118 3299 3173 derivatum
3324 3127 3501 3176 censet
3523 3117 3752 3178 Paulinus,

2209 3192 2334 3260 quia
2380 3189 2578 3264 revera
2604 3197 2686 3264 est
2715 3189 2948 3264 mundus
2975 3197 3196 3264 venusta
3229 3197 3646 3264 ornamentorum
3680 3199 3752 3264 se-

2211 3259 2336 3317 ries.
2366 3261 2468 3315 Alii
2491 3263 2591 3317 ἀπὸ
2617 3263 2831 3328 κόσμου,
2859 3260 2951 3328 qui
2981 3268 3065 3314 est
3091 3259 3248 3326 ordo,
3282 3277 3375 3316 seu
3395 3259 3753 3328 modus,nonii-

2210 3333 2294 3387 nis
2336 3331 2498 3400 hujus
2533 3327 2914 3402 etymologiam
2940 3329 3234 3402 deducunt,
3270 3346 3429 3402 quum
3459 3327 3664 3402 mundus
3682 3338 3753 3378 rc-

2208 3417 2324 3455 rum
2341 3399 2498 3456 simul
2516 3399 2774 3456 noxarum
2796 3409 2958 3456 atoue
2985 3399 3358 3455 ordinaturum
3372 3415 3492 3454 vere
3512 3399 3575 3452 sit
3597 3402 3751 3451 status.

2210 3471 2593 3540 Tertullianus,
2626 3472 2835 3526 advers.
2870 3469 3126 3524 Marcion.
3162 3469 3262 3525 lib.
3307 3489 3358 3535 v,
3406 3478 3568 3539 poeta:
3603 3476 3753 3540 nostra

2211 3542 2499 3596 subscribit
2525 3560 2536 3594 :
2568 3533 2635 3596 Ut
2663 3559 2806 3612 ergo,
2852 3542 2945 3605 ait,
2973 3540 3168 3612 aliquid
3208 3541 3281 3596 de
3305 3533 3423 3596 isto'
3440 3540 3581 3610 hujus
3611 3533 3752 3612 mundi

2207 3612 2421 3684 indigno
2451 3613 2652 3683 loquar,
2675 3608 2754 3664 etii
2783 3620 2832 3664 et
2856 3611 2995 3678 apud
3015 3608 3222 3665 ercos
3241 3608 3526 3666 ornamenti
3545 3617 3589 3662 et
3603 3608 3752 3666 cultus,

2213 3699 2316 3737 non
2348 3684 2575 3738 sordium
2598 3698 2781 3735 nomen
2815 3692 2910 3736 est.

2282 3752 2430 3806 Vers.
2468 3753 2589 3805 196.
2623 3749 2877 3806 Mundam
2913 3752 2975 3804 de
3005 3752 3213 3806 lumine.
3259 3751 3463 3806 Honor.
3496 3741 3750 3815 Augustod.

2208 3821 2302 3894 lib.
2327 3824 2393 3877 de
2417 3823 2582 3892 lmag.
2608 3823 2789 3894 mundi
2821 3825 2994 3894 cap.g|
3028 3840 3042 3888 ;
3075 3821 3267 3894 Isidor.
3299 3824 3386 3877 lib.
3412 3838 3463 3894 Ill
3482 3821 3752 3894 0rig.,_cap.

2207 3891 2296 3958 28,
2329 3901 2381 3947 et
2411 3888 2676 3966 xm,'cap.
2713 3893 2764 3958 1,
2787 3888 3041 3966 piandum
3066 3892 3218 3959 quasi
3248 3892 3563 3966 gtot'endupt,
3589 3888 3690 3966 quia
3712 3888 3752 3935 in

2245 3972 2451 4033 erpetuo
2481 3964 2548 4016 sit
2575 3961 2735 4033 motu,
2769 3963 2971 4033 dictum
3002 3970 3208 4033 putant.
3244 3962 3354 4017 Sed
3384 3961 3570 4033 rectius
3599 3961 3752 4033 Varftt.

2245 3979 2451 4033 erpetuo
2481 3979 2548 4016 stt
2575 3979 2735 4026 mam,
2769 3979 2971 4016 metum
3002 3979 3208 4033 putant.
3244 3979 3354 4017 Sea
3384 3979 3570 4016 recnus
3605 3979 3752 4012 νξΙΠ-υο

2204 3979 2318 4087 ἒὶο.
2342 4074 2357 4098 ,
2385 4031 2547 4098 Plin.,
2587 4032 2783 4087 Paulus
2836 4031 2954 4101 JC.,
2984 4043 3038 4088 et
3069 4033 3179 4101 alii,
3204 4048 3237 4085 a
3282 4031 3523 4087 munditia
3547 4023 3753 4101 appella-

2204 4109 2317 4184 tum
2341 4095 2548 4184 volunt.
2575 4101 2711 4184 Huic
2735 4095 3073 4184 etymologia:
3111 4095 3371 4158 Paulinus
3409 4095 3622 4159 accedit,
3652 4095 3752 4147 dum

2206 4189 2238 4226 a
2267 4173 2457 4228 lumine
2484 4173 2729 4227 mundum
2757 4173 2860 4228 dici
2891 4175 2985 4228 ait.

2277 4243 2429 4298 Vers.
2454 4243 2577 4297 20L
2610 4242 2714 4297 Hic
2735 4241 2874 4298 Deus
2902 4254 2997 4297 est.
3026 4242 3144 4298 lIoc
3172 4250 3256 4298 est
3278 4243 3510 4298 divinum
3540 4235 3753 4297 Verbum,

2208 4311 2409 4383 Deique
2439 4313 2624 4376 Filius,
2655 4329 2754 4384 per
2780 4329 2962 4383 quem,
2992 4324 3052 4368 ut
3080 4328 3240 4382 supra
3274 4307 3667 4384 cecinit,omnia
3691 4305 3753 4384 {tt-

2204 4391 2287 4456 cta
2313 4381 2450 4456 sunt,
2484 4394 2532 4456 et
2562 4381 2674 4438 siné
2692 4381 2814 4456 ipso
2836 4385 3028 4456 [actum
3056 4381 3294 4456 estnihil
3322 4383 3454 4456 quod
3476 4381 3747 4456 factumet!-

2204 4453 2260 4506 ln
2289 4470 2389 4510 ms.
2421 4445 2618 4510 dicitur
2645 4472 2657 4506 :
2688 4445 2790 4507 Hic
2829 4445 2954 4508 deus
2989 4455 3052 4508 de
3091 4453 3266 4508 corde.
3307 4445 3534 4524 A'ppos'ui
3568 4445 3752 4524 verbum

2125 4505 2174 4565 ι)
2201 4505 2722 4596 satiassatias
2747 4505 3273 4596 satiassai'vées‘ss";
3307 4505 3526 4596 item
3555 4519 3752 4572 alterum

2200 4603 2277 4647 est
2302 4595 2536 4664 adjicere
2560 4612 2573 4648 :
2601 4595 2703 4648 llic
2733 4603 2807 4647 est
2839 4593 3072 4662 Spiritus
3101 4595 3225 4648 oris.

2271 4672 2423 4730 Vers.
2451 4673 2573 4727 202.
2613 4673 2840 4743 Fabrica
2870 4689 3060 4728 rerum.
3082 4671 3310 4743 Fabkrica
3326 4689 3422 4743 pro
3442 4669 3629 4743 officina
3647 4675 3753 4743 pro-

2195 4744 2312 4866 prie
2341 4745 2585 4813 usurpari
2614 4744 2795 4798 docuit
2824 4742 3158 4812 Sipontinus.
3191 4740 3267 4796 Ita
3307 4734 3442 4796 forte
3469 4734 3748 4810 capiendum

2237 4814 2283 4866 ic
2313 4830 2508 4866 nomen
2548 4814 2708 4866 istud.
2768 4813 2884 4866 Mea
2914 4823 3091 4866 tamen
3131 4814 3398 4866 sententia
3437 4819 3526 4864 aut
3551 4817 3687 4861 error
3709 4814 3748 4853 In

2237 4814 2283 4869 ic
2313 4830 2508 4869 nomen
2548 4814 2708 4870 istud.
2768 4813 2884 4867 Mea
2914 4823 3091 4868 tamen
3131 4814 3398 4868 sententia
3437 4819 3526 4864 aut
3551 4817 3687 4861 error
3709 4814 3750 4853 In

2195 4885 2437 4939 codicem
2468 4886 2702 4954 irrepsit,
2734 4893 2824 4937 aut
2852 4901 3040 4939 versus
3069 4885 3266 4952 aliquis
3292 4881 3502 4937 excidit.

2265 4964 2420 5019 Vers.
2446 4951 2711 5035 205.‘Nec
2751 4981 2806 5018 se
2843 4981 3099 5035 paganus.
3266 4964 3368 5035 hoc
3392 4951 3748 5035 nontipeplur'a

2193 5041 2374 5110 petea
2408 5050 2602 5110 magnp
2624 5019 3149 5110 Annalidnfparcme
3175 5033 3412 5110 Darouio
3427 5033 3476 5084 in
3502 5019 3745 5110 Malia?!-

2193 5090 2261 5158 ad
2290 5105 2431 5160 diem
2463 5090 2526 5159 δῖ
2555 5103 2801 5170 Januar.,
2834 5121 2862 5158 a
2890 5090 3210 5158 G'othofred.
3254 5103 3317 5156 ad
3362 5102 3450 5154 lib.
3481 5115 3530 5153 vt
3558 5094 3611 5170 CA.
3635 5090 3746 5170 7Tle

2195 5157 2275 5247 tit.
2299 5157 2485 5247 itide
2501 5157 2746 5242 Paganis,
2766 5157 2917 5237 fele“,
2938 5157 3164 5244 aliisque
3193 5171 3554 5247 scriptoribus.
3581 5157 3747 5247 Sccnzl‘o

2191 5235 2392 5299 Christi
2422 5235 2616 5314 quarto
2659 5235 2855 5299 nomen
2896 5235 3002 5299 hoc
3046 5235 3333 5314 gentilibus
3381 5237 3546 5314 apt-agi
3591 5235 3744 5314 εωβξξν

2189 5297 2638 5394 ᾳμυηινίἱᾶεηὶῖη
2661 5297 3430 5386 pagisﬁa—grisqt‘ieprofanam
3453 5307 3615 5362 adhuc
3650 5297 3746 5353 reli-

2188 5397 2406 5451 gionem
2433 5395 2769 5440 exercerent.
3453 5447 3501 5452 __
3593 5443 3602 5452 .
3627 5441 3637 5451 .

2263 5434 2416 5510 v8.1;
2439 5434 2580 5509 Vibii;
2601 5434 2842 5510 Sintiitat.
2875 5454 2933 5508 In
2955 5470 3054 5508 ms.
3089 5454 3367 5523 legebatur
3398 5467 3410 5502 :
3443 5447 3501 5502 Si
3522 5443 3603 5514 qui
3622 5434 3742 5492 idola

2189 5525 2334 5578 vitat.
2365 5525 2677 5579 Emendavi.
3655 5579 3664 5588 ,

2265 5593 2413 5649 Vers.
2430 5594 2555 5650 204.
2582 5593 2828 5665 Numine.
2851 5593 2931 5648 Ita
2952 5594 3190 5650 scribere
3213 5590 3409 5665 placuit
3428 5603 3520 5658 pro
3540 5589 3736 5637 nomine.

2188 5665 2642 5736 quemadmodum
2669 5664 2832 5736 habet
2861 5680 2960 5736 ms.
3205 5664 3230 5736 A'

2262 5732 2414 5789 Vers.
2439 5733 2563 5788 215.
2581 5733 2771 5788 Versus
2793 5732 3057 5788 Salvator.
3088 5733 3220 5788 Illud
3246 5745 3411 5787 versus
3434 5725 3555 5782 mihi
3575 5725 3738 5792 parum

2186 5803 2405 5861 arridet.
2435 5804 2686 5862 Fortasse
2717 5819 2864 5858 verus
2891 5805 3234 5861 scribendum
3263 5809 3359 5859 est.
