4006 6182
262 270 360 323 709
760 272 826 329 IN
851 274 909 331 S.
940 274 1214 332 PAULINI
1242 274 1488 332 NOLANI
1510 274 1811 331 EPISCOPI
1842 273 2163 331 ΡΟΕΜΑΤΑ
2196 273 2582 329 VARIANTES
2608 272 2999 329 LECTIONES.

258 381 354 434 9.20
387 380 570 437 Cernit
588 384 729 438 enim
755 370 997 455 fragilem
1027 388 1208 444 faciles
1255 390 1528 444 incurrere
1562 390 1761 459 lapsus,

390 469 800 543 Corripiensque
864 485 1042 533 tamen
1104 479 1316 534 veniam
1379 479 1527 534 dabit
1582 479 1830 534 omnibus

1536 568 1726 641 [unam
1743 608 1757 633 ,

3402 274 3508 331 710

2072 392 2224 457 Quod
2252 399 2614 459 peccatorem,
2643 404 2804 458 quem
2832 390 3077 459 poenitet,
3112 400 3269 447 antea
3299 352 3507 462 Iapsuin

2072 480 2190 534 Non
2219 480 2346 534 facit
2373 480 2427 533 in
2455 494 2679 533 numero
2708 480 2877 534 turba:
2900 482 3170 549 peccantis
3196 482 3409 545 haberi;

2073 570 2280 639 Quippe
2299 569 2429 624 satis
2454 584 2612 639 poena
2633 577 2733 633 est,
2765 584 2886 623 cum
2912 569 2983 623 sit
3009 584 3104 623 sua
3132 570 3284 639 culpa
3306 570 3506 637 dolori;

396 652 658 723 (Remque
678 670 871 710 novam
900 657 1093 724 dicam,
1124 674 1223 715 nec
1260 674 1347 714 me
1377 659 1578 715 dixisse
1605 659 1828 729 pigebit)
1933 659 2035 713 240
2072 659 2401 729 Supplicium
2422 659 2697 728 proprium
2722 659 2880 711 timor
2900 666 3013 722 est;
3041 665 3307 712 tormenta
3327 666 3509 714 reatus

395 745 622 816 Plusque
649 749 765 817 pius
792 764 953 817 quam
976 750 1153 818 justus
1176 752 1297 805 erit.
1329 749 1386 805 Si
1408 751 1641 820 denique
1655 751 1832 819 justus

393 835 525 890 Esse
551 837 698 901 velit,
738 839 915 892 nullus
952 838 1117 908 fugiet
1144 841 1260 895 sine
1288 841 1513 895 crimine
1540 855 1792 909 poenam;

253 925 353 979 225
393 924 575 983 Justus
597 926 739 980 enim
761 927 899 981 mala
927 928 1265 995 condemnat,
1298 931 1418 1000 pius
1438 931 1615 984 omnia
1642 929 1827 985 donat.

395 1013 510 1069 Hoc
535 1013 679 1079 facit,
712 1023 770 1069 ut
794 1026 910 1071 rata
938 1018 1044 1072 sint
1068 1027 1307 1073 ventura:
1337 1034 1560 1074 munera
1590 1019 1730 1085 vitm,

2074 750 2209 804 Tum
2239 750 2403 804 veluti
2431 751 2631 819 patitur
2657 750 2746 818 qui
2776 764 2834 804 se
2855 750 3115 803 meruisse
3144 749 3357 803 fatetur.

2074 842 2212 909 Quid
2233 843 2438 911 poterit
2462 841 2671 906 melius,
2704 842 2786 895 vel
2819 841 2944 911 quid
2968 840 3295 896 moderatius
3324 842 3476 896 esse?

2072 931 2299 996 Judicat,
2329 932 2568 999 inquirit,
2604 932 2849 999 castigat,
2889 930 3079 999 parcit,
3110 933 3359 995 honorat,

2074 1023 2260 1079 Omnia
2290 1024 2381 1093 qui
2412 1023 2592 1086 vincit,
2624 1037 2724 1077 nec
2752 1023 2818 1076 ab
2849 1023 2961 1091 ipsa
2990 1022 3222 1076 vincitur
3249 1024 3348 1077 ira.

394 1104 749 1176 713-714
775 1104 842 1160 Et
867 1107 1012 1176 quod
1051 1108 1207 1179 culpa
1233 1108 1371 1175 tulit,
1401 1125 1614 1164 rursum
1656 1109 1831 1164 indul-
1932 1115 2036 1170 245
2073 1114 2226 1182 Quod
2250 1113 2316 1169 de
2344 1112 2591 1183 praesenti
2615 1113 2725 1180 jam
2765 1113 3030 1167 cernimus
3059 1127 3176 1167 esse
3204 1112 3468 1174 futurum;

1319 1199 1517 1271 [gentia
1548 1198 1756 1268 reddat,

396 1283 526 1350 Quae
548 1285 594 1339 si
622 1301 731 1340 non
758 1285 957 1341 fuerint
982 1288 1123 1357 plebi
1152 1304 1406 1345 concessa
1434 1292 1665 1359 roganti,

393 1376 543 1431 Tunc
569 1391 737 1446 prope
768 1378 944 1434 nullus
972 1379 1073 1433 erit
1101 1378 1296 1435 delicto
1334 1381 1469 1435 liber
1496 1380 1564 1436 ab
1592 1381 1758 1445 omni,

254 1467 358 1519 230
397 1466 498 1532 Qui
526 1469 696 1537 possit
723 1471 944 1526 meritus
968 1474 1231 1540 promissa
1261 1474 1377 1530 luce
1405 1477 1612 1545 potiri?

399 1557 638 1628 Tangere
665 1569 791 1616 tunc
818 1562 951 1616 lmtis
979 1563 1236 1618 caelorum
1264 1581 1427 1635 regna
1450 1568 1650 1632 licebit,

392 1648 542 1704 Tunc
571 1652 770 1719 poterit
792 1668 936 1708 mors
965 1654 1079 1723 ipsa
1110 1656 1265 1721 mori,
1294 1673 1412 1711 cum
1445 1666 1685 1729 tempore
1716 1662 1837 1717 toto

391 1736 513 1789 Vita
543 1739 793 1806 perennis
820 1741 942 1805 erit,
968 1744 1093 1810 quia
1123 1752 1249 1799 tunc
1270 1746 1323 1799 in
1345 1748 1472 1801 sede
1493 1749 1649 1803 beata

394 1825 581 1881 Nullus
608 1830 865 1896 peccandi
890 1831 1039 1886 locus
1079 1842 1181 1896 est,
1212 1834 1302 1890 ubi
1333 1837 1475 1891 nulla
1504 1839 1696 1909 cupido
1725 1849 1827 1897 est.

250 1915 348 1967 ἓὖό
390 1915 574 1969 Gloria
602 1924 748 1971 tanta
779 1927 962 1975 manet
998 1923 1200 1991 populo
1229 1935 1438 1980 servata
1465 1927 1624 1982 fideli.

390 2005 631 2075 Amplius
670 2006 776 2063 hoc
818 2009 1022 2076 tribuit,
1054 2013 1226 2081 majus
1270 2013 1420 2069 dedit
1466 2017 1570 2073 hoc
1616 2033 1831 2089 quoque

1499 2105 1723 2178 [munus
1738 2147 1757 2176 ,

2072 1204 2205 1259 Nam
2233 1218 2355 1257 cum
2379 1217 2522 1271 saepe
2558 1202 2739 1255 minax
2768 1202 3038 1256 horrentia
3065 1204 3239 1257 nubila
3269 1204 3437 1271 cogit,

2072 1293 2140 1347 Et
2169 1303 2375 1348 terrore
2397 1294 2487 1362 pio
2516 1292 2676 1347 rutilo
2705 1292 2860 1347 nimis
2882 1291 3001 1359 igne
3022 1303 3289 1361 coruscat,

2077 1386 2341 1440 Tristibus
2367 1392 2423 1440 et
2442 1385 2654 1454 pluviis,
2680 1392 2733 1438 et
2757 1384 2985 1441 nubibus
3015 1384 3223 1440 intonat
3250 1386 3397 1450 atris,

2071 1475 2242 1529 Omne
2268 1490 2435 1544 genus
2472 1475 2622 1529 timet
2667 1474 2969 1539 interitum;
3001 1474 3095 1529 sed
3123 1476 3232 1528 vita
3266 1483 3505 1545 potestas

1933 1566 2037 1621 250
2073 1566 2308 1630 Desinet,
2340 1572 2395 1618 et
2421 1564 2619 1634 pariter
2639 1564 2832 1618 coelum
2861 1573 3175 1633 mentesque
3203 1574 3437 1632 serenat,

2076 1654 2191 1710 Iloc
2225 1668 2438 1724 quoque
2476 1662 2602 1707 tunc
2638 1668 2857 1723 sperare
2902 1653 3071 1722 jubet,
3119 1654 3211 1723 qui
3250 1668 3309 1708 se
3347 1654 3507 1709 modo

3222 1743 3436 1816 [cuncta

2078 1833 2309 1889 Perdere
2335 1849 2494 1904 posse
2520 1831 2730 1903 probat,
2773 1833 2818 1888 si
2843 1832 3069 1902 perdere
3104 1834 3243 1889 velle
3269 1843 3503 1893 recusat.

2076 1924 2164 1978 Sic
2192 1924 2429 1977 iteranda
2458 1923 2600 1976 salus
2627 1930 2850 1977 venturo
2879 1923 3177 1977 ostenditur
3194 1938 3327 1989 aevo,

2075 2015 2391 2084 [Eternique
2424 2015 2514 2069 Dei
2544 2014 2715 2083 pietas
2742 2022 2943 2069 :eterua
2968 2015 3224 2070 manebit.

318 2226 473 2281 Vers.
504 2226 627 2282 249.
666 2228 785 2283 Vita
821 2240 1065 2302 potestas.
1097 2234 1348 2293 Errorem
1384 2239 1501 2295 aliis
1530 2241 1822 2298 tollendum
1858 2241 2124 2308 relinquo.

319 2362 687 2433 715-716
718 2362 837 2423 Post
859 2367 1069 2435 egregia
1099 2369 1212 2424 haec
1240 2369 1295 2425 S.
1340 2370 1545 2427 Paulini
1572 2381 1821 2443 poemata
1848 2374 2107 2443 hymnum
2144 2372 2428 2440 quemdam
2456 2369 2770 2424 subnectere
2798 2365 3100 2434 placuisset,
3125 2379 3284 2434 quem
3314 2365 3381 2419 ab
3409 2380 3505 2419 eo-

252 2454 364 2507 dem
406 2456 748 2509 sanctissimo
780 2466 899 2511 vate
928 2458 980 2511 in
1012 2458 1067 2512 S.
1101 2460 1369 2517 Ambrosii
1406 2463 1618 2520 laudem
1646 2465 2001 2536 compositum
2054 2465 2249 2534 gemini
2278 2462 2612 2517 bibliothecm
2650 2457 3013 2513 Ambrosiaum
3051 2472 3179 2511 mss.
3212 2457 3508 2526 vetustiquo

252 2546 467 2601 codices
492 2544 777 2602 afﬁrmant.
810 2547 938 2619 Ejus
965 2550 1175 2607 initium
1203 2560 1285 2609 est
1318 2573 1330 2607 :

1306 2643 1589 2696 Miraculum
1615 2646 1856 2697 laudabile

1302 2704 1490 2771 βιαίῳ,
1513 2721 1685 2757 omnes
1708 2709 1890 2771 populi,

1297 2765 1434 2822 Quod
1457 2765 1622 2817 datum
1649 2765 1725 2818 esi.
1750 2765 1984 2819 Ecclesia)

1305 2825 1578 2878 Fluctuanti
1607 2830 1652 2877 in
1673 2830 1857 2880 seculo.

253 2901 340 2959 Ille
358 2916 496 2957 vero
525 2899 663 2956 idem
693 2909 775 2957 est
799 2902 1028 2974 hymnus
1054 2919 1162 2975 quo
1188 2904 1479 2963 etiamnum
1509 2910 1860 2967 Ambrosiana
1889 2909 2127 2966 Ecclesia
2157 2908 2340 2973 utitur,
2397 2908 2595 2978 quique
2643 2906 2696 2961 in
2738 2906 2977 2975 ejusdem
3006 2909 3291 2967 Breviariis
3318 2908 3510 2976 legitur

252 2994 456 3048 recenti
484 2996 658 3049 studio
686 2997 952 3064 expolitus
976 3014 1041 3054 ac
1068 3008 1418 3056 restauratus.
1452 3002 1624 3068 Quum
1648 3011 1823 3058 tamen
1856 3003 2083 3073 plurima
2122 3001 2294 3056 eidem
2325 3002 2521 3072 hymno
2552 3000 2832 3055 verborum
2860 2999 3135 3054 barbaries
3164 3000 3305 3065 insit,
3338 3000 3510 3054 nulla-

250 3100 348 3155 que
376 3087 542 3140 metri
590 3086 657 3141 sit
687 3087 868 3142 habita
898 3090 1065 3155 ratio,
1110 3092 1447 3161 apertissime
1474 3100 1621 3161 patet
1647 3108 1752 3147 non
1780 3108 1810 3147 a
1846 3092 2053 3147 Paulini
2092 3090 2251 3145 modo
2281 3090 2449 3144 nostri
2487 3089 2627 3160 stylo
2667 3088 2977 3154 abhorrere,
3007 3103 3190 3142 verum
3221 3088 3381 3142 etiam
3412 3088 3511 3141 hu-

251 3177 431 3230 milem
463 3177 620 3245 plane
647 3176 833 3232 fmtum
862 3179 1125 3248 sequioris
1151 3181 1250 3235 aevi
1278 3180 1458 3235 fuisse.
1489 3180 1712 3236 Constat
1758 3183 1992 3250 quidem,
2034 3179 2309 3236 Gennadio
2338 3185 2493 3241 teste,
2545 3176 2891 3247 Hymuarium
2920 3192 2949 3230 a
2979 3177 3198 3231 Paulino
3228 3175 3507 3231 elucubra-

254 3276 383 3332 tum,
413 3268 513 3323 sed
542 3270 607 3324 ab
635 3269 949 3326 edacissima
977 3279 1135 3327 aetate
1164 3287 1300 3341 opus
1337 3271 1477 3329 istud
1511 3274 1865 3343 interceptum
1902 3275 2021 3337 fuit,
2069 3272 2289 3341 ejusque
2336 3271 2648 3341 particulam
2691 3270 3005 3339 opusculum
3053 3270 3157 3324 hoc
3210 3285 3317 3325 non
3371 3286 3511 3337 esse,

251 3356 479 3424 quisque
501 3356 738 3411 eruditus
770 3357 914 3411 nullo
945 3359 1162 3427 negotio
1200 3360 1499 3427 dignoscet.
1545 3360 1730 3429 Itaque
1775 3359 2186 3417 Dissertationes
2233 3360 2422 3423 subdo,
2452 3374 2605 3427 quas,
2643 3367 2703 3412 ut
2733 3357 2905 3427 major
2948 3358 3155 3413 Paulini
3194 3360 3515 3415 carminibus

251 3441 333 3497 lux
361 3444 666 3512 affulgeret,
698 3462 797 3516 pro
822 3447 1022 3501 viribus
1051 3448 1331 3504 elaborare
1358 3450 1555 3504 studui.
1590 3450 1662 3505 Ex
1702 3451 1780 3507 eis
1824 3460 2003 3506 autem
2042 3450 2283 3521 quaedam
2328 3458 2484 3505 erunt
2527 3450 2652 3504 viris
2694 3449 3014 3504 doctissimis
3044 3451 3327 3519 inscriptm,
3357 3466 3510 3520 quas,

251 3535 393 3590 nullo
422 3536 567 3589 inter
594 3550 689 3591 eos
716 3537 1148 3606 praestandorum
1176 3538 1388 3593 delectu
1416 3540 1620 3607 habito,
1661 3539 1759 3594 sed
1800 3540 2091 3594 secundum
2140 3540 2471 3608 propositum
2499 3547 2809 3607 poematum
2846 3538 3087 3605 ordinem
3121 3538 3512 3595 distribuendas

253 3624 459 3679 censui.
520 3622 733 3680 Utinam
780 3627 1084 3697 hujusmodi
1138 3629 1290 3685 labor
1348 3646 1501 3702 aequo
1548 3641 1807 3701 gratoque
1860 3632 2040 3686 animo
2096 3631 2163 3684 ab
2218 3630 2611 3683 humanissimis
2658 3628 2945 3682 lectoribus
2999 3629 3335 3695 excipiatur!
3385 3637 3512 3683 tunc

251 3712 390 3767 enim
451 3722 507 3768 et
552 3714 619 3770 de
682 3726 936 3789 suscepto
1000 3718 1225 3776 consilio
1286 3721 1416 3777 mihi
1477 3721 1757 3791 gaudebo,
1809 3722 2124 3788 animusque
2177 3718 2244 3771 ad
2298 3717 2501 3785 majora
2565 3716 2618 3769 in
2682 3725 2954 3785 posterum
3015 3716 3351 3786 suscipienda
3415 3733 3512 3788 ap-

252 3801 498 3869 pelletur.

877 4095 1001 4177 IN
1051 4098 1138 4178 S.
1227 4093 1703 4178 PAULINI
1752 4094 2191 4178 NOLANl
2266 4089 2835 4177 POEMATA

1208 4268 1821 4343 VABIANTES
1893 4269 2354 4344 LECTION
2366 4268 2516 4340 ES.

1212 4447 1297 4488 EX
1342 4443 1798 4488 MANUSCRIP'I‘IS
1842 4446 1923 4488 ΕΤ
1957 4444 2163 4487 Ευιτιε
2208 4443 2558 4487 CODICIBUS.

671 4651 738 4707 IN
778 4651 1101 4706 ΡΟΕΜΑΤΑ
1136 4652 1188 4718 Ι,
1228 4652 1302 4714 II,
1343 4651 1430 4707 IV.

324 4744 341 4774 ¹
373 4743 471 4797 lin.
500 4742 585 4807 10,
620 4746 767 4814 quasi
796 4760 913 4796 vero
951 4760 1233 4797 numerum.
1258 4743 1506 4799 Barthius
1551 4744 1835 4814 legendum

255 4821 442 4867 censet
469 4816 619 4880 quasi
647 4821 817 4865 verum
846 4830 1135 4867 numerum.

324 4885 344 4913 ⁸
370 4882 528 4936 Vers.
563 4881 612 4947 5,
644 4884 794 4935 πάνυ.
828 4881 925 4934 Ed.
957 4883 1143 4937 Schot.
1176 4890 1232 4937 et
1256 4883 1434 4949 Vinet,
1460 4884 1637 4937 miros.

326 4952 345 4980 ³
375 4951 531 5005 Vers.
558 4950 610 5015 6,
642 4952 767 5005 alto.
800 4950 899 5006 Ed.
928 4951 1139 5015 Schot.,
1163 4964 1300 5004 acto.

258 5019 532 5140 Μῖαξὲἷδ.
565 5019 651 5086 15,
699 5020 863 5090 epulis
904 5021 1124 5075 aliudat.
1169 5020 1310 5075 Edit.
1338 5022 1513 5076 Viuet.
1537 5062 1551 5088 ,
1576 5021 1834 5093 epulisque

329 5158 350 5188 ⁵
380 5157 535 5212 Vers.
569 5158 653 5225 l8,
680 5159 891 5213 tribuat.
916 5158 1050 5213 Edd.
1075 5158 1260 5213 Schot.
1285 5167 1339 5214 et
1358 5159 1538 5221 Vinet,
1565 5159 1761 5215 tribuit.

830 5270 896 5323 IN
934 5269 1168 5329 ΡΟΕΜΑ
1195 5270 1259 5325 V.

327 5359 340 5388 '
377 5357 435 5411 In
455 5359 638 5435 titulo.
662 5360 762 5435 Ed.
784 5359 965 5423 Grin.,
996 5361 1170 5435 Pontii
1196 5362 1406 5416 Paulini
1443 5363 1835 5435 Burdigalensis

263 5422 498 5499 Precatio
527 5430 599 5499 ad
612 5422 1017 5499 omnipotentem
1050 5430 1233 5484 Deum.

2014 4657 2035 4688 δ
2063 4656 2216 4712 vers.
2238 4654 2327 4717 52,
2358 4655 2521 4708 ενι-οτὶ
2558 4653 2689 4723 ipse.
2723 4646 2855 4706 Edd.
2898 4648 3048 4705 Grin.
3101 4660 3158 4713 et
3204 4652 3403 4711 Poelm.
3454 4660 3508 4712 in

1940 4740 2132 4791 marg.,
2158 4726 2437 4793 errorique.
2740 4784 2743 4787 λ

2013 4796 2033 4827 ⁸
2055 4789 2208 4851 Vers.
2232 4793 2318 4857 64,
2338 4789 2572 4847 malem.
2606 4794 2817 4845 bene...
2852 4789 2983 4846 Edd.
3008 4789 3194 4858 Gram,
3222 4792 3423 4850 Poelm.
3455 4806 3511 4852 et

1940 4863 2128 4919 Schot.
2162 4865 2215 4917 in
2243 4878 2435 4930 marg.,
2468 4866 2699 4930 mala....
2735 4859 2956 4914 bonum.

1940 5004 1989 5056 ια
2010 4935 2215 5056 'tVers.
2251 4932 2346 4999 75,
2371 4929 2626 5002 uoluptas.
2660 4929 2820 4985 Iidem
2851 4930 3062 4988 codices
3087 4934 3139 4987 in
3164 4948 3391 5003 margg.,
3422 4953 3511 4990 ao-

1996 5021 2026 5056 n
2055 5020 2132 5056 as.

1996 5012 2132 5057 ηεαδ.

2480 5112 2548 5167 IN
2586 5111 2818 5167 POEMA
2844 5112 2956 5170 VII.

2014 5227 2029 5260 ¹
2059 5224 2314 5293 Versﬂﬁ,
2333 5224 2696 5278 imminentem.
2723 5223 2819 5279 Ed.
2844 5224 3027 5282 Schot.
3054 5227 3107 5282 in
3129 5242 3357 5298 ωλι-88η
3388 5232 3512 5283 emi-

1942 5306 2521 5435 "eiliIZI-s._ss,_unam
2549 5362 2846 5435 tenebitlii
2871 5366 3094 5433 psalmi,
3124 5366 3359 5435 itemque
3390 5384 3509 5421 car-

1938 5451 2063 5490 men
2107 5435 2174 5489 de
2220 5432 2279 5487 S.
2327 5432 2572 5504 Johanue
2619 5431 2888 5504 Baptista,
2923 5450 2990 5488 ex
3037 5431 3510 5504 hymnis,'opinor,

327 5499 361 5573 ⁸.
380 5495 531 5573 vers.
553 5495 1015 5573 55,perdidit._Si_c
1041 5501 1125 5554 ed.
1152 5501 1337 5573 itoqu
1363 5500 1625 5565 Latinius,
1646 5510 1700 5557 et
1729 5514 1837 5560 tres
1935 5512 2064 5560 sunt
2105 5519 2242 5573 quos
2285 5501 2524 5573 condidit
2560 5495 2872 5556 etiamnum
2900 5504 3046 5557 rudis
3076 5495 3509 5572 'theologicoruni

260 5563 466 5639 e«l:l._jn
491 5563 692 5639 margg.
727 5570 794 5622 At
814 5570 931 5639 edd.
962 5569 1012 5634 4,
1045 5569 1293 5639 prodidit.

329 5634 347 5707 ἦ
381 5633 530 5707 Yers.
551 5633 818 5707 55,1121“.
842 5638 975 5707 Edd.
1003 5633 1110 5694 tres
1139 5640 1192 5693 in
1223 5652 1449 5707 margg.,
1479 5642 1623 5695 olim.

331 5703 346 5727 ⁸
386 5702 530 5759 Vers.
558 5705 647 5771 41,
672 5709 883 5761 a’thera.
916 5706 1053 5761 Edd.
1091 5717 1200 5764 tres
1230 5710 1283 5765 in
1304 5702 1529 5778 mergat,
1554 5726 1696 5764 aera.

1942 5571 2277 5628 arcanorum.
2312 5571 2497 5639 Itaque
2527 5587 2632 5625 non
2668 5572 2858 5625 mirum
2890 5574 2935 5625 si
2977 5573 3222 5626 videatur
3248 5571 3334 5627 hic
3362 5590 3511 5627 error

1941 5641 2229 5711 signiﬁcari
2274 5656 2462 5696 eorum
2492 5641 2601 5711 qui
2646 5656 2809 5709 prave
2864 5642 3222 5708 intelliget-tes
3275 5643 3448 5696 locum
3491 5645 3508 5697 l

1941 5713 2159 5775 Comu,
2190 5712 2451 5780 putabant
2478 5710 2826 5771 Christianos,
2859 5712 3100 5778 quamvis
3126 5711 3318 5779 malos,
3348 5714 3511 5769 modo
