3990 6182
453 309 559 363 725

1540 300 1875 356 APPENDIX
1912 299 2195 355 OPERUM
2235 298 2293 355 S.
2338 296 2627 353 PAULINI.

3612 305 3710 358 72$

454 424 743 503 imaginem
773 437 877 503 non
895 428 1089 503 potest
1114 428 1350 490 portare,
1396 418 1493 473 nisi
1523 419 1615 487 qui
1644 420 1697 472 in
1718 418 1831 503 hoc
1850 418 2034 499 seculo
2062 421 2107 478 Α
2138 412 2604 503 cssejfacien‘dam,‘
2649 426 2679 465 a
2707 426 2815 503 quo
2837 426 3113 503 spe‘ramus
3139 422 3195 468 et
3211 416 3474 503 .prmmialg
3502 429 3716 503 propter

452 488 651 549 nudum
680 507 739 546 se
781 488 955 545 reddit
997 498 1053 545 et
1092 488 1385 555 mortuum,
1434 496 1492 541 ut
1532 488 1829 542 secundum
1860 488 2033 557 ipsum

459 560 744 617 Dominum
780 560 955 615 dicat:
991 559 1140 614 Venit
1182 560 1333 629 enim,
1365 560 1604 629 princeps
1645 558 1823 611 mundi
1856 557 2031 629 hujus,

452 640 504 684 et
541 631 597 684 in
637 649 717 684 me
752 632 882 684 nihil
922 631 1113 683 invenit
1141 638 1198 691 ις
1256 628 1342 684 vel
1366 627 1669 683 Secundum
1716 627 2035 696 prophetam

456 700 620 754 David
638 720 649 752 :
670 699 863 753 Factus
890 716 1003 753 sum
1024 701 1158 753 inter
1175 701 1392 752 viventes
1406 699 1554 767 quasi
1564 695 1793 751 mortuus
1808 695 1832 733 Β
1848 714 1863 760 ;
1885 704 1941 749 ut
1960 695 2037 751 sic

453 770 590 839 inter
618 781 843 823 mortuos
888 767 1049 822 libera
1076 769 1250 839 possis
1273 765 1427 837 juxta
1456 765 1773 839 Apostolum
1787 837 1795 839 _
1814 766 1991 839 dicere
2019 783 2032 817 :

471 838 603 910 Vivo
615 848 784 910 autem
802 840 917 909 jam
938 855 1041 910 non
1061 835 1176 910 ego,
1208 835 1326 910 vivit
1354 835 1524 910 autem
1552 839 1607 890 in
1634 852 1713 910 me
1729 835 1967 910 Christus
1987 846 2033 887 θ.

460 908 536 976 (a)
566 906 750 962 Gaude
778 904 900 977 q'uia
930 909 1068 964 facta
1090 904 1167 963 'es
1204 909 1342 965 sicut
1362 907 1596 976 gloriosa
1643 904 1848 970 Judith,
1897 906 2038 959 inter

457 977 683 1053 virtutes
736 978 1001 1053 pudicitia:
1040 979 1245 1033 meritis
1282 977 1911 1053 viduitatisincorruptte
1941 990 2038 1053 po-

460 1052 600 1114 tens,
641 1046 779 1101 sicut
824 1057 879 1102 et
907 1049 1058 1102 Anna
1087 1048 1405 1103 venerabilis
1433 1047 1489 1100 in
1511 1046 1837 1115 jejuniorum
1870 1046 2036 1099 casti-

459 1118 639 1172 monia
667 1118 900 1172 orationi
931 1120 1134 1172 instans
1163 1125 1323 1172 nocte
1348 1132 1414 1171 ac
1441 1118 1529 1171 die
1551 1118 1616 1169 ³⁸.

1002 1206 1335 1262 EPISTOLA
1372 1205 1415 1259 Il
1447 1208 1482 1258 ‘.

461 1301 625 1354 Autor
651 1298 946 1355 Celanciam
976 1300 1197 1354 nobilem
1227 1309 1537 1362 matronam,
1562 1315 1593 1350 a
1613 1314 1713 1369 qua
1735 1297 1920 1352 obnixe
1948 1315 2036 1352 ro-

534 1380 685 1441 gatus
713 1370 777 1422 de
812 1372 907 1424 hoc
933 1372 1123 1440 fuerat,
1161 1370 1308 1424 docet
1346 1370 1599 1441 quomodo
1638 1370 1773 1421 inter
1800 1370 2036 1432 honores,

534 1440 755 1503 divitias,
778 1441 1096 1493 matrimonii
1117 1455 1294 1502 onera,
1309 1440 1465 1493 vitam
1490 1453 1637 1491 suam
1666 1446 1841 1491 sancte
1862 1454 1922 1489 ac
1953 1454 2037 1490 re-

533 1510 715 1579 ligiose
743 1508 916 1561 ducat.
958 1507 1093 1579 Eam
1133 1512 1202 1562 ad
1245 1510 1433 1563 divinat
1458 1508 1748 1579 Scriptura;
1772 1509 2041 1579 lectionem

535 1577 803 1641 hortatur;
825 1586 881 1648 et
921 1578 1205 1632 admonens
1245 1595 1308 1632 ne
1334 1580 1397 1632 de
1423 1579 1623 1648 generis
1662 1577 1932 1648 nobilitate
1954 1592 2041 1629 su-

533 1648 754 1720 perbiat,
795 1647 959 1720 docet_
988 1648 1042 1720 in
1072 1649 1307 1720 quo_sita
1331 1646 1564 1720 sit'vera
1605 1646 1876 1720 nobilitas;
1917 1646 2041 1720 item

533 1714 656 1787 quid
684 1720 790 1771 viro
812 1733 903 1771 suo
925 1714 1122 1771 debeat.
1149 1717 1285 1771 Eam
1305 1718 1506 1771 demum
1527 1717 1788 1787 redarguit
1810 1714 1945 1787 quod
1966 1717 2041 1768 in-

533 1785 764 1843 consulto
795 1789 902 1841 viro
932 1788 1222 1841 castitatem
1251 1787 1360 1843 Deo
1389 1789 1595 1841 voverit.
1633 1785 1791 1856 (Vide
1813 1785 2033 1840 Dissert.
2070 1785 2116 1846 Β

533 1856 591 1921 6,
617 1874 670 1910 n.
700 1856 780 1927 ‘2.)

539 1946 588 2019 l_.
619 1948 785 2003 Vetus
813 1948 1103 2019 Scriptum
1144 1948 1412 2004 celebrata
1458 1946 1733 2019 sententia
1768 1954 1871 2009 est,
1922 1959 2043 1999 esse

466 2016 726 2086 pudorem
768 2033 876 2088 quo
924 2016 1093 2088 gloria
1123 2019 1426 2073 inveniatur
1458 2019 1471 2047 ¹
1518 2025 1574 2071 et
1602 2016 1802 2084 gratia,
1842 2024 2043 2088 etesse

464 2082 651 2167 rursus
688 2082 951 2167 pud-orem
981 2090 1073 2158 qui
1099 2089 1270 2144 soleat
1295 2092 1314 2119 '
1344 2082 1919 2167 parere-peccatum},
1944 2082 2045 2167 Cu-

466 2156 549 2224 ius
574 2154 701 2227 dicti
724 2160 938 2222 veritas,
971 2154 1291 2227 quamquam
1330 2154 1461 2210 satis
1487 2154 1819 2227 adr’romnium
1850 2154 2044 2227 intelli-

466 2223 697 2292 gentiam
724 2228 837 2295 ipsa
867 2229 949 2282 sui
980 2223 1165 2282 luceat
1184 2228 1447 2289 claritate,
1494 2225 1623 2279 mihi
1653 2232 1831 2295 tamen
1864 2223 2044 2295 nescio

466 2290 575 2362 quo
601 2290 761 2350 modo
791 2296 843 2349 in
886 2299 1132 2366 prazsenti
1156 2312 1315 2352 causa
1353 2295 1572 2366 propius
1618 2293 1869 2366 innotuit.
1914 2290 2045 2366 Pro-

469 2374 689 2419 vocatus
717 2368 856 2421 enim
887 2362 954 2422 ad
982 2366 1322 2425 scribendum
1356 2362 1555 2419 litteris
1581 2365 1705 2426 tuis,
1752 2377 1871 2426 qua:
1898 2362 2047 2415 miris

470 2432 574 2487 hoc
598 2448 629 2487 a
658 2450 744 2489 me
774 2437 1232 2491 obsecrationibus
1258 2435 1584 2503 flagitabant,
1615 2433 1724 2495 diu,
1754 2429 1944 2496 fateor,
1977 2429 2047 2485 de

469 2504 821 2571 responsione
846 2506 1104 2572 dubitavi,
1147 2506 1414 2561 silentium
1459 2504 1589 2556 mihi
1620 2504 1917 2571 imperante
1953 2516 2047 2572 ve-

470 2570 755 2639 recundia;
788 2575 875 2629 cui
902 2570 1395 2631 tamcnfortissime
1414 2570 1717 2634 resistebat,
1747 2579 1801 2625 et
1830 2573 1935 2624 vim
1966 2570 2047 2623 fa-

469 2642 647 2695 ciebat
673 2657 891 2710 precum
914 2652 1125 2699 tuarum
1146 2644 1318 2699 ﬁdelis
1339 2643 1560 2698 ambitio
1586 2652 1639 2707 ε;
1672 2642 2049 2711 pugnabalquc

471 2710 668 2765 acriter
696 2727 815 2767 cum
843 2714 1177 2769 hiesitatione
1204 2728 1324 2768 mea
1368 2712 1639 2768 humilitas
1676 2710 2045 2776 ’obsecrantis;

472 2790 527 2852 et
555 2792 745 2849 magna
766 2783 997 2852 quadam
1026 2783 1450 2839 lidei'violentia
1481 2782 1590 2837 oris
1610 2782 1841 2836 claustra
1870 2780 2050 2850 pulsa-

474 2850 565 2905 hat
589 2868 601 2902 :
628 2850 859 2921 cumq—ue
880 2856 958 2910 sic
990 2855 1010 2884 ⁸
1039 2856 1276 2909 animum
1306 2855 1360 2908 in
1389 2860 1616 2921 utroque
1644 2859 1923 2921 nutantem
1951 2865 2047 2904 co-

472 2922 662 2995 gitatio
688 2920 898 2995 diversa
926 2925 1161 2990 libraret,
1186 2940 1323 2995 pene
1350 2920 1773 2995 pudor’erclusit
1792 2920 2045 2995 officium.

473 2990 582 3046 Sed
609 3008 695 3065 me
737 2994 847 3065 illa,
876 3011 1056 3065 quam
1099 2990 1259 3065 supra
1290 2990 1464 3064 po'sui,
1493 2990 1761 3063 Sapientis
1787 2990 2051 3065 sententia

474 3064 701 3116 amiavit
744 3064 811 3117 ad
855 3062 1224 3123 depellendam
1262 3062 1503 3118 inutilem
1551 3062 1947 3123 verecundiam,
1998 3066 2054 3113 et

474 3131 790 3203 damnosum
813 3131 976 3203 728
994 3135 1266 3189 silentium
1292 3133 1696 3203 resolvendum;
1728 3146 1848 3185 cum
1868 3132 2053 3199 utique

475 3201 643 3267 ipsam
669 3201 1178 3258 scribén—di'causam
1202 3212 1309 3257 tam
1336 3204 1616 3258 honestam
1650 3202 1885 3254 viderem
1911 3214 2051 3264 esse,

475 3279 872 3341 tain‘sanctam,
902 3280 960 3326 ut
987 3288 1213 3341 peccare
1240 3288 1325 3326 me
1368 3274 1642 3341 crederem
1673 3272 1693 3301 ⁸
1723 3271 1767 3323 si
1794 3278 2052 3341 tacerem,

480 3337 605 3390 illud
634 3354 845 3392 mecum
870 3337 1159 3410 Scriptura:
1188 3351 1483 3410 reputans:
1513 3340 1731 3409 Tempus
1762 3339 1984 3410 tacendi,
2006 3349 2056 3392 et

481 3417 675 3476 tempus
706 3411 942 3478 loquendi
972 3408 1012 3465 τ.
1039 3410 1105 3464 Et
1132 3408 1323 3465 iterum
1359 3428 1371 3462 :
1406 3409 1489 3464 Ne
1522 3408 1744 3462 retineas
1769 3408 1974 3462 verbum
2000 3410 2053 3461 in

480 3485 704 3546 tempore
729 3478 910 3534 salutis
935 3490 979 3533 Β.
1013 3480 1079 3533 Ει
1103 3481 1231 3535 illud
1260 3480 1319 3533 Β.
1354 3478 1497 3535 Petri
1524 3497 1536 3530 :
1566 3478 1749 3549 Parati
1769 3494 1965 3549 semper
1988 3478 2056 3531 ad

479 3549 887 3622 satisfactionem
916 3552 1054 3605 omni
1082 3552 1313 3622 poscenti
1342 3566 1425 3622 vos
1456 3551 1708 3622 rationem
1731 3547 1777 3601 δ.

547 3616 779 3690 είΡυιίε
809 3634 1057 3690 namque,
1082 3616 1163 3676 'ct
1199 3621 1427 3676 sollicite
1466 3635 1530 3675 ac
1556 3620 1817 3690 violenter
1844 3617 1865 3647 ⁸
1895 3618 2055 3686 petis,

482 3696 538 3762 ιιι
569 3687 674 3762 tibi
691 3699 892 3744 certam
906 3687 985 3745 ei
1008 3690 1293 3762 Scripturis
1315 3692 1512 3747 sanctis
1534 3687 1888 3759 pncﬁniamus
1910 3702 2059 3762 regu-

481 3758 583 3827 lam
612 3758 679 3813 ad
698 3775 857 3827 quam
885 3770 942 3815 tu
971 3758 1185 3817 ordines
1212 3777 1426 3816 cursum
1447 3758 1570 3815 vitre
1597 3769 1725 3822 ture;
1751 3766 1826 3822 ut,
1845 3760 2056 3826 cognita

483 3826 691 3883 Domini
716 3826 1013 3897 voluntate,
1046 3832 1185 3886 inter
1213 3832 1448 3886 honores
1473 3830 1637 3885 seculi
1669 3837 1724 3883 et
1750 3828 2056 3881 divitiarum

478 3897 781 3965 illecebras,
831 3917 1041 3955 morum
1088 3903 1255 3968 magis
1296 3902 1486 3970 diligas
1520 3898 2057 3970 supellectilemsat-

480 3982 597 4039 que
629 3976 687 4039 ut
734 3972 907 4039 pessis
952 3972 1004 4023 in
1054 3971 1304 4039 conjugio
1349 3968 1667 4032 constituta,
1729 3984 1836 4022 non
1885 3968 2057 4039 solum

477 4036 694 4104 conjugi
734 4036 954 4107 placere
981 4079 994 4100 .
1066 4036 1169 4093 sed
1211 4036 1370 4092 etiam
1421 4040 1471 4093 ei
1510 4040 1599 4106 qui
1652 4040 1821 4106 ipsum
1883 4036 2057 4089 indul-

480 4106 550 4177 sit
589 4106 915 4177 coniugium.
967 4109 1062 4163 Cui
1113 4118 1221 4161 tam
1274 4117 1473 4161 sancta:
1520 4108 1795 4177 petitioni,
1844 4115 2059 4173 tamque

482 4176 570 4243 pio
596 4176 867 4231 desiderio
895 4194 1001 4231 non
1032 4178 1358 4243 satisfacere,
1404 4175 1532 4245 quid
1574 4175 1718 4230 aliud
1745 4184 1846 4239 est,
1896 4189 2059 4243 quam

518 4245 777 4300 refectum
808 4247 1026 4301 alterius
1068 4261 1174 4300 non
1204 4248 1418 4300 amare?
1448 4246 1652 4300 Parebo
1695 4246 1854 4314 igitur
1880 4245 2057 4314 preci-

519 4328 579 4367 us
609 4316 732 4380 tuis,
761 4324 921 4387 teque
950 4324 1203 4387 paratam
1228 4316 1294 4369 ad
1325 4316 1643 4387 implendam
1672 4317 1691 4347 “¹
1725 4315 1932 4387 Domini
1960 4328 2057 4367 vo-

482 4384 737 4438 luntatem
770 4386 935 4454 ipsius
950 4384 984 4418 ’⁸
1015 4388 1154 4440 nitar
1197 4384 1420 4441 incitare
1449 4386 1748 4442 sententiis.
1804 4384 1947 4439 ldem
1977 4390 2060 4437 est

480 4454 624 4524 enim
654 4470 810 4509 verus
854 4457 1094 4512 omnium
1142 4456 1401 4511 Dominus
1439 4472 1501 4511 ac
1528 4455 1799 4523 Magister,
1840 4455 1931 4524 qui
1959 4468 2059 4524 nos

2179 485 2291 555 uod
2314 485 2421 538 alio
2438 488 2678 555 testatur
2707 480 2827 555 luco
2862 480 3034 555 ;_N_on
3080 480 3247 537 omnis
3287 488 3373 555 qui
3415 480 3541 539 dicit
3572 480 3717 553 mihi,

2192 554 2379 617 omine,
2428 551 2669 614 Domine,
2711 550 2926 623 intrabit
2954 552 3007 605 in
3048 568 3265 623 regnum
3300 550 3588 622 coriorum;
3635 550 3722 612 sed

2136 626 2222 707 qui
2250 625 2373 707 facit
2386 623 2714 704 .voluntatem
2751 619 2929 707 Patris
2958 623 3057 707 mei
3095 619 3181 707 ἀιιὶ
3222 624 3275 676 in
3307 626 3448 707 cretis
3472 619 3578 690 est,
3598 630 3726 707 ipse

2136 642 2222 707 qui
2250 640 2714 704 {acinvomntatem
2751 640 2929 674 ratrts
2958 640 3056 698 me!
3164 640 3181 676 ι
3222 640 3275 676 ιη
3307 640 3448 705 cretis
3472 640 3571 690 est,
3615 647 3632 681 ι
3672 645 3726 682 sc

2135 692 2353 748 intrabit
2381 710 2436 746 tn
2480 708 2694 763 regnum
2733 690 2973 763 caelorum
3005 703 3049 744 J.
3095 640 3217 763 6υο
3265 696 3547 749 manifeste
3594 647 3726 751 ili’ud

2138 763 2457 834 ostenditur,
2488 760 2586 815 nos
2610 776 2715 815 non
2736 760 2849 814 sola
2865 760 2968 834 _Dei
2989 760 3332 834 confessione
3358 768 3489 817 tanti
3520 769 3727 834 prmmii

2137 832 2557 907 magnitudinem
2579 830 2899 899 promereri,
2950 831 3054 886 nisi
3082 829 3205 887 ﬁdei
3233 840 3288 888 et
3312 829 3534 903 justitiai
3558 852 3728 907 opera

2138 903 2425 971 conjuncta
2466 902 2590 955 sint.
2806 970 2815 971 ί
3022 969 3033 971 _
3320 902 3323 903 ⁷
3550 956 3561 961 -

2210 969 2261 1026 5‘.
2294 970 2479 1037 Qualis
2506 972 2647 1025 enim
2676 977 2759 1026 est
2785 970 2873 1024 illa
2905 969 3196 1039 confessio,
3227 986 3345 1039 quae
3367 974 3446 1028 sic
3474 975 3585 1029 Deo
3610 992 3728 1032 cre-

2138 1041 2216 1097 dit
2239 1042 2298 1114 ἷο,
2324 1049 2382 1094 ut
2402 1041 2692 1114 prouihilo
2721 1041 2837 1110 ejus
2864 1040 3025 1114 ducat
3047 1042 3328 1114 imperium
3361 1046 3397 1075 “
3419 1046 3442 1097 ?
3466 1053 3563 1114 aut
3589 1061 3728 1114 quo-

2141 1113 2302 1166 modo
2331 1108 2607 1180 eat—animo
2636 1126 2698 1165 ac
2724 1108 2851 1165 vere
2894 1108 3143 1178 dicimus,
3189 1111 3429 1177 Domine,
3465 1108 3725 1180 Domine;

2138 1183 2185 1236 si
2221 1182 2539 1262 ejuslquetrr
2585 1179 3245 1262 Dominumnconlitemur
3283 1192 3548 1262 [incoepta
3590 1179 3725 1240 con-

2140 1247 2465 1306 temnimu's?
2495 1248 2646 1304 Unde
2670 1250 2783 1317 ipse
2806 1250 2858 1303 in
2880 1247 3169 1316 Evangelio
3195 1247 3323 1305 dicit
3351 1270 3361 1304 :
3390 1247 3529 1315 Quid
3552 1265 3725 1308 autem

2139 1324 2331 1392 vocatis
2355 1337 2454 1385 me,
2476 1318 2710 1392 Domine,
2728 1318 2948 1392 Domine
2957 1328 3048 1392 _,'_et
3069 1337 3172 1374 non
3196 1323 3367 1391 facitis
3392 1340 3505 1392 qua:
3526 1324 3644 1378 dico
3662 1325 3683 1361 ¹ί
3704 1327 3727 1378 ?

2140 1389 2208 1444 Et
2238 1391 2430 1445 iterum
2464 1407 2476 1441 :
2521 1388 2751 1458 Populus
2782 1390 2863 1458 hic
2876 1387 3046 1458 labiis
3069 1406 3148 1443 me
3172 1387 3415 1457 honorat,
3443 1410 3533 1446 cor
3551 1404 3725 1448 autem

2140 1477 2316 1531 eorum
2354 1460 2511 1531 longe
2529 1456 2609 1511 est
2632 1476 2665 1531 ιι
2694 1476 2773 1512 me
2802 1457 2843 1531 ι.
2875 1456 2943 1511 Et
2967 1474 3176 1512 rursum
3206 1456 3443 1530 loquitur
3470 1478 3567 1531 per
3596 1480 3727 1531 pro-

2140 1478 2316 1514 eorum
2354 1478 2503 1580 toniqe
2529 1478 2603 1511 est
2634 1478 2665 1511 a
2694 1478 2773 1512 me
2804 1478 2843 1511 -.
2876 1478 2943 1511 nt
2968 1478 3176 1512 rursum
3206 1478 3443 1530 loquitur
3470 1478 3567 1531 per
3596 1480 3727 1531 pro-

2139 1530 2362 1599 phetam
2390 1548 2401 1581 :
2478 1530 2595 1599 ili_us
2621 1528 2929 1599 honori/ient
2957 1537 3175 1597 patrem,
3197 1539 3245 1582 et
3266 1547 3438 1584 servus
3460 1531 3728 1587 dominum

2142 1597 2289 1668 Suum
2319 1601 2478 1652 timet.
2514 1597 2599 1664 Et,
2629 1600 2673 1651 si
2699 1598 2859 1668 Pater
2884 1614 2977 1668 ego
3007 1614 3138 1663 sum,
3170 1600 3254 1652 ubi
3282 1600 3447 1653 honor
3473 1620 3618 1656 meus
3636 1604 3661 1656 ?
3679 1614 3729 1657 et

2144 1670 2188 1722 si
2217 1667 2469 1723 Dominus
2500 1685 2592 1742 ego
2622 1684 2752 1732 sum,
2778 1666 2864 1742 ubi
2880 1666 2960 1742 est
2982 1668 3133 1742 tim_or
3152 1686 3292 1742 meus
3317 1670 3393 1723 lu?
3416 1670 3497 1725 Ex
3519 1687 3627 1739 quo
3652 1671 3726 1742 (b)

2142 1747 2365 1820 apparet
2410 1754 2510 1793 nec
2531 1735 2805 1820 'honorari
2847 1735 2914 1820 ab
2951 1738 3028 1817 eis
3058 1736 3341 1820 Dominum
3384 1755 3483 1820 nec
3528 1735 3727 1820 timeri,

2144 1806 2235 1876 qui
2267 1808 2384 1877 ejus
2410 1816 2677 1877 percepta
2720 1823 2828 1862 non
2875 1806 3095 1861 faciunt.
3146 1807 3297 1862 Unde
3344 1808 3409 1862 ad
3441 1810 3606 1863 David
3635 1806 3731 1866 ex;

2146 1823 2235 1876 qui
2267 1823 2384 1877 ejus
2449 1823 2677 1877 accepta
2720 1823 2828 1862 non
2875 1823 3095 1861 tacnunt.
3150 1823 3297 1862 unde
3344 1823 3409 1862 ao
3441 1823 3606 1863 David
3635 1829 3731 1866 ex-

2146 1880 2379 1950 pressius
2408 1823 2621 1950 gicitur,
2650 1877 2741 1950 qui
2772 1877 3367 1950 pecc_:aturp_ad_t_tiiserat
3397 1898 3409 1931 :
3434 1878 3504 1950 Et
3534 1882 3603 1949 (ε)
3634 1898 3731 1950 pro

2146 1944 2307 2002 nihilo
2334 1948 2528 2001 duxisti
2556 1944 2854 2000 Dominum.
2881 1944 2945 1999 Et
2966 1945 3033 1999 ad
3061 1945 3177 2000 Heli
3217 1948 3274 1999 fit
3291 1963 3466 2002 sermo
3483 1944 3727 2004 Domini:

2145 2016 2306 2088 729
2336 2016 2435 2080 Qui
2470 2017 2778 2090 honori/ient
2805 2032 2905 2090 me,
2955 2016 3305 2090 honoriﬁcabo
3344 2035 3487 2090 eum;
3535 2020 3611 2090 (ἀ)
3635 2022 3723 2090 qui

2146 2085 2434 2159 ᾶιιῖεὶη-ρνο
2458 2086 2620 2140 nihilo
2641 2103 2721 2139 me
2748 2085 2954 2159 habent,
2982 2086 3051 2138 ad
3075 2085 3291 2140 nihilum
3317 2085 3615 2159 redigentur
3644 2085 3692 2143 ιί.

2219 2156 2271 2209 4.
2304 2155 2371 2228 Et
2397 2171 2496 2228 nos
2518 2171 2709 2210 securo
2738 2171 2801 2210 ac
2830 2155 2973 2209 bono
3018 2159 3200 2228 animo
3243 2155 3447 2221 sumus,
3490 2159 3582 2227 qui
3635 2175 3733 2228 per

2146 2226 2353 2296 singula
2400 2226 2470 2295 (e)
2521 2241 2745 2296 quicque
2765 2234 3084 2296 praecepta,
3128 2226 3517 2296 inbonorantcs
3558 2226 3730 2283 Deum

2147 2293 2639 2367 clementissimum,
2661 2293 2737 2367 υ)
2764 2293 3049 2367 Dominum
3078 2295 3143 2367 ad
3171 2296 3495 2367 iracundiam
3528 2314 3731 2367 provo-

2148 2380 2360 2430 camus;
2412 2364 2636 2434 ejusque
2667 2364 2943 2433 itnperium
2972 2365 3350 2434 superbissime
3378 2364 3735 2423 contemnen-

2148 2434 2238 2500 do,
2289 2435 2341 2488 in
2372 2442 2534 2488 tanta:
2562 2434 2861 2502 majestatis
2899 2435 3037 2489 imus
3082 2435 3365 2502 injuriam?
3408 2434 3545 2501 Quid
3584 2439 3731 2492 enim

2150 2519 2399 2573 umquam
2428 2513 2534 2557 tam
2562 2504 2871 2573 superbum,
2912 2505 3036 2573 quid
3065 2520 3194 2559 vero
3224 2513 3332 2559 tam
3364 2506 3629 2573 ingratum
3660 2511 3735 2561 vi.

2149 2572 2263 2628 deri
2290 2582 2487 2643 potest,
2512 2572 2671 2642 quam
2702 2573 2955 2628 adversus
2980 2572 3096 2640 'ejus
3122 2576 3301 2629 vivere
3322 2572 3679 2643 voluntatem,
3699 2595 3730 2631 a

2188 2659 2256 2697 uo
2286 2644 2460 2715 ipsum
2504 2643 2685 2715 vivere
2715 2644 3023 2715 acceperis?
3071 2660 3228 2713 quam
3277 2645 3417 2699 illius
3459 2658 3732 2715 prmcepta

2188 2714 2449 2783 espicere,
2478 2714 2571 2782 qui
2599 2714 2720 2768 ideo
2746 2713 2942 2781 aliquid
2973 2716 3216 2782 imperat,
3243 2722 3302 2768 ut
3322 2713 3511 2783 causas
3532 2713 3732 2771 habeat

2150 2781 2565 2838 reniunerandi?
2592 2784 2935 2852 nequeenim
2963 2781 3204 2852 obsequii
3233 2786 3401 2839 nostri
3428 2781 3567 2840 Deus
3596 2787 3733 2839 indi-

2151 2860 2260 2925 get,
2285 2853 2379 2925 sed
2398 2868 2500 2925 nos
2539 2847 3003 2921 illius—indigemus
3034 2847 3284 2925 imperio.
3335 2854 3593 2925 Mandata
3620 2857 3730 2925 ejus

2153 2921 2513 2977 desiderabilia
2552 2940 2705 2993 super
2728 2940 2911 2976 aurum
2936 2933 2983 2977 et
3023 2924 3249 2993 lapidem
3288 2924 3564 2991 pretiosum
3592 2921 3730 2979 mul-

2153 3000 2261 3045 tum
2292 2995 2353 3065 ‘f,
2399 3002 2455 3065 et
2468 2992 2710 3065 dulciora
2744 3010 2896 3065 super
2925 2998 3025 3047 mel
3050 3003 3101 3065 et
3124 2996 3311 3065 favum
3336 3010 3351 3065 ς
3392 2997 3649 3062 quoniam
3678 2998 3731 3049 in

2154 3062 2503 3116 custodiendis
2530 3063 2635 3116 illis
2660 3062 2925 3117 retributio
2952 3064 3112 3116 multa
3124 3062 3179 3117 ⁷ο.
3207 3062 3271 3115 Et
3301 3063 3420 3117 ideo
3445 3065 3600 3119 nobis
3630 3066 3733 3117 ira-

2154 3132 2345 3199 scitur,
2394 3130 2590 3186 idcirco
2615 3132 2784 3200 magis
2819 3131 2907 3186 illa
2934 3135 3190 3187 immensa
3215 3129 3308 3186 Dei
3337 3134 3549 3189 bonitas
3580 3136 3622 3165 ⁸³
3652 3133 3734 3189 of—

2156 3201 2410 3268 fenditur,
2454 3204 2579 3269 quia
2608 3217 2724 3255 eam
2757 3202 2799 3232 “
2841 3217 2939 3271 per
2962 3204 3091 3256 tanti
3122 3204 3283 3258 etiam
3312 3204 3515 3271 praemii
3562 3204 3732 3258 detri-

2155 3280 2335 3342 menta
2383 3272 2821 3326 contemnimus:
2857 3288 2956 3327 nec
2998 3273 3169 3326 solum
3218 3272 3295 3342 (g)
3346 3274 3588 3342 imperia,
3640 3274 3737 3328 sed

2155 3341 2319 3395 etiam
2362 3343 2624 3410 promissa
2671 3342 2810 3395 illius
2851 3354 2947 3410 pro
2989 3342 3157 3397 nihilo
3194 3341 3435 3397 ducimus
3466 3343 3529 3396 ’⁵.
3583 3342 3737 3398 Unde

2156 3426 2318 3480 saepe,
2347 3412 2510 3465 immo
2537 3426 2748 3480 semper
2776 3412 2864 3466 illa
2894 3412 3047 3466 nobis
3068 3411 3277 3465 Domini
3306 3420 3389 3466 est
3407 3412 3735 3467 revolvenda

2156 3481 2423 3535 sententia
2452 3499 2463 3532 :
2490 3482 2551 3536 Si
2592 3483 2665 3535 vis
2691 3482 2759 3533 ad
2788 3483 2943 3535 vitam
2973 3483 3161 3543 venire,
3206 3498 3351 3535 serva
3392 3483 3643 3535 mandata
3674 3495 3734 3547 P;

2158 3550 2264 3605 hoc
2290 3552 2431 3605 enim
2462 3559 2572 3604 tota
2604 3551 2877 3620 nobiscum
2908 3551 3024 3618 lege
3052 3552 3228 3619 agitur
3259 3572 3273 3617 -,
3303 3552 3404 3605 hoc
3432 3554 3736 3620 propheta,

2156 3620 2263 3675 hoc
2289 3621 2519 3689 apostoli
2554 3621 2595 3651 "
2624 3619 2819 3674 docent
2844 3638 2857 3683 ;
2883 3621 2984 3675 hoc
3013 3636 3044 3675 a
3074 3622 3229 3674 nobis
3258 3630 3311 3674 et
3337 3619 3443 3675 vox
3463 3619 3659 3676 Christi
3683 3632 3738 3675 et

2157 3692 2372 3758 sanguis
2390 3690 2649 3757 efﬂagitat
2672 3693 2733 3754 ¹⁷,
2756 3692 2846 3759 qui
2868 3691 2987 3745 ideo
3013 3707 3105 3760 pro
3129 3690 3360 3745 omnibus
3383 3702 3611 3745 mortuus
3636 3704 3734 3755 est,

2158 3768 2213 3811 ut
2243 3762 2329 3831 qui
2363 3761 2532 3813 vivunt
2554 3760 2670 3831 jam
2691 3776 2795 3814 non
2814 3762 2912 3814 sibi
2933 3763 3124 3831 vivant,
3155 3762 3247 3814 sed
3268 3762 3312 3813 ei
3334 3763 3417 3831 qui
3443 3778 3541 3831 pro
3562 3763 3670 3814 illis
3695 3764 3739 3791 "‘

2157 3829 2386 3883 mortuus
2414 3839 2489 3882 est
2520 3839 2568 3881 (ι.
2602 3829 2792 3883 Vivere
2820 3839 2999 3884 autem
3030 3830 3127 3897 illi,
3159 3846 3263 3885 non
3294 3829 3374 3883 est
3406 3829 3548 3883 aliud
3574 3846 3738 3899 quam

2158 3899 2273 3967 ejus
2299 3906 2563 3968 praecepta
2592 3914 2827 3965 servare,
2860 3915 2977 3969 qua:
3006 3900 3158 3954 nobis
3185 3900 3292 3961 ille,
3335 3902 3488 3968 quasi
3524 3909 3738 3954 certum

2197 3968 2425 4022 uoddam
2449 3969 2750 4023 dilectionis
2771 3968 2889 4023 sure
2908 3970 3116 4038 pignus,
3148 3970 3407 4024 servanda
3438 3969 3732 4023 mandavit.

2197 3984 2425 4022 uouaam
2449 3984 2750 4023 unecuoms
2771 3985 2879 4023 sua:
2908 3984 3116 4038 pignus,
3148 3984 3407 4024 servanda
3438 3984 3732 4023 manum-tt.

2157 3984 2220 4113 gi
2238 4038 2487 4113 diligitis,
2507 4039 2698 4107 inquit,
2729 4055 2829 4103 me,
2871 4040 3121 4093 mandata
3137 4056 3255 4113 mea
3278 4038 3621 4113 δειλυιιιε-.-Εμ
3653 4044 3743 4113 qui

2160 4108 2309 4179 habet
2329 4108 2575 4179 mandare
2598 4125 2729 4173 mea,
2761 4118 2811 4179 et
2838 4119 3004 4163 servat
3023 4126 3101 4174 ea,
3130 4110 3216 4163 ille
3236 4118 3309 4163 est
3333 4108 3416 4179 qui
3447 4110 3615 4179 diligit
3638 4108 3740 4165 me.

2160 4174 2237 4249 Ac
2261 4193 2444 4249 rursus
2472 4195 2484 4230 :
2511 4177 2571 4231 Si
2598 4180 2711 4248 quis
2739 4178 2909 4249 diligit
2934 4195 3034 4245 me,
3060 4174 3355 4232 sermonem
3371 4174 3739 4234 meum'serva-

2159 4246 2264 4311 bit;
2295 4258 2343 4319 et
2371 4247 2535 4301 Pater
2556 4246 2697 4301 meus
2726 4246 2902 4319 diliget
2929 4265 3063 4312 eum,
3095 4257 3144 4301 et
3165 4249 3235 4319 ad
3254 4264 3366 4301 eum
3388 4250 3669 4319 veniemus,
3694 4262 3741 4303 et

2158 4318 2478 4371 mansionem
2507 4318 2645 4385 apud
2688 4334 2801 4370 eum.
2823 4316 3116 4388 faciemus.
3169 4316 3269 4381 Qui
3298 4335 3399 4372 non
3442 4317 3613 4388 diligit
3638 4337 3740 4384 me,

2159 4404 2419 4441 sermones
2464 4404 2601 4441 meos
2632 4404 2734 4441 non
2769 4385 2933 4441 servat
2966 4397 3007 4439 ι’.
3062 4385 3330 4441 Grandem
3375 4388 3479 4440 vim
3532 4385 3742 4443 obtinet

2158 4470 2286 4510 vera
2324 4457 2561 4512 dilectio.
2615 4456 2682 4510 Et
2727 4457 2819 4526 qui
2864 4456 3102 4526 perfecte
3140 4466 3369 4526 amatur,
3420 4465 3592 4511 totam
3638 4460 3739 4513 sibi

480 4523 693 4593 placere
740 4526 839 4581 sibi
865 4525 1039 4594 jubet,
1090 4536 1145 4581 et
1181 4526 1339 4581 decet
1366 4530 1387 4560 ⁸
1429 4542 1537 4595 quo
1578 4516 1738 4579 modo
1766 4516 1978 4595 placere
2006 4523 2057 4577 ei
2084 4516 2137 4576 D
2160 4527 2389 4581 amantis
2418 4528 2496 4595 (h)
2526 4516 2773 4582 vendicat
2794 4516 3141 4581 voluntatem.
3192 4524 3331 4579 Nihil
3358 4516 3455 4580 'es't
3482 4527 3741 4595 imperio-

480 4595 746 4667 possimus
780 4596 822 4651 ί.
854 4596 975 4667 Ipse
1006 4599 1277 4667 itaque'te
1302 4594 1579 4667 informet,
1617 4596 1729 4667 ipse
1763 4603 1815 4667 te
1840 4594 2051 4667 doceat,

479 4663 571 4730 qui
602 4661 951 4734 interrogauti
981 4670 1031 4721 in
1062 4661 1349 4734 E'vangelio
1378 4661 1704 4721 adolesCenti
1730 4664 1856 4732 quid
1909 4661 2054 4717 face-

479 4742 563 4786 ret
598 4743 656 4788 ut
701 4746 997 4792 mereretur
1038 4738 1201 4791 vitam
1247 4746 1522 4799 :eternam,
1572 4735 1751 4790 divina
1797 4734 2053 4789 continuo

478 4805 730 4858 mandata
762 4807 1040 4875 proponit,
1071 4806 1357 4861 ostendens
1385 4807 1540 4861 nobis
1568 4808 1682 4863 eius
1721 4804 2052 4859 voluntatem

553 4933 575 4956 ι·
610 4918 802 4971 Johan.
844 4933 960 4981 xlv,
993 4918 1081 4974 30.
1157 4920 1183 4957 b
1206 4920 1348 4974 Psal.
1374 4935 1607 4983 Lxxxvu,
1652 4918 1705 4971 6.

483 5006 505 5039 ις
543 4990 704 5045 Eccli.
747 5005 832 5054 tv,
884 4989 974 5043 28.
1055 4990 1122 5043 ιιι
1155 4990 1269 5044 Pet.
1316 5005 1401 5055 ιιι,
1453 4990 1538 5042 l5.

482 5075 516 5101 πη
544 5062 665 5116 Mal.
701 5077 734 5124 I,
768 5062 818 5114 6.
896 5069 923 5095 υ
954 5060 972 5114 I
1000 5061 1129 5129 Reg.
1163 5076 1219 5123 ιι,
1243 5060 1331 5113 50.

552 5203 568 5219 ⁸
606 5198 752 5251 Alias
780 5196 869 5249 50.

549 5269 627 5337 (a)
670 5268 792 5321 Hmc
813 5268 919 5319 duo
949 5266 1109 5320 verba
1138 5266 1330 5320 absunt
1368 5282 1396 5319 a
1424 5266 1596 5319 tribus
1628 5280 1754 5318 mss.
1780 5264 2051 5320 codicibus

479 5353 529 5396 rt
552 5340 709 5394 editis
728 5337 954 5393 duobus.

549 5412 623 5480 (b)
663 5409 759 5480 bis.
786 5406 959 5462 codex
982 5404 1238 5480 Jﬁol'anus.
1273 5415 1431 5475 patet.

552 5474 622 5550 (δ’)
664 5479 743 5533 Ex
772 5494 871 5550 nis.
899 5476 1210 5550 codice_.lol.
1239 5474 1572 5550 reposuimus
1595 5474 1873 5550 Dominum
1898 5474 2049 5543 juxta

479 5544 740 5607 illiscum.
767 5549 907 5603 Ante
935 5557 1051 5601 erat
1080 5546 1262 5601 Deum.
1295 5544 1516 5615 Vulgata
1543 5555 1596 5601 et
1636 5544 1795 5607 LXX,
1828 5554 2054 5598 contem-

482 5623 587 5673 sisti
618 5621 821 5674 verbum
854 5618 1081 5672 Domini.

549 5691 626 5758 (ἀ)
658 5689 883 5757 Lucifer,
916 5700 964 5743 et
1010 5692 1094 5761 qui
1138 5692 1329 5759 spernit
1373 5706 1452 5744 me
1494 5688 1561 5741 ad
1605 5686 1817 5743 nihilum
1861 5684 2058 5755 redige-

476 5770 582 5813 tur.

1786 4928 1806 4956 ε
1839 4913 1957 4971 Gal.
1981 4933 2037 4980 ιι,
2066 4915 2153 4971 20.
2232 4919 2256 4955 ά
2288 4918 2451 4973 Eccli.
2486 4936 2556 4984 tv,
2580 4916 2666 4972 25.

1620 4988 1632 5024 ί
1670 4986 1857 5041 Matth.
1900 5003 2007 5049 xu,
2062 4988 2148 5041 l7.

1412 5070 1434 5096 ο
1466 5058 1602 5113 Psal.
1636 5075 1782 5121 xvni,
1813 5056 1898 5110 ll.
1964 5069 1990 5107 P
2013 5056 2199 5111 Matth.
2228 5076 2333 5125 XIX,
2364 5058 2449 5112 17.

2160 4597 2273 4650 sius
2301 4598 2543 4651 caritate.
2576 4596 2682 4651 Nos
2704 4597 2746 4651 si
2775 4611 2901 4651 vere
2941 4595 3211 4650 Christum
3240 4595 3529 4663 diligimus,
3555 4599 3599 4650 si
3623 4598 3740 4663 ejus

2161 4680 2261 4720 nos
2280 4665 2551 4721 redemtos
2565 4666 2821 4734 sanguine
2841 4666 3215 4730 recordamur,
3243 4666 3374 4720 nihil
3397 4668 3567 4731 magis
3583 4668 3736 4729 velle,

2158 4735 2293 4789 nihil
2328 4738 2548 4816 omnino
2575 4737 2831 4793 debemus
2860 4750 3039 4805 agere,
3059 4750 3220 4805 quam
3246 4738 3393 4805 quod
3420 4737 3573 4790 illum
3598 4737 3738 4792 velle

2159 4818 2554 4874 cognoscimus.

2761 4927 2783 4956 ε
2814 4917 2868 4973 ld
2899 4926 2981 4973 est
3017 4917 3256 4973 ambitus.

2230 4991 2242 5038 i
2284 4988 2472 5043 Matth.
2529 5006 2619 5051 vn,
2649 4988 2738 5042 21.
2818 4989 2841 5025 ¹ί
2872 4988 3000 5043 Luc.
3044 5004 3114 5052 vr,
3155 4987 3207 5040 4.

2528 5071 2554 5108 ιι
2581 5060 2621 5113 ll
2651 5058 2774 5113 Cor.
2807 5075 2860 5123 v,
2890 5058 2979 5112 l5.

2227 5192 2298 5265 (e)
2326 5193 2426 5248 Ms.
2446 5193 2550 5247 Jol.
2581 5194 2727 5247 addit
2750 5192 2863 5249 Dei.
2890 5192 3024 5249 Edd.
3050 5194 3261 5250 codices
3282 5194 3437 5249 Rom.
3463 5204 3518 5251 et
3547 5195 3738 5263 I'onc.,

2154 5281 2247 5335 per
2274 5266 2712 5335 singularqua'que
2738 5276 2964 5333 peccata.

3337 4916 3357 4956 τ
3384 4917 3549 4973 Eccli.
3577 4936 3652 4985 nt,
3685 4922 3730 4975 7.

3292 4986 3311 5025 ι
3340 4988 3527 5042 Matth.
3566 5008 3652 5055 xv,
3683 4991 3732 5043 8.

3056 5069 3075 5095 τ
3103 5057 3296 5112 Johan.
3322 5075 3440 5123 xxv,
3479 5059 3548 5114 l5
3570 5071 3624 5116 et
3650 5058 3733 5115 2|.

2156 5332 2167 5335 ’
2222 5334 2296 5457 sf)
2328 5332 2639 5387 Addid‘unus
2674 5332 2947 5389 Dominum
2975 5349 3040 5388 cx
3073 5348 3198 5387 mss.
3227 5332 3262 5385 2
3282 5332 3440 5399 Vict.,
3468 5332 3573 5389 Jol.
3620 5334 3641 5387 l
3681 5342 3733 5389 et

2152 5403 2217 5458 cd
2263 5445 2274 5457 .
2303 5402 2459 5457 Rom.
2490 5412 2543 5457 et
2565 5402 2728 5457 Ponc.

2263 5445 2274 5457 .
2303 5402 2459 5457 Rom.
2490 5412 2543 5457 et
2565 5402 2728 5457 Ponc.

2228 5476 2305 5544 (ῃ)
2335 5473 2423 5528 Sic
2449 5483 2555 5544 tres
2577 5489 2701 5526 mss.
2722 5475 2933 5529 codices
2952 5472 3091 5526 Vict.
3122 5470 3293 5528 etJol.
3320 5488 3440 5527 cum
3460 5473 3551 5529 ed.
3578 5472 3729 5527 Rom.

2157 5553 2216 5599 ut
2243 5559 2423 5613 supra.
2458 5543 2596 5597 Edit.
2628 5544 2811 5605 Rosv.,
2844 5546 3113 5611 imperata.

2230 5611 2414 5685 (h)’lta
2444 5628 2629 5669 omnes
2656 5614 2887 5679 codices,
2918 5621 3112 5682 pncter
3143 5611 3302 5667 Rosv.
3324 5653 3340 5677 ,
3374 5614 3425 5667 in
3454 5628 3561 5683 quo
3582 5612 3735 5666 tindi-

2160 5695 2261 5738 cat.
