3990 6182
477 254 578 310 7‘17

1583 251 1923 313 APPENDIX
1956 249 2238 305 OPERUM
2270 252 2330 308 S.
2370 252 2660 309 PAULINI.
3601 257 3687 314 738

476 387 599 425 nem
625 370 742 423 vita:
772 374 988 430 nostra,
1003 376 1075 431 et,
1094 379 1191 435 per
1210 380 1371 434 quam
1399 365 1734 433 potissimum
1758 364 2063 435 gradiaruur
2090 364 2137 422 Α
2166 360 2432 435 meditari.
2462 363 2599 435 Budi
2638 362 2815 419 adhuc
2841 364 3043 435 populo
3080 372 3136 435 et
3182 362 3476 419 hominibus
3501 365 3561 418 ad
3585 367 3692 420 obe-

475 442 636 505 viam,
666 439 993 494 conscientia
1017 433 1155 491 teste
1174 433 1458 491 diScamus.
1488 435 1657 505 omne
1683 435 1824 488 enim
1858 433 2001 503 quod
2018 436 2060 467 ’⁸

474 504 698 576 agimus,
731 523 891 563 omne
919 507 1062 576 quod
1089 506 1389 574 loquimur,
1421 512 1512 557 aut
1540 504 1606 558 de
1636 504 1742 576 lata
1768 512 1861 557 aut
1880 506 2063 576 dean—

473 574 627 647 gusta
658 580 739 633 via
769 588 870 633 est.
896 574 951 632 Si
981 592 1102 632 cum
1129 576 1312 647 paucis
1351 574 1763 647 angustumiter
1791 581 1847 627 et
1888 574 2061 647 subti-

474 643 578 704 I’cm
608 648 892 717 quamdam
921 643 1163 702 semitam
1204 644 1537 717 invenimus,
1578 643 1651 717 ad
1683 644 1842 697 vitam
1884 643 2060 717 tendi-

474 736 591 772 mus
614 712 639 781 ,’
659 720 703 773 si
733 735 859 772 vero
890 717 1178 771 multorum
1200 715 1521 768 comitamur
1542 714 1679 767 viam
1698 727 1741 778 ··,
1770 712 2060 768 secundum

475 788 686 843 Domini
712 788 1031 842 sententiam
1063 786 1199 838 imus
1220 783 1286 837 ad
1311 793 1560 836 mortem.

545 858 568 910 1
592 860 631 911 l.
656 858 711 912 Si
744 873 871 925 ergo
901 856 1026 911 odio
1048 863 1208 925 atque
1230 852 1424 925 invidia
1450 851 1801 925 possidemur,
1835 852 1881 906 si
1902 852 2059 925 cupi-

474 928 627 981 ditati
654 936 707 981 et
730 921 965 985 avaritiae
993 924 1250 986 cedimus,
1283 924 1326 979 si
1358 922 1639 992 pauentia
1668 921 1951 976 commoda
1982 924 2062 975 fu-

476 998 609 1050 turis
658 997 1020 1065 prazlerimus,
1068 991 1500 1065 pergspatiosam
1538 992 1689 1065 viam
1720 991 2057 1065 incedimus:

473 1062 733 1120 habemus
761 1068 904 1119 enim
935 1065 1000 1118 ad
1032 1062 1145 1118 hinc
1174 1063 1216 1093 ³ο
1247 1063 1501 1117 comitum
1540 1062 1957 1121 multitudinem,
2008 1070 2061 1115 et

474 1136 581 1189 late
625 1136 876 1190 similium
930 1135 1193 1204 stipamur
1248 1133 1567 1204 agminibus.
1620 1132 1676 1204 _Si
1732 1131 2061 1204 iracundiam

473 1206 853 1273 libidinemque
877 1201 1094 1271 explere
1116 1205 1381 1263 volumus,
1414 1202 1459 1257 si
1483 1201 1730 1273 injuriam
1753 1201 2058 1273 vindicare,

474 1276 522 1331 si
544 1271 884 1329 maledicenti
924 1273 1355 1328 remaledicimus
1385 1274 1459 1334 ³⁸,
1507 1282 1561 1325 et
1591 1271 1847 1325 adversus
1886 1271 2062 1325 inimi-

474 1361 595 1401 cum
627 1346 843 1399 inimico
868 1346 1049 1397 animo
1077 1360 1260 1397 smnus
1279 1383 1295 1408 ,
1324 1356 1477 1409 reque
1512 1356 1634 1396 cum
1663 1340 1904 1410 pluribus
1938 1339 2063 1395 feri-

473 1430 613 1469 mur.
646 1415 701 1469 Si
748 1414 831 1468 vel
860 1414 1143 1467 adulamur
1192 1413 1311 1481 ipsi,
1362 1412 1447 1466 vel
1494 1412 1799 1481 adulantem
1833 1410 2064 1466 libenter

473 1484 747 1547 audimus,
779 1484 854 1554 (a)
896 1484 942 1537 si
971 1498 1155 1554 verum
1184 1483 1377 1554 dicere
1401 1482 1570 1549 gratia
1616 1480 1959 1554 impedimur,
2008 1490 2064 1534 ct

473 1555 643 1621 magis
671 1552 943 1609 olleudere
980 1552 1190 1607 animos
1237 1552 1511 1607 hominum
1588 1552 1840 1605 timemus
1902 1566 2063 1619 quam

474 1639 582 1678 non
607 1641 672 1678 ex
702 1625 881 1679 animo
919 1624 1066 1690 loqui
1111 1622 1210 1691 (b),
1251 1623 1317 1676 de
1360 1622 1649 1675 multorum
1690 1622 1817 1675 item
1857 1621 1941 1674 via
1980 1636 2064 1674 su-

474 1710 612 1781 mus.
646 1694 750 1781 Tot
774 1694 940 1775 nostri
982 1700 1134 1781 sunt.
1157 1692 1289 1773 socii
1348 1699 1481 1781 quot
1515 1692 1754 1781 estoranei
1797 1691 2059 1744 veritatis.
2098 1724 2138 1781 Β

473 1765 543 1818 At
570 1781 600 1818 e
628 1764 923 1825 contrario,
952 1764 998 1819 si
1025 1763 1091 1816 ab
1120 1763 1203 1816 bis
1232 1762 1479 1816 omnibus
1499 1762 1642 1815 vitiis
1670 1761 1738 1831 (ε)
1769 1776 1953 1814 sumus
1974 1776 2061 1815 ex-

473 1835 666 1898 tranei,
724 1835 769 1889 si
818 1849 1008 1903 purum
1051 1847 1114 1903 ac
1157 1833 1382 1903 liberum
1430 1831 1667 1903 animum
1722 1839 2058 1903 pnestamus,

474 1904 634 1973 733
664 1912 739 1965 et,
763 1900 908 1959 omni
935 1902 1225 1973 cupiditate
1254 1902 1455 1955 calcata
1479 1944 1494 1968 ,
1522 1901 1651 1955 solis
1668 1902 1955 1973 studemus
1983 1900 2063 1954 di-

473 1972 608 2028 vites
655 1989 775 2029 esse
828 1972 1110 2028 virtutibus
1137 2014 1151 2037 ,
1185 1988 1280 2041 per
1309 1982 1588 2039 angustam
1628 1972 1769 2024 viam
1801 1972 2019 2025 nitimur
2046 1988 2060 2033 ;

474 2044 809 2099 conversatio
838 2044 979 2097 enim
1012 2042 1111 2099 ista
1154 2057 1446 2111 paucorum
1478 2048 1600 2111 est.
1639 2050 1826 2110 estque
1875 2057 2059 2110 perra-

472 2130 589 2167 rum
618 2123 777 2182 atque
804 2113 1018 2168 difficile
1068 2110 1290 2182 idoneos
1314 2112 1356 2182 ’ἓ
1398 2110 1554 2178 hujus
1590 2111 1796 2164 itineris
1835 2112 2061 2182 comites

473 2181 748 2251 reperire:
781 2184 910 2252 quin
954 2181 1298 2252 etiamrmulti
1344 2181 1443 2235 hac
1483 2182 1561 2252 ire
1603 2196 1661 2235 se
1702 2181 1976 2252 simulant,
2007 2189 2062 2233 et

472 2250 569 2321 per
598 2250 812 2308 diversa
838 2266 1080 2307 errorum
1110 2251 1425 2321 diverticula
1449 2251 1515 2304 ad
1536 2252 1677 2304 viam
1705 2250 2060 2321 multitudinis

473 2319 816 2377 revertuntur
846 2361 860 2382 ,
896 2322 1124 2388 ideoque
1170 2320 1466 2374 timendum
1495 2328 1578 2374 est
1627 2336 1694 2374 ne
1729 2335 1866 2390 quos
1894 2319 2060 2376 duces

473 2393 603 2446 recti
635 2392 793 2461 hujus
815 2392 1021 2448 itineris
1047 2391 1245 2445 habere
1268 2406 1367 2445 nos
1390 2391 1677 2455 credimus,
1710 2405 1806 2445 eos
1834 2390 2059 2446 comites

473 2461 765 2517 habeamus
791 2462 1009 2517 erroris.

545 2530 728 2602 12._Si
777 2532 936 2602 igitur
980 2530 1322 2602 inveniuntur
1368 2529 1614 2602 exempla
1660 2543 1779 2602 quae
1834 2545 1932 2585 nos
1960 2548 2060 2602 per

473 2601 611 2655 hanc
639 2597 837 2655 ducant
869 2601 1011 2653 viam
1042 2600 1085 2630 ⁸³
1106 2640 1120 2663 ,
1160 2606 1214 2652 et
1254 2607 1461 2653 rectum
1487 2597 1759 2667 Evangelii
1786 2597 2055 2658 tramitem

473 2679 727 2735 teneant,
766 2668 1042 2739 sequenda
1073 2676 1197 2721 sunt
1233 2686 1249 2734 ;
1289 2669 1371 2722 sin
1413 2684 1544 2723 vero
1573 2684 1635 2723 ea
1663 2669 1749 2723 vel
1778 2670 2051 2739 delicium,

474 2740 557 2793 vel
585 2740 816 2795 deficere
856 2747 1129 2809 putantur,
1169 2739 1537 2809 apostolorum
1579 2740 1750 2809 forma
1794 2740 2057 2799 universis

473 2810 745 2881 proposita
773 2807 873 2863 est:
915 2808 1126 2881 Clamat
1160 2807 1254 2881 vas
1282 2808 1561 2864 electionis
1591 2807 1815 2881 Paulus,
1849 2828 2055 2881 nosque

472 2879 623 2947 quasi
652 2880 721 2934 ad
761 2888 1043 2949 angustum
1081 2880 1185 2934 hoc
1221 2879 1326 2933 iter
1360 2894 1690 2949 convocans,
1720 2880 1886 2933 dicit:
1919 2879 2053 2937 Imi-

472 2959 663 3004 tutores
692 2951 793 3022 mei
819 2948 1008 3022 estote,
1038 2951 1169 3003 sicut
1192 2959 1245 3022 et
1275 2966 1371 3022 ego
1394 2948 1601 3022 Christi
1627 2949 1673 3002 δ.
1698 2948 1882 3022 Certe,
1910 2955 2054 3022 quod

471 3027 554 3073 cst
599 3021 825 3090 amplius
853 3020 1100 3090 omnibus
1122 3061 1136 3083 ,
1189 3018 1354 3089 ipsius
1394 3018 1605 3073 Domini
1635 3019 1839 3074 relucet
1864 3018 2050 3077 exem-

2164 429 2420 505 dieutiam
2471 434 2693 488 insuetis
2737 429 3080 505 per'Moyscn
3112 434 3398 500 imperatur
3438 450 3477 505 an
3503 437 3693 505 Domino

2165 508 2247 565 ut,
2277 502 2570 574 insignum
2608 502 2882 558 memoriae
2918 502 3022 573 qua
3057 512 3317 573 pratcepta
3345 504 3697 574 7340mm

2164 572 2536 641 recordentur,
2596 589 2692 641 per
2738 574 2973 641 singulas
3016 572 3699 632 vestimentorumilimbrias

2164 640 2397 713 habeant
2426 658 2545 697 cum
2570 640 2640 711 (ὲ)
2663 640 3184 713 σοοεοίιιγειείηιὴὶιιὶ
3213 644 3408 697 coloris
3436 644 3637 711 insignia
3658 658 3697 711 κ,

2164 719 2222 763 ut
2269 712 2429 781 etiam
2489 728 2616 766 casu
2654 714 2775 768 huc
2828 712 3059 780 illucque
3104 713 3499 781 respicientibus
3561 716 3702 771 oculis

2164 779 2537 853 mandatogum
2560 783 2856 836 cmlestium
2879 779 3137 837 memoria
3163 779 3432 847 nascatur,
3452 784 3514 837 de
3540 785 3704 853 quibus

2165 850 2389 904 fimbriis
2420 849 2671 905 Pharisrei
2701 854 3098 921 redarguuntur
3125 868 3154 905 a
3185 853 3407 907 Domino
3431 896 3444 915 ,
3475 849 3604 922 quod
3630 871 3705 910 eas

2164 934 2418 1041 Berverso
2447 937 2542 974 usu
2561 964 2579 988 ,
2612 939 2717 976 non
2748 922 2815 975 ad
2844 923 3319 977 commonitionem
3347 932 3702 991 praeceptorum

2209 989 2282 1041 ei.
2313 989 2405 1041 sed
2436 990 2503 1041 ad
2534 993 2949 1041 ostentationem
2981 992 3026 1022 ⁸ο
3055 993 3134 1041 sui
3166 992 3361 1041 habere
3389 994 3632 1041 uenerint
3658 993 3702 1041 ιι-

2209 989 2283 1056 ei,
2313 989 2405 1043 sed
2436 990 2503 1044 ad
2534 993 2949 1047 ostentationem
2981 992 3026 1022 ⁸ο
3055 993 3134 1046 sui
3166 989 3362 1045 habere
3389 989 3632 1059 emperint
3658 993 3703 1057 δ,

2164 1068 2223 1112 ιιι
2252 1060 2458 1132 scilicet
2485 1062 2724 1132 quaside
2753 1062 2970 1130 majoris
2997 1062 3386 1117 observationis
3411 1062 3705 1132 diligentia“

2161 1130 2335 1199 sancti
2357 1146 2386 1182 a
2414 1131 2613 1199 populo
2637 1131 3022 1199 judicareutur.

2235 1197 2322 1272 μ.
2354 1197 2918 1272 _T_ibi‘veroiservanti
2958 1218 3065 1255 non
3098 1200 3206 1270 jam
3234 1200 3423 1255 litterae
3451 1210 3704 1272 praecepta,

2163 1267 2267 1339 sed,
2287 1269 2528 1338 spiritus,
2559 1270 2863 1325 divinorum
2891 1267 3262 1326 mandatorum
3293 1267 3543 1325 memoria
3569 1267 3705 1339 spirié

2164 1338 2380 1409 tualiter
2430 1340 2726 1409 excolenda
2771 1349 2855 1395 est
2885 1340 2964 1406 ⁸²;
3007 1341 3090 1396 cui
3140 1356 3247 1395 non
3294 1348 3404 1395 tam
3434 1338 3707 1409 frequenter

2162 1408 2497 1480 recordanda
2527 1417 2651 1480 sunt
2676 1419 2939 1480 praecepta
2968 1410 3201 1475 Domini,
3222 1425 3382 1478 quam
3411 1408 3609 1480 semper
3631 1427 3707 1465 co-

2162 1478 2378 1545 gitanda
2409 1480 2475 1533 ".
2524 1478 2645 1533 Sint
2690 1494 2819 1547 ergo
2854 1478 3052 1533 divina:
3095 1479 3385 1548 Scriptura:
3430 1478 3626 1548 semper
3663 1481 3706 1535 iu

2163 1549 2409 1617 manibus
2452 1550 2557 1603 tuis
2582 1590 2597 1615 ,
2647 1557 2703 1603 et
2740 1550 2940 1617 jugiter
2985 1551 3036 1603 in
3085 1559 3265 1603 mente
3294 1549 3585 1604 volvantur.
3614 1549 3705 1605 Nec

2162 1615 2412 1673 sufficere
2441 1620 2534 1673 tibi
2560 1626 2716 1687 putes
2743 1615 2994 1673 mandata
3025 1620 3116 1673 Dei
3147 1619 3406 1673 memoria
3432 1628 3621 1678 tenere,
3662 1628 3708 1674 et

2164 1688 2417 1757 Operibus
2444 1688 2687 1757 oblivisci
2714 1706 2727 1754 ;
2771 1690 2865 1744 sed
2898 1688 3018 1743 ideo
3047 1690 3133 1743 illa
3163 1704 3458 1757 cognosce,
3488 1696 3543 1742 ut
3570 1689 3707 1744 iacias

2164 1754 2422 1826 quidquid
2469 1754 2767 1813 faciendum
2811 1759 3097 1814 didiceris:
3149 1754 3276 1811 Non
3310 1761 3445 1813 enim
3482 1760 3707 1813 auditam

2163 1826 2290 1901 ‘39.“
2312 1828 2587 1901 imiimi"!
2608 1830 2748 1897 αριιά
2770 1828 2937 1901 Deum
2959 1870 2975 1894 ,
3023 1830 3113 1901 sed
3146 1832 3368 1899 factores
3396 1829 3517 1901 legis
3536 1829 3707 1901 justiﬁ-

2164 1896 2417 1951 cabuutur
2446 1899 2485 1951 ί.
2518 1896 2682 1952 Latus
2718 1899 2933 1968 quidem
2977 1908 3032 1953 et
3073 1896 3368 1955 immensus
3394 1896 3575 1953 divina:
3600 1896 3707 1963 legis

2164 1982 2387 2035 campus
2409 1968 2734 2033 extenditur,
2764 1969 2855 2035 qui
2878 1969 3103 2023 diversis
3129 1970 3454 2024 testimoniis
3480 1970 3708 2032 veritatis,

2165 2036 2310 2108 velut
2335 2039 2642 2093 cmlcstibus
2688 2036 3003 2108 quibusdam
3046 2039 3291 2103 ﬂoribus,
3332 2054 3569 2101 vernans,
3597 2040 3709 2108 inira

2163 2107 2524 2162 oblectatione
2547 2106 2773 2175 legentis
2796 2109 3031 2162 animum
3058 2109 3227 2176 pascit
3249 2124 3317 2163 ac
3348 2109 3562 2163 refovet.
3602 2106 3709 2173 Quae

2163 2177 2343 2235 omnia
2370 2193 2585 2251 semper
2611 2192 2938 2251 cognoscere
2962 2220 2975 2242 ,
3005 2178 3709 2251 secunuqueurevolvercuinf

2161 2259 2292 2312 gens
2320 2248 2385 2301 ad
2415 2246 2838 2303 conservandam
2864 2248 3127 2316 justitiam
3157 2246 3474 2303 beneﬁcium
3501 2256 3593 2301 est.
3622 2246 3709 2300 Sed

2160 2318 2312 2438 quasi
2344 2317 2410 2371 ad
2437 2318 2873 2387 compendiosum
2899 2319 3165 2387 quoddam
3198 2320 3240 2349 “
3273 2317 3709 2374 commonitorium

2160 2385 2249 2438 ila
2274 2388 2370 2438 tibi
2417 2386 2690 2438 Evaneelii
2737 2387 2977 2438 eligenda
3028 2389 3297 2438 senteztia
3339 2400 3439 2438 est.
3469 2397 3523 2438 et
3542 2402 3709 2438 suuer-

2159 2385 2249 2439 illa
2274 2388 2370 2441 tibi
2417 2385 2690 2456 Evangelii
2737 2385 2978 2455 eligenda
3028 2389 3298 2442 senteztia
3339 2400 3439 2449 est,
3469 2397 3523 2441 et
3542 2402 3709 2455 super-

2159 2457 2439 2527 scribenda
2469 2458 2619 2513 cordi
2648 2466 2761 2521 tuo,
2794 2474 2913 2527 qua:
2937 2458 3002 2512 ad
3032 2458 3197 2512 totius
3220 2460 3265 2527 ξδ
3286 2459 3502 2526 juJitim
3530 2456 3709 2510 brevia-

2159 2525 2298 2599 rium
2330 2529 2397 2598 (f)
2428 2528 2699 2599 dominico
2728 2525 2823 2599 ore
2852 2529 3120 2597 profertur
3153 2547 3165 2580 :
3202 2525 3397 2582 Oniuia
3418 2542 3709 2599 quarumque

2158 2598 2308 2669 uultis
2329 2596 2383 2651 ut
2407 2600 2602 2668 faciant
2623 2598 2760 2652 vobis
2786 2596 3037 2663 homines,
3066 2598 3176 2652 hazc
3203 2609 3252 2669 et
3277 2615 3365 2653 ros
3396 2596 3538 2669 facile
3560 2596 3708 2669 illisi.

2159 2665 2324 2738 Cujus
2368 2665 2621 2737 praecepti
2671 2669 2813 2722 vires
2858 2670 3186 2738 exprimens,
3233 2665 3417 2737 jungit
3462 2684 3522 2722 ac
3562 2667 3707 2719 dicit:

2158 2734 2301 2818 Hac.
2336 2734 2473 2791 enim
2517 2734 2604 2819 lex
2650 2747 2699 2792 et
2744 2734 3027 2819 praebetis.
3080 2734 3314 2793 lnlinita:
3348 2734 3580 2819 namque
3606 2744 3710 2819 sunt

2156 2807 2366 2875 species
2410 2817 2699 2877 partesque
2741 2805 2962 2877 justitize
2987 2851 3001 2875 ,
3060 2822 3196 2875 quas
3240 2824 3355 2862 non
3404 2805 3555 2862 modo
3592 2805 3709 2877 stle

2155 2864 2503 2947 persequi“,
2532 2864 2627 2933 sed
2674 2864 3000 2945 cogitatione
3046 2864 3209 2933 eliam
3256 2894 3454 2948 capere
3493 2864 3711 2931 diﬂicilli-

2155 2962 2301 3001 mum
2334 2956 2416 3001 est
2449 2964 2462 3009 ;
2493 2964 2629 3017 quas
2658 2964 2846 3003 omnes
2875 2965 2981 3002 una
3010 2965 3073 3003 ac
3100 2948 3249 3003 brevi
3297 2947 3558 3003 sententia
3583 2960 3711 3001 com-

2155 3018 2477 3087 prehendit,
2527 3028 2581 3072 et
2623 3018 2877 3073 latentem
2907 3019 3182 3073 hominum
3212 3018 3612 3080 conscientiam,
3637 3029 3687 3068 se

470 3090 637 3159 plum,
665 3088 757 3159 qui
786 3091 838 3145 in
868 3089 1155 3157 Evangelia
1179 3090 1251 3144 ait
1279 3107 1290 3139 :
1334 3090 1512 3142 Venite
1540 3090 1609 3143 ad
1644 3107 1725 3143 me
1760 3107 1937 3145 omnes
1963 3098 2048 3159 qui
2078 3088 2124 3152 C
2154 3096 2302 3159 cretn
2330 3089 2491 3159 animi
2517 3088 2738 3157 judicio,
2770 3098 2863 3143 aut
2885 3089 3133 3154 absolvit,
3166 3097 3271 3159 aut,
3292 3090 3528 3143 damnat.

471 3160 722 3214 laboratis
750 3170 798 3213 et
820 3163 1017 3215 onerati
1047 3161 1188 3223 estis,
1217 3169 1264 3213 et
1293 3176 1385 3227 ego
1408 3161 1637 3228 reﬁciam
1666 3177 1753 3214 vos
1770 3161 1833 3213 “.
1870 3160 2058 3220 Tollite

470 3230 647 3298 iugum
667 3246 833 3282 meum
863 3246 1015 3298 super
1033 3246 1144 3298 quos,
1179 3239 1228 3281 et
1250 3230 1428 3282 discite
1449 3245 1481 3281 a
1513 3246 1592 3282 me
1611 3232 1733 3298 quia
1773 3231 1911 3285 mitis
1942 3250 2055 3288 sum

470 3297 932 3377 et’liumilisforde'
953 3310 996 3351 ε.
1022 3297 1077 3377 ξι
1101 3298 1459 3377 periculosum
1486 3308 1571 3377 est
1601 3297 1799 3353 imitari
1834 3300 1953 3377 illos
1989 3305 2056 3377 de

470 3366 662 3433 quibus
689 3366 899 3420 dubitas
940 3382 1007 3421 an
1038 3366 1278 3420 imitandi
1308 3368 1414 3419 sint
1438 3412 1452 3432 ,
1486 3368 1629 3422 hunc
1668 3378 1814 3423 certe
1857 3370 2055 3428 imitari

470 3436 795 3489 tutissimum
825 3446 934 3501 est,
968 3444 1130 3505 atque
1160 3437 1276 3505 ejus
1300 3438 1523 3561 vestigia
1553 3438 1727 3506 sequi,
1758 3439 1849 3507 qui
1878 3442 2010 3497 dixit
2037 3462 2049 3497 :

471 3505 582 3561 Eoo
605 3523 716 3560 sum
743 3507 843 3561 via.
891 3508 1075 3559 veritas
1115 3514 1170 3561 et
1199 3508 1300 3560 vita
1348 3506 1395 3559 ά.
1495 3521 1742 3561 umquam
1786 3510 1927 3561 enim
1964 3529 2049 3561 er-

471 3505 582 3576 Ego
605 3523 716 3560 sum
743 3507 843 3571 via,
891 3508 1075 3559 veritas
1115 3514 1170 3561 et
1199 3508 1300 3560 vita
1348 3506 1395 3559 ά.
1446 3505 1742 3577 Numquam
1776 3505 1927 3564 enim
1964 3529 2053 3567 er-

470 3584 554 3647 rat
586 3577 689 3647 (d),
718 3577 807 3645 qui
834 3578 1075 3647 sequitur
1103 3578 1385 3631 veritatem
1392 3594 1415 3647 _:
1449 3576 1589 3631 unde
1616 3586 1671 3631 et
1702 3582 1977 3647 apostolus
2007 3584 2053 3617 “

468 3644 751 3701 Johannes
769 3648 843 3701 ait
868 3666 879 3700 :
914 3644 1030 3710 ‘Qui
1060 3647 1185 3700 dicit
1214 3664 1267 3701 se
1296 3648 1349 3700 iu
1374 3645 1580 3701 Christo
1619 3644 1858 3714 manere,
1906 3652 2053 3707 debet

468 3717 598 3787 sicut
637 3717 727 3771 ille
776 3717 1055 3787 ambulavit
1086 3718 1130 3748 ³⁶
1170 3726 1219 3770 et
1258 3718 1368 3787 ipse
1395 3717 1660 3772 ambulare
1693 3728 1736 3771 θ.
1770 3717 1833 3772 Et
1861 3720 2053 3779 beatus

470 3785 663 3858 Petrus
689 3788 766 3841 ait
791 3806 804 3841 :
838 3786 1069 3841 Christus
1098 3805 1192 3857 pro
1234 3785 1379 3841 nobis
1402 3788 1443 3818 ³⁷
1469 3804 1653 3858 passas
1676 3798 1771 3853 est,
1804 3789 1940 3845 vobis
1971 3812 2051 3846 re-

469 3857 701 3928 linquens
750 3860 1037 3939 exemplum
1060 3898 1077 3922 ,
1124 3867 1179 3910 ut
1217 3859 1502 3939 sequamini
1548 3860 1757 3939 uestigia
1787 3861 1929 3930 ejus,
1957 3864 2049 3939 _qui

468 3937 731 4001 uaccatum
754 3946 866 4001 nou
885 3929 1024 4001 fecit,
1065 3944 1155 3980 nec
1184 3938 1259 3980 est
1280 3928 1682 4001 inventusdolas
1713 3930 1765 3982 in
1798 3928 1887 3984 ore
1916 3928 2048 4001 ejus.

470 3994 572 4059 Qui
601 4013 716 4050 cum
765 3994 1173 4069 malediceretur,
1207 4015 1309 4052 non
1338 3997 1715 4069 maledicebat;
1748 4016 1862 4052 cum
1900 3994 2048 4069 pate-

467 4075 627 4128 retur,
651 4084 752 4121 non
781 4066 1221 4130 comminabatur,
1251 4066 1487 4119 tradebat
1512 4078 1681 4120 autem
1703 4066 1963 4136 judicaitti
1994 4089 2051 4126 se

467 4136 685 4205 injuste;
717 4138 802 4206 qui
828 4144 1037 4203 peccata
1066 4143 1241 4207 nostra
1268 4136 1376 4203 ipse
1403 4137 1611 4207 pertulit
1642 4138 1695 4207 in
1717 4155 1928 4207 corpore
1956 4158 2047 4198 suo

468 4222 620 4275 super
645 4205 859 4275 lignum,
883 4214 965 4270 ut,
997 4205 1221 4275 peccatis
1256 4206 1473 4265 mortui,
1500 4206 1719 4275 justitia:
1741 4205 1965 4263 viiiamus
2000 4210 2042 4265 τ.

541 4274 627 4328 15.
670 4264 856 4329 Cesset
898 4264 1074 4327 omnis
1113 4275 1390 4328 excusatio
1427 4264 1701 4341 errorum,
1735 4264 2049 4335 auferantur

468 4344 742 4416 peccandi
757 4343 1133 4416 fiedasolatia.
1163 4341 1302 4416 Nihil
1326 4345 1552 4416 omnino
1599 4347 1805 4414 agimus
1833 4349 1923 4416 qui
1948 4366 2048 4405 nos

468 4427 565 4535 lter
594 4412 945 4467 multitudinis
975 4413 1219 4482 exempla
1248 4412 1613 4480 defendimus;
1642 4412 1717 4481 et,
1750 4417 1817 4471 ad
1844 4412 2044 4473 conso-

488 4482 722 4535 ationem
742 4492 981 4535 nostram
1013 4484 1057 4516 ³⁸
1081 4484 1253 4535 aliena
1301 4499 1444 4535 smne
1490 4495 1835 4535 numerantes
1878 4489 2005 4535 vitia
2027 4528 2041 4535 -

488 4482 722 4553 ationem
742 4492 981 4537 nostram
1013 4484 1057 4516 ³⁸
1081 4484 1253 4538 aliena
1301 4499 1444 4553 smpe
1490 4495 1835 4539 numerantes
1878 4489 2042 4552 vitia,

467 4552 836 4625 deessenobis
862 4553 1250 4625 dicimusquos
1287 4552 1766 4625 deheamusgsequi.
1802 4556 1882 4610 Ad
1906 4558 2045 4614 illius

465 4623 770 4692 exemplum
805 4623 1068 4678 mittimur
1094 4624 1139 4657 ³⁸
1167 4638 1327 4691 quem
1358 4640 1547 4679 omnes
1575 4623 1805 4679 fatemur
1833 4626 2044 4682 imitan-

466 4690 818 4764 dutn.'Atque
846 4694 967 4748 ideo
996 4690 1261 4764 pnecipua
1292 4695 1388 4750 tibi
1417 4710 1544 4750 cura
1574 4696 1661 4757 sit,
1693 4694 1865 4761 legem
1886 4713 2044 4753 nosse

466 4758 748 4834 divinam,
791 4778 887 4831 per
925 4758 1086 4831 quam
1114 4758 1289 4834 possis
1323 4765 1475 4834 quasi
1506 4758 1791 4833 przesentia
1819 4780 2044 4823 cernere

466 4832 713 4909 eaempla
760 4840 1069 4909 sanctorum
1094 4832 1367 4909 2ζει-(ιιιίιί
1398 4832 1701 4909 faciendum
1741 4835 1809 4889 sit
1847 4837 2043 4909 quidve

466 4902 763 4973 vitandum,
797 4902 937 4973 illius
962 4903 1187 4957 consilio
1214 4904 1442 4958 discere.
1482 4903 1770 4959 Maximum
1801 4902 1943 4959 enim
1974 4908 2040 4961 ad

466 4970 720 5039 justitiam
750 4972 1003 5044 auxilium
1031 4981 1112 5025 est
1136 5012 1150 5035 ,
1195 4972 1418 5043 implere
1453 4972 1643 5044 divinis
1672 4975 1899 5044 eloquiis
1920 4978 2039 5030 ani-

465 5054 608 5094 mum
631 5084 644 5106 ,
676 5049 730 5096 et
756 5040 901 5109 quod
936 5056 1100 5111 opere
1129 5040 1348 5111 exsequi
1373 5043 1556 5113 cupias
1574 5086 1589 5111 ,
1636 5040 1850 5115 semper
1876 5047 2039 5102 corde

534 5160 561 5189 ⁸
589 5153 669 5227 ᾼιι
704 5156 944 5227 comitum
982 5155 1114 5208 imus
1135 5154 1303 5227 uiam?
1328 5154 1463 5227 Yid_e
1491 5172 1642 5227 seqq.

464 5222 659 5348 flag;
688 5221 1109 5358 ἱζῐέθῗῗιιξῧξᾲηι,
1126 5224 1531 5357 ἓῇιιιῖὶνιιξῗὲί

464 5401 534 5437 1ιο
560 5386 613 5439 in
637 5386 729 5441 lib.
762 5385 829 5439 de
858 5385 977 5439 Nat.
1010 5396 1065 5440 et
1091 5384 1264 5451 Grat.,
1292 5403 1337 5441 c.
1365 5387 1460 5451 69,
1492 5388 1542 5441 in
1581 5388 1702 5441 line.
1737 5388 1924 5443 Versio
1947 5389 2045 5443 La-

463 5456 571 5508 tina
581 5456 732 5527 juxta
750 5454 907 5527 LXX,
931 5458 1422 5527 iuvenissentatique
1433 5458 1641 5510 semitas
1656 5459 2035 5527 justititclcves.

463 5598 513 5647 ἃ,
533 5528 611 5595 (a)
625 5524 764 5580 Editi
785 5524 939 5581 codd.
962 5526 1120 5582 Rom.
1144 5535 1200 5582 et
1219 5524 1407 5593 Pone,
1425 5528 1469 5581 si
1489 5544 1605 5582 vero
1624 5524 1843 5599 gratiam
1858 5532 2047 5600 impen-

501 5611 649 5649 imus.

534 5635 729 5741 lb'j'lls.
760 5666 925 5747 codex
962 5653 1217 5733 Jolian‘us,
1266 5667 1403 5737 loqui
1442 5666 1680 5733 Domino,
1712 5670 1830 5724 item
1861 5670 2044 5726 muto-

465 5749 577 5787 tum
608 5750 734 5794 nam
760 5752 909 5790 mtas.

1719 5157 1746 5196 δ
1777 5156 1943 5228 lCor.
1977 5176 2051 5227 tv,
2080 5159 2167 5222 16,
2196 5168 2251 5215 et
2280 5178 2354 5225 ιιι,
2388 5162 2445 5227 1;
2497 5162 2634 5217 Phil.
2661 5181 2735 5228 Ill,
2766 5165 2851 5219 17.

1282 5225 1300 5262 ί
1325 5225 1377 5279 Ι.
1411 5224 1526 5301 Pet.
1556 5224 1724 5293 ιιζει.
1768 5238 1793 5275 ε
1823 5227 1978 5282 Num.
2006 5224 2053 5283 xi

2156 5230 2212 5283 >8.
2258 5229 2281 5268 ιι
2312 5224 2499 5286 Matth.
2532 5250 2680 5300 xm),
2711 5224 2766 5290 3.
2810 5237 2825 5286 ι
2863 5234 3019 5291 Rom.
3046 5252 3102 5301 ιι,
3130 5236 3213 5291 15.
3259 5224 3279 5287 ι’
3311 5236 3499 5291 Matth.
3523 5250 3606 5299 vn,
3632 5231 3705 5285 12.

2235 3156 2320 3211 15.
2363 3157 2442 3211 Ad
2470 3156 2685 3212 omnem
2720 3159 2877 3227 igitur
2908 3160 2948 3189 ‘7
2981 3167 3179 3223 actum,
3211 3158 3279 3213 ad
3317 3174 3475 3214 omne
3499 3158 3710 3217 verbum,

2160 3226 2227 3280 ad
2258 3243 2472 3297 omnem
2494 3230 2655 3283 etiam
2687 3226 2976 3297 cogitatum
2997 3272 3012 3295 ,
3055 3230 3166 3284 lucc
3191 3231 3464 3284 sententia
3488 3234 3712 3282 retracte-

2162 3305 2251 3349 tur
2281 3295 2343 3369 ξ,
2372 3313 2490 3366 qua:
2538 3298 2634 3354 tibi
2680 3295 2834 3368 quasi
2864 3300 3140 3369 speculum
3168 3299 3445 3368 quoddam
3475 3304 3711 3368 paratum,

2160 3376 2215 3438 et
2239 3366 2309 3419 ad
2340 3383 2555 3438 manum
2588 3366 2801 3438 semper
2829 3366 3063 3438 positum
3085 3412 3099 3435 ,
3144 3366 3597 3438 qualitatem'tuze
3630 3380 3713 3418 vo-

2159 3435 2379 3508 luntatis
2408 3438 2689 3505 ostendat,
2707 3435 2789 3493 'ac
2820 3435 2981 3493 etiam
3016 3440 3096 3493 vel
3123 3435 3188 3493 de
3228 3439 3434 3508 injusto
3463 3451 3615 3508 opere
3637 3450 3711 3508 re-

2157 3505 2401 3578 darguat,
2434 3509 2515 3562 vel
2546 3509 2611 3563 de
2636 3508 2782 3577 justo
2807 3508 3061 3563 laetificet.
3112 3505 3565 3578 Quotiescumque
3590 3505 3712 3578 enim

2160 3576 2319 3649 talem
2352 3578 2404 3631 in
2434 3574 2660 3632 alterum
2694 3579 2946 3634 habueris
2972 3574 3233 3645 animum,
3263 3574 3561 3649 qualemvin
3587 3574 3712 3649 teat)

2156 3646 2328 3702 altero
2356 3649 2559 3703 servari
2590 3650 2739 3717 cupis
2761 3690 2777 3713 ,
2826 3650 3094 3717 mquitatis
3131 3645 3465 3705 viam'tenes
3489 3667 3500 3701 :
3529 3645 3713 3717 quoties

2158 3730 2286 3788 vero
2316 3718 2438 3788 talis
2467 3732 2592 3787 erga
2623 3718 2849 3772 alterum
2878 3718 3066 3785 fueris,
3112 3718 3335 3788 qualem
3378 3721 3430 3775 in
3460 3728 3511 3774 te
3536 3718 3612 3788 vis
3632 3729 3713 3788 ue-

2155 3786 2355 3858 minem
2376 3828 2390 3851 ,
2427 3784 2779 3858 iter'justitite
2805 3784 3159 3858 dereliquisti‘.
3187 3788 3263 3843 En
3295 3798 3470 3846 totum
3502 3786 3619 3844 illud
3643 3784 3712 3839 di-

2156 3804 2355 3839 mlnelll
2376 3828 2390 3851 ,
2427 3804 2529 3841 llel‘
2582 3804 2779 3842 usnute
2805 3804 3159 3858 aerenquisu.
3188 3804 3263 3843 nu
3295 3804 3470 3846 totum
3502 3804 3619 3844 uluu
3643 3804 3712 3839 αι-

2156 3857 2290 3909 vium
2317 3856 2449 3926 legis
2477 3804 2730 3922 arduum,
2765 3867 3044 3927 totumque
3072 3858 3286 3915 difficile
3320 3879 3333 3913 :
3391 3876 3458 3916 en
3484 3860 3550 3915 ob
3576 3869 3713 3926 quam

2152 3940 2367 3999 causam
2398 3927 2529 3981 dura
2560 3928 2784 3999 imperia
2812 3930 2972 3999 735
3002 3928 3229 3984 Domino
3269 3931 3642 3987 reclamamus.
3670 3932 3713 3977 et

2152 3994 2391 4069 dicamus
2422 4014 2520 4052 nos
2542 3994 2979 4069 vel—difficultate
3009 4001 3095 4055 vel
3126 4000 3557 4069 impossibilitate
3579 4009 3712 4069 Aman-

2152 4064 2403 4139 datorum
2434 4068 2625 4139 premi.
2669 4068 2779 4123 Nec
2801 4068 2997 4124 suﬂicit
3020 4069 3167 4139 quod
3179 4064 3332 4138 jussa
3365 4087 3471 4126 non
3496 4067 3711 4139 facimus.

2153 4136 2254 4208 nisi
2287 4134 2451 4192 etiam
2491 4137 2767 4206 jubentem
2817 4134 3074 4206 injustam
3120 4134 3562 4208 pronuntiemus.
3605 4134 3713 4208 dum

2152 4207 2324 4275 ipsum
2337 4200 2601 4275 aequitatis
2626 4200 2989 4264 amorem—non
3003 4200 3163 4264 mod-0
3192 4209 3325 4265 dura
3356 4220 3413 4266 et
3437 4209 3613 4269 ardua,
3635 4200 3713 4258 sed

2151 4278 2313 4349 etiam
2336 4278 2683 4347 impossibilia
2726 4281 3048 4349 przecepisse
3086 4282 3491 4348 conquerimur.
3525 4275 3709 4333 Omnia.

2151 4346 2359 4431 inquit,
2405 4346 2744 4431 quacumque
2776 4346 2927 4431 uultis
2974 4360 3031 4429 ut
3078 4346 3455 4431 {acia—uacabis
3486 4348 3709 4431 homines:

2150 4416 2257 4471 huic
2276 4427 2325 4471 et
2354 4416 2442 4472 vos
2462 4420 2621 4487 facite
2645 4416 2751 4473 illis
2781 4418 2820 4473 ι.
2854 4416 3119 4487 Conjungi
3151 4422 3263 4473 vult
3288 4421 3432 4476 inter
3459 4431 3553 4474 nos
3571 4425 3712 4483 atque

2077 4472 2126 4533 Ι)
2148 4489 2397 4557 connecti
2425 4472 2523 4557 per
2564 4497 2747 4543 mutua
2777 4472 3421 4555 benefiéiaﬂ‘caritatem—
3442 4472 3710 4552 omnesque

2149 4556 2395 4612 homines
2420 4556 2620 4613 vicario
2649 4561 2792 4613 inter
2818 4574 2878 4614 se
2904 4574 3088 4614 amore
3111 4561 3356 4629 copulari
3384 4580 3397 4614 :
3432 4569 3489 4614 ut
3514 4559 3562 4613 id
3590 4568 3708 4609 uno-

2146 4640 2361 4698 quoque
2389 4637 2676 4697 prcstante
2702 4629 2884 4695 alteri,
2933 4628 3078 4698 quod
3109 4628 3209 4685 sibi
3232 4631 3299 4684 ab
3322 4631 3567 4685 onmibus
3591 4638 3711 4695 prter

2148 4697 2292 4770 stari
2312 4698 2458 4770 velit,
2491 4706 2601 4770 tota
2623 4699 2851 4770 justitia,
2879 4707 2933 4753 et
2952 4697 3279 4770 pueceptum
3312 4702 3417 4755 hoc
3446 4700 3556 4763 Dei,
3579 4708 3711 4770 colli.

2146 4768 2325 4821 munis
2354 4769 2424 4822 sit
2448 4769 2651 4823 utilitas
2680 4767 2980 4823 hominum.
3015 4768 3081 4822 Et
3104 4767 3146 4825 0'
3167 4773 3360 4825 miram
3388 4767 3706 4825 clementiam

2146 4836 2469 4911 Domini!__o
2508 4838 2831 4911 ineffabilem
2869 4838 2974 4911 Dei
2993 4839 3418 4908 benignitatem!
3453 4834 3708 4911 premium

2150 4908 2304 4981 nobis
2330 4907 2637 4976 pollicetur,
2666 4910 2710 4962 si
2743 4924 2843 4981 nos
2871 4909 3099 4964 invicem
3129 4907 3435 4979 diligamus,
3457 4907 3521 4981 id
3549 4907 3709 4981 esl,_§i

2146 4977 2300 5032 nobis
2325 4973 2386 5032 ea
2416 4987 2730 5047 przestemus
2784 4980 3015 5034 invicem
3066 4973 3296 5049 quorum
3328 4973 3557 5034 vicissim
3587 4973 3709 5049 indi-

2145 5060 2331 5116 gemus
2353 5090 2368 5115 ,
2401 5046 2456 5103 ct
2484 5065 2584 5104 nos
2614 5048 2690 5120 (g)
2744 5051 2977 5120 superbo
3016 5046 3179 5105 simul
3206 5060 3263 5106 et
3301 5051 3511 5118 ingrato
3549 5046 3710 5101 animo

2932 5167 2965 5205 ε’
2988 5164 3175 5220 Matth.
3209 5183 3281 5231 ιι,
3314 5165 3402 5220 28.
3480 5163 3505 5201 ἀ
3530 5162 3704 5217 Johan.

2221 5393 2290 5461 (c)
2316 5392 2411 5446 Ms.
2435 5392 2565 5461 10L,
2592 5397 2738 5448 vacui
2764 5413 2959 5452 sumus.

2220 5463 2298 5529 td)
2332 5463 2456 5517 Mss.
2486 5464 2697 5518 codices
2724 5466 2924 5520 addunt
2952 5467 3260 5520 imitatione.

2220 5532 2292 5603 (e_)
2322 5531 2419 5603 Ms.
2453 5534 2584 5603 ιρι,
2617 5544 2741 5588 tota.
2772 5535 2867 5590 Ms.
2894 5535 2918 5587 1
2950 5535 3110 5597 Vict.,
3138 5545 3295 5589 torta.

2219 5600 2288 5673 (f)
2320 5601 2445 5658 Mss.
2477 5601 2580 5659 Jol.
2612 5612 2669 5660 et
2704 5604 2842 5660 Vict.
2885 5604 2912 5659 1
2952 5620 3075 5662 cum
3103 5605 3226 5661 edd.
3254 5605 3407 5661 Rom.
3442 5615 3497 5659 et
3526 5602 3696 5665 Pone,

2147 5671 2377 5726 Doutini.

2221 5743 2293 5809 (α)
2327 5740 2486 5797 lidcm
2517 5742 2729 5800 codices
2758 5754 3007 5813 quatuor,
3038 5746 3412 5813 superbissimo.
