1995 3091
242 126 288 153 751

788 124 957 152 APPENDIX
975 124 1115 153 OPERUM
1135 124 1163 153 S.
1184 124 1330 153 PAULINI.

1820 127 1870 154 752

242 183 311 218 aliud
325 187 366 210 est
379 189 469 210 rerum
485 181 524 217 (α)
540 182 649 209 umbras
672 182 748 216 sequi
759 203 767 215 ,
792 182 862 209 aliud
876 182 1028 218 veritatem.
1046 183 1068 212 Α
1083 182 1164 218 etiam
1179 182 1256 218 famge
1271 186 1294 218 8_.
1321 180 1378 218 Non
1391 181 1606 218 superfluumtet
1617 190 1631 209 a
1647 183 1734 209 fructu
1748 191 1867 218 vacuum,

242 217 324 244 Multo
338 217 484 245 deformior
499 217 542 244 illa
557 222 599 244 est
612 217 736 251 superbia
748 238 755 249 ,
778 224 837 251 qua:
850 218 900 244 sub
917 217 1029 251 quibus-

241 253 300 279 dam
316 252 474 280 humilitatis
489 252 572 286 signis
590 252 666 278 latet.
697 252 792 280 Nescio
807 252 878 278 enim
894 251 1030 286 quomodo

241 288 360 320 turpiora
376 291 437 314 sunt
452 287 525 317 vitia,
542 295 602 314 cum
618 287 744 314 virtutum
760 288 782 303 ⁵³
796 288 887 321 specie
898 287 1029 314 celantur.

277 323 320 350 21.
343 323 412 349 Nulli
427 326 453 349 te
468 330 594 356 umquam
609 322 642 348 de
656 322 762 355 generis
777 322 915 349 nobilitate
931 329 1029 356 pran

241 366 302 391 nas,
318 365 405 391 neque
422 357 591 384 obscuriores
603 357 623 373 '9
638 365 766 392 quasque,
783 361 809 384 et
820 357 960 383 humiliore
972 356 1030 382 loco

243 398 330 426 natas,
352 397 378 418 te
391 391 530 419 inferiores
541 396 627 426 putes.
656 391 746 419 Nescit
760 392 853 425 religio
869 396 959 418 nostra
974 398 1031 425 pcr-

242 435 323 454 sonas
337 427 459 461 accipere
470 447 478 458 ,
494 435 544 454 nec
557 427 723 454 conditiones
736 428 873 454 hominum
885 447 892 457 ,
908 426 956 453 sed
971 426 1030 452 ani-

243 470 301 489 mos
316 462 421 496 inspicit
432 462 616 495 singulorum;
632 470 738 489 servum
753 467 779 489 et
794 462 907 488 nobilem
923 461 958 488 de
972 468 1031 487 mo-

243 498 316 524 ribus
328 497 493 532 pronuntiat.
515 496 579 524 Sola
594 497 663 531 apud
680 497 761 524 Deum
773 497 884 523 libertas
898 501 939 523 est
951 516 959 528 ,
977 504 1029 522 non

242 533 343 559 servire
364 532 491 566 peccatis.
524 532 632 558 Summa
657 532 726 566 apud
742 532 824 559 Deum
840 536 880 558 est
895 532 1028 564 nobilitas,

242 567 343 594 clarum
357 575 415 594 esse
429 567 583 593 virtutibus.
605 566 672 600 Quid
684 567 753 601 apud
769 567 852 594 Deum
866 567 891 593 in
905 567 968 593 viris
979 575 1031 593 no—

242 602 321 629 bilius
336 601 426 635 Petro,
441 602 486 635 qui
501 602 616 636 piscator
633 607 661 628 et
673 610 774 636 pauper
787 602 857 628 fuit?
872 602 935 636 quid
951 601 977 628 in
992 601 1031 628 fe-

243 637 322 664 minis
337 638 414 663 beata
432 638 511 663 Maria
529 637 657 664 illustrius
669 658 676 666 .
702 645 761 670 quae
781 644 878 671 sponsa
897 637 964 663 fabri
980 636 1030 663 de—

242 673 389 699 scribitur?
404 672 450 699 sed
466 672 501 698 illi
519 672 643 705 piscatori
659 676 685 698 et
700 672 810 706 pmperi
825 672 941 699 caelestis
955 672 1030 704 regni

242 714 257 733 a
279 706 386 733 Christo
400 706 438 742 (b)
452 708 598 734 creduntur
612 707 702 734 claves
717 713 729 725 ι
743 716 749 739 ;
775 707 832 734 haec
850 714 948 741 sponsa
964 707 1031 734 fabri

243 742 340 768 meruit
354 749 413 768 esse
434 746 520 769 mater
544 742 615 769 illius
644 750 659 769 a
684 750 738 776 quo
763 742 826 776 ipsa:
848 742 938 769 claves
962 742 1030 769 datas

242 781 321 808 sunt;
346 777 423 812 elegit
432 777 511 804 'enim
528 776 597 804 Deus
611 777 735 812 ignobilia
749 781 772 803 et
787 777 969 803 contemtibilia
983 777 1030 803 Itu-

242 812 283 848 ius
300 812 413 848 mamlth
424 834 431 843 ,
457 816 486 839 ut
500 816 624 848 potentes
638 820 669 839 ac
688 812 791 848 nobiles
805 812 838 838 ad
853 812 1029 848 humilitatem

242 846 346 874 facilius
365 847 519 874 adduceret.
547 847 612 874 Nam
634 851 662 873 ct
676 847 742 874 alias
756 846 853 874 frustra
869 847 918 874 sibi
934 847 1029 881 aliquis

242 881 276 908 de
292 882 429 909 nobilitate
445 883 549 915 generis
564 882 701 917 applaudit
712 901 720 914 ,
745 890 806 909 cum
827 882 943 909 universi
958 882 1030 916 paris

244 916 353 952 honoris
368 921 395 943 et
412 916 532 950 ejusdem
558 916 627 951 apud
643 917 725 944 Deum
741 917 818 952 pretii
829 918 880 944 sint
894 937 901 949 ,
916 917 961 951 qui
976 925 1030 944 uno

242 951 340 978 Christi
353 953 482 987 sanguine
493 956 555 979 sunt
567 952 679 979 redeunti
692 961 698 978 :
712 951 761 979 nec
772 953 883 979 interest
906 959 957 986 qua
969 952 1029 985 quis

242 987 396 1014 conditione
412 991 489 1013 natus
499 987 542 1018 sit,
559 995 619 1014 cum
633 995 727 1014 omnes
738 988 763 1014 in
777 987 883 1014 Christo
893 987 1032 1022 aequaliter

241 1029 423 1048 renascamur.
450 1022 514 1048 Nam
529 1026 557 1049 et
578 1023 600 1049 si
628 1022 811 1049 obliviscimur
838 1023 900 1057 quia
923 1030 957 1049 ex
977 1030 1031 1049 uno

242 1064 337 1092 onmes
353 1057 471 1090 generati
487 1065 579 1084 sumus
590 1078 597 1088 ,
613 1057 707 1084 saltem
725 1057 749 1084 id
761 1065 867 1092 semper
877 1057 1031 1084 meminisse

241 1091 385 1123 debemus,
399 1092 460 1126 quia
475 1100 524 1126 per
538 1100 620 1118 unum
634 1100 726 1119 omnes
740 1100 939 1126 regeneramur.

277 1126 321 1153 22.
342 1126 423 1157 Cave.
440 1134 473 1154 ne
487 1126 508 1153 si
520 1127 643 1160 jcjunare
657 1131 703 1153 aut
715 1128 849 1154 abstinere
865 1127 989 1161 coeperis,
1003 1131 1030 1154 tc

241 1165 320 1196 putes
335 1169 394 1188 esse
406 1161 460 1195 jam
476 1166 595 1188 sanctam
609 1170 616 1193 ;
640 1162 696 1188 haec
710 1162 781 1189 enim
797 1162 880 1188 virtus
895 1162 1031 1196 adjumcn-

242 1200 298 1232 tum
310 1201 360 1232 est,
377 1204 430 1223 non
446 1196 574 1232 perfectio
589 1197 757 1229 sanctitatis;
773 1197 911 1230 magisque
927 1197 951 1222 id
965 1204 1029 1230 pro-

241 1231 385 1257 videndum
401 1236 440 1258 est
451 1251 458 1262 ,
484 1239 518 1258 ne
534 1231 580 1258 tibi
595 1231 646 1258 hoc
658 1251 665 1262 ,
690 1232 761 1265 quod
776 1232 847 1258 licita
861 1236 1029 1264 contemnas,

241 1266 413 1292 securitatem
438 1266 580 1301 quamdam
605 1266 757 1293 illicitorum
778 1266 866 1293 faciat.
897 1266 1030 1300 Quidquid

242 1308 322 1334 supra
333 1300 463 1336 justitiam
477 1300 588 1327 offertur
604 1301 669 1333 Deo,
687 1310 738 1327 non
751 1301 830 1328 debet
845 1302 974 1336 impedire
987 1303 1030 1336 ju-

241 1336 353 1371 stitiam,
369 1336 415 1362 sed
430 1335 558 1369 adjuvare
570 1336 590 1350 ⁸³
605 1344 610 1361 :
627 1336 690 1369 quid
701 1341 789 1363 autem
803 1335 911 1371 prodest
923 1337 1029 1363 tenuari

241 1369 401 1397 abstinentia
417 1378 515 1405 corpus
526 1391 533 1402 ,
559 1371 581 1397 si
593 1372 697 1398 animus
712 1369 871 1398 intumescat
883 1372 1006 1406 superbia
1018 1373 1029 1398 ‘!

241 1413 321 1441 quam
335 1406 441 1432 laudem
456 1406 618 1433 merebimur
628 1406 661 1433 de
671 1407 772 1441 pallore
781 1406 887 1441 jejunii,
898 1407 919 1434 si
931 1407 1028 1434 invidia

242 1440 315 1467 lividi
330 1441 435 1468 simus?
449 1441 512 1475 quid
526 1442 631 1467 virtutis
647 1442 727 1468 habet
750 1442 840 1468 vinum
856 1451 908 1469 non
923 1442 1024 1474 bibere,

241 1476 317 1503 etira
329 1480 410 1510 atque
419 1476 481 1503 odio
497 1476 645 1503 inebriari?
665 1476 749 1509 Tunc,
766 1477 884 1511 inquam,
900 1477 1028 1511 prmclara

240 1515 282 1551 est
292 1511 451 1552 abstinentia
461 1532 468 1543 ,
483 1515 546 1538 tunc
561 1512 651 1551 pulcra
666 1517 747 1552 atque
760 1512 905 1552 magnifica.
915 1513 1028 1552 castiga-

1081 217 1200 250 gentium
1217 216 1343 251 Magister
1357 216 1409 243 hoc
1423 217 1502 243 docet
1514 225 1520 231 ·
1537 217 1592 243 vult
1602 218 1674 244 enim
1687 218 1769 246 etiam
1784 216 1870 247 extra;

1082 259 1147 278 neos
1156 251 1197 288 ad
1209 250 1428 288 lidemhomines
1435 259 1485 288 per
1499 251 1615 288 fidelium
1626 260 1713 288 opera
1728 253 1868 288 prolicere,

1081 290 1109 321 ut
1124 286 1281 319 religionem
1293 286 1376 320 ipsam
1393 286 1528 317 religionis
1538 287 1678 321 disciplina
1689 286 1868 318 commendet;

1080 320 1113 357 iit
1128 321 1427 357 ideorsicutrluminaria
1444 321 1469 348 in
1482 322 1581 349 mundo
1597 320 1687 349 lucere
1701 331 1750 349 nos
1759 323 1869 357 jubet“,

1081 355 1107 381 in
1129 355 1217 382 medio
1231 356 1346 383 nationis
1358 364 1446 390 prava:
1458 360 1486 383 et
1506 364 1654 391 perversar.
1683 362 1712 384 ut
1726 355 1870 386 incredului

1080 395 1184 427 mentes
1194 391 1339 427 errantium
1350 399 1383 418 ex
1393 395 1543 427 nostrorum
1555 396 1661 419 actuum
1679 393 1780 420 lumine
1797 394 1871 427 igno-

1080 426 1243 463 rantiaasutc
1257 426 1383 463 tenebras
1397 426 1616 463 deprehendant;
1643 427 1713 454 unde
1734 433 1762 455 et
1775 426 1833 463 ipse
1848 430 1870 445 “

1081 460 1114 486 ad
1130 460 1267 487 Romanos
1281 461 1318 487 ait
1331 469 1337 486 ε
1354 461 1522 487 Providentes
1533 461 1608 493 bona,
1623 470 1675 488 non
1690 463 1772 490 solum
1785 460 1870 491 raram

1081 494 1147 527 Deo,
1172 495 1217 521 sed
1236 496 1313 522 etiam
1334 504 1422 522 coram
1437 496 1581 522 hominibus
1604 498 1624 523 |.
1649 496 1684 523 Et
1702 498 1784 524 alibi:
1808 499 1871 526 Sine

1081 530 1225 564 o/fensione
1239 535 1319 557 estote
1332 530 1484 566 Judwis,ret
1498 531 1624 566 gentibus,
1640 536 1665 558 et
1676 531 1800 560 Eat-lexin!
1812 533 1869 564 Dei,

1080 566 1145 606 sicut
1159 574 1206 606 ego
1215 574 1260 600 per
1270 566 1357 606 omnia
1372 565 1490 606 omnibus
1499 565 1598 606 placeo,
1612 575 1662 593 non
1677 575 1795 606 querens
1805 574 1870 604 quod

1081 601 1143 627 mihi
1158 601 1221 627 utile
1231 605 1279 632 est,
1295 600 1341 627 sed
1353 601 1420 636 quod
1432 600 1518 627 "mltis
1534 602 1556 627 i.
1578 601 1675 628 Beatus
1683 600 1730 629 'est
1748 604 1794 636 qui
1811 600 1869 630 'tam

1081 640 1174 662 sancte
1187 639 1296 669 tamque
1310 636 1428 669 graviter
1438 636 1570 670 disposuit
1584 637 1666 663 vitam
1686 645 1772 669 suam,
1795 643 1825 664 ut
1837 638 1870 666 de

1081 677 1114 697 eo
1128 671 1228 697 sinistri
1241 670 1342 704 aliquid
1358 678 1390 698 ne
1410 670 1473 704 ﬁngi
1487 671 1596 705 quidem
1617 672 1720 705 possit;
1743 673 1806 705 dum
1821 673 1870 700 ad-

1082 713 1174 732 versus
1188 706 1398 733 obtrectatorum
1421 706 1558 732 libidinem
1582 711 1683 740 pugnat
1702 708 1789 734 meriti
1814 716 1870 735 ma-

1081 740 1211 774 gnitudo,
1237 748 1286 767 nec
1313 740 1412 774 ﬁngere
1428 741 1569 801 quisquam
1587 749 1667 768 ausus
1691 747 1733 769 est
1756 743 1827 782 quod
1854 751 1869 770 a

1081 775 1154 801 nullo
1167 779 1243 801 nutat
1255 783 1315 801 esse
1328 776 1425 801 creden
1447 784 1498 801 um.
1516 776 1592 801 Ouod
1607 777 1629 801 si
1645 776 1670 801 id
1683 784 1787 801 assem"
1799 777 1869 801 diffi-

1081 775 1154 811 nullo
1167 779 1243 810 putat
1255 783 1315 811 esse
1328 775 1498 811 credendum.
1516 776 1592 808 Quod
1607 777 1629 803 si
1645 776 1670 802 id
1683 775 1787 811 assequi
1799 777 1869 804 ditii-

1081 810 1132 837 cile
1146 814 1227 844 atque
1242 810 1322 837 nimis
1342 810 1455 837 arduum
1470 815 1529 842 est,
1552 811 1646 838 saltem
1660 811 1730 839 hanc
1742 810 1868 839 adhibea-

1083 852 1141 872 mns
1155 846 1216 872 vitae
1230 849 1330 879 nostrm
1343 845 1517 879 diligentiam,
1534 853 1567 872 ne
1582 846 1659 873 mala:
1671 851 1774 874 mentes
1789 855 1869 874 occa—

1082 880 1187 907 sionem
1201 880 1339 907 inveniant
1353 880 1509 907 detrabendi
1522 889 1528 913 ;
1563 889 1597 908 ne
1615 889 1648 908 ex
1664 882 1741 908 nobis
1753 882 1869 909 scintilla

1100 915 1230 948 recedat,
1267 923 1316 950 per
1337 922 1417 949 quam
1441 915 1568 942 adversus
1587 923 1636 943 nos
1657 917 1771 943 sinistra:
1795 916 1870 945 lavate

1101 958 1188 977 amma
1203 949 1350 978 conﬂetur:
1375 950 1493 984 alioquin
1513 950 1609 978 frustm
1624 951 1764 978 irascimur
1779 953 1870 979 obtre-

1082 985 1230 1012 ctatoribus
1244 986 1353 1017 nostris,
1369 985 1391 1012 si
1410 986 1450 1012 eis
1464 985 1500 1020 (g)
1517 986 1566 1020 ipsi
1580 986 1747 1013 obtrectandi
1759 987 1797 1020 (Ιι)
1813 995 1866 1014 ma-

1082 1021 1176 1056 teriam
1188 1021 1379 1048 ministramus.
1398 1019 1426 1047 Si
1440 1019 1539 1053 autem,
1550 1021 1628 1048 nobis
1639 1021 1781 1055 diligenter
1790 1027 1870 1056 atque

1082 1055 1195 1082 sollicite
1208 1056 1297 1083 omnia
1313 1056 1345 1082 ad
1359 1056 1440 1091 740
1463 1056 1630 1083 honestatem
1654 1055 1867 1090 providentibus,

1082 1091 1238 1125 cunctisque
1260 1091 1363 1118 actibus
1382 1091 1481 1117 nostris
1500 1091 1625 1118 timorem
1640 1091 1687 1118 Dei
1703 1092 1869 1125 praeferenti-

1081 1125 1141 1158 bus,
1158 1125 1195 1152 illi
1209 1126 1380 1152 nihilominus
1395 1125 1546 1152 insaniunt:
1562 1126 1716 1153 consoletur
1737 1135 1788 1154 nos
1800 1135 1868 1154 con-

1081 1161 1193 1187 scientia
1218 1166 1328 1193 nostra;
1350 1168 1409 1194 qua:
1424 1165 1486 1187 tunc
1508 1161 1625 1188 maxime
1644 1165 1700 1187 tuta
1724 1166 1785 1188 est.
1807 1166 1869 1189 tuuc

1081 1196 1182 1228 optime
1197 1203 1290 1223 secura
1305 1200 1356 1228 est,
1369 1203 1429 1222 cum
1446 1203 1478 1222 ne
1491 1196 1660 1223 occasionem
1675 1196 1782 1229 quidem
1798 1198 1869 1224 male

1082 1229 1116 1256 de
1131 1238 1159 1256 se
1171 1231 1303 1257 sentiendi
1319 1231 1406 1257 dedit:
1428 1230 1479 1257 illis
1488 1231 1560 1257 enim
1580 1239 1617 1258 va:
1630 1231 1728 1258 dicitur
1741 1239 1789 1266 per
1805 1240 1868 1265 pm-

1081 1266 1198 1299 phetam,
1215 1266 1258 1300 qui
1269 1266 1356 1292 dicunt
1367 1266 1435 1300 quod
1449 1266 1542 1292 bonum
1557 1270 1594 1292 est
1607 1266 1712 1298 malum,
1728 1267 1771 1301 qui
1788 1267 1867 1293 lucem

1081 1301 1211 1335 appellant
1231 1301 1367 1336 tenebras,
1388 1305 1411 1327 et
1432 1301 1500 1336 quod
1531 1300 1604 1327 dulce
1623 1306 1660 1327 est
1689 1300 1805 1327 amarum
1825 1310 1868 1328 ιιο-

1081 1341 1140 1361 cant
1151 1336 1174 1362 κ.
1192 1335 1272 1363 Nobis
1282 1343 1346 1369 ergo
1357 1334 1503 1362 Salvatoris
1521 1336 1654 1370 aptabitur
1664 1343 1753 1363 sermo
1766 1346 1772 1362 :
1794 1337 1868 1363 Beati

1080 1371 1142 1397 estis
1166 1379 1223 1397 cum
1247 1370 1315 1398 nobis
1340 1371 1521 1397 maledixerint
1541 1371 1657 1398 homines
1680 1373 1831 1398 mentientes
1846 1371 1864 1398 ¹.

1081 1405 1134 1432 Nos
1149 1406 1228 1433 modo
1240 1406 1266 1433 id
1281 1413 1389 1439 agamus
1401 1426 1408 1438 ,
1434 1411 1463 1432 ut
1481 1406 1550 1433 male
1565 1406 1598 1433 de
1612 1407 1689 1433 nobis
1704 1414 1783 1434 nemo
1795 1407 1867 1441 loqui

1079 1441 1180 1476 absque
1196 1441 1335 1468 mendacio
1349 1441 1441 1476 possit.
1578 1475 1582 1476 ν
1608 1449 1616 1459 ι

1116 1448 1180 1501 sque
1196 1448 1335 1468 menuacno
1349 1448 1441 1476 possu.
1608 1449 1616 1459 -

1116 1475 1132 1501 2
1154 1496 1159 1502 .
1181 1476 1218 1502 Ita
1235 1476 1333 1503 habeto
1346 1476 1552 1512 sollicitudinem
1570 1475 1666 1512 domus
1678 1497 1685 1508 ,
1708 1480 1737 1503 ut
1752 1476 1866 1512 aliquam

1081 1515 1170 1537 tamen
1183 1511 1352 1538 vacationem
1367 1511 1463 1537 animze
1484 1511 1595 1547 tribuas.
1616 1510 1736 1544 Eligatur
1751 1510 1805 1538 tibi
1818 1520 1866 1547 op-

241 1546 279 1572 tio
293 1547 423 1580 corporis,
441 1554 501 1572 cum
517 1553 558 1573 est
572 1546 675 1572 animus
687 1545 839 1581 (é)jejunus
853 1555 868 1573 a
883 1547 960 1574 vitiis.
976 1545 1026 1574 lm-
1042 1550 1064 1581 ί]
1080 1551 1210 1580 portunus
1223 1566 1229 1578 ,
1252 1551 1280 1573 et
1295 1546 1460 1579 aliquantum
1476 1554 1490 1572 a
1504 1545 1609 1572 familite
1622 1546 1735 1580 strepitu
1747 1545 1866 1574 remotus

239 1588 285 1607 mo
296 1581 340 1614 qui
352 1581 526 1615 probabiliter
541 1589 572 1607 ac
591 1582 708 1608 scienter
718 1582 885 1609 abstinentia:
901 1583 1027 1609 virtutem

239 1619 343 1647 tenent,
366 1623 398 1641 eo
413 1615 533 1648 allligunt
547 1623 654 1642 carnem
670 1624 755 1646 suam,
778 1626 831 1650 quo
847 1617 941 1643 anima:
956 1617 1029 1644 fran-

238 1654 303 1683 gant
312 1650 464 1683 superbiam
478 1659 483 1675 ε
498 1654 526 1676 ut
540 1651 615 1683 quasi
626 1650 658 1676 de
668 1652 784 1684 quodam
796 1652 900 1685 fastigio
911 1657 1029 1678 contem-

239 1688 282 1720 tus
296 1685 335 1720 sui
350 1688 430 1719 atque
450 1686 607 1719 arrogantia:
630 1685 793 1712 descendant
814 1687 847 1712 ad
866 1687 1027 1720 implendam

240 1718 343 1756 Domini
358 1718 534 1756 voluiiuttein,
555 1728 615 1754 qua:
629 1721 745 1747 maxime
760 1722 785 1747 in
801 1718 951 1748 humilitate
964 1730 1026 1756 per-

239 1754 336 1782 ficitur.
373 1754 474 1791 Idcirco
495 1764 510 1782 a
535 1755 616 1782 variis
641 1756 721 1791 739
744 1757 864 1783 ciborum
888 1754 1027 1784 desideriis

238 1794 355 1826 mentem
369 1790 509 1818 retrahunt
520 1807 539 1823 ,-
553 1795 581 1816 ut
597 1795 680 1817 totam
701 1791 758 1824 ejus
778 1792 830 1818 vim
846 1797 977 1826 occupent
1000 1793 1026 1820 in

238 1824 382 1859 cupiditate
405 1827 550 1853 virtutum:
572 1826 681 1860 jamque
705 1826 792 1853 minus
813 1824 975 1860 jejuniorum
1000 1832 1027 1855 et

237 1860 404 1897 abstinentia:
419 1861 536 1888 laborem
552 1868 615 1887 caro
629 1861 719 1897 sentit,
734 1862 821 1889 anima
836 1862 969 1889 esuriente
982 1862 1026 1897 ju-

237 1895 347 1931 stitiam.
369 1896 434 1923 Nam
446 1900 471 1923 et
489 1904 535 1923 vas
550 1896 689 1923 electionis
705 1896 801 1924 Paulus
815 1903 836 1929 ο,
851 1897 888 1931 (d)
905 1905 963 1924 cum
979 1895 1026 1924 ca-

237 1930 317 1966 stigat
331 1939 429 1965 corpus
448 1939 525 1958 suum
537 1951 544 1962 ,
567 1935 594 1957 et
609 1932 633 1958 in
648 1931 803 1959 servitutem
818 1932 928 1966 redigit,
954 1940 988 1959 ne
1004 1934 1024 1948 “

237 1964 296 1991 aliis
309 1964 456 1999 pnedicaus
472 1967 526 2000 ipse
541 1968 670 2000 reprobus
686 1967 845 1998 inveniatur,
864 1964 915 1994 non
931 1967 966 1994 ob
980 1975 1026 1994 so—

237 1999 300 2031 lam,
318 2005 346 2027 ut
359 2001 468 2035 quidam
481 1999 605 2035 imperiti
615 2005 719 2035 putant,
736 2002 787 2028 hoc
802 2002 864 2029 facit
879 2003 901 2017 δ’
917 2003 1027 2030 castita-

237 2038 290 2061 tem
303 2054 310 2065 ,
327 2044 380 2062 non
396 2037 466 2062 (‘llim
482 2036 544 2062 huic
556 2036 751 2067 tantummodo,
767 2037 814 2064 scd
829 2037 953 2064 omnibus
966 2045 1026 2064 om-

236 2070 301 2096 nino
318 2071 457 2097 virtutibus
472 2071 632 2106 abstinentia
648 2071 813 2106 opitulatur;
829 2080 916 2105 neque
931 2079 1026 2106 magna

236 2108 282 2130 aut
297 2109 352 2131 tota
366 2105 486 2139 Apostoli
503 2105 587 2138 gloria
602 2109 642 2132 est
665 2113 719 2132 non
746 2105 872 2133 fornicari
885 2116 891 2133 ι
914 2107 961 2134 sed
976 2108 1026 2136 hoc

236 2139 292 2172 agit
329 2144 357 2165 ut
381 2140 555 2176 castigatione
579 2141 700 2174 corporis
737 2141 874 2168 erudiatur
901 2143 1025 2176 animus;

236 2179 391 2210 (piaanue
405 2175 441 2201 nil
454 2183 485 2201 ex
502 2175 683 2210 voluptatibus
694 2177 868 2210 concupiscit,
881 2181 955 2204 tanto
970 2186 1027 2204 ma-

236 2208 277 2246 gis
299 2209 386 2246 possit
406 2210 443 2246 Vde
468 2208 609 2246 virtutibus
631 2208 829 2244 cogitarefnc
851 2212 1026 2246 perfectionis

237 2242 362 2280 Magister
375 2243 388 2262 ά
405 2245 587 2280 imperfectum
608 2242 705 2279 aliquid
720 2246 746 2272 in
767 2253 796 2273 se
820 2242 964 2279 osieudat;
989 2256 1023 2274 ne

235 2276 333 2316 Christi
356 2276 500 2316 imitator“
525 2285 600 2307 extra
622 2276 783 2315 praeceptum
806 2276 960 2316 quidquam,
978 2287 1024 2309 aut

235 2313 399 2351 voluntatem
411 2315 509 2341 Christi
526 2313 693 2349 facial.,'ncve
709 2313 796 2343 minus
810 2313 933 2351 exemplo
944 2324 1023 2350 quam

235 2348 317 2386 verbo
328 2349 423 2386 doceat
435 2358 442 2386 ς
458 2358 571 2385 cumque
582 2351 641 2377 aliis
653 2351 845 2386 prmdicaverit,
861 2348 916 2386 ipse
930 2348 1024 2386 repro-

234 2383 321 2420 betur,
340 2384 375 2420 (re)
391 2383 536 2419 audiatqué
547 2394 607 2413 cum
623 2383 765 2413 Pharisacis
778 2395 784 2412 :
801 2383 897 2413 Dicunt
907 2383 985 2420 enirn,
1001 2391 1026 2413 et

235 2426 285 2443 non
301 2419 398 2452 faciunt
417 2420 437 2446 τ.

269 2453 324 2490 25..
334 2453 479 2487 Apostolici
496 2463 560 2482 vero
574 2460 601 2483 et
617 2457 742 2490 praecepti
757 2461 798 2484 est
811 2461 838 2483 et
852 2456 977 2490 exempli,
994 2460 1024 2482 ut

236 2488 268 2523 (f)
282 2487 428 2516 habeamus
442 2490 574 2517 rationem
585 2487 639 2518 non
654 2487 824 2519 con-scientia:
839 2487 941 2519 tantum
952 2512 959 2524 ,
976 2490 1024 2519 sed

269 2560 281 2573 η
297 2555 390 2582 Matth.
406 2564 459 2587 xvu,
478 2555 520 2582 l9.
559 2556 571 2575 ιδ
587 2556 597 2583 l
612 2556 674 2583 Cor.
692 2564 709 2586 ι,
721 2556 765 2583 28.

235 2599 306 2621 χχιιι,
323 2591 348 2617 5.
389 2595 401 2613 ε
416 2590 494 2617 Rern.
515 2599 559 2620 xn.
577 2591 619 2617 l7.
657 2591 670 2610 h
685 2591 779 2625 Philip.
796 2600 825 2624 ιι,
841 2591 883 2617 15.

236 2626 242 2645 ¹
260 2627 353 2653 Matth.
368 2634 393 2659 ν,
412 2626 451 2652 ll.
491 2631 509 2644 ιιι
521 2626 531 2652 l
545 2627 608 2654 Cor.
621 2635 656 2659 χι,
673 2627 700 2653 5.
739 2632 750 2644 "
766 2627 823 2654 Col.
840 2635 877 2658 ιι,
894 2626 935 2653 13.

267 2694 304 2725 (ai
322 2693 366 2720 Sic
381 2693 460 2720 iidem
476 2692 591 2720 codices.
606 2692 645 2719 Ed
669 2693 762 2724 Rnsv.,
779 2692 904 2719 untbram.

267 2729 304 2762 (b)
322 2729 369 2755 Ms.
384 2728 468 2755 codex
481 2727 610 2761 Julianus,
627 2728 766 2754 donantur.

269 2766 304 2797 (ι’)
320 2764 367 2790 Ms.
380 2763 444 2795 Jol.,
460 2763 581 2790 mundus.

268 2799 306 2832 (ιι)
323 2799 369 2825 Ed.
387 2799 481 2829 Rosv.,
498 2798 568 2824 dum.

280 2833 305 2902 μζ
321 2832 390 2860 Editi
406 2833 514 2861 codices
529 2833 609 2860 Rom.
626 2837 653 2860 et
668 2832 752 2861 Pone.
768 2833 866 2862 addunt
878 2843 893 2861 a
907 2833 1025 2862 Domino.

283 2870 293 2902 ι’
322 2868 403 2896 [idem
418 2869 538 2901 codices,
556 2877 681 2895 ctu-emus.

280 2843 293 2859 ρ
321 2834 390 2860 Editi
406 2834 514 2861 codices
529 2834 609 2860 Rom.
626 2837 653 2860 et
668 2834 681 2859 ῐ

268 2834 305 2903 ili
322 2868 403 2896 [idem
418 2869 538 2901 codices,
556 2877 681 2895 ctu-emus.

806 2561 816 2574 ο
833 2556 843 2582 l
859 2555 922 2583 Cor.
939 2565 974 2586 ix.
992 2555 1036 2583 27.

925 2591 931 2609 ί
951 2591 1029 2618 Rom.
1045 2600 1090 2624 xu,
1105 2591 1147 2618 l7.

1080 1582 1154 1608 locus
1166 1601 1173 1612 ,
1191 1582 1217 1608 iu
1231 1589 1309 1616 quem
1326 1586 1353 1607 tu
1366 1602 1373 1615 ,
1386 1581 1458 1608 velut
1472 1581 1497 1607 in
1508 1585 1630 1615 portum,
1646 1582 1721 1616 quasi
1737 1589 1771 1608 ex
1785 1583 1865 1609 multa

1079 1620 1238 1651 tempestate
1257 1624 1381 1644 curarum
1403 1621 1428 1643 te
1443 1616 1575 1650 recipias,
1600 1621 1627 1642 et
1647 1617 1779 1643 excitatos
1804 1616 1867 1645 foris

1079 1652 1271 1685 cogitationum
1286 1651 1381 1678 (luctus
1396 1651 1492 1678 secreti
1505 1651 1694 1684 tranquillitate
1708 1659 1864 1686 componas.

1079 1686 1194 1713 Tantum
1210 1687 1245 1714 ibi
1262 1687 1296 1714 sit
1310 1686 1406 1713 divinae
1420 1686 1542 1713 lectionis
1557 1686 1684 1720 studium,
1702 1691 1755 1713 tam
1765 1688 1865 1714 crebne

1078 1722 1229 1749 orationum
1246 1722 1326 1753 vices,
1352 1725 1406 1747 tam
1422 1721 1497 1747 llrma
1513 1726 1540 1747 et
1554 1728 1646 1755 pressa
1661 1722 1693 1748 de
1704 1721 1800 1750 futuris
1820 1730 1865 1750 co-

1077 1756 1171 1790 gitatio
1184 1778 1191 1790 ,
1216 1761 1244 1783 ut
1265 1764 1359 1783 omnes
1373 1756 1467 1791 reliqui
1484 1757 1612 1791 temporis
1624 1758 1817 1791 occupationes
1828 1757 1865 1785 fa-

1077 1792 1128 1818 cile
1142 1792 1192 1819 hac
1203 1792 1343 1819 vacatione
1353 1799 1520 1825 compenses.
1541 1791 1596 1818 Nec
1609 1792 1660 1818 hoc
1670 1792 1731 1818 ideo
1743 1792 1864 1825 dicimus,

1077 1833 1131 1860 quo
1146 1831 1172 1853 te
1186 1827 1352 1854 retrahamus
1367 1834 1382 1852 a
1404 1826 1455 1853 tuis
1468 1835 1474 1852 :
1502 1827 1583 1853 immo
1601 1827 1626 1853 id
1643 1828 1746 1860 agimus
1757 1848 1765 1859 ,
1788 1832 1816 1854 ut
1830 1828 1863 1854 ibi

1076 1862 1175 1923 giscas,
1195 1862 1284 1897 ibique
1306 1861 1442 1889 mediteris
1465 1862 1579 1896 qualem,
1586 1862 1638 1888 tuis
1652 1863 1772 1896 praebere
1787 1866 1814 1890 te
1824 1863 1865 1890 de-

1095 1904 1150 1923 eas.

1095 1904 1150 1923 885.

1112 1931 1155 1958 25.
1175 1932 1315 1959 Familiam
1327 1935 1400 1959 tuam
1412 1931 1447 1958 ita
1459 1939 1522 1966 rege
1536 1935 1563 1958 et
1577 1930 1701 1965 eonfove,
1726 1937 1755 1959 ut
1770 1937 1797 1960 te
1811 1941 1865 1960 ma-

1078 1970 1145 1993 trem
1168 1968 1252 2000 magis
1274 1971 1381 1993 tuorum
1402 1974 1482 2001 quam
1503 1967 1638 1994 dominam
1660 1967 1743 1994 videri
1758 1968 1835 2001 velis,
1850 1975 1864 1994 a

1076 2002 1172 2035 quibus
1192 2003 1356 2036 benignitate
1371 2002 1459 2036 potius
1477 2009 1557 2036 quam
1573 2002 1717 2029 severitate
1731 2004 1808 2036 exige
1822 2011 1864 2030 re—

1078 2037 1233 2064 verentiam.
1255 2037 1371 2064 Fidelius
1381 2040 1408 2063 et
1418 2037 1520 2069 gratius
1532 2045 1638 2071 semper
1649 2037 1807 2071 obsequium
1815 2043 1863 2070 est,

1076 2072 1148 2107 quod
1163 2073 1197 2099 ab
1212 2080 1312 2104 amore,
1331 2079 1410 2105 quam
1425 2072 1497 2107 quod
1512 2080 1527 2098 a
1541 2077 1613 2099 metu
1629 2072 1660 2106 (i)
1676 2073 1862 2107 proﬁciscitur.

1077 2105 1214 2141 Praecipue
1230 2109 1319 2133 autem
1336 2107 1362 2133 in
1377 2106 1502 2139 coniugio
1516 2105 1661 2134 Venerabili
1676 2105 1759 2141 atque
1774 2109 1866 2136 imma-

1077 2142 1166 2177 culato
1182 2142 1335 2177 apostolica:
1350 2142 1449 2175 regulte
1463 2142 1530 2168 ordo
1543 2146 1677 2169 teneatur.

1111 2176 1154 2203 26.
1165 2177 1304 2212 ,Servetur
1318 2177 1447 2211 imprimis
1462 2177 1519 2203 viro
1536 2178 1668 2204 autoritas
1679 2185 1742 2209 sua,
1757 2182 1865 2212 totaque

1078 2219 1092 2237 a
1114 2215 1140 2238 te
1156 2211 1241 2239 discat
1262 2212 1358 2239 domus
1371 2216 1499 2246 quantum
1516 2212 1553 2238 illi
1574 2212 1684 2239 honoris
1698 2213 1807 2240 debeat.
1826 2211 1864 2239 Tu

1041 2234 1064 2263 Ι)
1078 2234 1807 2281 ᾗιιὶῖιιἱιῦῐίἷηἱὶιῖἲῖιῖεὲᾇιῖῖὅῖἱίὸζ”ἰυ”ἐίῐὲείἱῦιῖι”ἷιῑιῖιὶἰ
1822 2234 1864 2274 illi;

1079 2281 1229 2308 humilitate
1244 2283 1395 2309 demonstra
1408 2290 1415 2313 ;
1438 2282 1581 2316 tantoipsa
1597 2282 1754 2310 honoratior
1767 2282 1864 2315 futura,

1079 2321 1180 2350 quanto
1196 2317 1268 2343 illum
1284 2317 1398 2352 amplius
1413 2317 1599 2344 honoraveris.
1629 2317 1712 2352 Caput
1730 2319 1802 2345 enim
1815 2337 1823 2349 ,
1840 2323 1866 2344 ut

1079 2352 1116 2377 ait
1130 2352 1273 2386 Apostolus
1288 2351 1332 2384 σιμ
1345 2351 1459 2378 mulieris
1472 2357 1510 2378 est
1520 2353 1558 2379 rir
1568 2357 1586 2370 τη
1601 2361 1607 2378 :
1625 2351 1674 2379 nec
1689 2352 1797 2379 alim-de
1813 2361 1867 2379 ma-

1080 2387 1121 2419 gis
1135 2387 1268 2422 reliquum
1284 2394 1380 2420 corpus
1396 2391 1517 2422 ornatur,
1534 2393 1613 2420 quam
1629 2394 1662 2414 ex
1677 2388 1773 2422 capitis
1783 2388 1867 2421 digni-

1075 2425 1139 2447 tate.
1163 2420 1239 2448 Unde
1256 2421 1325 2448 idem
1340 2422 1402 2448 alibi
1415 2421 1497 2448 dicit:
1522 2422 1654 2454 Mulieres,
1669 2420 1777 2449 subdin
1787 2420 1865 2450 estote

1074 2456 1135 2482 viris
1149 2476 1156 2488 ,
1173 2457 1238 2483 sicut
1252 2461 1350 2491 oportet
1368 2457 1396 2483 in
1414 2456 1523 2483 Domino
1534 2461 1557 2482 η.
1583 2457 1636 2484 Sed
1657 2463 1684 2484 et
1705 2458 1801 2484 beatus
1817 2456 1865 2484 Pe-

1075 2496 1132 2518 trus
1147 2492 1285 2526 apostolus
1301 2492 1339 2518 ait
1359 2500 1365 2518 :
1382 2491 1509 2518 Similiter
1520 2492 1553 2527 (j)
1566 2497 1652 2519 autem
1670 2493 1792 2520 mulieres
1806 2493 1864 2520 sub-

1075 2556 1087 2574 ⁴¹
1103 2556 1169 2584 Vide
1184 2564 1227 2591 ep.
1244 2557 1278 2583 50
1290 2578 1296 2590 ,
1314 2565 1340 2584 n.
1354 2556 1380 2584 5.
1420 2561 1431 2576 θ
1445 2557 1511 2584 Vide
1526 2565 1568 2590 ep.
1581 2557 1624 2589 45,
1639 2566 1665 2585 n.
1682 2558 1708 2585 '5.
1751 2559 1759 2577 τ
1775 2560 1863 2587 Matth.

1187 2594 1194 2617 i
1210 2592 1294 2619 lCor.
1311 2600 1337 2625 χ,
1349 2592 1384 2619 52
1398 2596 1425 2619 et
1439 2592 1484 2619 55.
1522 2592 1534 2611 ι
1547 2593 1607 2620 lsai.
1621 2602 1645 2625 v,
1660 2594 1703 2625 ΞΟ,
1719 2602 1774 2622 sec.
1791 2595 1863 2622 LXX.

1115 2694 1153 2729 (ᾳ)
1168 2693 1207 2720 lla
1221 2701 1271 2720 ms.
1284 2692 1336 2721 Jol.
1352 2698 1380 2721 et
1393 2693 1518 2729 Sacchin.
1536 2694 1618 2725 Alias,
1634 2694 1708 2728 ipsis.

1116 2729 1154 2763 (li)
1170 2729 1366 2764 Manuscriptus
1379 2729 1463 2756 codex
1483 2728 1603 2757 Jolianus
1621 2737 1680 2756 cum
1696 2730 1777 2758 editis
1791 2731 1863 2758 ltum.

1080 2768 1107 2791 et
1121 2763 1216 2795 Ponc.,
1232 2765 1364 2791 materias.

1080 2833 1101 2860 Ρ
1117 2799 1148 2833 (i)
1167 2798 1229 2827 Mss.
1334 2803 1362 2826 et
1382 2799 1468 2831 Viet.,
1493 2799 1628 2833 accipitur.
1649 2799 1717 2827 Edd.
1740 2801 1818 2829 Rom.
1839 2806 1864 2828 et

1104 2843 1175 2861 ont‘...
1193 2842 1287 2861 verum
1301 2843 1340 2861 ur.

1104 2843 1175 2863 t)l|(‘..,
1192 2843 1340 2867 pL'TCtpilltr.

1118 2869 1151 2904 (ά)
1170 2869 1214 2896 ΙΙιυ
1229 2869 1287 2897 dua:
1303 2877 1381 2897 voces
1392 2890 1399 2902 ,
1414 2876 1473 2904 qum
1487 2869 1512 2896 in
1528 2869 1652 2897 omnibus
1667 2870 1802 2899 codicibus
1817 2878 1862 2897 no-
