2003 3091
148 142 197 169 155

851 142 1015 171 EPISTULA
1035 142 1066 169 ll.

1723 142 1775 169 754

146 201 206 227 diue
219 201 272 227 sint
282 200 352 232 viris,
367 204 395 227 ut
408 204 433 227 et
444 200 466 226 si
481 200 524 235 qui
541 207 593 226 non
609 199 720 235 credunt;
734 197 817 235 verba,
833 207 879 233 per
894 200 931 235 (α)
947 203 971 230 Α
984 199 1059 235 usuri
1073 199 1112 225 vir
1121 197 1236 235 debitum
1247 197 1354 235 reddat.
1368 197 1486 224 similiter
1496 202 1580 224 autem
1595 202 1699 235 ειμι-ον
1711 200 1774 227 viro.

145 235 279 262 mulierum
301 233 519 262 coiwersationcm
537 235 592 261 sine
613 233 688 261 verbo
712 233 843 268 lucriﬁant
863 239 886 260 η.
904 234 934 261 Si

145 278 210 304 ergo
230 270 310 296 etiam
334 270 476 304 gentilibus
502 269 606 296 maritis
632 269 748 304 debetur,
768 268 855 295 honor
876 268 936 302 jure

145 303 273 339 coniugii,
285 310 385 338 quanto
400 305 484 337 magis
503 304 654 331 reddendus
667 308 708 331 est
722 303 901 339 Christianis?

179 338 327 373 27.7Alque
356 344 385 366 tit
403 339 529 366 ostendat
549 339 645 373 quibus
668 338 833 366 ornamentis
855 338 935 373 etiam

143 375 208 401 viris
224 372 325 408 juncta:
347 374 452 401 feminte
473 372 596 401 decorari
616 374 732 401 debeant
746 373 779 403 ⁵⁵,
795 374 831 400 ait
845 382 850 399 :
865 372 937 404 Qua-

142 418 200 436 rum
224 411 258 436 sit
280 417 332 436 non
355 409 513 435 extrinsecus
539 408 704 443 capillatum,
722 408 799 443 741
815 413 860 434 aut
885 409 937 434 cir-

142 444 272 471 cumdatio
287 444 353 474 auri,
369 448 413 470 aut
428 442 632 470 vestimentorum
647 444 748 474 cultus;
764 443 809 469 sed
821 443 862 478 qui
875 442 937 468 ubs-

142 479 259 505 conditus
281 479 366 505 cordis
384 483 422 505 est
442 479 535 509 homo,
553 478 580 505 in
601 477 842 512 incorruptibilitatis
858 477 937 512 quieti

142 518 165 540 et
180 514 289 540 modesti
302 514 415 548 spiritus,
430 514 471 548 qui
482 518 519 539 est
534 513 561 539 in
575 518 709 547 conspectu
722 513 769 539 Dei
784 513 895 547 locuples
912 512 935 539 δ.

141 549 188 575 Sic
200 549 271 575 enim
291 547 472 582 aliquando’et
491 552 590 575 sanctae
614 548 738 574 mulieres
757 552 896 581 sperantes
910 547 935 573 in

144 583 259 610 Domino
271 584 404 610 ornabant
425 591 464 614 se,
488 582 614 617 subjecta:
636 583 752 617 propriis
770 582 842 612 viris,
866 582 936 608 sicut

141 617 211 644 Sara
234 618 377 645 obediebat
398 618 531 648 Abrahae,
554 617 691 645 dominuut
722 625 799 644 suum
824 624 934 643 vocans.

142 652 208 679 ΙΙωο
222 657 311 680 autent
334 653 499 687 piu‘cipiens,
527 660 579 679 non
594 660 641 679 eas
668 652 747 686 jubet
762 651 799 687 (b)
812 652 936 686 squalere

141 688 278 718 sordibus,
295 692 323 715 et
336 688 507 715 horrentibus
526 695 674 722 pannorum
690 688 850 714 assumentis
865 687 934 719 tegi;

142 723 190 749 sed
212 723 388 749 immoderato
410 722 493 749 culmi
513 727 540 749 et
555 722 632 749 nimis
645 722 778 756 exquisito
803 721 936 748 interdicit

142 758 271 790 ornatui;
299 757 501 791 simplicemque
525 757 697 784 commendat
717 761 841 784 ornatum
857 761 937 789 atque

142 792 274 823 habitum,
289 792 322 819 de
336 800 389 826 quo
404 796 431 819 et
451 792 502 818 Vas
522 791 662 818 electionis
679 792 734 818 ait:
750 791 877 818 Similiter
890 799 937 816 au-

142 832 194 853 tem
209 832 233 854 et
248 827 365 854 mulieres
386 828 412 853 in
433 826 521 853 habitu
542 832 644 857 ornato,
666 835 723 853 cum
747 826 898 852 verecundia
912 831 936 851 et

141 861 282 889 sobrietate
294 866 416 888 ornantes
428 870 464 894 se,
481 870 531 888 non
546 863 573 888 in
585 862 657 888 tortis
673 862 795 891 crinibus,
806 866 851 887 aut
861 869 934 891 auro,

988 233 1083 259 Mulier
1097 238 1182 259 autem
1196 233 1237 259 sui
1254 234 1369 266 corporis
1388 236 1538 266 potestatem
1552 241 1603 259 non
1618 233 1709 268 habet,
1730 235 1775 261 sed

987 268 1048 299 uir;
1071 272 1096 294 et
1111 269 1149 302 vir
1172 268 1211 294 sui
1231 268 1345 302 corporis
1364 272 1515 302 potestatem
1537 276 1587 293 non
1609 268 1703 300 habet,
1730 269 1775 295 sed

987 304 1087 329 mulier.
1110 301 1199 329 Nolite
1213 302 1336 337 fraudare
1350 303 1467 328 invicem.
1484 302 1523 328 Ac
1537 310 1639 335 rursus,
1655 311 1688 329 ne
1701 308 1775 330 tanta

987 345 1036 372 pro
1050 336 1297 371 nuptiarum'parte
1321 337 1434 372 dicendo
1468 336 1606 363 videretur
1632 338 1776 365 excludere

987 371 1148 403 castitatem,
1169 373 1288 405 sequitur
1302 381 1306 397 :
1322 371 1381 398 Nisi
1393 373 1458 406 forte
1471 380 1503 398 ex
1520 380 1643 398 consensu
1656 373 1690 398 ad
1711 378 1774 398 tem-

985 416 1044 468 pus,
1069 412 1097 433 ut
1119 408 1213 434 vacetis
1235 408 1355 433 orationi.
1370 407 1403 433 Et
1423 407 1513 434 statim
1525 409 1600 441 quasi
1617 407 1651 442 (e)
1670 412 1776 434 recusat

997 450 1039 468 ioc
1062 442 1133 468 quod
1147 442 1224 468 dixit.
1241 442 1274 467 ad
1289 446 1388 468 tempus
1399 462 1406 468 .
1432 449 1465 468 ne
1484 450 1537 468 non
1553 446 1606 468 tam
1618 446 1776 468 ueroetuam

997 450 1039 469 ioc
1062 442 1133 476 qttod
1147 442 1224 472 dixit,
1241 442 1274 467 ad
1289 446 1388 476 tempus
1399 462 1406 474 ,
1432 449 1465 468 ne
1484 450 1537 468 non
1553 446 1606 468 tam
1618 446 1776 476 perpetuam

986 484 1066 511 quam
1090 477 1264 511 temporalem
1285 485 1317 503 ac
1336 477 1444 504 brevem
1466 477 1658 503 centinentiam
1678 477 1777 504 docere

988 512 1129 542 videatur;
1144 512 1181 538 ait
1193 512 1263 538 enim
1276 521 1282 537 :
1301 511 1409 544 Propter
1428 512 1641 538 incontinentiam
1651 516 1773 538 vestram.

987 546 1046 573 Hoc
1061 552 1144 573 autem
1160 547 1216 573 diro
1231 547 1368 573 secundant
1388 546 1577 580 indulgentiam
1590 566 1596 577 ,
1622 554 1672 573 non
1688 554 1776 573 secan-

987 581 1048 608 dum
1058 582 1202 615 imperium.
1226 581 1298 607 [Tn-lc
1310 582 1360 607 hoc
1374 581 1445 614 quod
1460 581 1535 608 dixit.
1554 582 1587 607 ad
1603 586 1710 615 tempus,
1727 582 1776 607 do-

987 620 1032 643 cet
1044 616 1245 643 meditationem
1261 617 1357 642 debere
1370 616 1425 642 lieri
1440 616 1580 648 castitatis,
1597 620 1625 642 ut
1640 623 1687 650 per
1701 620 1776 642 certa

988 650 1128 678 intervalla
1144 655 1313 685 temporum,
1340 651 1415 684 quasi
1438 650 1584 684 exploratis
1606 651 1777 677 continentite

987 693 1042 712 sua:
1057 686 1157 712 viribus
1168 704 1175 714 .
1198 688 1254 712 sine
1266 685 1385 720 prricnlo
1396 686 1500 718 utrique
1517 685 1689 720 promittant,
1705 685 1777 719 quod

987 728 1093 754 semper
1107 725 1149 747 est
1163 721 1196 747 ab
1211 719 1324 753 utroque
1340 722 1508 746 sei-rnatum.
1533 719 1601 752 Quid
1614 727 1677 746 vero
1699 720 1778 747 abso-

986 755 1043 782 lute
1055 756 1134 788 velit,
1159 756 1299 782 manifeste
1310 756 1373 782 dicit
1387 765 1392 780 :
1418 756 1481 782 Volo
1497 760 1582 781 autem
1593 763 1680 781 omnes
1696 755 1778 781 Itami-

987 798 1032 817 nes
1052 799 1106 817 esse
1122 791 1186 817 sicut
1206 799 1244 816 me
1254 792 1337 824 ipsum
1349 810 1355 822 ,
1375 790 1402 817 id
1416 794 1475 824 est,
1495 790 1521 817 in
1531 789 1587 824 jugi
1602 797 1633 816 ac
1644 794 1775 824 perpetua

987 826 1112 852 castitate
1127 825 1226 852 vivere.

1024 860 1067 886 50.
1095 860 1210 887 Videsne
1237 868 1317 894 quam
1339 864 1417 887 caute
1429 881 1437 893 ,
1452 867 1532 893 quam
1550 859 1660 894 provide
1671 879 1679 891 ,
1695 867 1776 893 quam

141 902 188 923 aut
199 898 357 931 margaritis,
370 896 405 923 vel
423 890 489 923 veste
502 897 634 931 pretiosa;
649 897 704 928 sed,
719 890 867 931 quoddel-et
882 890 937 921 mu;
955 890 976 919 Β
989 895 1046 931 sine
1058 895 1136 922 ullius
1149 890 1291 931 occasione
1303 895 1420 931 scandali
1431 890 1441 927 ’,
1462 890 1592 931 Magis-ter
1603 893 1616 912 ιι
1633 890 1778 931 lirmaverit

141 932 229 969 lieres,
242 932 421 969 promittentes
435 932 579 969 castitatem
593 939 638 969 per
652 931 811 969 opera‘bona
826 936 846 957 ο.

178 967 225 992 ‘28.
242 966 340 1001 [tepori
354 974 419 993 vero
430 972 456 993 te
468 966 536 993 miro
547 966 607 993 lidei
622 967 719 993 ardore
734 966 756 981 “
768 972 938 998 succensam,

140 1001 249 1035 aliquot
261 1001 314 1035 jatn
329 1006 392 1028 ante
407 1009 491 1028 annos
506 1001 699 1028 continentiam
714 1001 894 1035 proposuisse,
912 1004 940 1027 et

140 1036 277 1070 reliquum
301 1036 363 1063 vitae
387 1040 438 1063 tute
461 1040 566 1070 tempus
590 1036 724 1070 pudicitia:
752 1043 936 1062 consecrasse.

141 1071 234 1104 Magni
248 1071 301 1098 hoc
314 1071 396 1098 animi
419 1071 535 1105 signant,
551 1075 579 1098 et
598 1071 724 1105 perfectm
743 1070 858 1105 virtutis,
872 1070 941 1096 indi—

140 1106 217 1135 cium
232 1110 273 1132 est
287 1106 442 1133 renuntiare
450 1104 545 1133 subito
558 1104 675 1140 expertae
689 1105 835 1139 voluptati,
848 1104 940 1140 fugere

141 1145 224 1168 notas
235 1141 323 1168 carnis
334 1141 484 1172 illecebras,
500 1145 527 1167 et
541 1138 654 1168 calentis
665 1138 849 1167 adhucketatis
861 1138 939 1165 ﬂatu-

141 1184 203 1203 inas
219 1175 279 1202 lidei
293 1183 387 1203 amore
398 1176 573 1209 restinguere.
586 1175 638 1202 Sed
655 1175 718 1202 illud
740 1182 847 1210 quoque
861 1174 940 1210 simul

141 1210 226 1238 didici
240 1211 271 1241 ⁸⁷,
283 1211 355 1244 quod
370 1218 412 1237 me
428 1218 481 1237 non
497 1210 666 1237 mediocriter
681 1210 754 1244 angit
766 1217 798 1237 ac
808 1209 938 1241 stimulat,

143 1250 174 1272 te
188 1245 316 1272 videlicet
330 1249 433 1272 tantum
454 1246 506 1272 hoc
528 1246 628 1272 bonum
642 1245 743 1278 absque
763 1252 895 1272 consensu
912 1248 941 1270 et

142 1284 227 1314 pacto
256 1281 304 1307 viri
331 1288 438 1307 servare
465 1280 600 1314 cmpisse;
628 1287 688 1306 cum
713 1280 765 1306 hoc
792 1278 940 1313 apostolica

143 1315 258 1342 oninino
281 1315 425 1343 interdicat
449 1315 589 1347 autoritas,
609 1322 669 1349 quae
689 1314 716 1341 in
737 1315 787 1341 hac
802 1316 941 1340 dumtaxat

142 1358 228 1377 causa
242 1358 294 1377 non
316 1350 396 1377 modo
413 1357 523 1377 uxorem
537 1350 572 1385 (ρ)
587 1350 660 1381 viro,
682 1349 730 1376 sed
754 1349 833 1376 etiam
854 1349 939 1385 virum

144 1386 241 1412 uxoris
259 1385 372 1419 subjecit
393 1384 528 1419 potestati.
542 1383 632 1415 Uxor,
649 1385 744 1418 inquit,
763 1385 802 1410 sui
826 1383 940 1417 corporis

142 1425 297 1454 potestatem
311 1429 363 1448 non
377 1419 462 1452 habet,
488 1420 533 1446 sed
557 1421 608 1452 vir;
629 1420 748 1446 similiter
761 1423 844 1445 autem
863 1422 888 1444 et
902 1419 941 1454 ριν

142 1452 298 1490 potestatem
314 1464 364 1482 non
380 1454 455 1481 habet
476 1455 516 1481 sui
536 1455 661 1488 corporis,
677 1454 721 1480 sed
741 1454 833 1490 mulier
901 1452 941 1478 Tu

143 1487 214 1517 vero
226 1491 302 1524 quasi
317 1490 399 1517 oblita
415 1489 523 1517 findens
535 1487 668 1524 nuptialis,
682 1489 806 1523 pactique
817 1487 895 1522 hujus
909 1494 942 1514 ac

143 1524 213 1559 iuris
228 1523 380 1559 immemor,
396 1524 548 1552 inconsulto
562 1523 631 1555 viro,
649 1524 745 1551 vovisti
759 1523 881 1550 'Domino
896 1530 942 1559 ca-

143 1561 278 1587 stitatem.
300 1560 352 1587 Sed
368 1559 519 1594 periculose
534 1560 707 1594 promittitur,
727 1559 796 1593 quod
811 1559 905 1594 adhuc
914 1558 941 1583 in

143 1595 256 1622 alterius
268 1592 481 1630 potesta‘terest;
498 1592 639 1621 et'ncscio
658 1592 789 1630 quanisit
799 1598 876 1630 grata
891 1592 941 1619 do-

144 1631 234 1661 natio,
250 1628 276 1657 si
295 1638 364 1657 unus
385 1629 480 1657 olierat
503 1637 561 1657 rem
581 1629 705 1656 duorum.
727 1628 806 1654 Multa
826 1628 880 1662 jam
897 1635 944 1662 per

144 1665 334 1698 hujuscemodi
358 1665 535 1699 ignorantiam
563 1668 591 1691 et
612 1665 762 1691 audivimus
781 1667 809 1690 et
828 1662 945 1690 vidimus

143 1700 233 1727 scissa
253 1698 395 1734 conjugia;
408 1700 534 1733 quodque
548 1699 682 1726 recordari
703 1699 784 1733 piget,
801 1698 945 1725 occasione

144 1735 282 1762 castitatis
307 1735 467 1762 adulterium
489 1739 695 1768 perpetratum:
719 1742 779 1760 nam
804 1734 867 1759 dum
893 1740 945 1768 una

164 1777 213 1797 ars
224 1777 254 1798 se
267 1770 347 1797 etiam
363 1778 377 1796 a
399 1769 481 1796 licitis
489 1767 620 1801 abstinet,
642 1769 726 1795 altera
737 1768 771 1795 ad
791 1768 883 1794 illicita
896 1767 943 1794 de-

155 1812 223 1838 apsa
236 1808 277 1832 est
293 1809 315 1832 °.
332 1804 367 1831 Et
388 1805 478 1832 nescio
493 1804 520 1830 in
537 1804 582 1830 tali
596 1811 676 1831 causa
689 1804 748 1837 quis
762 1803 944 1838 magisaccu-

144 1836 213 1871 sari,
234 1839 295 1874 quis
320 1840 434 1874 amplius
461 1839 564 1873 culpari
588 1836 822 1874 debeatjﬂutrum
840 1836 884 1863 ille
900 1837 945 1874 qui

146 1871 274 1908 repulsus
292 1882 307 1901 a
326 1871 440 1908 conjuge
466 1871 629 1905 fornicatur;
646 1881 679 1900 an
705 1873 748 1899 illa
762 1880 833 1906 quae,
858 1871 946 1908 repel-

145 1906 231 1936 lendo
246 1918 261 1936 a
285 1917 314 1937 se
337 1906 421 1936 virum
435 1930 442 1942 ,
463 1918 524 1937 eum
546 1908 715 1935 fornicationi
735 1906 945 1942 quodammodo

147 1944 245 1978 objicit
258 1945 290 1971 ⁸⁸.
307 1945 394 1979 Atque
415 1949 444 1971 ιιι
472 1951 555 1978 super
575 1944 627 1971 hac
653 1950 732 1971 causa
764 1943 827 1977 quid
846 1942 946 1979 veritas

147 1977 251 2006 habeat
282 1977 424 2013 agnoscas,
445 1977 531 2014 pauca
550 1979 615 2006 mihi
635 1979 668 2005 de
690 1978 783 2014 divina
802 1977 946 2004 autoritate

147 2014 275 2075 ponenda
287 2012 358 2041 sunt.
384 2012 545 2048 Apostolicze
559 2014 687 2041 doctrina:
710 2012 802 2046 regula
821 2019 872 2039 nec
885 2019 945 2038 cum

165 2057 294 2075 ovmiano
313 2053 402 2075 aiauat
416 2050 588 2075 continentia}
611 2056 693 2075 onera
710 2048 872 2075 nuptiarum.
895 2054 945 2073 nec

165 2050 294 2076 oviniano
313 2053 402 2083 aequat
416 2050 588 2076 continentia}
611 2056 693 2082 opera
710 2048 872 2083 nuptiarum,
894 2054 946 2083 nec

148 2092 212 2110 cum
234 2081 380 2111 Manicharo
403 2084 481 2119 742
495 2081 814 2118 ροιιὶιιδίειίεοηιιθηιιιιιι.
836 2081 872 2107 lta
894 2081 946 2108 Vas

148 2118 292 2146 electionis
306 2127 338 2145 ac
350 2118 479 2153 Magister
498 2119 615 2151 gentium
636 2119 705 2145 inter
721 2121 863 2153 utrumque
878 2120 947 2153 tein—

149 2158 261 2188 peratus
281 2154 380 2180 incedit
396 2151 439 2181 iac
463 2154 585 2185 medius,
607 2157 637 2180 ut
659 2153 807 2179 remedium
831 2151 948 2188 inconti-

150 2186 250 2215 nentiae
266 2188 411 2222 indulgeat,
426 2193 453 2215 et
466 2189 499 2215 ad
514 2189 649 2222 praemium
662 2190 791 2222 provocet
804 2186 947 2212 continen-

150 2224 226 2250 tiam.
244 2223 381 2258 Totusque
400 2225 425 2250 in
449 2224 498 2251 hac
512 2230 592 2250 causa
613 2223 669 2256 ejus
685 2222 838 2258 hicsensus
852 2225 901 2251 est,
917 2224 946 2246 ut

150 2266 185 2285 ex
200 2255 344 2292 utriusque
353 2259 487 2285 sententia
500 2261 664 2293 proponatur
677 2257 796 2286 castitas,
812 2259 859 2281 aut
873 2260 947 2282 certe
960 2255 987 2285 D

150 2293 186 2320 ab
201 2297 316 2327 utroque
331 2293 450 2320 debitum
465 2299 608 2320 commune
623 2293 752 2318 solvatur.

187 2328 231 2354 29.
249 2328 302 2355 Sed
315 2329 373 2363 ipsa
385 2328 440 2361 jam
455 2328 574 2362 Apostoli
591 2327 671 2363 verba
693 2333 833 2360 ponamus,
849 2329 948 2363 totam-

151 2370 205 2397 que
221 2364 289 2390 hanc
302 2359 411 2390 causam
425 2371 440 2390 ιι
460 2359 500 2390 sui
515 2362 646 2397 principio
661 2359 839 2388 retractemus
852 2359 874 2397 ξ.
893 2359 948 2397 Lo-

151 2396 244 2432 quitur
257 2399 278 2415 ιν
293 2398 327 2425 ad
341 2398 496 2425 Corinthios
509 2396 523 2424 ί
531 2397 570 2423 De
588 2396 678 2433 quibus
698 2401 783 2422 autem
806 2396 946 2430 scripsistis

151 2433 240 2459 mihi:
263 2433 364 2460 Bonum
384 2437 422 2460 est
445 2433 541 2460 homini
562 2432 693 2459 mulierem
717 2439 769 2458 non
793 2435 897 2465 tangere
922 2435 944 2456 μ.

153 2468 187 2494 Et.
201 2476 362 2503 quamquam
376 2469 421 2495 hic
440 2468 587 2495 laudaverit
602 2467 772 2503 castitatem;
789 2470 889 2503 tamen,
904 2472 947 2503 _ne

152 2500 298 2537 aliquibus.
312 2503 436 2530 videatur
458 2502 602 2538 prohibere
626 2501 760 2535 conjugia,
788 2500 945 2534 subjungit:

155 2538 476 2577 l‘ropt_er_fornicationem
490 2543 585 2569 autem,
604 2538 778 2577 unusquisque
795 2544 868 2577 suam
881 2542 950 2577 umq—

154 2569 214 2600 reml
226 2569 318 2600 habeat
343 2573 403 2610 [(d)
423 2578 449 2600 et
460 2581 617 2608 unaquaque
632 2569 705 2599 suum
719 2569 799 2598 virum
815 2570 906 2597 habeat
919 2569 928 2605 j
940 2577 949 2595 :

194 2624 205 2636 ³
222 2618 231 2645 l
248 2618 304 2646 Pet.
318 2626 356 2651 tn,
376 2621 400 2647 l.
437 2618 452 2638 ὀ
471 2617 565 2645 lPetr.
581 2626 619 2650 ιιι,
636 2618 662 2644 5.
702 2623 713 2636 ε
727 2616 737 2643 I
750 2616 819 2643 Tim.
836 2624 864 2648 ιι,
880 2615 908 2651 9.

155 2654 186 2680 ad
202 2653 345 2681 Ecdiciam.

157 2697 186 2720 ν,
202 2689 228 2715 5.
270 2689 276 2713 i
292 2689 379 2716 lCor.
391 2697 437 2721 vn,
454 2689 480 2716 4.
521 2687 533 2708 Β
548 2688 631 2716 lCor.
647 2696 683 2720 vr,
700 2687 743 2713 16.

157 2734 217 2761 stris
232 2734 412 2769 reperiuntur,
428 2734 526 2761 absunt
539 2733 572 2769 ab
588 2731 651 2769 edit.
669 2731 773 2769 Rosv.__
876 2764 889 2769 __
923 2765 927 2769 .

193 2769 231 2803 (ιι)
247 2764 293 2796 εἷς
306 2778 370 2796 mss.
387 2764 439 2796 Jol.
453 2769 529 2802 juxta
545 2768 720 2802 Scripturam.
733 2766 814 2803 Alias,
827 2764 952 2803 mulieris.

194 2800 230 2837 (lt)
247 2805 284 2831 Ita
291 2804 350 2831 edd.
356 2800 463 2831 Rom.et
472 2803 598 2831 P0nc.An
603 2800 628 2829 te
635 2806 692 2829 erat
699 2801 817 2835 squalore
824 2800 951 2827 sordibus.

193 2841 228 2874 (ιτ)
244 2839 310 2866 Edd.
326 2839 404 2866 Rom.
422 2844 449 2866 et
464 2838 547 2866 l’onc.
559 2845 618 2865 cum
631 2837 773 2874 Sat-cinno,
788 2837 845 2874 viri.

193 2872 231 2904 (ιιι
247 2874 334 2902 Verba
349 2875 440 2901 isthax‘
461 2874 560 2901 ansulis
579 2872 747 2904 clauduntur,
764 2872 825 2906 quia
842 2879 893 2898 non
910 2878 956 2898 cx—

944 2614 956 2632 d
969 2614 977 2640 I
992 2614 1054 2641 Cor.
1070 2622 1116 2645 vn,
1144 2612 1169 2640 4.

386 2653 395 2673 ί
409 2654 476 2682 Vide
486 2661 578 2708 supra,
594 2648 620 2680 ιι.
634 2652 676 2679 15.
698 2657 710 2675 ὅ
726 2651 809 2679 lCor.
822 2658 867 2683 vn,
882 2650 907 2677 1.
932 2648 945 2668 ιτ
961 2649 1028 2692 Vide
1042 2656 1085 2684 ep.

391 2697 437 2718 vti.
454 2689 480 2716 4.
548 2688 631 2716 lCor.
647 2696 683 2718 vr,
700 2687 743 2713 16.
785 2685 794 2706 ι
811 2685 904 2713 Matth.
918 2693 976 2718 ιιιχ,
989 2686 1015 2711 b.
1053 2684 1085 2710 Inl

989 928 1023 956 de
1032 931 1155 957 castitate
1163 930 1332 962 sententiam,
1342 930 1436 956 nolens
1444 933 1547 955 tantum
1555 930 1654 955 bonum
1664 929 1689 955 in
1700 929 1778 955 unius

990 965 1143 992 temeritate
1165 969 1278 995 nutare,
1304 964 1375 998 quod
1400 965 1482 998 ligare
1503 969 1530 991 et
1548 964 1707 991 continuare
1729 964 1778 990 dc—

989 999 1035 1026 bet
1045 1007 1190 1027 consensus
1202 1000 1362 1026 amborum?
1378 999 1410 1025 Et
1423 1006 1515 1025 revera
1530 998 1594 1033 quid
1609 1006 1640 1026 ea
1655 999 1778 1025 castitate

990 1033 1092 1061 ﬁrmius
1112 1036 1152 1061 eSt
1164 1056 1171 1067 ,
1184 1035 1281 1069 quidve
1302 1035 1384 1061 tutius
1396 1053 1403 1065 ,
1428 1041 1507 1067 quam
1529 1041 1597 1067 quas,
1615 1041 1647 1060 ex
1665 1033 1777 1060 duorum

989 1074 1078 1103 coepta
1089 1070 1221 1096 sententia
1234 1090 1240 1100 ,
1263 1070 1297 1096 ab
1309 1075 1422 1104 utroque
1438 1069 1511 1095 \elut
1526 1069 1551 1095 in
1563 1076 1704 1104 commune
1718 1076 1777 1095 ser-

990 1105 1088 1130 vatur?
1101 1104 1155 1131 Ncc
1167 1105 1199 1131 de
1211 1112 1240 1131 se
1256 1108 1359 1130 tantum
1373 1103 1435 1138 pars
1450 1104 1534 1130 altera
1552 1103 1666 1130 sollicita
1686 1107 1779 1130 mutuo

990 1146 1020 1165 se
1045 1138 1079 1165 ad
1105 1140 1210 1166 virtutis
1237 1140 1337 1166 animet
1358 1139 1603 1173 perseverantiam;
1631 1139 1682 1165 hoc
1696 1138 1777 1170 enim,

991 1174 1060 1200 sicut
1084 1174 1135 1200 alia
1155 1182 1262 1208 quoque
1278 1175 1346 1200 bona
1358 1194 1365 1206 ,
1390 1181 1443 1200 non
1459 1177 1561 1200 tantum
1575 1173 1688 1207 cwpisse
1701 1192 1708 1203 ,
1733 1173 1780 1199 sed

991 1209 1135 1242 perfecisse
1150 1207 1313 1236 laudandum
1333 1213 1383 1235 est.
1402 1207 1577 1240 Iamdudum,
1598 1212 1628 1234 ut
1643 1208 1778 1240 intelligis,

992 1244 1134 1276 scopuloso
1156 1243 1310 1277 ditiicilique
1334 1244 1360 1270 in
1381 1244 1442 1270 loco
1457 1247 1580 1269 versatur
1601 1242 1706 1274 oratio,
1729 1249 1779 1268 nec

992 1279 1074 1304 audet
1088 1278 1113 1304 in
1128 1276 1282 1304 alterutram
1294 1277 1428 1305 declinare
1441 1282 1555 1311 partem,
1569 1277 1631 1303 dum
1644 1276 1781 1309 azqnaliter

994 1317 1136 1346 utrutnque
1150 1313 1294 1345 formidat;
1310 1314 1357 1340 sed
1373 1321 1405 1339 ex
1421 1310 1511 1339 nostra
1531 1310 1686 1338 dill'tcultate
1707 1314 1781 1337 tuutn

993 1354 1109 1380 agnosce
1128 1348 1289 1374 discrimen:
1316 1348 1457 1374 maluimus
1481 1347 1554 1373 enim
1575 1351 1600 1372 te
1622 1346 1782 1373 contristare

993 1382 1104 1409 forsitan
1118 1383 1149 1417 (ι’)
1165 1390 1227 1409 vera
1241 1383 1368 1413 dicendo,
1389 1389 1468 1416 quam
1480 1381 1566 1417 743»
1576 1380 1636 1407 ﬁcta
1653 1380 1780 1417 ariolatio-

994 1425 1029 1444 ne
1049 1415 1183 1452 decipere.
1206 1417 1325 1451 Duplex,
1352 1421 1381 1443 ut
1399 1415 1494 1447 vides,
1516 1415 1618 1452 ntalem
1633 1415 1735 1450 {nqnalc
1757 1419 1783 1441 et

994 1459 1093 1486 anceps
1107 1450 1255 1486 periculum
1267 1456 1309 1479 est
1322 1461 1327 1478 :
1348 1460 1381 1478 ex
1396 1456 1511 1485 utroque
1525 1450 1644 1480 arclaris,
1660 1458 1692 1476 ex
1706 1456 1782 1476 utro—

994 1494 1047 1548 que
1061 1487 1260 1521 constringeris.
1281 1487 1461 1513 Contemnere
1477 1486 1587 1512 omnino
1602 1486 1688 1510 virum
1702 1488 1783 1517 atque

1014 1522 1152 1548 esoiccre.
1176 1526 1268 1548 auerte
1293 1525 1385 1548 contra
1409 1520 1526 1548 ADostoli
1549 1519 1710 1546 sententiam
1731 1522 1782 1545 est.

1014 1522 1152 1556 aspicere,
1176 1519 1268 1556 aperte
1293 1525 1385 1548 contra
1409 1520 1526 1555 Apostoli
1549 1519 1710 1556 sententiam
1731 1522 1782 1545 est.

995 1554 1111 1584 Perdere
1125 1554 1268 1584 vero-tanti
1285 1557 1412 1590 temporis
1428 1554 1576 1583 castitatem
1587 1573 1593 1584 ,
1617 1558 1644 1581 ct
1660 1554 1715 1580 Deo
1729 1561 1782 1579 non

995 1591 1109 1619 reddere
1120 1592 1192 1625 quod
1204 1592 1375 1625 promiseras,
1394 1590 1541 1617 timendum
1560 1592 1783 1625 atquerinetueu-

995 1626 1058 1653 dum
1073 1623 1165 1657 estfut
1179 1623 1259 1660 vulgo
1273 1626 1384 1653 dicitur:
1402 1625 1489 1652 Facile
1504 1632 1536 1651 ex
1549 1625 1635 1650 amico
1648 1623 1783 1660 inimicum

995 1660 1093 1695 facies,
1111 1662 1152 1688 cui
1167 1658 1297 1695 promissa
1312 1669 1365 1687 non
1384 1660 1489 1687 reddas.
1511 1659 1636 1695 Sicicnim
1648 1658 1785 1692 Scriptura

994 1696 1059 1723 dicit
1073 1705 1079 1722 :
1101 1694 1178 1728 Quod
1195 1697 1217 1723 si
1230 1697 1325 1723 coneris
1338 1701 1421 1722 votum
1432 1695 1543 1722 Domino
1555 1694 1609 1720 Deo
1618 1714 1624 1722 ,
1640 1701 1691 1719 non
1704 1701 1785 1719 more-

994 1732 1031 1771 ris
1045 1727 1151 1771 reddere
1165 1732 1230 1758 illud
1242 1750 1248 1760 .
1263 1733 1323 1771 quia
1339 1739 1455 1771 quarens
1475 1730 1566 1765 qua'rit
1580 1728 1650 1771 illud
1661 1727 1786 1766 Dominus

995 1765 1065 1793 Deus
1087 1768 1131 1793 abs
1158 1772 1181 1792 te
1194 1787 1200 1797 ,
1223 1771 1247 1792 et
1270 1763 1318 1792 erit
1334 1763 1376 1792 tibi
1392 1766 1417 1791 in
1435 1763 1566 1799 peccatum
1590 1765 1609 1789 ί.
1636 1763 1679 1788 Ait
1700 1770 1783 1795 ergo:

996 1800 1117 1828 Debitam
1131 1801 1360 1827 honoriﬁcentiam
1374 1800 1432 1825 viro
1448 1800 1545 1825 exhibe
1557 1820 1564 1830 ,
1586 1802 1614 1823 ut
1627 1802 1786 1834 aratroque

996 1834 1109 1862 Domino
1121 1836 1249 1866 debitum,
1269 1835 1340 1869 quod
1354 1834 1461 1869 vovisti,
1478 1834 1589 1869 reddere
1603 1832 1689 1869 possis
1702 1830 1724 1856 ἱ.
1749 1830 1787 1856 Do

996 1871 1071 1904 cujus
1085 1870 1247 1897 conscientia
1271 1866 1322 1895 non
1335 1868 1479 1895 dillidinms
1491 1889 1497 1899 ,
1519 1867 1539 1904 si
1554 1866 1689 1904 paululum
1701 1872 1784 1898 expe-

996 1900 1114 1937 ctasses;
1143 1912 1195 1931 non
1208 1904 1278 1938 quod
1298 1909 1325 1930 te
1345 1912 1359 1929 a
1375 1903 1446 1929 bono
1460 1902 1591 1938 castitatis
1607 1900 1784 1938 retrabanms,

996 1941 1042 1966 sed
1055 1934 1133 1973 hujus
1149 1934 1266 1966 anim-um
1284 1938 1318 1965 ad
1338 1938 1468 1964 castitatis
1485 1936 1623 1973 oraculum
1637 1935 1701 1961 totis
1712 1934 1786 1973 _viri-

996 1974 1046 2001 bus
1068 1968 1228 2006 ίιῖεἱῑειῐιιιδ,
1253 1978 1282 2000 ιιι
1305 1973 1484 1999 voluntarium
1512 1971 1672 1998 sacriﬁcium
1693 1968 1786 2007 t-ll‘crat

997 2010 1054 2037 Deo
1075 2010 1101 2036 in
1122 2009 1233 2036 odorem
1246 2008 1386 2036 suavitatis
1398 2028 1406 2041 ,
1429 2011 1457 2034 ut
1472 2011 1552 2034 exuta
1568 2013 1646 2041 mens
1659 2012 1672 2030 a
1684 2008 1788 2041 cunctis

997 2044 1151 2071 retinaculis
1166 2043 1305 2070 mundanis
1316 2037 1595 2077 atque'corporalibus
1605 2037 1789 2077 voluptatibus

998 2080 1036 2116 (g)
1060 2081 1095 2106 sit
1108 2099 1115 2111 ,
1145 2084 1180 2116 uti
1197 2079 1287 2105 valeas
1300 2075 1543 2116 pleniusihhtcrere
1557 2075 1787 2116 Dominicisprzc-

997 2110 1098 2149 ceptis;
1111 2115 1182 2148 quod
1198 2118 1287 2141 tatnen
1301 2110 1336 2139 ne
1352 2113 1414 2147 quid
1427 2120 1441 2139 a
1452 2112 1533 2149 trabis
1547 2110 1786 2149 negligenter-esse

998 2147 1096 2176 dictum
1113 2147 1264 2179 arbitreris,
1284 2149 1434 2174 divinarum
1449 2147 1647 2180 Scripturarmn
1661 2147 1787 2180 testimo-

1000 2185 1050 2211 niis
1058 2185 1226 2216 edocuimus,
1238 2185 1305 2210 sicut
1321 2183 1401 2209 etiam
1414 2179 1557 2216 Apostolus
1568 2180 1632 2207 dicit
1644 2189 1650 2206 :
1666 2179 1698 2216 Et
1708 2183 1787 2216 erunt

999 2219 1049 2246 duo
1056 2220 1082 2245 in
1091 2227 1168 2245 carne
1175 2213 1226 2245 una
1234 2217 1246 2236 κ
1254 2218 1320 2252 ;jatn
1328 2213 1514 2247 nonunacaro,
1524 2216 1570 2242 sed
1578 2223 1642 2241 unus
1651 2214 1756 2252 spiritus
1766 2213 1786 2239 '.

1035 2254 1078 2280 51.
1103 2253 1159 2281 Hoc
1178 2250 1374 2280 sacramentum
1394 2258 1517 2284 magnum
1537 2254 1592 2281 est,
1621 2250 1787 2282 arduumque

1000 2294 1042 2316 est
1053 2290 1103 2315 iter
1117 2289 1263 2315 castitatis:
1276 2288 1323 2314 sed
1338 2293 1433 2320 magna
1448 2290 1509 2312 sunt
1520 2285 1643 2320 praemia;
1655 2288 1788 2320 vocatque

1000 2332 1048 2350 nos
1064 2324 1191 2350 Dominus
1205 2324 1230 2349 in
1243 2318 1490 2355 Evangelio‘dicens
1502 2329 1508 2346 τ
1521 2318 1527 2320 ⁷
1539 2319 1643 2355 Venite,
1661 2318 1790 2355 benedicti

999 2359 1088 2384 Patris
1107 2360 1176 2390 mei,
1200 2352 1329 2392 possidete
1346 2361 1521 2392 pra’puratum
1542 2354 1611 2392 vobis
1633 2362 1737 2392 regnum
1757 2352 1789 2392 ab

999 2394 1097 2428 origine
1107 2389 1241 2428 mundi'".
1255 2392 1326 2419 Idem
1339 2389 1538 2428 i‘pse'Dotninus
1549 2389 1613 2417 dicit
1626 2398 1632 2415 :
1654 2389 1744 2415 Venite
1756 2389 1789 2428 qd

999 2422 1138 2455 mevonmes
1153 2428 1194 2463 qui
1207 2427 1329 2454 laboratis
1343 2422 1367 2452 et
1377 2426 1476 2453 onerati
1490 2426 1561 2457 estis,
1572 2429 1596 2451 et
1610 2432 1655 2463 ego
1672 2432 1713 2463 ros
1727 2422 1790 2456 reﬁ—

998 2454 1074 2490 ciam.
1101 2454 1193 2489 Tollite
1203 2463 1295 2497 jugum
1315 2469 1397 2488 meum
1412 2469 1488 2496 super
1499 2454 1559 2497 vos,
1576 2464 1601 2486 et
1612 2454 1705 2497 discite
1720 2454 1790 2497 ante

1000 2499 1059 2534 quia
1074 2498 1143 2534 mitis
1158 2495 1213 2524 sum
1227 2495 1250 2524 et
1266 2497 1368 2534 humilis
1380 2496 1474 2534 corde;
1493 2500 1517 2522 et
1532 2495 1666 2521 invenietis
1678 2495 1790 2527 requiem

1002 2532 1135 2560 animabus
1146 2533 1233 2559 vestris
1246 2541 1253 2563 ;
1266 2533 1357 2567 jugum
1369 2533 1437 2558 enim
1449 2539 1531 2567 meum
1543 2533 1677 2567 suaveest,
1690 2533 1717 2567 et
1727 2535 1791 2567 onus

1002 2576 1085 2595 meum
1100 2568 1151 2594 leve
1162 2573 1186 2595 υ.
1205 2562 1276 2594 Dicit
1290 2562 1361 2593 enim
1376 2567 1446 2593 idem
1459 2566 1585 2592 Dominus
1599 2565 1638 2591 Itis
1653 2563 1696 2599 qui
1710 2562 1744 2588 ad
1757 2562 1789 2587 εἰν

1218 2618 1228 2632 ε
1242 2612 1308 2639 Vide
1331 2619 1373 2646 ep.
1390 2611 1442 2638 26⁵2
1459 2611 1488 2638 S.
1504 2608 1646 2646 Augustini
1650 2607 1722 2646 _v(a|_._
1735 2601 1792 2646 ιςξςΙ)

1102 2640 1145 2680 ῖὶο,
1163 2656 1189 2675 n.
1205 2648 1231 2675 5.
1261 2647 1268 2666 ί
1287 2640 1363 2674 ῡθυί.
1378 2655 1452 2679 xxtn,
1467 2646 1515 2677 21,
1532 2640 1587 2672 size.
1604 2640 1689 2680 LXX;
1704 2640 1792 2668 Ecclc.

1053 2676 1173 2711 lblllattvh.
1190 2691 1250 2716 xxv,
1267 2682 1311 2709 5-1.
1349 2687 1362 2700 ιι
1377 2676 1470 2709 Matth.
1487 2676 1524 2713 xi,
1539 2679 1583 2712 9.8,
1598 2678 1642 2711 29,
1660 2676 1703 2704 50.

1003 2733 1074 2756 stant
1086 2729 1110 2755 in
1126 2736 1189 2755 mss.
1203 2732 1230 2755 et
1246 2728 1330 2754 tribus
1345 2727 1423 2754 editis
1438 2726 1584 2754 codicibus.

1054 2765 1078 2798 ι’)
1095 2763 1141 2790 Ed.
1159 2764 1248 2793 llont.,
1264 2768 1390 2789 recursat.

1054 2796 1074 2835 Ῑ)
1092 2799 1149 2835 Vox
1164 2807 1223 2835 vera
1237 2799 1312 2824 abest
1325 2798 1359 2824 ab
1370 2797 1434 2835 edit.
1450 2796 1532 2835 Rosv.
1549 2834 1552 2835 ν
1580 2828 1589 2835 Ι
1634 2827 1650 2835 μ

1054 2828 1079 2869 Ei)
1097 2834 1165 2861 Edit.
1178 2834 1269 2867 Rom,
1280 2832 1460 2868 voluptatibus,
1472 2831 1562 2857 ualeat.
1579 2828 1670 2855 Lectio
1682 2831 1796 2861 ult-aquo

1009 2870 1092 2897 bona.
