3990 6182
238 274 344 332 745

917 273 1364 334 DISSERTATIO
1402 276 1442 331 Ι.
1485 277 1969 336 EPISTOLARUM
2011 275 2200 332 0RDO
2238 274 2827 332 CHRONOLOGICUS.

3395 281 3499 334 ἨΘ

238 391 437 448 exinde
467 398 746 461 acceptum
775 390 842 446 de
867 391 1067 446 sanctis
1094 391 1243 454 viris,
1273 397 1436 458 atque
1467 391 1728 460 imprimis
1751 391 1820 446 de
1849 398 1894 450 Α
1925 388 2304 461 constituebat.
2336 386 2471 441 Vide
2504 385 2612 461 Vit.
2644 403 2692 442 c.
2724 384 2812 461 52,
2851 401 2907 440 n.
2930 387 2993 461 _i.
3023 386 3120 445 llic
3147 397 3326 446 autem
3349 407 3504 450 error
3545 379 3554 386 ’

238 462 525 530 Augustini
554 461 622 516 ad
651 462 1018 530 episcopatum
1047 461 1412 530 provectione,
1437 461 1821 530 'cotnnmnica-

239 529 486 586 reticum
537 529 892 592 Romaniano,
943 530 1010 584 ad
1049 529 1210 599 quem
1251 530 1532 599 epistolam
1584 530 1614 582 7
1659 529 1822 599 biduo

214 609 364 682 post
387 602 504 670 ejus
531 601 759 682 reditum
784 598 1117 682 deditﬂsuper
1131 601 1328 680 ea_ipsa
1355 615 1439 682 re,
1452 598 1524 680 de
1547 614 1652 668 qua
1681 598 1821 682 apud

215 669 427 734 illum,
451 679 610 740 prout
647 679 889 740 sanctum
920 671 1014 740 Dei
1059 669 1332 740 hominem
1359 669 1528 723 lauari
1567 684 1665 739 par
1684 676 1820 736 erat,

240 739 557 811 gratulatur.
579 739 711 794 Vide
727 739 832 794 Vit.
863 755 910 794 c.
936 739 1026 811 99,
1053 755 1108 811 η.
1132 739 1183 811 5.

217 801 271 874 ν
313 812 394 864 Ad
447 809 744 864 Licentium
782 801 1034 880 epistola
1065 809 1098 862 8
1155 809 1206 862 in
1246 807 1474 880 vulgatis
1513 805 1734 880 Paulini
1768 815 1824 880 et

241 881 524 948 Augustini
553 875 878 934 editionibu's
913 879 1237 947 jungebatur
1282 878 1522 948 epistolae
1560 875 1824 948 superiori

243 945 776 1014 ad'Romanianum,
825 945 1040 1016 unoque
1088 955 1276 1002 tenore
1317 945 1662 1016 decurrebat.
1691 945 1820 1010 Nos,

243 1021 370 1088 quia
397 1021 450 1073 in
477 1021 609 1073 duas
629 1019 851 1074 divisam
879 1015 1148 1085 vulgatam
1160 1018 1310 1088 hanc
1334 1016 1402 1088 ad
1433 1015 1822 1088 Romanianum

243 1085 527 1157 epistolam
549 1089 876 1142 exhibebant
917 1104 1041 1142 mss.
1075 1086 1288 1157 codices
1323 1085 1702 1157 Cluniacensis
1727 1100 1824 1153 op-

245 1153 390 1212 tima:
419 1167 558 1214 notm
579 1174 644 1214 ac
673 1165 1013 1226 pervelustus
1041 1165 1094 1210 et
1121 1155 1428 1226 Bigotianus
1457 1169 1592 1210 unus
1619 1153 1824 1226 episto-

245 1227 417 1282 larum
439 1227 496 1282 S.
529 1222 808 1295 Auguktini
859 1227 962 1280 600
991 1222 1272 1286 annorum,
1305 1226 1360 1279 in
1388 1225 1519 1278 duas
1549 1222 1712 1295 etiam
1740 1222 1824 1295 dif

245 1299 549 1366 stinximus,
577 1290 810 1366 priorem
833 1298 896 1350 ad
931 1295 1345 1366 Romanianum,
1369 1294 1724 1366 posteriorem
1757 1290 1825 1345 ad

247 1365 547 1421 Licentium
578 1363 692 1432 ejus
721 1367 882 1434 lilium
929 1367 1018 1432 qui
1065 1365 1334 1434 propriam
1364 1363 1513 1420 suam
1554 1363 1622 1434 de
1665 1376 1825 1434 manu

247 1439 416 1506 patris
445 1439 732 1504 acciperet.
765 1433 832 1488 Et
873 1437 996 1504 quia
1027 1432 1081 1506 in
1116 1432 1304 1506 eodem
1352 1433 1606 1506 fasciculo
1652 1432 1829 1506 missa;

247 1499 390 1570 sunt,
421 1499 596 1559 nullus
619 1507 740 1560 huic
767 1499 1048 1574 posteriori
1081 1503 1352 1574 appositus
1380 1502 1693 1574 est‘titnlus,
1713 1499 1828 1574 _n_isi

249 1577 313 1641 is,
340 1576 409 1630 ad
434 1574 738 1640 Licentium,
768 1570 858 1642 qui
905 1575 956 1628 in
989 1570 1126 1628 mss;
1146 1570 1420 1628 codicibus
1443 1572 1596 1628 Clun.
1630 1579 1685 1624 et
1709 1570 1826 1634 Big.

249 1648 534 1714 reperitur.
569 1644 808 1698 Priorem
839 1645 1118 1714 epistolam
1149 1643 1350 1714 claudit
1375 1645 1544 1696 fausta
1574 1647 1688 1714 hzec
1705 1653 1825 1710 pre-

251 1711 392 1770 catio
421 1733 434 1767 :
483 1714 802 1768 Incolumem
831 1711 886 1768 te
915 1723 1064 1768 (etate
1092 1713 1498 1784 quamplurima,
1549 1719 1596 1784 et
1627 1711 1827 1784 beatum

251 1802 452 1854 semper
473 1801 586 1836 cum
622 1793 727 1838 tota
771 1784 919 1838 domo
952 1793 1058 1846 tua,
1095 1779 1152 1854 ut
1196 1779 1444 1854 cupimus,
1477 1779 1830 1854 habeamusin

253 1851 478 1918 Christo,
506 1854 711 1925 domine
723 1857 884 1925 frater
897 1855 1076 1925 merito
1094 1851 1534 1925 [tortorandissime
1553 1861 1608 1925 et
1628 1851 1800 1925 deside
1819 1877 1831 1884 -

251 1927 565 1978 rantissime.
594 1920 866 1976 Posterior
891 1924 1072 1990 incipit
1094 1923 1144 1976 in
1174 1922 1274 1974 illis
1294 1921 1490 1985 verbis,
1529 1920 1662 1974 Audi
1689 1933 1830 1992 ergo,

251 1996 348 2064 fili,
382 1995 545 2066 legem
565 1995 730 2066 patris
761 1995 848 2066 tui,
869 1993 922 2046 id
937 2003 1024 2066 est_
1044 1992 1346 2066 Augustini;
1378 1997 1432 2045 et
1453 1992 1666 2066 egregio
1689 1995 1832 2048 clau-

252 2059 396 2120 ditur
431 2059 683 2118 'carmine
711 2064 775 2116 ad
806 2063 970 2116 seculi
1001 2059 1540 2132 fugain_hortatorio.
1572 2059 1837 2132 Unaquae-

291 2149 357 2188 ue
388 2135 554 2188 habet
577 2149 730 2186 suum
761 2141 1149 2200 argumentum.
1183 2130 1782 2200 Priorisﬁargumentum
1813 2153 1823 2184 :

291 2149 357 2188 ue
389 2149 554 2188 habet
577 2149 730 2186 suum
761 2149 1149 2200 argumentum.
1187 2149 1382 2183 rrtorts
1411 2149 1782 2198 argumentum
1813 2153 1823 2184 :

251 2149 333 2258 id
365 2204 748 2258 Romanianum
769 2201 1012 2266 scribens,
1041 2203 1333 2273 gratulatur
1359 2199 1604 2273 Ecclesia:
1631 2201 1680 2254 Η
1690 2205 1837 2272 ἔρρο-

253 2275 403 2328 nensi
431 2275 566 2345 quod
593 2275 931 2345 Augustinum
961 2271 1146 2345 meruit
1175 2272 1410 2345 Aept'scgpi
1432 2271 1715 2345 collegama
1733 2271 1834 2330 Ar-

253 2340 567 2414 gumentum
595 2340 912 2413 posterioris
945 2361 956 2394 :
991 2341 1274 2414 Licentium
1311 2340 1624 2414 flamonium
1647 2344 1834 2414 ﬁlium,

255 2411 348 2484 pro
371 2431 471 2485 quo
488 2411 766 2485 scripserat
792 2414 1105 2483 Augustinus
1126 2412 1237 2485 ejus
1269 2411 1392 2464 olim
1418 2411 1690 2482 magister,
1712 2411 1836 2472 hor;

255 2483 396 2537 tatur
430 2483 682 2536 Paulinus
703 2493 752 2536 et
780 2499 934 2550 prosa
977 2493 1026 2535 et
1053 2483 1298 2545 carmine,
1331 2491 1387 2533 ut
1411 2491 1667 2537 contemta
1705 2487 1840 2541 aula:

257 2555 396 2626 fastu
425 2571 480 2626 se
518 2554 716 2608 dedicet
738 2551 962 2607 Christo.
993 2551 1161 2607 Nemo
1203 2567 1313 2606 non
1351 2551 1499 2606 videt
1549 2553 1683 2610 duas
1719 2571 1840 2612 esse

251 2625 532 2695 epistolas.

327 2715 601 2788 Epistolas
647 2715 680 2788 9
728 2723 783 2770 et
813 2713 878 2768 10
905 2714 970 2788 ad
1000 2714 1300 2788 Amandum
1328 2716 1508 2788 presb.
1541 2725 1596 2772 et
1624 2718 1842 2788 Delphi-

251 2784 394 2843 nutu
417 2787 875 2858 Burdcgalensem
889 2785 1196 2858 episcopum
1215 2784 1478 2858 Paulinus
1498 2784 1840 2858 scripsit-eo-

252 2859 382 2912 dem
433 2872 574 2911 anno
595 2856 698 2911 596
725 2857 988 2926 simulque
1015 2855 1348 2926 emisit.iVide
1379 2857 1483 2911 Vit.
1518 2873 1566 2912 c.
1591 2855 1680 2924 50,
1705 2875 1758 2912 n.
1787 2859 1837 2912 l.

254 2926 414 2981 Haud
441 2927 628 2995 procul
656 2926 724 2981 ab
755 2925 917 2982 initio,
933 2925 1091 2994 hujus
1119 2925 1356 2994 epistola:
1382 2927 1414 2978 9
1447 2929 1496 2981 in
1529 2927 1716 2982 codice
1737 2945 1836 2982 ms.

253 2997 552 3052 Viennensi
581 2997 824 3068 appictus
851 3005 958 3068 est_
977 2997 1262 3068 asteriscus
1309 2997 1376 3050 ad
1431 2999 1544 3052 hate
1571 2999 1732 3052 verba
1752 3041 1766 3066 ,
1797 3009 1844 3052 et

252 3068 406 3148 ﬁgor
429 3069 593 3148 potuit
613 3064 858 3148 hebetari.
878 3069 896 3086 ‘
1070 3082 1148 3120 me
1175 3065 1424 3148 dicentem
1446 3069 1689 3148 excitavit
1703 3064 1841 3148 ?ete.

255 3135 399 3190 Tum
429 3135 484 3190 in
509 3139 750 3204 margine
779 3137 1099 3191 adscribitur
1131 3154 1142 3188 :
1187 3135 1288 3189 Hic
1319 3138 1518 3191 videtur
1562 3139 1734 3193 deesse
1780 3139 1845 3192 de
1875 3135 1910 3170 ‘-

253 3207 480 3280 epistolu
507 3208 739 3280 multum,
765 3209 883 3280 quia
905 3207 1220 3280 continuatio
1243 3223 1368 3274 pene
1396 3208 1542 3280 _nu_lla
1563 3217 1660 3280 est.
1693 3209 1844 3280 Anti-3

253 3277 435 3347 quarii
465 3277 622 3346 hujus
659 3277 1038 3347 conjecturam;
1069 3277 1241 3347 ﬁrmat
1268 3277 1410 3344 quod
1457 3277 1728 3345 Paulinus,
1754 3279 1844 3347 qui

254 3345 332 3399 ab
359 3347 514 3416 initio
540 3345 719 3414 hujus
747 3347 986 3416 epistolae
1015 3345 1314 3416 Amandum
1343 3347 1684 3414 singulariter
1711 3345 1844 3404 all—o-

253 3425 422 3488 cutus
465 3415 659 3480 fuerat,
693 3417 760 3470 ab
785 3415 1044 3488 asterisco
1087 3415 1154 3469 ad
1183 3415 1340 3488 linem
1371 3433 1540 3487 usque
1569 3427 1844 3488 tamquam

255 3485 330 3558 ad
351 3487 534 3558 plures
559 3501 860 3558 sermonem
887 3486 1084 3558 dirigit,
1109 3495 1168 3558 et
1195 3485 1532 3558 concionanti
1562 3489 1626 3558 ad
1671 3485 1842 3557 p'opn-

255 3555 376 3610 lum
398 3557 590 3611 similis
618 3564 719 3611 est.
751 3556 876 3610 Haec
896 3571 1026 3610 vero
1055 3556 1220 3619 labes,
1251 3557 1295 3610 si
1326 3573 1430 3626 qua
1461 3565 1562 3621 est,
1588 3555 1843 3626 perquam

255 3627 484 3694 antiqua
511 3635 610 3690 est,
635 3641 754 3681 cum
777 3635 830 3679 et
859 3627 912 3680 in
941 3627 1304 3680 vetustissimo
1349 3627 1534 3682 codice
1573 3627 1739 3694 Regio
1766 3628 1847 3680 in-

255 3697 533 3762 veniatur,
563 3711 770 3751 necnon
797 3697 850 3749 in
880 3711 982 3750 ms.
1029 3695 1288 3750 Vaticano
1327 3705 1382 3750 et
1406 3697 1562 3752 editis
1591 3699 1842 3766 quinque.

332 3805 394 3860 1n
424 3821 620 3859 annum
638 3805 742 3858 597
771 3805 1051 3860 relerimus
1079 3804 1360 3873 epistolam
1383 3805 1440 3858 Η
1475 3806 1540 3859 ad
1565 3805 1840 3860 Severum.

255 3875 401 3934 Vide
431 3875 537 3929 Vit.
571 3890 619 3929 c.
647 3875 730 3936 50,
764 3891 816 3928 n.
856 3873 910 3928 2.
963 3873 1019 3929 In
1069 3891 1130 3929 ea
1177 3873 1462 3944 proﬁtetur
1514 3874 1766 3930 Paulinus
1791 3889 1849 3929 se

257 3960 558 4013 numquam
586 3946 960 4000 destitutorum
1009 3945 1237 3998 invitare
1265 3945 1434 4014 7759
1485 3945 1762 4006 Severum,
1794 3953 1850 3997 et

299 4031 426 4070 uam
456 4016 840 4070 studiosissime
862 4015 1215 4068 hortaturum.
1246 4013 1484 4082 (luxuque
1513 4029 1849 4083 nequaquam

299 4033 426 4070 nam
456 4033 840 4070 swurosussnme
863 4033 1215 4068 nortaturum.
1246 4033 1484 4082 numque
1513 4033 1848 4083 nequaquam

257 4033 501 4167 ggverus
543 4085 864 4167 polliceatur
890 4099 949 4138 se
977 4093 1282 4167 venturum,
1324 4083 1524 4140 idcirco
1569 4085 1848 4155 epistolam

261 4155 334 4208 l7
363 4171 475 4210 non
505 4155 604 4210 nisi
635 4163 755 4224 post
781 4155 915 4210 duos
936 4169 1106 4209 annos
1135 4155 1476 4210 collocamus.

338 4255 456 4310 Hoc
476 4271 617 4310 anno
645 4254 746 4310 597
780 4257 1082 4324 ponendam
1111 4254 1357 4324 duximus
1381 4255 1660 4322 epistolam
1693 4255 1760 4307 l2
1786 4255 1852 4310 ad

263 4325 568 4382 Amandum
599 4325 670 4380 ob
698 4323 912 4380 causam
963 4325 1258 4394 presbyteri
1303 4323 1481 4394 Basilii
1528 4324 1596 4380 de
1625 4341 1730 4392 qua
1755 4327 1853 4380 sub

265 4397 430 4450 linem
459 4397 650 4463 agitur.
685 4395 816 4449 Vide
835 4385 1100 4465 ,Vit.'cap.
1123 4385 1208 4460 51,
1241 4411 1294 4448 n.
1329 4395 1350 4447 i
1388 4393 1513 4449 eti.
1547 4385 1713 4464 Hujus
1734 4396 1850 4465 epi-

263 4467 431 4534 stola:
446 4467 676 4534 portitor
702 4467 798 4518 fuit
827 4463 1187 4527 Sanemarius,
1220 4480 1378 4532 quem
1408 4481 1475 4518 ex
1503 4463 1658 4518 servo
1687 4463 1848 4520 liber~

266 4547 381 4591 tum
411 4533 612 4590 fecerat
641 4534 914 4600 Paulinus,
947 4543 1006 4588 ut
1029 4536 1128 4588 sub
1161 4535 1406 4591 Ecclesi:e
1441 4533 1850 4602 Burdegalensis

264 4605 562 4662 autoritate
593 4606 644 4658 in
681 4605 842 4660 domo
875 4605 1080 4660 Domini
1111 4606 1355 4675 serviret,
1384 4604 1640 4675 delegatis
1661 4605 1728 4660 ad
1755 4621 1852 4675 pa-

263 4675 683 4745 rentumipsius
728 4676 1042 4745 memoriam
1070 4674 1358 4743 obsequiis.
1393 4674 1526 4729 Vide
1577 4673 1679 4729 Vit.
1727 4673 1846 4745 cap.

264 4745 358 4812 sl,
393 4758 448 4800 η.
479 4743 614 4811 πει
639 4760 724 4814 ep.
749 4744 838 4811 η,
869 4761 922 4798 n.
959 4743 1044 4798 12.

339 4845 566 4900 Paulina
615 4843 671 4899 S.
720 4844 898 4899 Paulae
926 4845 1030 4899 lilia
1061 4851 1114 4900 et
1153 4861 1290 4899 uxor
1335 4844 1662 4900 Pammachii
1711 4845 1852 4900 diem

266 4931 584 4988 supremum
611 4915 746 4988 obiit
765 4916 906 4970 circa
955 4915 1113 4970 linem
1143 4917 1268 4970 anni
1296 4915 1420 4988 597.
1445 4903 1699 4970 Paulinus
1717 4986 1725 4988 4
1745 4931 1853 4970 non

269 4986 376 5042 nisi
409 4993 532 5054 post
574 4986 773 5040 multos
810 5001 1021 5040 menses
1067 4997 1296 5040 mortem
1342 4987 1459 5054 ejus
1504 4986 1756 5055 cognovit
1801 4993 1857 5039 et

267 5065 498 5128 propter
525 5056 632 5112 loci
679 5056 1040 5128 remotionem
1076 5064 1132 5109 et
1178 5057 1853 5128 nuntiorumraritatem,

269 5123 506 5194 eamque
533 5125 740 5194 accepit
767 5139 834 5195 ex
881 5125 1072 5179 litteris
1107 5124 1380 5193 cujusdam
1419 5126 1598 5190 amici,
1627 5123 1856 5195 Olympii

268 5193 505 5266 scilicet,
533 5193 692 5263 idque
719 5195 772 5249 in
797 5193 1011 5266 hieme;
1037 5195 1188 5264 cujus
1211 5197 1540 5266 tempestatis
1569 5193 1858 5251 inclemen-

272 5267 348 5321 tia
389 5265 808 5335 prohibitusque
845 5263 1240 5320 Pammachium
1287 5263 1490 5333 adiret,
1526 5275 1586 5321 ut
1625 5267 1676 5319 in
1718 5265 1860 5320 votis

270 5334 552 5400 habebat,
609 5334 870 5405 prolixam
919 5336 994 5390 illi
1035 5337 1248 5405 scripsit
1312 5337 1593 5405 epistolam
1635 5336 1744 5402 i5,
1803 5337 1856 5388 in

269 5419 381 5530 qua
409 5408 586 5474 primo
609 5407 724 5474 pias
752 5405 866 5473 ejus
889 5407 1151 5487 lacrymas
1179 5407 1232 5459 in
1258 5405 1442 5460 funere
1463 5407 1720 5474 conjugis,
1749 5415 1858 5459 tum

311 5477 470 5530 einde
501 5477 770 5530 impensas
797 5491 895 5530 oro
921 5475 1186 5530 delunctre
1207 5477 1398 5530 solatio
1419 5478 1602 5530 egenis
1625 5477 1858 5530 eleemo-

311 5477 470 5530 einde
501 5477 770 5540 impensas
797 5491 895 5543 pro
921 5475 1186 5530 defuncta:
1207 5477 1398 5530 solatio
1419 5478 1602 5543 egenis
1625 5477 1860 5531 eleemo-

275 5559 440 5616 synas
469 5546 712 5616 laudibus
737 5547 1075 5616 prosequitur
1100 5564 1112 5598 :
1144 5561 1263 5614 qua:
1289 5547 1474 5600 ultima
1503 5563 1625 5616 pars
1653 5547 1858 5616 episto-

276 5615 388 5686 lam
415 5615 542 5671 olim
569 5615 640 5669 55
663 5615 772 5669 lere
801 5615 1063 5682 integram
1091 5616 1388 5685 occupabat
1417 5616 1472 5670 in
1493 5615 1722 5686 vulgatis
1749 5617 1862 5670 edi-

277 5684 534 5752 tionibus,
553 5693 870 5756 partemque
889 5684 1240 5754 posteriorem
1261 5686 1500 5756 epistola:
1515 5688 1582 5744 ad
1597 5684 1863 5743 Alethium

560 5803 832 5865 ΡΑτιιοι.
879 5801 1044 5864 LXI.

1926 459 2122 514 accidit
2145 466 2238 512 aut
2261 455 2664 512 amanuensium
2695 457 2997 521 oscitantis,
3030 467 3122 512 aut
3149 463 3504 522 verosimilius

1922 535 2322 600 compactoer
2353 525 2556 580 incuria
2581 526 2674 594 qui
2719 527 2975 600 librorum
3007 527 3132 583 folia
3173 541 3265 585 aut
3289 543 3506 600 quater-

1926 597 2114 654 niones
2135 603 2460 668 praepostere
2489 603 2834 668 consuerunt,
2865 597 3026 668 itaut
3052 613 3170 666 qum
3199 597 3500 668 posteriora

1923 683 2042 740 esse
2062 667 2321 721 deberent
2351 665 2590 740 priore_m
2641 666 2816 740 locum
2847 665 3170 740 obtinerent,
3195 665 3279 724 vel
3319 681 3502 740 poste-

1925 739 2122 790 riorem
2146 751 2264 804 quae
2283 736 2482 804 priora.
2515 733 2696 806 Genus
2723 736 2827 792 hoc
2865 737 3281 806 perturbationis
3323 733 3504 797 iratum

1924 807 2134 860 videtur
2160 821 2279 878 esse
2307 820 2374 858 ex
2389 819 2468 878 eo
2509 805 2652 872 quod
2700 807 2876 878 prisco
2913 821 3028 860 aevo
3077 825 3366 878 numquam
3414 821 3507 867 aut

1927 891 2148 946 perraro
2175 875 2260 928 vel
2281 874 2486 946 pagina:
2508 875 2760 946 numeris,
2786 876 2868 930 vel
2896 874 3276 944 quaterniones
3303 880 3506 935 littera-

1926 943 2044 1000 rum
2071 946 2230 1008 notis,
2251 945 2324 997 uti
2357 959 2514 1002 nunc,
2545 943 3014 1009 distinguerentur.
3050 946 3360 1012 llujustnodi
3383 968 3507 1005 ροη-

1927 1014 2064 1069 lusio
2105 1031 2247 1095 cum.
2278 1014 2330 1066 in
2381 1012 2608 1095 hujusce!
2649 1014 2894 1095 episllolae.
2936 1016 3248 1095 primarium
3283 1021 3508 1095 _ali_qnot

1927 1085 2204 1152 exemplar
2235 1084 2444 1152 invecta
2474 1089 2634 1152 esset,
2660 1081 2713 1137 in
2742 1083 2844 1136 alia
2865 1081 3056 1138 deinde
3081 1101 3146 1139 ex
3177 1103 3242 1142 eo
3267 1081 3507 1146 derivata

1927 1154 2285 1226 promanavit.
2319 1151 2386 1226 Et
2413 1151 2605 1226 celavu
2638 1165 2887 1226 errorem
2919 1153 3248 1226 inaequalitas
3287 1161 3508 1226 pagina:-

1929 1220 2048 1276 rum
2078 1223 2130 1275 in
2171 1220 2566 1289 exemplaribus
2619 1220 2842 1276 diversis
2875 1239 2886 1272 :
2919 1220 3050 1276 duui
3097 1241 3264 1282 nexus
3289 1220 3406 1282 'ille
3451 1231 3504 1284 in

1927 1290 2499 1372 printarioexemplar'i
2534 1289 2686 1370 linem
2711 1291 3106 1372 uniuspagium
3134 1311 3252 1372 cum
3283 1299 3506 1372 alterius

1931 1359 2084 1416 initio
2109 1361 2302 1430 vitiose
2330 1359 2607 1430 copulatis,
2641 1359 2693 1430 in
2719 1359 3170 1430 eclxpipaginam
3197 1367 3506 1423 interiorem

1931 1431 2172 1488 incurrit.
2199 1429 2334 1483 Hinc
2357 1427 2554 1483 factum
2591 1437 2648 1481 ut
2679 1429 2790 1482 haec
2810 1427 3024 1484 Paulini
3054 1436 3409 1491 consolatorie
3441 1439 3507 1492 ad

1933 1500 2330 1576 Pammachium
2361 1499 2586 1576 epistola
2614 1514 2774 1566 super
2808 1501 2955 1554 obitu
3005 1501 3240 1576 Paulinae
3267 1507 3508 1576 conjugis

1933 1571 2064 1626 duas
2089 1571 2144 1646 _in
2167 1577 2352 1646 partes
2372 1567 2798 1646 discerperetur;
2834 1585 3061 1635 quarum
3091 1575 3238 1646 prior
3283 1567 3508 1646 abrupta

1933 1636 2183 1694 exstabat
2221 1639 2272 1712 in
2303 1638 2384 1692 his
2405 1636 2618 1712 verbis:
2645 1636 2758 1712 Ista
2783 1649 2974 1704 autem,
3021 1651 3076 1693 ut
3094 1636 3380 1712 Apostolus
3401 1636 3504 1710 a'it,

1933 1725 2043 1780 qua:
2073 1707 2347 1782 secundum
2395 1707 2667 1782 nominem,
2715 1709 2809 1782 hoc
2857 1720 2931 1763 est
2972 1712 3035 1764 de
3067 1707 3374 1782 infirmitate
3409 1707 3505 1780 est,

1933 1777 2520 1854 carnalisesetristitia;
2549 1779 2816 1854 posterior
2843 1777 3238 1854 autemhjuncta
3261 1793 3374 1838 erat
3402 1777 3510 1854 epi-

1933 1849 2085 1902 stola:
2113 1847 2181 1900 ad
2210 1845 2501 1918 Alethium,
2531 1855 2586 1918 et
2613 1847 2872 1915 incipiens
2896 1849 2967 1918 ab
2997 1845 3100 1904 illis
3139 1855 3333 1918 verbis,
3372 1845 3510 1908 mor-

1934 1927 2032 1972 tem
2061 1925 2319 1994 operatur,
2351 1917 2411 1994 in_
2434 1916 2521 1994 his
2534 1917 2849 1994 desinebat:
2886 1917 2979 1994 Est
3001 1923 3136 1994 enim
3143 1916 3344 1994 ξυνήια
3362 1925 3506 1994 ﬁdei,

1933 2005 2082 2042 soror
2120 1987 2457 2058 git-ginitatis,
2484 1987 2597 2055 ﬁlia
2623 1990 2986 2056 perfectionis;
3021 1991 3104 2042 cui
3131 1987 3302 2044 Paula
3322 1987 3506 2058 mater,

1933 2074 2082 2131 soror
2114 2054 2490 2131 Eustochium,
2517 2065 2568 2107 tu
2589 2054 2832 2131 maritus.
2865 2058 3074 2131 Partem
3108 2061 3250 2115 illam
3280 2054 3508 2131 priorem

1935 2127 2263 2180 exhibebant
2291 2127 2516 2194 vulgatae
2537 2126 2800 2182 editiones
2839 2130 2999 2183 variis
3036 2147 3065 2183 e
3093 2126 3364 2188 codicibus
3393 2150 3508 2188 ma-

1937 2195 2222 2268 nuscriptis
2247 2209 2530 2268 expressae,
2549 2197 2896 2264 eamdemque
2923 2209 3272 2268 repraesentat
3291 2219 3389 2258 ms.
3413 2203 3510 2256 Re-

1937 2267 2071 2340 gius.
2097 2266 2468 2340 Posteriorem
2495 2275 2698 2340 partem
2746 2266 3003 2340 epistola!
3023 2270 3074 2322 in
3106 2279 3260 2325 antea
3283 2274 3511 2340 vulgatis

1937 2335 2212 2412 codicibus
2239 2335 2450 2412 Alethio
2499 2337 2796 2412 inscripto
2817 2339 2886 2412 ad
2913 2338 3182 2412 Alethium
3213 2355 3318 2395 non
3344 2335 3512 2412 perti-

1937 2421 2067 2460 nere
2096 2405 2218 2459 inde
2249 2405 2527 2472 intelliges,
2569 2406 2712 2473 quod
2735 2405 2800 2458 ad
2827 2407 3096 2463 Alethium
3115 2405 3360 2466 scribens
3385 2411 3514 2466 Pau-

1937 2474 2077 2528 linus
2104 2492 2193 2546 per
2217 2475 2498 2546 longinqua
2527 2485 2778 2546 terrarum
2803 2479 3072 2532 intervalla
3099 2479 3228 2534 dicit
3255 2496 3375 2535 eum
3402 2499 3430 2535 a
3459 2499 3514 2536 se

1939 2545 2230 2608 discretum,
2263 2559 2349 2614 ep.
2377 2545 2466 2609 55,
2499 2563 2548 2598 n.
2611 2545 2658 2609 l,
2708 2563 2828 2600 cum
2874 2549 2942 2602 ab
2969 2551 3098 2603 urbe
3143 2549 3310 2604 Roma
3357 2553 3514 2609 tridui

1941 2625 2146 2670 tantum
2191 2615 2378 2684 itinere
2427 2616 2642 2668 abesset
2692 2615 2944 2672 Paulinus
2991 2618 3168 2684 Nube;
3221 2629 3276 2674 et
3331 2637 3516 2678 revera

1943 2685 2210 2739 Alethium
2241 2686 2292 2738 in
2323 2683 2507 2740 Galliis
2536 2685 2694 2739 fuisse
2723 2703 2842 2741 cum
2861 2687 2926 2740 ad
2957 2704 3076 2742 cum
3097 2683 3354 2744 scriberet
3381 2691 3517 2746 Pau-

1942 2756 2082 2810 linus
2107 2755 2506 2823 deprehendere
2535 2763 2618 2808 est
2665 2771 2731 2809 ex
2761 2755 2924 2810 fratre
2955 2758 3164 2812 Victore
3209 2761 3278 2812 ibi
3309 2777 3510 2815 memo-

1941 2833 2082 2889 rato,
2111 2825 2202 2892 qui
2235 2840 2292 2878 se
2324 2825 2396 2878 illi
2443 2833 2498 2878 et
2521 2825 2720 2879 Severo
2745 2841 2808 2880 ac
2841 2827 3114 2881 Desiderio
3141 2830 3325 2883 amicis
3351 2829 3518 2884 Gallis

1943 2897 2219 2966 impigrum
2244 2895 2429 2966 annuis
2447 2894 2740 2966 recursibus
2781 2895 3102 2966 tabellarium
3130 2899 3407 2966 praebebat.
3442 2903 3520 2953 Ad

1945 2965 2058 3018 haec
2078 2965 2316 3032 epistolae
2344 2965 2408 3017 ad
2428 2965 2694 3016 Alethium
2737 2979 2861 3032 pars
2885 2965 3031 3033 prior
3053 2965 3150 3019 nec
3177 2981 3337 3019 unum
3361 2968 3519 3022 habet

1947 3036 2152 3103 apicem
2174 3035 2264 3102 qui
2293 3035 2708 3105 consolatoriam
2739 3036 2994 3088 redoleat.
3019 3035 3088 3105 At
3115 3050 3239 3103 pars
3267 3036 3392 3088 olim
3421 3051 3520 3105 po-

1947 3106 2141 3159 sterior
2169 3105 2235 3158 ad
2274 3104 2502 3174 aliquem
2535 3104 2710 3158 Paulae
2739 3118 2993 3174 generum
3033 3104 3156 3158 data
3212 3113 3320 3170 est,
3371 3104 3521 3174 cujus

1947 3177 2107 3297 Z80
2133 3176 2286 3228 uxori
2335 3175 2384 3228 in
2416 3173 2548 3228 llore
2575 3175 2746 3228 aetatis
2792 3175 2898 3228 vita
2945 3173 3141 3229 functa:
3165 3191 3314 3228 soror
3345 3173 3520 3230 luerat

1995 3245 2300 3297 ustochium.
2327 3251 2382 3297 et
2411 3243 2578 3297 Paula
2597 3253 2782 3297 mater.
2815 3253 2874 3297 ut
2895 3244 3057 3297 habet
3097 3245 3370 3297 conclusio
3407 3248 3520 3297 eni-

1995 3243 2300 3316 ustochium,
2327 3251 2382 3298 et
2411 3243 2578 3298 Paula
2597 3253 2782 3316 mater,
2815 3253 2874 3298 ut
2895 3244 3072 3316 habet
3097 3245 3370 3316 conclusio
3407 3248 3521 3316 epi-

1945 3315 2098 3370 stolae
2123 3334 2134 3367 :
2166 3316 2259 3384 qui
2283 3315 2462 3368 Romae
2485 3323 2596 3368 tum
2615 3315 2856 3381 degeret,
2872 3323 2928 3368 et
2951 3315 3272 3382 largissimas
3296 3317 3370 3370 ibi
3387 3315 3523 3371 elec-

1948 3401 2196 3456 mosynas
2225 3385 2278 3439 in
2310 3399 2574 3456 pauperes
2593 3393 2858 3452 erogaret.
2877 3385 3048 3456 Cento
3079 3386 3238 3452 igitur
3263 3396 3380 3441 erat
3407 3387 3525 3442 Ale-

1947 3455 2058 3510 thio
2088 3456 2344 3525 inscripta
2373 3455 2426 3508 in
2457 3455 2686 3525 vulgatis
2715 3455 2972 3525 epistola,
3013 3455 3217 3510 duabus
3269 3465 3524 3512 constans

1947 3525 2214 3594 partibus:
2239 3523 2418 3594 priore
2439 3523 2511 3594 ad
2535 3523 2800 3594 Alethium
2818 3524 2886 3594 _in
2914 3523 3098 3578 Galliis
3127 3535 3396 3592 agentem,
3417 3529 3524 3580 tra-

1949 3591 2082 3646 trem
2125 3591 2382 3648 Florentii
2431 3593 2666 3662 episcopi
2723 3591 3107 3654 Cadurcensis,
3155 3591 3217 3662 ut
3263 3595 3526 3650 videbitur

1951 3663 2331 3716 Dissertatione
2351 3663 2402 3726 5,
2439 3661 2490 3732 ῃ.
2517 3661 2581 3732 ες
2615 3662 2914 3730 posteriore
2939 3664 3004 3732 ad
3027 3661 3313 3732 quemdam
3350 3665 3524 3719 Paulae

1947 3745 2201 3798 generum
2229 3729 2512 3801 pascendis
2555 3729 2738 3785 Romae
2767 3729 3090 3801 pauperibus
3131 3731 3417 3788 intentum.
3444 3733 3524 3787 Ex

1951 3803 2111 3856 variis
2149 3799 2276 3854 mss.
2308 3801 2581 3854 codicibus
2621 3815 2774 3854 error
2801 3799 3170 3867 deprehensus
3191 3809 3273 3855 est
3306 3821 3318 3854 :
3349 3803 3522 3856 audax

1949 3872 2089 3924 enim
2142 3870 2492 3938 antiquarios,
2545 3870 2696 3937 cujus
2743 3884 2905 3922 manu
2945 3870 3112 3925 codex
3163 3869 3528 3926 Cluniacensis

1950 3949 2201 3994 t-xaratus
2227 3947 2329 4000 est.
2354 3954 2474 3994 cum
2503 3939 2824 3994 sententiam
2855 3955 2962 3992 non
3007 3947 3255 3996 constare
3281 3942 3527 3996 animad-

1950 4019 2204 4076 verteret,
2239 4009 2542 4078 iniduarum
2575 4008 2690 4077 ejus
2716 4010 2946 4078 partium
2973 4011 3323 4065 commissura
3353 4014 3527 4066 succi-

1952 4081 2024 4133 sis
2052 4096 2244 4134 novem
2291 4077 2401 4151 fere
2447 4079 2606 4151 lineis
2629 4077 2922 4151 utaliquis
2951 4080 3216 4148 utrimque
3245 4092 3530 4151 appareret

1952 4165 2158 4214 sensus,
2183 4149 2464 4220 epistolam
2494 4149 2560 4220 ad
2581 4149 2846 4204 Alethium
2865 4151 3128 4220 conclusit
3149 4151 3202 4204 in
3233 4149 3528 4220 lli’s’verbis,

1952 4218 2384 4300 ﬁdeituarligno
2412 4228 2462 4272 et
2499 4219 2692 4300 eloquii
2720 4219 2988 4300 suauitate:
3022 4218 3155 4300 Tum
3185 4221 3379 4276 deinde
3405 4218 3534 4300 gub-1

1948 4289 2126 4356 junxit
2153 4290 2220 4344 ad
2247 4289 2642 4344 Pammachium
2665 4291 3100 4352 consolatoriam,
3133 4289 3236 4346 hoc
3264 4291 3486 4346 exordio
3512 4333 3530 4358 ,

1956 4359 2379 4430 Dominoimerito
2409 4359 2728 4430 prtgdicabili
2766 4365 2814 4412 et
2843 4360 3146 4430 honorando
3188 4361 3340 4430 fratri
3373 4358 3534 4416 Pam-

1886 4452 1928 4506 n
1954 4431 2156 4506 mequo
2179 4427 2453 4506 Paulinus.
2485 4427 2594 4506 Deo
2615 4431 2826 4506 gratias,
2859 4430 2995 4506 quod
3021 4427 3208 4506 laboris
3245 4439 3296 4484 et
3335 4431 3533 4506 timoris

1953 4501 2080 4554 mihi
2099 4500 2456 4570 compendium
2486 4499 2952 4570 facit'couscientia
2994 4499 3194 4570 virtutis
3232 4509 3282 4552 et
3308 4503 3534 4570 pruden-

1952 4575 2038 4625 tia:
2069 4567 2277 4633 tumet
2305 4567 2493 4624 cetera
2514 4583 2679 4638 usque
2708 4569 2776 4622 ad
2809 4567 2982 4638 linem,
3016 4570 3096 4638 cui
3137 4567 3316 4622 Paula
3344 4581 3532 4638 mater,

1953 4657 2100 4696 soror
2129 4639 2484 4702 Eustochium,
2516 4649 2567 4692 tu
2596 4637 2832 4692 maritus.
2865 4637 2974 4692 Sed
3003 4637 3216 4706 publico
3250 4639 3408 4708 longe
3429 4637 3536 4696 utié

1957 4713 2057 4766 lior
2081 4709 2179 4764 fuit
2207 4711 2432 4764 aliorum
2456 4709 2665 4776 religio,
2696 4710 2788 4776 qui
2813 4709 3164 4778 nesyllabam
3193 4709 3411 4777 quidem
3441 4727 3540 4766 an-

1957 4781 2088 4860 tiqui
2111 4779 2450 4860 exemplaris,
2485 4779 2746 4860 quamvis,
2771 4787 2831 4832 ut
2859 4776 3114 4842 diximus,
3137 4776 3540 4860 aeompactore

1959 4849 2175 4908 turbati.
2204 4849 2353 4904 abire
2377 4849 2516 4919 passi
2545 4855 2687 4905 sunt.
2711 4863 2870 4916 quam
2903 4863 3008 4901 non
3040 4849 3431 4919 exprimerent;
3463 4853 3539 4907 sic

1959 4921 2100 4976 enim
2122 4917 2426 4974 cicatricem
2445 4919 2792 4987 reliquerunt.
2811 4933 2876 4972 ex
2899 4933 3003 4987 qua
3017 4917 3231 4986 agnosci
3254 4920 3542 4989 aliquando

1959 4991 2149 5045 vulnus
2177 4995 2230 5043 et
2251 4989 2424 5044 curari
2448 4997 2645 5060 posset.
2677 4989 2748 5041 Ea
2778 4990 2998 5060 cicatrix
3034 4991 3282 5058 apparuit
3305 4999 3426 5060 post
3453 4991 3540 5046 illa

1960 5062 2122 5131 verba
2144 5075 2385 5131 percusso
2409 5055 2580 5114 corde.
2604 5058 2736 5118 sive.
2769 5066 2826 5131 ut
2855 5059 3053 5112 habent
3069 5055 3324 5131 codicesi
3345 5055 3540 5130 Regius

1961 5141 2014 5185 et
2044 5127 2376 5194 Viennensis,
2408 5145 2650 5200 percusso
2679 5127 2870 5190 cordis,
2921 5135 2976 5200 et
2999 5135 3126 5200 ante
3175 5127 3530 5197 proxime'se-

1960 5200 2199 5269 quentia,
2231 5197 2447 5254 mortem
2475 5207 2757 5268 operatur:
2791 5213 2898 5268 quo
2921 5199 2974 5251 in
2997 5197 3316 5269 intermedio
3345 5200 3538 5254 asteri-

1960 5267 2111 5325 scum
2159 5271 2176 5287 ⁴
2226 5269 2542 5338 appinxerat
2589 5267 2910 5339 Bosvcydus
2939 5269 2990 5322 in
3039 5267 3276 5324 editione
3324 5270 3544 5339 Antnen-

1964 5340 2158 5410 piensi,
2189 5340 2240 5410 in
2265 5337 2511 5410 margine
2537 5337 2798 5392 adnotans
2818 5380 2832 5408 ,
2865 5337 3060 5392 Desunt
3091 5353 3194 5392 non
3207 5355 3415 5410 pauca;
3446 5337 3542 5392 sed

1969 5407 2135 5464 totam
2164 5409 2508 5462 nihilominus
2539 5415 2744 5477 partem
2793 5418 3126 5476 sequentem,
3155 5407 3228 5462 ad
3265 5409 3422 5462 linem
3455 5425 3544 5462 us-

1967 5495 2092 5550 que,
2122 5479 2197 5550 ad
2217 5478 2484 5550 Alethium
2507 5479 2644 5550 data:
2672 5479 3000 5550 adscribens.
3035 5477 3340 5550 Rectiusiet
3367 5479 3544 5550 verius

1967 5547 2156 5604 eodem
2187 5549 2304 5618 ipso
2357 5549 2642 5604 interstitio
2686 5549 2999 5603 adnotatum
3033 5555 3114 5601 est
3154 5549 3214 5618 in
3255 5547 3546 5602 Viennensi

1969 5619 2152 5674 codice
2178 5617 2326 5674 {Hic
2354 5619 2493 5673 deest
2523 5620 2641 5687 finis
2670 5619 2946 5688 superioris
2976 5617 3248 5688 epistolw,_
3269 5626 3315 5670 et
3341 5618 3546 5672 initium

1969 5691 2220 5761 sequentis
2243 5705 2355 5760 quae
2392 5686 2630 5744 scribitur
2657 5686 2740 5742 ad
2765 5687 3177 5742 Pontinae/rium.
3229 5686 3306 5743 Ita
3335 5689 3546 5747 codices

3029 5797 3104 5858 2'4
