4006 6182
404 281 501 334 75‘!

1513 273 1850 332 APPENDIX
1886 271 2166 328 OPEKUM
2207 273 2265 328 S.
2305 269 2600 327 PAULINL

3561 265 3665 320 752

406 396 635 454 adeundi
652 394 885 452 Severus
911 392 1225 457 ducebatur,
1254 404 1319 446 ea
1345 398 1475 445 sane
1492 388 1733 458 dejectus
1757 397 1840 445 est
1858 405 1979 444 cum
2009 401 2056 456 Λ
2085 388 2229 443 dicat
2248 401 2369 458 cum
2396 385 2591 458 scribit,
2606 383 2673 458 ad
2700 381 2958 458 Sanctum
2982 390 3038 438 et
3066 381 3366 458 Amandum
3384 396 3444 437 se
3464 381 3671 458 aliquid

404 468 613 522 Paulini
640 466 926 535 imaginem
947 462 1255 535 postulavit.
1282 460 1399 535 Non
1424 468 1648 535 apparet
1666 475 1697 513 a
1725 474 1833 535 quo
1853 459 1978 514 red--

404 539 514 594 dita
544 538 705 591 fuerit
735 528 848 590 haec
869 528 1115 604 epistola.
1150 531 1282 585 Vide
1309 529 1416 584 Vit.
1447 528 1511 585 cf
1526 528 1615 593 41,
1650 546 1702 583 ιι.
1743 530 1797 582 4.

476 627 769 682 Ecclesiam
800 625 1052 679 Paulinus
1079 622 1317 677 construi
1354 620 1513 689 jussit
1552 619 1755 675 Fundis
1782 619 1982 690 oppido

405 698 495 751 ubi
536 696 901 765 possessiones
928 695 1054 765 olim
1084 692 1343 745 habuerat
1369 700 1425 746 et
1452 690 1711 765 l’amiiiare
1755 690 1981 744 domici-

406 760 555 820 lium'.
588 767 720 821 Cum
752 766 865 820 haec
893 763 1109 818 basilica
1132 767 1274 815 esset
1305 760 1692 829 propemodum
1737 768 1981 829 constru-

405 846 501 890 cta
523 852 585 889 ac
607 851 731 888 mox
758 831 1118 888 consecranda
1166 828 1317 899 anno
1354 828 1458 883 405
1489 828 1655 899 (Vide
1684 843 1769 898 ep.
1802 828 1893 895 52,
1925 845 1978 882 n.

406 905 505 969 47;
539 920 623 973 cp.
657 904 746 965 5|,
780 920 833 956 11.
864 902 887 954 1
915 920 928 967 ;
962 911 1016 956 et
1048 900 1160 973 Vit.
1185 914 1231 953 c.
1254 898 1354 973 Δ44,
1380 898 1549 973 ιιᾼ),
1572 898 1875 973 litieras__5i
1928 906 1985 973 et

406 974 476 1027 52
494 966 645 1029 dedit
672 975 737 1027 ad
764 966 1040 1034 Severum,
1074 970 1165 1039 qui
1193 970 1355 1023 etiam
1376 966 1700 1039 aedificandis
1721 968 1984 1039 religiosis

402 1043 539 1099 locis
567 1058 784 1112 operam
815 1042 993 1094 dabat.
1026 1037 1158 1112 Vide
1185 1053 1270 1107 ep.
1297 1039 1383 1112 52,
1410 1054 1464 1112 n_.
1495 1038 1610 1112 iet
1641 1037 1734 1112 10.
1782 1037 1981 1112 Inpri-

406 1115 507 1167 mis
530 1107 758 1167 Severus
782 1110 1164 1166 elaborandum
1190 1110 1396 1162 curavit
1441 1107 1674 1161 basilicre
1720 1107 1983 1175 baptiste-

402 1185 546 1238 rium
568 1182 711 1250 quod
739 1183 862 1235 hinc
888 1179 1123 1250 Martini,
1138 1176 1522 1250 _illinc_Pz_1_1_11ini
1553 1177 1870 1250 imaginibus
1891 1175 1985 1250 de:

407 1246 631 1307 coravit.
660 1252 791 1305 Vide
812 1266 897 1320 ep.
930 1248 1105 1320 52,,n.
1131 1247 1164 1320 i_
1185 1254 1241 1301 et
1275 1246 1329 1299 2.
1359 1246 1544 1320 Victor
1589 1261 1620 1299 a
1667 1246 1869 1300 Severo
1916 1246 1984 1320 ad

409 1320 686 1375 Paulinum
716 1316 909 1373 missus
936 1318 1092 1387 petiit
1119 1318 1185 1370 ab
1215 1331 1280 1370 eo
1311 1316 1563 1387 reliquias
1586 1322 1899 1387 sanctorum
1930 1316 1984 1369 in

408 1392 632 1446 ecclesia
657 1405 687 1443 a
715 1390 915 1443 Severo
938 1384 1250 1442 constructa
1294 1385 1664 1440 recondendus
1688 1402 1700 1437 :
1726 1384 1830 1450 cui,
1860 1400 1984 1437 cum

408 1462 583 1517 nullas
612 1461 833 1513 haberet
865 1457 1113 1512 Paulinus
1141 1464 1337 1524 praeter
1361 1469 1452 1508 eas
1481 1470 1614 1524 quas
1651 1470 1776 1524 mox
1830 1454 1982 1524 dedi-

409 1530 595 1585 ca11d-.e
621 1528 891 1582 Fundana:
916 1522 1158 1580 basilicae
1173 1522 1513 1587 reservabat,
1548 1522 1766 1577 tradidit
1794 1523 1982 1578 condi-

406 1608 523 1654 tum
553 1599 752 1653 tubello
774 1613 938 1651 aureo
969 1596 1321 1663 fragmentum
1351 1594 1418 1648 de
1449 1594 1591 1661 ligno
1638 1608 1779 1663 verae
1808 1594 1984 1663 crucis

450 1670 551 1724 uod
584 1668 813 1722 habebat
854 1683 917 1720 ex
947 1662 1090 1719 dono
1147 1664 1406 1718 Melanim.
1442 1663 1573 1717 Vide
1603 1678 1687 1730 ep.
1722 1662 1810 1727 5i,
1841 1678 1894 1715 ιι.
1928 1662 1977 1714 1.

452 1754 632 1809 umque
660 1746 855 1809 pateret
881 1737 1104 1806 pagina,
1134 1733 1480 1809 prolixiorem
1500 1733 1674 1809 denuo
1703 1731 1982 1809 epistolam

413 1807 482 1862 52
507 1802 798 1873 inchoavit,
821 1802 1000 1875 inqua
1031 1802 1378 1875 conqueritur
1404 1817 1462 1857 se
1490 1817 1520 1875 a_
1544 1802 1850 1875 Severovel
1870 1817 1985 1856 ma-

408 1878 513 1947 jori
540 1879 745 1931 honore
771 1872 855 1956 vel
897 1872 1086 1944 iiijuria
1132 1872 1400 1954 allectum,
1433 1872 1629 1951 quippe
1672 1872 1763 1995 qui
1809 1872 1985 1942 ipsum

413 1963 531 1995 num
559 1946 617 1995 S-
649 1945 877 1995 Mar-tino
898 1943 1205 1995 contulent.
1235 1949 1343 1995 etc.
1394 1941 1525 1995 Vide
1551 1957 1637 1995 eo.
1708 1940 1760 1995 2.
1786 1958 1839 1995 ιι.
1873 1941 1909 1993 2
1932 1949 1985 1995 et

413 1940 532 2003 cum
559 1946 617 2001 S.
649 1945 877 1998 Μαι-ιιιιο
898 1940 1205 2007 contulerit,
1235 1949 1343 1996 etc.
1394 1940 1637 2007 Vi'de'ep.
1672 1940 1760 2005 52,
1786 1940 1845 1995 11."
1873 1941 1909 1993 2
1932 1949 1989 1996 et

613 2014 1047 2138 rfraniclorem
1101 2012 1246 2067 misit
1289 2010 1810 2077 Paulinus,litteras.
1854 2010 1989 2066 Vide

463 2095 519 2140 ιι.
541 2102 590 2142 c.
613 2095 703 2152 44,
727 2102 780 2138 11.
804 2095 855 2137 τι.

480 2164 540 2221 1η
568 2165 676 2221 hoc
703 2163 892 2219 eodem
940 2161 1118 2217 forsan
1151 2161 1344 2216 itinere
1370 2158 1596 2215 Paulino
1624 2160 1832 2216 litteras
1863 2160 1988 2217 Ale-

416 2236 511 2293 thii
536 2235 726 2289 detulit
760 2233 945 2289 Victor
984 2246 1174 2287 eorum
1219 2230 1518 2285 communis
1556 2231 1895 2294 tabellarius,
1937 2240 1992 2285 et

417 2321 514 2375 per
541 2306 790 2359 eumdem
816 2304 1183 2375 respo_n_sivam
1212 2300 1427 2375 Alethio
1484 2300 1695 2355 videtur
1738 2299 1992 2375 Paulinus

418 2368 630 2429 dedisse
649 2368 932 2443 epistolam
961 2372 1049 2436 55,
1081 2386 1197 2443 qum
1226 2371 1446 2443 integra
1460 2385 1564 2443 non
1607 2378 1707 2424 est.
1738 2368 1875 2443 Vide
1903 2385 1987 2440 ep.

419 2444 507 2507 55,
540 2460 592 2496 11.
628 2438 760 2508 1,-2,
780 2451 835 2495 et
862 2441 968 2495 Vit.
1002 2457 1051 2496 c.
1082 2438 1170 2503 45,
1220 2457 1275 2494 11.
1308 2440 1358 2491 1.
1412 2438 1638 2504 Quidam
1688 2438 1996 2495 existimant

421 2512 701 2567 Paulinum
727 2525 1030 2565 sermonem
1063 2510 1129 2563 de
1154 2509 1551 2579 Gazophylacio
1593 2524 1688 2579 seu
1732 2509 1799 2563 de
1839 2508 1997 2565 Elec-

421 2596 642 2653 mosyna
668 2581 875 2653 misisse
902 2579 1060 2634 simul
1106 2579 1176 2653 ad
1186 2578 1479 2653 _Ale_t_hium
1499 2616 1515 2642 ,
1542 2578 1997 2653 cui___n_omin_atim

422 2646 714 2720 inscriptus,
730 2658 813 2704 est
842 2651 893 2702 in
927 2664 1027 2703 ms.
1081 2648 1269 2720 codice
1298 2646 1580 2720 Vaticano.
1629 2647 1761 2720 Vide
1809 2648 1911 2703 Vit.
1942 2665 1991 2705 c.

422 2720 510 2786 45,
536 2716 671 2775 11.—1.
703 2719 838 2773 Huic
864 2718 1098 2775 sermoni
1120 2719 1259 2772 inter
1278 2716 1791 2787 epistolasdedimus
1820 2720 1999 2774 locum

424 2790 555 2861 (Ep.
590 2790 667 2861 54
683 2803 698 2858 )
730 2796 787 2843 ut
808 2804 906 2861 suo
925 2802 1159 2861 numero
1188 2785 1478 2861 cens—taret.
1511 2785 1641 2854 Quis
1688 2786 1849 2844 fuerit
1874 2788 2000 2845 Ale-

423 2855 566 2916 thiits
618 2855 708 2915 ille
731 2901 746 2927 ,
775 2858 896 2914 vide
925 2858 1205 2912 Dissertat.
1234 2858 1287 2924 5,
1320 2872 1374 2911 ιι.
1424 2855 1475 2910 2.

494 2937 765 3001 Paulinus,
791 2938 1025 2993 carmine
1070 2935 1162 3004 27,
1203 2936 1356 2992 initio
1386 2935 1511 2991 anni
1538 2934 1646 2990 404
1673 2936 1817 2993 edito
1836 2979 1851 3007 ,
1874 2937 1999 2993 Del-

425 3010 642 3081 phinum
656 3007 1116 3081 _Burdegalensem
1138 3006 1449 3081 episcopum
1471 3008 1523 3061 in
1545 3014 1853 3062 sanctorum
1898 3024 2000 3081 nu-

425 3076 576 3135 inero
606 3078 878 3143 adscribit,
901 3076 1053 3144 cujus
1080 3077 1318 3146 reliquiae
1339 3076 1433 3130 has
1455 3084 1625 3131 terras
1652 3079 2001 3132 commenda-

424 3147 555 3205 bant
586 3167 597 3201 :
631 3150 810 3217 itaque
837 3149 1007 3200 serius
1051 3161 1213 3214 quam
1267 3146 1516 3217 pmsenti
1562 3148 1858 3217 huicianno
1900 3146 2004 3201 405
2032 3152 2076 3215 C

426 3234 536 3295 non
580 3215 836 3295 debemus
882 3216 1201 3295 adscribere.
1236 3215 1529 3295 epistolam
1563 3217 1631 3295 ad
1680 3216 2002 3295 Delphinum

427 3287 519 3353 55,
548 3302 651 3354 qua
683 3285 1009 3340 brevissimae
1040 3284 1204 3353 priori
1232 3284 1350 3352 ejus
1397 3285 1639 3353 epistola:
1694 3286 2000 3354 respondet,

428 3371 494 3409 ex
523 3371 628 3423 qua
659 3355 903 3417 fortasse,
928 3354 1012 3407 vel
1038 3354 1145 3406 alio
1168 3354 1385 3417 indicio,
1417 3362 1645 3408 mortem
1668 3354 1846 3409 fratris
1864 3355 2006 3409 circa

428 3425 568 3480 idem
601 3434 806 3493 tempus
836 3432 1161 3494 cognoverat
1194 3440 1205 3474 :
1230 3437 1329 3494 pro
1358 3424 1474 3494 ejus
1502 3425 1681 3478 anima
1736 3432 1791 3479 et
1819 3440 1918 3494 pro
1946 3440 2006 3479 se

429 3494 669 3564 Delphini
704 3492 889 3562 preces
921 3493 1171 3564 postulat.
1214 3492 1295 3547 Ad
1342 3492 1645 3548 Amandum
1699 3492 1891 3549 eadem
1940 3495 2007 3549 de

430 3562 585 3619 causa
612 3564 757 3617 dedit
785 3562 1065 3632 epistolam
1102 3562 1190 3617 56.

458 3673 461 3675 -
500 3644 656 3697 Anno
686 3640 788 3694 404
826 3641 893 3695 ad
948 3640 1226 3697 Paulinum
1275 3642 1481 3697 litteras
1529 3642 1673 3698 misit
1722 3641 2009 3698 Victricius

432 3712 841 3783 Rotomagensis
870 3711 1152 3783 episcopus
1180 3712 1689 3783 periCandidianum
1720 3712 1888 3783 (Vide
1916 3730 2001 3780 ep.

430 3782 517 3848 57,
551 3800 603 3835 11.
637 3786 716 3852 1),
746 3782 938 3852 quibus
968 3782 1241 3852 respondit
1267 3782 1522 3837 Paulinus
1545 3784 1701 3852 epist.
1731 3782 1896 3851 763
1916 3784 2006 3850 57,

430 3854 529 3907 sub
562 3850 719 3906 linem
748 3853 872 3905 anni
903 3850 1021 3922 404.
1056 3850 1188 3908 Vide
1216 3854 1339 3907 huic
1387 3850 1630 3922 epistola:
1680 3850 2009 3922 assignatum

432 3934 640 3993 tempus
670 3923 944 3976 Dissertat.
970 3921 1025 3988 4,
1055 3938 1175 3992 cap.
1209 3923 1259 3987 5,
1294 3939 1347 3977 ιι.
1377 3921 1431 3976 2.

504 4002 584 4056 Ad
607 3999 886 4070 Paulinum
915 4002 1204 4070 scripserat
1231 4001 1479 4070 Aperde
1506 4015 1602 4054 sua
1630 4000 1697 4054 ad
1731 3999 2010 4070 Christum

433 4072 801 4127 Conversione.
831 4069 961 4123 Vide
982 4068 1067 4139 ep.
1102 4069 1189 4133 58,
1218 4087 1269 4139 11.
1283 4068 1332 4123 1.
1388 4069 1501 4123 Hoc
1542 4085 1684 4124 anno
1714 4068 1817 4139 404
1844 4071 1893 4123 ei
1923 4086 2012 4124 re-

432 4142 648 4211 Spondit
679 4139 928 4193 Paulinus
950 4137 1286 4211 epist_ola58.
1314 4139 1449 4192 Vide
1476 4140 1696 4193 Dissert.
1724 4137 1757 4189 5
1776 4140 1895 4208 quis
1923 4141 2013 4194 ille

434 4207 593 4266 fuerit
617 4212 780 4277 Aper,
811 4217 866 4261 et
893 4208 1051 4274 quale
1077 4207 1283 4261 Paulini
1329 4224 1451 4262 cum
1498 4224 1565 4262 eo
1604 4207 2007 4263 commercium.

507 4282 650 4350 Aper
666 4276 852 4331 rursus
866 4276 1226 4350 adPaulinum
1242 4279 1453 4347 scripsit
1465 4277 1714 4347 Epist50,
1728 4289 1782 4332 et
1791 4288 2014 4347 questus

436 4361 519 4405 est
534 4347 900 4419 possessiones
915 4347 1141 4401 liliornm
1154 4363 1371 4402 suorum
1385 4364 1574 4403 causas
1585 4349 1684 4402 sibi
1701 4365 1821 4403 esse
1835 4364 2014 4403 neces-

435 4422 606 4475 sitatis
626 4434 730 4486 qua
761 4427 973 4471 terrena
1000 4427 1233 4483 curaret,
1267 4435 1389 4473 cum
1416 4435 1509 4473 eas
1539 4419 1771 4473 vendere
1799 4419 2012 4473 debuis-

2085 457 2362 527 aocepisse
2390 471 2430 527 a7
2451 455 2762 527 doctissimo
2787 462 2842 508 et
2860 453 2961 508 sibi
2982 454 3258 527 carissimo
3279 453 3394 527 viro
3413 452 3507 521 qui
3540 452 3677 505 mul-

2085 534 2197 580 tum
2220 523 2613 595 peregrinatus
2629 525 2804 577 fuerat
2829 541 2841 575 :
2868 536 3007 595 eam
3043 525 3223 595 itaque
3267 523 3439 595 circa
3470 538 3674 595 annum

2084 596 2190 649 405
2215 590 2559 650 collocamus.
2587 592 2875 660 Postquam
2916 592 3043 647 huic
3090 592 3331 661 epistolae
3380 590 3447 644 40
3502 592 3673 644 veluti

2084 665 2377 721 clausulam
2406 664 2673 733 apposuit,
2723 663 2869 717 aliud
2920 663 3226 733 aggreditur
3271 669 3677 733 argumentum;

2085 738 2152 811 de
2178 736 2389 805 hymnis
2433 731 2640 811 scilicet
2690 747 2827 811 quos
2855 748 2883 785 a
2908 732 3111 811 Sancto
3166 741 3452 811 acceperat
3480 750 3495 783 :
3530 731 3680 810 quod

2086 800 2358 871 eleganter
2378 804 2607 872 spectari
2639 809 2819 872 potest
2842 801 3004 855 veluti
3034 802 3201 856 altera
3223 800 3452 872 epistola
3502 800 3679 872 priori

2086 870 2293 942 adjecta
2343 870 2459 928 sine
2516 870 2840 942 ullo'titulo;
2867 879 2923 925 et
2974 886 3102 925 sane
3150 872 3201 924 in
3229 870 3583 942 Cluniacensi
3623 876 3682 942 et

2087 938 2373 997 Viennensi
2424 957 2553 996 mss.
2594 941 2867 1011 codicibus
2935 942 3225 1011 separatim
3290 940 3572 1011 leguntur.
3622 938 3682 992 In

2087 1011 2374 1066 Viennensi
2395 1012 2609 1079 quidem
2650 1009 2711 1062 4|
2766 1009 3052 1079 epistola'a
3080 1009 3510 1080 quadragesima»
3542 1023 3683 1080 qua-

2087 1082 2383 1136 tuordecim
2413 1077 2655 1135 aliarum
2709 1077 2994 1147 intérjectu
3038 1077 3323 1142 dividitur;
3354 1080 3406 1133 in
3451 1077 3683 1132 Clunia-

2085 1151 2233 1205 censi
2255 1165 2417 1219 porro
2443 1150 2687 1217 quamvis
2711 1149 2945 1218 priorem
2975 1150 3220 1218 proxime
3239 1158 3498 1219 sequatur
3532 1163 3683 1219 pO:-

2086 1218 2272 1281 terior,
2299 1221 2366 1272 ab
2392 1234 2454 1273 ea
2479 1228 2658 1273 tamen
2686 1219 2904 1287 proprio
2930 1219 3034 1273 hoc
3072 1219 3227 1273 titulo
3282 1218 3677 1285 distinguitur:

2087 1288 2272 1343 Sancti
2316 1288 2528 1342 Paulini
2572 1288 2789 1359 epistola
2834 1289 2902 1342 ad
2949 1290 3124 1359 nescio
3170 1305 3350 1359 quem,
3394 1303 3680 1359 suppresso

2086 1359 2327 1421 nomine;
2351 1375 2470 1412 cum
2502 1360 2555 1412 in
2578 1358 2867 1412 Viennensi
2883 1358 3068 1412 codice
3092 1358 3261 1427 prima
3289 1358 3537 1411 omnium
3568 1358 3682 1426 epi-

2084 1429 2222 1482 stola
2256 1428 2575 1497 inscribatur
2612 1427 2808 1481 Sancto
2835 1437 2885 1480 et
2930 1429 3198 1490 Amando;
3230 1436 3341 1480 tum
3375 1436 3681 1497 sequantur

2085 1499 2149 1550 ad
2178 1497 2475 1565 Sulpicium
2496 1496 2751 1552 Severum
2781 1506 2936 1561 octo,
2972 1506 3080 1551 tres
3107 1498 3172 1551 ad
3193 1496 3516 1565 Delphinum
3538 1497 3681 1551 Bur-

2086 1566 2427 1636 degalensem
2455 1569 2800 1636 episcopum,
2836 1567 3060 1621 totidem
3109 1567 3175 1619 ad
3221 1565 3527 1620 Amandum
3564 1585 3579 1619 :
3614 1580 3679 1621 ac

2086 1635 2297 1707 demum
2323 1638 2411 1690 illa
2443 1654 2457 1690 :
2490 1635 2730 1707 Legimus
2776 1639 2832 1691 in
2883 1637 3333 1707 tergo__epistol¢e,
3359 1638 3465 1707 sub
3494 1637 3676 1707 titulo,

2089 1704 2224 1776 item
2252 1706 2481 1773 eiusdem
2506 1704 2717 1776 Paulini
2742 1704 2972 1776 epistola
3004 1705 3054 1758 X
3071 1705 3166 1776 v1.
3199 1707 3298 1772 Qui
3348 1705 3554 1776 fuerint
3604 1706 3680 1761 illi

2018 1782 2061 1841 Β
2088 1774 2315 1831 Sanctus
2338 1785 2394 1830 et
2419 1774 2712 1843 Amandus,
2746 1774 2865 1831 vide
2911 1790 3028 1845 cap.
3059 1775 3131 1828 25
3154 1776 3284 1830 Viue
3331 1775 3389 1828 S.
3438 1774 3679 1842 Paulini,

2089 1862 2145 1899 11.
2180 1846 2201 1896 1
2237 1854 2293 1899 et
2312 1845 2363 1899 2.

2159 1914 2257 1985 Ad
2269 1915 2597 1970 Florentium
2623 1914 3018 1971 Cadurcensem
3046 1914 3357 1985 episcopum
3387 1914 3680 1984 epistolam

2090 1983 2159 2055 42
2179 2000 2209 2038 a
2233 1983 2454 2055 Paulino
2478 1987 2729 2055 scriptam
2746 1995 2993 2055 putamus
3018 1983 3161 2055 anno
3186 1983 3291 2039 405
3318 1994 3413 2040 aut
3434 1985 3677 2040 circiter.

2090 2054 2224 2109 Vide
2254 2054 2361 2109 Vit.
2386 2071 2435 2110 c.
2464 2055 2554 2121 47,
2580 2053 2632 2109 r1.
2668 2056 2716 2119 1,
2748 2053 2851 2111 etc.
2884 2053 2970 2117 45,
3003 2070 3057 2108 n.
3080 2053 3134 2107 2.

2161 2124 2345 2180 Victor
2365 2140 2397 2178 a
2415 2124 2616 2181 Severo
2639 2129 2831 2181 missus
2858 2124 2923 2179 ad
2952 2122 3231 2178 Paulinum
3257 2140 3400 2178 anno
3440 2122 3552 2177 405
3595 2132 3680 2178 at-

2094 2195 2213 2248 tulit
2241 2194 2443 2249 litteras
2487 2194 2727 2263 ejusdem
2757 2194 2971 2259 Severi,
2999 2195 3193 2262 quibus
3225 2210 3254 2247 a
3286 2193 3516 2248 Paulino
3547 2209 3680 2263 pos-

2094 2264 2298 2318 tulabat
2324 2272 2380 2318 ut
2409 2264 2477 2319 ad
2504 2265 2785 2320 vindemia:
2813 2265 2926 2319 dies
2949 2265 3204 2319 remissus
3226 2264 3409 2318 Victor
3428 2279 3680 2319 occurre-

2092 2342 2195 2388 ret.
2224 2332 2355 2388 Vide
2380 2350 2467 2404 cp.
2490 2333 2578 2399 42,
2604 2350 2658 2388 11.
2683 2334 2707 2386 1
2740 2343 2795 2389 et
2813 2334 2865 2387 2.
2907 2333 3076 2388 Simul
3104 2342 3159 2404 et
3185 2334 3469 2402 epistolam
3525 2331 3680 2387 Desi-

2095 2404 2230 2483 derii
2252 2402 2551 2528 presbiteri
2582 2404 2811 2459 reddidit
2836 2405 2927 2473 qui
2951 2405 3018 2484 ab
3047 2402 3237 2484 eodem
3264 2406 3485 2473 petebat
3512 2404 3679 2457 intel-

2096 2473 2371 2528 ligentiam
2455 2474 2851 2528 enedictionum
2899 2473 3091 2528 ambus
3147 2473 3282 2527 ﬁlms
3328 2488 3459 2527 suos
3512 2474 3677 2527 morti

2096 2473 2371 2539 ligentiam
2417 2473 2851 2529 benedictionum
2899 2473 3091 2541 quibus
3147 2473 3282 2527 liIiOS
3328 2488 3459 2527 suos
3512 2474 3677 2527 morti

2097 2544 2371 2612 proximus
2403 2542 2569 2598 Iacob
2597 2544 2836 2599 donavit.
2870 2543 3026 2609 lbid.,
3058 2559 3111 2596 11.
3140 2542 3192 2595 5.
3241 2542 3369 2596 Post
3417 2543 3679 2597 modicum

2098 2613 2348 2666 adventus
2377 2616 2456 2667 sui
2482 2612 2670 2667 Nolam
2701 2624 2894 2682 tempys
2926 2612 3107 2667 Victor
3124 2627 3184 2666 se
3206 2613 3273 2666 ad
3297 2614 3401 2667 iter
3429 2613 3680 2682 relegen-

2099 2682 2227 2735 dum
2258 2684 2595 2751 prmparavit,
2626 2684 2699 2736 ita
2738 2692 2795 2736 ut
2823 2681 3078 2738 Paulinus
3098 2683 3186 2736 vix
3209 2683 3397 2737 breves
3416 2683 3490 2736 ad
3522 2681 3679 2737 Desi-

2100 2750 2308 2806 derium
2335 2750 2390 2807 et
2416 2752 2672 2807 Severum
2708 2753 2913 2807 litteras
2939 2751 3127 2807 fecerit
3151 2751 3302 2819 (Ibid.
3326 2794 3341 2819 ,
3375 2768 3434 2822 n.
3464 2754 3485 2805 l
3516 2761 3575 2807 et
3598 2752 3677 2822 2),

2100 2834 2217 2891 qua:
2245 2822 2383 2875 binae
2428 2823 2716 2890 perierunt.
2753 2823 2823 2875 At
2862 2837 2991 2876 vero
3010 2822 3123 2889 jam
3146 2823 3258 2891 jam
3312 2821 3678 2891 profecturum

2103 2890 2372 2945 Victorem
2392 2892 2550 2946 subiti
2582 2908 2760 2946 rerum
2783 2892 2963 2946 obices
2985 2890 3340 2958 retraxerunt,
3362 2891 3487 2944 dum
3517 2892 3679 2946 hiems

2102 2962 2478 3031 navigationem
2498 2972 2547 3015 et
2572 2963 2758 3015 itinera
2786 2970 2947 3015 metus
2994 2962 3311 3027 clauderent,
3335 2961 3533 3031 quibus
3583 2963 3681 3015 im-

2106 3030 2314 3099 peditus
2338 3031 2645 3086 necessitati
2692 3032 2906 3099 longam
2943 3031 3253 3086 dilationem
3299 3030 3368 3084 ad
3400 3030 3564 3085 linem
3595 3047 3681 3086 us-

2106 3115 2212 3171 que
2238 3101 2428 3155 hiemis
2474 3101 2735 3171 praestitit.
2768 3100 2925 3165 lbid.,
2958 3116 3011 3153 n.
3040 3100 3093 3155 1.
3123 3100 3297 3156 Metus
3342 3101 3435 3171 qui
3488 3102 3679 3156 itinera

2107 3170 2317 3236 clausit,
2348 3171 2436 3242 ille
2464 3169 2815 3241 proculdubio
2834 3179 2951 3242 erat
2977 3172 3132 3242 767
3164 3186 3233 3226 ne
3278 3170 3378 3240 ipsi
3406 3169 3681 3242 Romano:

2109 3255 2224 3292 rum
2252 3249 2343 3293 aut
2371 3241 2602 3294 hostium
2625 3242 2894 3296 exercitus
2922 3241 2974 3294 in
2999 3240 3462 3295 viaoccurrerent
3490 3258 3503 3292 :
3537 3240 3681 3308 quod

2108 3309 2310 3363 referre
2337 3310 2415 3363 fas
2443 3319 2525 3364 est
2547 3310 2613 3364 ad
2642 3311 2959 3365 descensum
2989 3310 3182 3364 Alarici
3223 3310 3276 3363 in
3301 3309 3510 3365 Italiam
3540 3325 3682 3363 anno

2108 3377 2238 3449 405,
2272 3387 2375 3449 aut
2406 3378 2726 3449 Rhadagaisi
2775 3396 2917 3435 anno
2971 3379 3074 3433 405
3119 3378 3287 3449 (Vide
3334 3377 3681 3449 Prosper.rin

2109 3446 2388 3519 Chronic.)
2436 3447 2571 3503 Cum
2600 3446 2745 3519 'vero
2803 3446 3139 3519 retulerimus
3206 3448 3273 3503 ad
3334 3446 3532 3519 annum
3581 3447 3683 3501 405

2110 3516 2393 3587 epistolam
2434 3520 2593 3573 aliam
2620 3518 2824 3573 Paulini
2854 3519 2922 3573 ad
2973 3518 3235 3588 Severum
3282 3519 3383 3588 ipsi
3406 3534 3435 3572 a
3472 3516 3684 3572 Victore

2110 3588 2404 3653 redditam,
2434 3590 2639 3644 huncce
2680 3600 2880 3643 metum
2929 3587 3275 3656 rejiciendum
3323 3602 3603 3644 censemus
3634 3589 3685 3643 in

2111 3656 2425 3711 descensum
2441 3658 2784 3727 Rhadagaisi,
2800 3659 2891 3727 qui
2918 3660 3088 3712 multo
3105 3657 3360 3727 majorem
3380 3672 3539 3726 quam
3556 3660 3685 3710 Ala-

2111 3727 2251 3781 ricus
2279 3728 2330 3780 in
2360 3727 2507 3781 Italia
2530 3726 2819 3783 cencitavit
2848 3738 3126 3781 terrorem.
3158 3726 3478 3795 Rhadagaisi
3528 3740 3687 3781 exer-

2111 3796 2250 3851 citus
2297 3798 2506 3851 nonnisi
2562 3798 2702 3852 circa
2740 3798 2969 3852 hiemem
3024 3797 3233 3851 deletus
3278 3795 3441 3850 fuisse
3490 3795 3686 3851 dicitur

2113 3864 2315 3937 (Ibid),
2346 3867 2434 3934 qui
2467 3868 2587 3921 licet
2608 3876 2730 3921 ante
2760 3867 2971 3933 fuisset;
2998 3866 3221 3937 Romani
3242 3868 3403 3937 etiam
3422 3868 3687 3920 exercitus

2112 3936 2309 3989 milites
2335 3937 2426 4004 qui
2447 3938 2621 3990 adhuc
2649 3937 2826 3990 multis
2856 3938 2907 3990 in
2958 3937 3087 3990 locis
3131 3936 3354 4003 dispersi
3385 3950 3503 3989 esse
3530 3944 3686 4003 pote-

2112 4015 2253 4067 rant,
2284 4008 2483 4074 quique
2504 4014 2563 4059 ut
2588 4005 2872 4075 plurimum
2898 4004 3111 4059 barbari
3137 4016 3309 4068 erant,
3336 4014 3545 4075 metum,
3574 4006 3685 4059 via-

2115 4076 2318 4144 toribus
2348 4074 2919 4144 incutere’potuerunt.
2952 4075 3181 4129 Coactus
3206 4076 3364 4142 igitur
3385 4074 3483 4127 fuit
3508 4074 3686 4128 Victor

2115 4142 2259 4197 Nolae
2289 4155 2604 4214 exspectare
2618 4142 2795 4214 donec
2832 4145 3176 4199 adventasset
3202 4159 3368 4198 verna
3400 4152 3685 4213 tempestas

2114 4217 2239 4267 anni
2286 4211 2411 4279 406,
2436 4223 2492 4268 ut
2540 4216 2592 4269 in
2643 4211 2842 4268 Gallias
2886 4214 3099 4268 rediret.
3153 4213 3243 4268 Sic
3288 4211 3683 4283 exspectantem

2115 4297 2237 4336 eum
2264 4284 2457 4338 invasit
2478 4285 2822 4353 gravissimus
2848 4284 3065 4353 morbus
3092 4298 3199 4352 quo
3223 4284 3275 4353 in
3308 4284 3572 4353 extremis
3594 4295 3684 4352 po-

2114 4354 2248 4407 situs
2273 4362 2374 4417 est,
2406 4363 2460 4409 et
2488 4352 2554 4409 ab
2584 4355 2830 4408 omnibus
2851 4352 3187 4421 desperatus.
3220 4352 3353 4407 Vide
3382 4368 3487 4421 ep.
3521 4352 3605 4415 45,
3631 4367 3679 4404 ιι.

2118 4422 2167 4475 1.
2198 4422 2483 4477 Convaluit
2505 4432 2702 4489 tamen,
2727 4423 2821 4478 sed
2851 4420 2965 4491 plus
2987 4423 3243 4491 temporis
3294 4423 3349 4475 in
3401 4420 3684 4476 reficienda

435 4499 535 4545 set.
566 4490 643 4541 Ad
672 4490 949 4579 quumlet
972 4488 1267 4543 Amandum
1288 4488 1572 4579 qqnjngem
1617 4490 1893 4570 rescripsit
1918 4505 2012 4543 su-
2050 4521 2095 4579 υ
2118 4492 2423 4579 valeiqdine
2447 4535 2485 4575 ,_
2511 4509 2671 4574 quam
2721 4488 3034 4561 mgritudine
3090 4488 3687 4579 tioleratamprqdnxcrat

435 4576 530 4629 per
559 4575 621 4611 ea
670 4574 727 4611 re
769 4557 1020 4612 Paulinus
1057 4574 1155 4613 suo
1195 4568 1251 4614 et
1295 4558 1562 4614 Therasize
1602 4560 1821 4612 nomine
1874 4575 2016 4613 anno

436 4630 559 4692 405,
592 4636 651 4682 ut
677 4630 945 4697 colligitur
971 4643 1037 4683 ex
1072 4634 1313 4700 tempore
1345 4629 1780 4684 transmissarum
1829 4630 2019 4683 utrim-

435 4716 538 4770 que
571 4700 886 4770 litterarum.

509 4768 734 4822 Paulino
756 4769 810 4822 et
829 4768 1027 4822 Saneto
1058 4768 1436 4823 intercesserat
1463 4769 1592 4821 olim
1632 4767 2017 4823 commercium

434 4840 737 4893 litterarum
770 4847 1054 4906 antequam
1087 4836 1335 4892 Paulinus
1363 4840 1430 4891 ad
1466 4837 1738 4895 Christum
1786 4853 2017 4893 conver-

436 4919 658 4964 teretur.
692 4907 823 4962 Vide
846 4922 933 4976 ep.
957 4906 1043 4971 40,
1069 4923 1123 4959 ιι.
1150 4908 1199 4972 1,
1225 4908 1259 4959 2
1287 4919 1341 4961 et
1368 4908 1418 4960 6.
1449 4907 1614 4961 Paulo
1646 4918 1766 4977 post
1794 4925 2021 4964 conver-

436 4981 643 5033 sionem
674 4992 823 5033 suam
851 4978 918 5030 ad
945 4977 1200 5033 Sanctum
1230 4979 1459 5047 scripsit,
1486 4985 1540 5031 et
1586 4978 1709 5033 hinc
1756 4980 2016 5033 diuturna:

436 5049 779 5102 taciturnitati
808 5062 862 5117 se
887 5047 1095 5117 refudit.
1154 5047 1311 5111 lbid.,
1334 5066 1397 5107 11.
1441 5049 1491 5101 5.
1526 5048 1875 5113 Diuturnum,
1906 5063 2015 5116 quo

438 5135 504 5172 ex
529 5129 655 5172 tunc
674 5132 796 5172 cum
824 5115 1024 5170 Sancto
1055 5133 1181 5171 usus
1208 5127 1293 5171 est
1319 5118 1586 5183 Paulinus,
1613 5118 1886 5173 silentium
1924 5115 2017 5171 in-

438 5190 585 5243 ducit
626 5188 693 5241 ad
738 5186 1095 5257 credendum_
1124 5186 1401 5243 Paulinum
1426 5188 1538 5257 jam
1564 5204 1595 5241 a
1626 5189 1806 5244 multis
1862 5188 2018 5243 annis

440 5258 584 5314 Nola:
612 5266 1037 5327 cumnmrantem
1085 5255 1222 5311 hanc
1271 5255 1548 5327 scripsisse
1594 5259 1874 5327 epistolam
1926 5258 2013 5311 40.

369 5353 372 5356 η
440 5330 587 5384 Adde
615 5326 759 5399 quod
790 5327 839 5399 iu
871 5342 935 5380 ea
988 5326 1117 5399 dicit
1166 5326 1493 5399 senectutem,
1522 5330 1667 5382 canis
1712 5338 1864 5399 caput
1913 5345 2018 5382 non

441 5396 686 5470 spargere
713 5396 891 5470 modo,
922 5396 1011 5470 sed
1030 5405 1080 5470 _e_t
1119 5399 1444 5469 perfundere.
1478 5398 1631 5470 lbid.,
1661 5414 1714 5453 ιι.
1739 5396 1790 5452 6.
1824 5398 2018 5454 Possu-

440 5465 926 5524 11'1us'solu1nmodo
942 5465 1190 5537 judicare
1213 5465 1354 5523 'eum
1404 5469 1682 5537 scripsisse
1730 5477 2019 5537 antequam

440 5539 506 5593 ad
534 5541 904 5609 episcopatum
931 5536 1422 5609 fueritpromotus,
1454 5536 1613 5609 atque
1643 5538 1844 5593 idcirco
1878 5536 2023 5609 laute

440 5607 639 5664 annum
669 5608 804 5673 409;
836 5623 958 5663 cum
982 5608 1183 5662 scribat
1232 5625 1335 5662 una
1371 5624 1493 5663 cum
1531 5607 1802 5662 'Therasia
1854 5607 2022 5669 (Vide

442 5680 525 5733 tit.
555 5695 644 5748 ep.
676 5678 799 5748 40),
827 5687 881 5732 et
904 5678 1218 5748 certissime
1246 5688 1367 5747 post
1411 5694 1609 5733 annum
1639 5674 1741 5731 597
1761 5721 1776 5744 ,
1816 5692 1923 5746 quo
1968 5679 2022 5733 in

443 5747 783 5803 Occidentem
810 5762 1055 5805 reversus
1085 5758 1168 5806 cst
1196 5747 1463 5820 Ruflinus,
1484 5763 1643 5819 quem
1673 5748 1918 5819 profecto
1938 5750 2023 5804 in-

2124 4563 2324 4632 (lbid.),
2356 4571 2411 4615 et
2438 4560 2614 4618 vicino
2661 4560 2866 4616 tantum
2910 4563 3277 4630 apostolorum
3316 4560 3489 4615 Natali
3537 4561 3689 4632 plano

2121 4630 2400 4688 restitutus
2426 4642 2526 4687 est.
2560 4633 2691 4687 Ibid.
2718 4632 2847 4685 Tam
2888 4633 2997 4686 cito
3041 4632 3313 4685 dimittere
3362 4637 3485 4685 e‘um
3526 4630 3691 4684 noluit

2122 4700 2395 4768 Paulinus,
2426 4705 2521 4757 sed
2544 4702 2764 4758 retinuit
2791 4702 2960 4755 donec
2980 4716 3162 4755 secum
3190 4700 3415 4755 Romam
3446 4700 3594 4753 illum
3614 4699 3691 4755 sui

2120 4773 2320 4825 itineris
2351 4774 2511 4826 annui
2542 4774 2736 4827 socium
2776 4771 3014 4835 duceret,
3047 4780 3107 4827 ut
3162 4771 3309 4825 illinc
3338 4768 3699 4839 proficiscere—

2125 4850 2210 4895 tur
2238 4844 2289 4895 in
2319 4842 2517 4897 Gallias
2536 4857 2867 4902 reversurus,
2890 4849 2945 4895 et
2968 4840 3034 4894 ad
3057 4837 3471 4894 vindemiae‘dies
3498 4837 3698 4893 Severo

2122 4913 2376 4990 remissus
2404 4921 2729 4990 occurreret,
2756 4912 2871 4980 ipso
2894 4910 3101 4964 scilicet
3128 4919 3369 4990 tempore
3395 4908 3540 4990 quod
3562 4922 3687 4978 pne-

2121 4980 2729 5051 scripseratSevcrus,
2767 4996 2949 5035 verum
2999 4980 3245 5051 sequenti
3302 4988 3508 5032 tantum
3560 4990 3698 5031 anno

2124 5050 2303 5119 (lbid.,
2333 5069 2384 5105 ιι.
2418 5050 2497 5121 2).
2533 5051 2674 5105 Duas
2702 5052 2891 5121 breves
2919 5050 3194 5121 epistolas,
3222 5062 3367 5121 quas
3382 5063 3524 5101 anno
3544 5060 3699 5116 supe-

2121 5117 2284 5184 riore,
2308 5137 2429 5175 cum
2456 5117 2658 5176 'Victor
2685 5117 2966 5189 proficisci
2996 5119 3190 5183 vellet,
3218 5117 3286 5171 ad
3328 5117 3598 5189 Severum
3635 5121 3700 5189 _et

2125 5190 2451 5245 Desiderium
2483 5184 2775 5259 scripserat
2802 5188 3078 5255 Paulinus,
3100 5190 3273 5243 eidem
3316 5188 3531 5259 Victori
3559 5184 3701 5259 defe-

2124 5261 2321 5333 rendas
2343 5261 2485 5314 dedit
2503 5256 2684 5333 (lbid.,
2704 5276 2757 5313 ιι.
2783 5260 2821 5333 l_
2842 5269 2898 5314 et
2922 5258 2977 5333 2,
3000 5269 3055 5312 et
3080 5260 3261 5333 Vit._c.
3301 5256 3471 5333 47,11.
3498 5256 3606 5333 iet

2125 5331 2220 5385 sed
2247 5330 2379 5385 duas
2407 5325 2727 5397 proiixiores
2757 5329 2825 5383 ad
2852 5330 3070 5383 eosdem
3100 5329 3324 5397 scriptas
3372 5329 3440 5382 iis
3458 5395 3469 5397 _
3488 5325 3699 5395 adjecit.

2125 5347 2220 5385 seu
2247 5347 2379 5385 uuas
2447 5347 2727 5384 ronxiores
2757 5347 2825 5383 au
2852 5347 3070 5383 eosuem
3100 5347 3324 5397 scrlptas
3372 5347 3440 5382 ns
3488 5347 3699 5395 aujecn.

2124 5399 2278 5465 lbid.,
2307 5416 2357 5453 ιι.
2395 5347 2449 5467 2),
2476 5412 2531 5455 et
2560 5400 2664 5454 Vit.
2693 5416 2741 5455 c.
2767 5399 2854 5463 47,
2889 5416 2942 5453 n.
2976 5399 3027 5452 5.
3055 5398 3131 5452 Ea
3160 5414 3278 5467 qua:
3330 5398 3398 5451 ad
3448 5395 3702 5450 Severum

2125 5470 2385 5539 prolixior
2404 5466 2521 5524 erat
2549 5473 2749 5543 scripta
2770 5469 3006 5543 cncidit,
3024 5483 3131 5543 nec.
3150 5466 3340 5543 etiam__
3360 5466 3490 5535 quid
3538 5477 3702 5543 rema-

2125 5537 2446 5610 itetearumf
2476 5556 2608 5610 quas
2658 5537 2729 5593 ad
2778 5539 2926 5610 illum
2976 5537 3189 5610 deinde
3219 5538 3457 5592 scribere
3510 5537 3700 5610 potuit.

2125 5609 2310 5687 I_sth:ec
2336 5610 2404 5687 ad
2424 5605 2755 5687 Desiderium
2787 5608 2859 5687 45
2880 5616 3145 5687 superest,
3178 5606 3229 5660 in
3269 5622 3373 5687 qua
3419 5605 3702 5687 proposita)

2126 5681 2193 5734 de
2214 5680 2641 5746 patriarcharum
2670 5679 3131 5733 benedictionibus
3154 5677 3439 5744 quaestioni
3477 5688 3699 5743 respon-

2126 5748 2253 5805 dere
2307 5750 2581 5805 humiliter
2632 5750 2926 5813 recusavit;
2956 5762 3181 5814 quarum
3224 5746 3619 5814 expositionem
3670 5750 3700 5790 θ
