3990 6182
265 365 357 418 761
1224 361 1671 422 DISSERTATIO
1708 362 1793 418 IV.
1841 362 1926 418 DE
1954 362 2010 418 S.
2045 363 2158 420 VIC
2173 360 2409 418 l'RlClO.

260 495 478 553 militari
508 495 647 549 diem
671 510 819 548 arma
841 503 1063 564 repente
1091 496 1258 558 exuit,
1290 510 1410 564 qua:
1439 494 1504 548 ad
1530 493 1730 548 tribum
1760 493 1844 548 sui
1874 497 1922 556 Α

260 567 430 636 pedes
450 564 663 631 ahjecit.
690 565 807 630 Quo
830 566 879 618 in
903 564 1065 623 furias
1093 567 1362 636 concitato
1390 566 1622 636 tribuno,
1651 564 1848 636 Victri-

258 634 379 691 cius
396 637 447 688 in
468 636 691 689 verbera
707 635 977 689 districtus
995 645 1097 699 est,
1113 635 1445 705 fustibusque
1468 634 1683 697 fractus,
1707 634 1853 688 etsic

263 707 515 770 afﬂictus,
537 706 589 757 in
615 720 830 759 carcere
852 715 1010 759 acuto
1027 714 1285 760 testarum
1310 706 1567 773 fragmine
1590 705 1852 758 subtritus

262 786 363 838 est,
410 775 635 829 necdum
670 776 977 829 vulneribus
1007 776 1276 841 obductis,
1310 776 1492 830 comiti
1518 774 1612 827 fuit
1639 775 1852 829 oblatus

263 846 504 916 (Paulini
534 861 619 912 ep.
642 844 729 908 l8,
752 862 806 898 η.
828 846 912 916 7);
938 847 1027 913 qui
1058 846 1274 912 Comes,
1303 854 1360 899 ut
1389 845 1618 911 videtur,
1637 844 1851 916 adeum

261 913 305 971 ὸς
321 916 611 969 uciandum
630 923 869 968 venerat.
895 915 970 969 De
993 916 1082 985 illo
1104 918 1405 985 potentiore
1427 916 1642 968 inimico
1658 913 1855 985 Victri-

262 988 403 1039 cium
441 986 849 1052 triumphavisse
870 985 999 1039 dicit
1038 984 1289 1040 Paulinus
1320 984 1529 1052 (Ibid.),
1565 984 1704 1037 unde
1733 984 1850 1036 col-

261 1057 441 1122 ligitur
472 1055 615 1108 hunc
635 1053 900 1108 Comitem
933 1058 1211 1110 tormentis
1237 1072 1359 1110 eum
1390 1054 1709 1108 admovisse.
1737 1053 1852 1107 Non

260 1125 374 1177 ausi
401 1133 528 1177 sunt
548 1125 810 1179 satellites
839 1141 1021 1179 rursus
1050 1126 1293 1193 ingerere
1331 1128 1602 1179 cruciatus
1636 1123 1847 1194 (Ibid),

261 1196 478 1263 capitali
511 1209 639 1248 vero
669 1196 936 1248 sententia
984 1192 1268 1249 damnatus
1296 1204 1377 1249 est
1406 1194 1709 1248 Victricius.
1745 1192 1852 1247 Sed

262 1265 568 1333 conspicuis
594 1264 866 1318 miraculis
895 1265 1009 1331 ejus
1040 1267 1285 1320 inimicos
1330 1274 1441 1318 tum
1493 1265 1630 1319 Deus
1660 1264 1851 1317 confu-

262 1334 375 1396 dit;
408 1350 530 1405 nam
556 1333 683 1387 dum
710 1334 777 1388 ad
806 1336 1050 1405 supplicii
1074 1336 1247 1389 locmn
1280 1336 1583 1396 duceretur,
1613 1334 1848 1405 carnifex

262 1404 352 1472 qui
380 1404 625 1473 prmibat,
655 1421 777 1459 cum
806 1403 923 1472 ejus
959 1407 1221 1460 cervicem
1253 1406 1511 1459 insultans
1536 1421 1694 1457 manu
1727 1403 1851 1457 teti-

262 1474 449 1545 gisset,
480 1476 628 1543 quasi
674 1474 811 1529 ictus
857 1476 938 1529 sui
988 1476 1164 1530 locum
1208 1474 1571 1545 pnepalpans;
1613 1473 1853 1545 excussis

264 1543 409 1597 illico
441 1545 629 1615 oculis,
679 1545 921 1599 czecitate
952 1543 1233 1615 percussus
1272 1543 1353 1600 est
1376 1543 1584 1613 (Ibid.).
1619 1543 1724 1598 Sed
1773 1543 1852 1596 id-

263 1615 409 1685 circo
441 1614 530 1667 ille
566 1624 796 1668 caacatus
826 1625 908 1668 est
944 1614 1003 1669 ut
1028 1617 1207 1685 plures
1236 1616 1684 1680 illuminarentur,
1711 1620 1853 1685 etut

262 1684 379 1752 ipse
410 1685 631 1738 forsitan
663 1685 862 1738 lumina
902 1683 1103 1755 mentis
1141 1688 1428 1755 acciperet.
1452 1685 1594 1750 Quas
1623 1683 1851 1737 innoda-

263 1762 348 1807 tas
390 1756 591 1809 arctius
618 1763 835 1809 catenas
862 1754 1071 1823 (Ibid.),
1097 1757 1185 1810 vel
1225 1754 1418 1822 exiguo
1447 1755 1729 1819 bencticio,
1763 1768 1851 1806 ro-

261 1834 426 1891 gante
476 1823 750 1887 Victricio,
791 1825 1034 1879 relaxare
1072 1827 1357 1880 noluerant
1398 1825 1669 1888 custodes,
1715 1838 1853 1878 con-

260 1909 420 1947 versa
452 1894 504 1947 in
527 1910 714 1948 eorum
741 1903 1030 1964 conspectu
1059 1898 1127 1949 ad
1158 1896 1324 1950 Deum
1353 1910 1532 1964 prece,
1565 1902 1758 1963 sponte
1788 1893 1855 1947 de

262 1965 517 2018 manibus
545 1965 802 2019 absolutis
827 1966 991 2019 ﬂuere
1029 1965 1302 2029 viderunt,
1338 1980 1436 2019 nec
1466 1965 1580 2018 ausi
1612 1972 1735 2017 sunt
1764 1978 1856 2017 eas

260 2044 545 2087 renectere
579 2035 812 2096 milites;
845 2036 940 2089 sed
973 2036 1038 2090 ad
1078 2035 1341 2089 Comitem
1371 2034 1549 2103 pavidi
1596 2049 1853 2087 cucurre-

260 2111 407 2168 runt,
442 2104 723 2158 veritatem
755 2105 992 2158 miraculi
1032 2102 1595 2159 c0nlitentes.’Comes
1625 2104 1759 2171 ipse,
1789 2103 1856 2158 de

261 2171 451 2227 furore
480 2174 545 2227 ad
576 2174 915 2228 clementiam
946 2176 1055 2229 Deo
1083 2175 1396 2243 providente
1422 2189 1735 2232 conversus,
1771 2181 1854 2226 te-

262 2245 520 2296 stimonio
546 2245 771 2297 militum
798 2245 953 2299 fidem
985 2246 1247 2307 adhibuit,
1279 2253 1331 2298 et
1360 2259 1481 2297 eum
1513 2244 1579 2296 ad
1623 2244 1856 2309 impera-

261 2319 436 2367 torem
464 2314 606 2367 misit
628 2355 641 2376 ,
669 2315 753 2368 cui
775 2332 886 2369 rem
908 2324 1074 2369 totam
1098 2316 1252 2369 sicuti
1274 2323 1423 2381 gesta
1453 2313 1625 2367 fuerat
1652 2313 1853 2377 retulit,

260 2385 353 2450 qui
378 2383 761 2447 confessorem,
796 2395 855 2439 ut
883 2386 1159 2455 probabile
1189 2393 1291 2449 est,
1322 2400 1429 2439 non
1455 2391 1512 2438 ut
1538 2399 1690 2437 reum
1713 2383 1853 2437 deti-

261 2454 404 2520 nuit,
434 2455 530 2508 sed
558 2464 614 2508 ut
642 2454 893 2509 sanctum
910 2456 1106 2510 emisit.

333 2563 385 2617 2.
431 2563 699 2630 Paulinus,
733 2567 824 2635 qui
852 2568 1157 2635 supradicta
1180 2566 1364 2630 refert,
1389 2582 1498 2620 non
1520 2565 1651 2620 dicit
1673 2573 1852 2619 utrum

266 2633 549 2704 Yictricius
575 2633 805 2690 voluerit
833 2633 1007 2691 solum
1046 2652 1197 2691 arma
1240 2638 1474 2704 abjicere
1503 2644 1561 2689 ut
1592 2644 1764 2689 totum
1792 2650 1854 2689 se

260 2703 376 2775 Deo
398 2704 705 2768 devoveret,
741 2722 811 2760 an
840 2722 969 2762 vero
1011 2722 1078 2761 eo
1106 2708 1252 2775 quod
1294 2703 1414 2761 eum
1445 2719 1638 2773 cogere
1666 2706 1853 2759 volue-

261 2774 370 2827 rint
398 2776 595 2830 milites
622 2777 690 2831 ad
717 2777 915 2845 aliquid
937 2774 1181 2845 religioni
1205 2777 1555 2840 contrarium,
1588 2785 1646 2828 ut
1673 2775 1851 2830 conti-

260 2845 339 2912 git
366 2845 467 2899 sub
498 2846 823 2914 imperatore
856 2847 1103 2909 Juliano;
1133 2863 1309 2915 neque
1330 2847 1491 2901 etiam
1519 2846 1650 2900 dicit
1673 2853 1849 2899 utrum

261 2915 549 2986 damnatus
571 2917 729 2970 fuerit
750 2924 1020 2985 tamquam
1049 2917 1313 2980 desertor,
1344 2932 1409 2969 an
1434 2932 1561 2969 vero
1592 2932 1691 2986 pro
1718 2916 1849 2968 reli-

259 2985 425 3050 gione
458 2984 781 3055 Christiana.
813 2984 1126 3041 ln’exordio
1163 2988 1282 3055 ejus
1320 2984 1643 3040 narrationis
1679 2986 1851 3055 prima

261 3068 424 3108 causa
450 3070 555 3108 una
582 3054 829 3117 affertur;
862 3065 918 3110 et
944 3058 988 3110 si
1015 3054 1203 3112 fuisset
1230 3058 1511 3111 damnatus
1538 3054 1851 3111 sicutChri-

262 3124 469 3177 stianus
506 3128 604 3197 sub
641 3124 874 3189 Juliano,
925 3125 1139 3191 Comes,
1188 3135 1246 3181 ut
1292 3127 1570 3197 probabile
1607 3133 1708 3197 est,
1742 3142 1850 3181 non

262 3208 384 3246 eum
414 3195 680 3266 emisisset
708 3196 929 3249 laudans
957 3206 1015 3250 ut
1055 3195 1309 3251 sanctum
1329 3197 1519 3266 (Ibid.,
1550 3214 1603 3250 η.
1630 3195 1710 3263 7),
1738 3198 1852 3251 sive

262 3272 552 3331 antequam
584 3265 727 3319 illius
758 3266 1038 3319 emittendi
1066 3265 1380 3321 mandatum
1420 3267 1487 3319 ab
1528 3268 1854 3331 imperatore

262 3335 580 3413 accepisset,
612 3336 724 3389 sive
751 3350 819 3413 eo
844 3338 1352 3413 accepto:._Aliun_de
1380 3336 1569 3413 (Ibide)
1600 3335 1855 3413 Paulinus

262 3400 686 3458 dicit’Comitem
713 3407 951 3461 voluisse
974 3400 1034 3460 in
1065 3406 1322 3461 Victricio
1350 3400 1471 3462 esse
1498 3405 1697 3459 Christi
1727 3422 1854 3475 per-

262 3483 592 3545 secutorem,
614 3490 847 3544 eumque
876 3484 1041 3531 testes
1070 3476 1192 3531 tidei
1230 3479 1421 3545 punire
1450 3477 1685 3530 voluisse
1709 3493 1723 3539 ;
1755 3476 1853 3529 tri-

261 3541 486 3606 bunum,
519 3544 584 3599 ad
613 3541 770 3611 cujus
784 3546 950 3615 pedes
971 3560 1117 3600 arma
1142 3541 1339 3614 abjecit
1358 3546 1667 3611 Victricius,
1690 3545 1856 3601 fuisse

263 3615 584 3686 sacrilegum
622 3615 842 3686 (Ibid);
878 3624 934 3669 et
970 3617 1188 3684 milites,
1227 3619 1316 3684 qui
1360 3632 1484 3671 eum
1520 3616 1850 3680 cruciabant,

264 3682 464 3737 diaboli
496 3685 658 3756 fuisse
688 3682 963 3741 satellites.
1006 3686 1061 3740 Id
1111 3682 1463 3740 sane‘mirum
1494 3688 1657 3756 778
1682 3686 1854 3740 videri

262 3761 465 3825 potest,
492 3756 537 3812 si
568 3755 896 3821 Victricium,
924 3757 1107 3811 militis
1145 3757 1317 3810 solum
1348 3755 1563 3810 nomine
1585 3755 1676 3825 qui
1703 3770 1852 3809 arma

261 3822 536 3892 deponere
572 3826 772 3890 vellet,
808 3827 1223 3894 cognoscebant.
1255 3825 1477 3879 Videtur
1518 3822 1677 3879 etiam
1727 3826 1857 3879 insi-

261 3894 400 3966 gniri
434 3910 539 3966 non
570 3895 817 3966 debuisse
848 3896 1005 3950 titulo
1029 3896 1354 3966 confessoris
1383 3904 1437 3949 et
1473 3897 1725 3966 martyris
1745 3910 1853 3963 quo

262 3976 292 4014 a
319 3962 543 4018 Paulino
566 3962 751 4035 (Ibid.,
784 3984 837 4019 η.
871 3967 902 4019 7
942 3976 992 4019 et
1021 3964 1075 4035 9)
1110 3962 1385 4020 multoties
1429 3962 1673 4029 ornatur,
1723 3962 1854 4034 pro-

262 4041 384 4112 pter
431 4036 610 4088 omnia
647 4051 771 4112 quin
812 4037 965 4112 _hanc
1018 4036 1353 4112 ob___cau.sam
1405 4037 1853 4112 sustinuitaquin

264 4104 427 4174 etiam
458 4114 514 4157 et
553 4104 705 4158 multi
729 4106 917 4160 eadem
945 4121 1050 4174 qua
1083 4106 1363 4161 Victricius
1392 4105 1457 4159 de
1484 4122 1643 4159 causa
1669 4106 1855 4160 viden-

264 4178 351 4243 tur
377 4172 639 4241 damnati,
670 4176 759 4243 qui
805 4190 927 4229 cum
964 4172 1043 4230 'eo
1097 4175 1275 4230 emissi
1324 4184 1467 4237 sunt,
1500 4191 1635 4243 quos
1667 4190 1855 4229 omnes

265 4240 521 4315 Paulinus
560 4240 910 4299 COnfessores
957 4246 1191 4314 appellat
1221 4244 1408 4315 (Ibid.,
1451 4240 1623 4315 11.57).
1650 4245 1854 4311 Quibus

264 4314 846 4386 rationibusaddnetus
873 4324 955 4369 est
984 4313 1246 4386 Baronius
1270 4317 1390 4383 (An.
1424 4313 1547 4379 562,
1584 4313 1611 4386 ς,
1642 4315 1768 4381 264)
1797 4322 1855 4369 ιιι

265 4392 531 4453 assereret
561 4383 868 4438 Victricium
899 4386 997 4440 sub
1020 4385 1233 4440 Iuliano
1265 4400 1477 4453 passum
1506 4383 1687 4449 fuisse,
1721 4394 1777 4439 et
1799 4386 1851 4439 in

264 4448 648 4576 Martyrologio
678 4453 923 4509 Romano
964 4456 1080 4522 ejus
1108 4448 1300 4508 natalis
1320 4456 1407 4509 die
1450 4455 1479 4506 7
1513 4455 1735 4522 Augusti
1761 4470 1851 4509 as-

264 4532 521 4576 sumatur.
597 4525 611 4576 i
651 4540 839 4576 passus
887 4534 967 4576 est
1016 4526 1115 4576 sub
1149 4526 1391 4576 nriacine
1427 4525 1754 4576 Christiano.
1796 4533 1851 4576 et

263 4532 521 4587 sugnatur.

264 4659 384 4739 tiori
414 4662 667 4739 exemplo
717 4663 1072 4739 demonstrari
1114 4673 1293 4739 potest
1331 4659 1850 4735 quantam-quisque

262 4728 360 4808 sibi
384 4732 489 4785 vim
517 4728 710 4808 inferre
731 4733 893 4789 debet
916 4743 970 4788 ut
989 4728 1171 4802 gratiae
1199 4728 1553 4808 obtemperet,
1575 4744 1629 4808 et
1642 4728 1850 4808 exuere

263 4803 421 4874 etiam
452 4803 633 4855 munia
657 4818 805 4874 exse
835 4820 939 4859 non
962 4807 1122 4874 plane
1145 4806 1303 4859 noxia
1330 4824 1341 4857 :
1372 4806 1512 4859 unde
1540 4807 1705 4859 etiam
1731 4806 1846 4859 evi-

263 4867 451 4923 denter
476 4882 703 4944 apparet
728 4872 895 4944 Deum
927 4867 1084 4944 pbsSe
1126 4876 1179 4928 in
1210 4875 1350 4944 caalo
1375 4890 1641 4929 coronare
1668 4875 1846 4944 homi-

264 4951 357 5013 nes
378 4955 444 5013 ex
459 4940 682 5013 legibus
709 4940 952 4999 civilibus
978 4960 1119 5006 reos,
1152 4960 1286 5013 quas
1315 4943 1549 4998 Ecclesia
1579 4946 1689 4999 suis
1718 4943 1849 5012 legi-

265 5006 805 5083 busdefendere‘non
828 5022 1019 5083 potest.
1058 5015 1116 5068 In
1144 5006 1413 5069 carcerem
1444 5014 1541 5067 fuit
1570 5006 1847 5082 conjectbs

266 5077 436 5159 (Sulp.
471 5081 526 5133 in
587 5081 691 5135 Vit.
731 5077 897 5159 dial-1.
929 5085 1018 5159 lily.
1059 5085 1135 5154 ιιι)
1165 5084 1221 5138 S.
1274 5077 1721 5159 Martint_is__quod
1750 5085 1848 5140 sub

264 5154 425 5227 armis
454 5159 598 5205 stare
627 5154 855 5222 amplius
880 5156 1064 5227 nollet,
1092 5170 1276 5227 verum
1300 5170 1412 5227 non
1444 5154 1518 5227 ob
1538 5154 1682 5207 illam
1715 5170 1848 5227 prie-

263 5224 420 5301 (‘ipue-
440 5236 678 5301 causam,
703 5239 877 5301 neque
896 5225 1130 5301 enimin
1149 5225 1340 5301 capitis
1362 5224 1649 5279 discrimen
1682 5225 1841 5301 venit.

267 5283 501 5344 Victricii
540 5283 764 5363 virtutes
790 5283 1000 5348 'illustri
1042 5295 1167 5349 huic
1205 5283 1507 5348 rudimento
1549 5296 1837 5363 responde-

264 5362 578 5433 runtuquod
623 5361 901 5433 longorum
933 5364 1175 5418 laborum
1224 5366 1407 5433 paucis
1455 5361 1846 5419 consummatio

264 5434 339 5503 est
370 5426 609 5503 (Paulini
629 5426 841 5501 epflS,
873 5452 925 5487 η.
952 5432 1029 5501 8).
1060 5426 1283 5503 Semper
1311 5435 1452 5487 enim
1474 5436 1619 5488 visus
1644 5443 1726 5488 est
1756 5450 1846 5503 po-

265 5500 377 5575 tens
408 5500 748 5575 ιιιειῖὶιονιιη]⁸
773 5512 827 5556 et
854 5500 1147 5575 gratiarum
1187 5500 1337 5575 dives
1367 5503 1586 5575 (Ibid.);
1616 5512 1671 5558 et
1699 5500 1841 5575 Pau-

265 5560 397 5621 linus
423 5568 608 5637 (Ibid.,
635 5586 688 5623 η.
721 5571 775 5639 9)
807 5560 999 5627 asserit
1028 5574 1193 5628 Deum
1234 5560 1423 5629 fecisse
1453 5560 1600 5629 illum
1639 5574 1846 5628 meritis

265 5644 443 5717 Parem
468 5639 721 5717 Martinoi
769 5642 864 5717 llic
899 5660 1003 5699 non
1032 5654 1186 5698 utens
1209 5644 1467 5717 licitisuet
1493 5660 1523 5698 a
1549 5645 1844 5717 commodis

263 5705 554 5787 abstinens,
597 5709 911 5787 Christiana:
968 5715 1297 5787 paupertatis
1352 5713 1568 5787 divitem
1615 5713 1842 5787 gloriam

266 5778 431 5860 terunt
459 5778 699 5860 (£52537,
731 5797 785 5835 η.
816 5782 893 5860 4),
927 5778 982 5838 et
1020 5778 1140 5841 ﬁdei
1166 5785 1334 5840 virtus
1364 5784 1416 5839 in
1452 5793 1564 5839 tota
1593 5778 1710 5855 ejus
1734 5785 1841 5841 vita

265 5846 504 5904 inclaruit
531 5846 717 5923 (me,
749 5869 802 5907 η.
837 5853 865 5905 7
872 5860 914 5923 ).

597 4525 611 4576 i
651 4540 839 4591 passus
887 4534 967 4579 est
1016 4526 1115 4579 sub
1149 4526 1391 4594 principe
1427 4525 1754 4587 Christiano,
1796 4533 1883 4580 et‘

263 4586 470 4665 tantum
504 4601 562 4645 ut
603 4586 667 4665 se
704 4594 816 4665 Deo
851 4586 1372 4659 devoveret'totuui,
1406 4595 1553 4649 nullo
1596 4586 1854 4665 pnestan-
1881 4586 1929 4641 Ι)

3438 357 3546 413 76‘!

2581 485 2811 543 CAPUT
2847 486 2911 541 ll.

1964 562 2236 616 Victricius
2265 568 2471 613 creatur
2502 558 3237 628 RotomagensisiepisCOpusL
3252 556 3545 612 Ecclesium

2024 649 2171 685 suam
2199 632 2387 702 pietate
2426 630 2678 684 illustrem
2706 626 2852 700 facit.
2895 626 3081 683 Fidem
3119 628 3173 680 in
3205 626 3382 699 Belgio
3407 645 3547 699 pra:-

2027 703 2185 755 dicat.

2027 772 2078 823 1.
2114 771 2253 825 Deus
2283 769 2473 823 nolens
2502 768 2738 823 Victricii
2774 768 3025 822 virtutem
3054 767 3152 820 sub
3187 766 3368 820 modio
3409 767 3545 820 taci-

1956 841 2227 895 turnitatis
2256 840 2538 909 obscuram
2584 839 2796 893 latitare
2832 837 3068 909 (Paulini
3096 854 3217 909 _ep._
3242 834 3308 887 l8
3332 878 3347 903 ,
3379 853 3431 887 η.
3465 836 3545 903 6),

1956 927 2076 967 eum
2099 926 2261 979 super
2286 908 2666 979 candelabrum
2690 906 2996 979 apostolica:
3016 907 3158 979 sedis
3189 906 3546 979 Rotomagen-

1955 983 2028 1035 sis
2060 977 2309 1035 Ecclesiae
2348 980 2528 1049 evexit
2567 977 2750 1049 (Ibid;
2795 995 2847 1031 η.
2891 977 2968 1045 5).
3024 977 3095 1049 ιιι
3152 985 3275 1030 ante
3319 977 3545 1049 contigit

1955 1068 2115 1121 quam
2161 1049 2412 1103 Paulinus
2444 1045 2599 1115 hujus
2645 1048 2992 1121 seculi_etiris
3024 1048 3156 1101 liber
3184 1056 3324 1101 esset
3357 1045 3544 1117 (Ibid.,

1956 1117 2009 1173 ἡ.
2044 1122 2122 1183 9),
2154 1121 2359 1174 scilicet
2408 1128 2533 1171 ante
2581 1135 2780 1171 annum
2821 1117 2942 1179 590,
2992 1132 3099 1185 quo
3149 1132 3269 1170 cuin
3303 1127 3545 1185 tempore

1957 1189 2207 1243 Paulinus
2237 1188 2424 1258 (Ibid.)
2458 1189 2674 1243 Viennze
2714 1188 2854 1257 apud
2876 1187 2945 1258 iS.
2984 1186 3275 1258 Martinum
3298 1186 3450 1251 vidit,
3491 1194 3544 1242 et

1956 1261 2200 1328 quamvis
2228 1257 2348 1313 eum
2374 1269 2500 1312 tunc
2524 1261 2835 1328 episcopum
2858 1257 3137 1328 dumtaxat
3158 1257 3417 1328 novisset,
3439 1272 3544 1328 non

1955 1326 2083 1383 vero
2115 1339 2423 1399 martyrem,
2467 1326 2645 1381 omnia
2687 1336 2865 1399 tamen
2914 1326 3231 1399 urbanitatis
3280 1326 3454 1399 cilicia
3486 1327 3545 1399 ei

1955 1401 2215 1463 exhibuit,
2247 1395 2411 1467 seque
2440 1414 2502 1452 ac
2531 1414 2655 1452 suos
2685 1398 2799 1465 ejus
2844 1398 3095 1465 precibus
3130 1395 3544 1467 commendavit,

1955 1479 2010 1522 et
2038 1471 2292 1535 singulari
2328 1465 2571 1538 prorsus
2598 1468 2885 1538 dilectipne
2932 1481 3055 1538 eum
3099 1465 3413 1538 complexus
3443 1472 3544 1518 est.

1954 1540 2221 1607 Sulpicius
2244 1535 2475 1593 Severus
2502 1537 2738 1607 (Dialog.
2781 1535 2833 1600 5,
2872 1535 3223 1607 c.72)rnarrat
3260 1537 3545 1604 episcopos

1954 1606 2383 1662 Valentinianum
2427 1616 2483 1662 et
2514 1606 2833 1662 ’Victricium
2882 1606 3113 1659 adfuisse
3164 1621 3286 1659 cum
3342 1615 3542 1675 parens

1954 1680 2171 1746 quidam
2202 1679 2430 1732 Martino
2460 1678 2691 1746 puellam
2715 1692 2885 1729 annos
2906 1675 3188 1746 duodecim
3212 1683 3393 1727 natam
3417 1675 3547 1729 Car-

1958 1745 2174 1803 nutibus
2201 1745 2494 1802 sanandam
2520 1749 2713 1801 obtulit
2741 1765 2753 1799 :
2787 1745 2928 1812 quod
2958 1745 3271 1799 miraculum
3310 1745 3376 1797 ad
3412 1746 3546 1800 duos

1959 1818 2079 1872 illos
2109 1820 2394 1888 episcopos
2422 1818 2695 1872 remittere
2721 1815 2894 1888 voluit
2923 1814 3183 1888 Martinus
3212 1829 3458 1869 asserens
3488 1831 3545 1877 se

1961 1888 2023 1942 iis
2053 1885 2338 1943 sanctitate
2380 1904 2499 1943 esse
2542 1888 2711 1941 multo
2744 1885 3072 1948 inferiorem,
3106 1885 3333 1953 illosque
3364 1888 3545 1940 omnia

1958 1974 2146 2027 posse;
2177 1974 2362 2012 verum
2395 1959 2429 2011 ii
2460 1974 2564 2011 una
2594 1973 2717 2012 cum
2746 1964 2969 2027 parente
3010 1954 3101 2027 illo
3130 1954 3413 2027 Martinuin
3445 1957 3545 2009 ob-

1962 2024 2139 2083 testati
2168 2038 2311 2090 sunt,
2345 2029 2436 2097 qni
2466 2027 2686 2081 dimisso
2725 2024 2944 2097 populo,
2977 2024 3309 2097 adstantibus
3337 2025 3544 2097 duobus

1958 2099 2237 2169 episcopis
2256 2108 2311 2151 et
2340 2091 2512 2168 patre,
2534 2091 3029 2169 puellaz'sa'nitatem
3060 2094 3323 2169 restituit._
3342 2094 3432 2149 Ille
3457 2091 3545 2148 Vi~

1957 2164 2174 2223 ctricius
2224 2168 2321 2222 fuit
2341 2164 2353 2168 ⁷
2368 2164 2718 2237 proculdubio
2777 2164 3187 2237 Rotomagensis
3208 2165 3543 2237 “cpiscopus,

1958 2254 2078 2291 cum
2134 2240 2274 2292 inter
2315 2234 2524 2292 ceteros
2570 2235 2755 2290 Galliae
2803 2235 3085 2306 episcopos
3132 2234 3333 2289 nullum
3382 2238 3542 2291 alium

1957 2309 2111 2362 istius
2141 2309 2368 2363 nominis
2397 2321 2766 2376 agnoscamus.

2028 2377 2081 2430 2.
2141 2373 2764 2447 Postquam'episcopus
2819 2383 3035 2431 creatus
3090 2382 3175 2429 est
3213 2373 3544 2447 Victricius,

1960 2447 2195 2509 (Paulini
2219 2444 2299 2518 ep;
2331 2448 2419 2513 57,
2450 2444 2589 2517 η.”4)
2617 2444 2877 2518 in‘ﬁdeet
2901 2448 3147 2518 veritate,
3182 2460 3293 2518 non
3312 2446 3361 2497 in
3388 2444 3547 2498 .nﬂa-

1959 2519 2103 2596 ti_one
2120 2515 2380 2596 scientiae,
2426 2515 2599 2596 neque
2621 2518 2674 2596 in
2701 2515 3327 2596 sublimitatesermonis
3348 2524 3547 2596 myste-

1955 2588 2090 2641 rium
2113 2588 2312 2642 Christi
2336 2588 2692 2649 annuntiavit,
2722 2587 2851 2639 nihil
2877 2602 2935 2639 se
2960 2586 3205 2653 judicans
3231 2586 3368 2639 scire
3405 2586 3547 2639 inter

1956 2658 2222 2724 homines,
2264 2659 2364 2712 nisi
2400 2657 2669 2711 Christum
2700 2655 2904 2723 Jesum,
2948 2670 3177 2722 eumque
3206 2652 3541 2709 crucifixum.

1955 2727 2034 2781 Illi
2062 2729 2329 2782 concessit
2355 2727 2496 2780 Deus
2527 2725 2651 2797 (Ep.
2670 2726 2755 2791 18,
2786 2743 2839 2779 η.
2858 2724 2944 2796 10)
2987 2725 3128 2797 quod
3152 2725 3361 2797 eximiae
3386 2727 3547 2797 779

1955 2797 2237 2851 dumtaxat
2285 2795 2756 2851 sanctitatis'viris
2813 2795 3110 2849 concedere
3169 2795 3336 2857 solet,
3391 2795 3547 2848 factis

1953 2868 2158 2921 scilicet
2187 2868 2467 2937 aquuare
2492 2882 2790 2932 sermones,
2819 2864 3098 2937 etpariter
3117 2865 3225 2916 vita
3248 2879 3311 2916 ac
3331 2879 3541 2916 sermo-

1953 2938 2110 2991 nibus
2130 2935 2421 3000 instruére;
2448 2946 2607 3004 atque
2622 2937 2757 2989 adeo
2788 2935 2962 2988 nullus
2982 2941 3194 3004 poterat
3213 2947 3269 2985 se
3291 2948 3548 3004 excusare

1955 3006 2281 3061 difficultatis
2307 3002 2533 3074 imperio
2552 3021 2671 3060 cum
2700 3006 2846 3074 prius
2867 3003 3289 3074 adstringeretur
3308 3002 3546 3074 Victricii

1954 3078 2166 3131 virtutis
2187 3073 2454 3146 exemplo.
2481 3075 2552 3128 Ea
2566 3073 2790 3146 ratione
2805 3073 3094 3127 multorum
3118 3073 3394 3146 beatorum
3418 3073 3545 3146 bea-

1955 3156 2040 3201 tus
2070 3163 2267 3217 parens
2296 3142 2500 3202 exstitit
2531 3144 2739 3216 (Ibid.).
2775 3144 3088 3217 Innumeros
3110 3142 3546 3217 circaseutrius—

1880 3222 1925 3284 (ζ
1957 3211 2249 3285 (ιιιεςέθιςυε
2280 3211 2591 3271 sanctorum
2620 3228 2809 3283 greges
2836 3214 3032 3280 coegit,
3057 3228 3192 3285 quos
3221 3211 3540 3285 Christo_sa-_

1959 3282 2231 3356 pientibus
2260 3287 2516 3341 institutis
2538 3282 2647 3341 suis
2674 3293 2951 3356 genuerat,
2984 3290 3040 3356 et
3067 3283 3257 3351 quibus
3282 3290 3399 3356 erat
3424 3282 3544 3356 ti_dei

1956 3352 2206 3417 formula,
2260 3357 2398 3411 sicut
2438 3366 2493 3411 et
2527 3352 2778 3426 perfecta:
2806 3353 3035 3426 virtutis
3084 3352 3415 3426 exempliim._
3442 3352 3547 3426 Ec-

1957 3428 2131 3481 clesia:
2161 3442 2271 3482 sure
2299 3428 2457 3481 etiam
2488 3421 2753 3496 primaeva:
2782 3422 3277 3496 illiusHierusales
3296 3421 3547 3496 Ecclesia:

1955 3499 2188 3566 speciem
2238 3496 2384 3551 dedit
2414 3494 2679 3563 (Ibid.,n.
2720 3494 2797 3566 5),
2831 3502 2886 3550 et
2934 3494 2985 3546 in
3035 3508 3097 3546 ea
3136 3494 3315 3566 omnis
3339 3494 3546 3566 generis

1956 3563 2125 3621 virtus
2173 3567 2367 3622 florere
2414 3567 2711 3621 videbatur.
2756 3563 3144 3617 lntemeratam
3188 3563 3547 3630 virginitatem

1956 3638 2245 3690 servabant
2274 3636 2509 3690 maximo
2539 3650 2762 3689 numero
2788 3634 2907 3687 lilia:
2937 3631 3152 3704 (lbid.),
3184 3631 3378 3704 quibus
3408 3647 3546 3704 unus

1955 3704 2200 3761 Christus
2223 3707 2417 3774 hospes
2440 3714 2496 3759 et
2518 3719 2744 3772 sponsus
2766 3712 2914 3774 erat:
2940 3700 3353 3774 innumerabiles
3374 3700 3546 3774 vidua:

1956 3777 2158 3830 sanctis
2189 3769 2460 3845 operibus,
2506 3769 2810 3845 niinistratu
2846 3773 2968 3845 pio,_
2997 3777 3173 3845 noctu
3202 3770 3398 3836 diuque
3444 3769 3545 3824 Ec-

1955 3846 2132 3901 clesize
2170 3839 2446 3907 falnulatu,
2477 3859 2586 3908 eas,
2634 3842 2829 3911 quibus
2847 3839 3112 3911 'diabolus
3159 3840 3392 3911 ipsarum
3421 3854 3545 3893 cor-

1956 3907 2833 3996 pora;lacessebathaggressiones
2864 3907 3222 3996 superabant.“
3237 3907 3388 3996 uiti
3417 3924 3544 3996 eon-

1950 3977 2120 4053 jugati
2150 3977 2671 4053 arcanam—fratrum
2697 3977 3102 4053 germani’tatem
3134 3977 3542 4053 profitebantur,

1957 4048 2369 4109 et'orationibus
2392 4054 2591 4107 sedulis
2618 4048 2888 4105 Christum
2913 4048 2976 4101 ad
3001 4049 3083 4102 sui
3106 4050 3463 4102 visitationem
3490 4057 3545 4101 et

1957 4125 2219 4179 castitatis
2246 4124 2674 4178 benedictionem
2705 4121 3034 4184 invitabant;
3065 4119 3154 4171 alii
3176 4119 3407 4172 vicissim
3430 4126 3544 4171 tum

1956 4195 2023 4247 ad
2054 4196 2354 4249 castitatem
2384 4193 2719 4261 conjngalem
2750 4199 2861 4244 tum
2902 4188 2969 4261 ad
3012 4189 3395 4261 continentiam
3426 4203 3545 4261 sese

1958 4266 2300 4318 exercebant.
2356 4257 2568 4331 Ubique
2621 4260 3001 4315 misericordia:
3047 4257 3419 4331 pandebantur
3458 4258 3543 4331 vi:

1957 4350 2108 4389 scera
2140 4333 2358 4403 (Ibid.);
2408 4327 2660 4387 continua
2708 4332 2895 4403 diebus
2934 4344 2997 4383 ac
3051 4329 3296 4403 noctibus
3343 4327 3541 4403 Christi

1959 4397 2170 4459 Domini
2200 4397 2397 4459 nomen
2446 4399 3173 4472 pnedicationeresonabat.
3216 4397 3543 4472 Quotidiano

1957 4485 2223 4529 concentu
2253 4468 2675 4528 sancta—cantica
2714 4468 3078 4538 psallebantur
3105 4468 3542 4538 perfrequentes

1958 4545 2213 4599 ecclesias
2256 4552 2309 4598 et
2340 4541 2663 4596 monasteria
2696 4537 2908 4604 (ΗΜΛ,
2939 4545 2992 4591 et
3019 4537 3330 4592 castissimis
3360 4538 3541 4591 cordi-

1956 4614 2056 4667 bus
2079 4631 2141 4668 ac
2170 4614 2390 4668 vocibus
2426 4628 2544 4666 cum
2577 4612 2626 4663 in
2658 4610 2814 4672 coelo,
2847 4618 2957 4661 tum
2988 4608 3039 4660 in
3066 4614 3230 4671 terra,
3255 4608 3425 4663 sancti
3447 4606 3543 4661 de-

1956 4685 2307 4757 lectabantiir.
2341 4683 2541 4757 Idcirco
2564 4679 2815 4757 Paulinus
2834 4677 2982 4757 addit
3008 4678 3283 4757 apostolos
3313 4675 3538 4746 (Ibid.),

1954 4769 2071 4807 cum
2115 4756 2166 4807 in
2197 4754 2451 4808 Victricio
2496 4750 2826 4819 aptissimum
2870 4747 2972 4801 sibi
3007 4747 3366 4819 diversorium
3378 4762 3542 4819 trepe-

1954 4824 2171 4891 rissent,
2203 4838 2298 4879 eos
2346 4823 2445 4892 ipsi
2475 4816 2595 4875 esse
2633 4826 2976 4892 cooperatos,
3014 4825 3069 4870 et
3112 4816 3541 4892 effectundivino-

1952 4908 2068 4947 rum
2100 4886 2320 4963 operum
2351 4886 2608 4961 probasse
2646 4886 2799 4963 suum
2839 4888 3177 4963 spiritumea
3208 4887 3258 4939 in
3300 4886 3540 4963 Ecclesia

1951 4956 2183 5029 exstare,
2217 4979 2245 5015 a
2270 4956 2371 5032 qua
2400 4963 2633 5030 ipsorum
2665 4956 2890 5032 aberant
2915 4957 3188 5032 reliquiae;
3217 4971 3312 5010 eos
3336 4958 3396 5032 in
3419 4956 3543 5032 filiis

1952 5026 2255 5102 pietatis'ac
2287 5026 2514 5101 justitiae
2543 5028 2916 5102 conquievisse
2947 5026 3158 5102 (Mittit),
3194 5040 3295 5102 eos
3327 5026 3535 5102 .Victri-

1951 5096 2093 5157 cium
2125 5104 2178 5157 in
2209 5096 2457 5157 omnibus
2493 5096 2809 5155 eruditionis
2861 5113 2971 5151 sua:
3014 5097 3134 5151 filiis
3177 5096 3449 5161 dilexisse,
3482 5104 3537 5148 et

1950 5173 2003 5226 in
2036 5174 2151 5242 ipso
2180 5171 2447 5227 Christum
2489 5172 2779 5234 amovisse;
2803 5178 2975 5242 utque
3012 5168 3183 5242 ipsum
3215 5166 3397 5235 gloria:
3424 5180 3537 5242 sua)

1951 5235 2257 5297 consortem
2288 5249 2631 5305 testarentur,
2663 5254 2757 5294 eos
2798 5241 2853 5292 in
2880 5235 3018 5293 illius
3033 5235 3381 5308 potissmium
3409 5235 3536 5308 diu}

1949 5314 2057 5367 cesi
2088 5313 2266 5367 divina
2297 5314 2455 5383 plane
2494 5303 3242 5383 miraculafuisse_operatos.
3268 5306 3449 5383 Itaque

1952 5383 2185 5438 Victricii
2225 5374 2412 5437 studiis
2453 5391 2508 5437 et
2538 5396 2675 5453 cura
2717 5379 2903 5453 (Ibid)
2934 5374 3293 5453 Rotomagus,
3340 5374 3533 5453 vicinis

1949 5461 2074 5507 ante
2127 5454 2434 5521 regionibus
2472 5452 2598 5505 urbs
2642 5445 2789 5523 tenui
2840 5445 3055 5523 nemine
3087 5445 3527 5523 _pervulga_ta‘,hin

1948 5513 2253 5594 longinquis
2295 5524 2470 5594 etiam,
2500 5520 2791 5594 provinciis
2827 5513 3121 5594 nominari:
3156 5513 3531 5594 venerabiliter

1949 5583 2128 5661 «epit,
2151 5583 2216 5647 ἐι
2238 5593 2376 5647 inter
2396 5583 2555 5647 urbes
2582 5590 2805 5647 sacratis
2826 5589 2958 5644 locis
2980 5587 3184 5642 nobiles
3204 5599 3323 5639 cum
3349 5583 3526 5638 divina

1950 5662 2107 5717 laude
2138 5663 2426 5717 numerari.

2023 5733 2075 5786 5.
2126 5732 2234 5787 Nec
2286 5733 2458 5787 solum
2506 5730 2801 5802 pontificali
2850 5727 3109 5802 dignitate
3160 5723 3526 5802 apostolerum

1949 5802 2153 5871 collega
2194 5803 2366 5857 factus
2404 5811 2488 5857 est
2510 5794 2965 5871 'Victricius,__sed
3009 5805 3065 5852 et
3109 5794 3346 5871 ecquod
3377 5794 3525 5848 illum

1951 5866 2434 5941 Deus'spcciosum,
2467 5882 2525 5929 ut
2566 5870 2772 5930 Paulini
2803 5867 2988 5941 (Ibid.,
3018 5885 3073 5922 η.
3103 5866 3161 5939 6)
3192 5866 3367 5924 verbis
3380 5874 3525 5933 utar,
