3990 6182
434 339 538 395 765

1520 331 1860 388 APPENDIX
1895 331 2176 389 OPERUM
2214 332 2271 388 8.
2314 329 2608 387 PAULINI.

3617 329 3716 385 764

435 452 585 509 verbi
605 452 687 508 sui
716 451 906 523 pedem
936 453 1079 515 fecit,
1110 457 1318 523 clarum
1333 447 1601 523 _fulg‘urin
1632 447 2023 523 obscurisante
2052 452 2099 507 Α
2128 445 2390 523 ravimus;
2409 444 2667 523 denique
2699 450 2999 523 postquam
3031 443 3153 523 ejus
3177 445 3419 523 mart’vrii
3458 460 3556 523 seu
3586 462 3719 523 eon-

435 515 742 600 regionibus
764 522 944 600 lumen
974 520 1272 600 accendens
1300 515 1537 600 (Paulini
1561 534 1644 600 eo.
1677 516 1842 597 18,31.
1869 515 1945 585 4),
1970 518 2023 570 in

471 588 671 647 entibus
694 593 998 662 populorum
1014 592 1221 662 remelis
1232 588 1323 658 qui
1340 590 1601 662 sedebant
1615 588 1664 662 i_n
1679 588 1895 662 regione
1910 603 2025 639 um-

471 612 671 647 enuous
694 612 998 662 popinarum
1014 612 1323 658 remousqui
1340 612 1601 644 scucuallt
1615 612 1664 641 Ill
1680 612 1895 653 regium:
1910 612 2022 639 ulu-

436 612 549 717 bra:
577 664 783 725 mortis,
814 662 1008 715 nubem
1031 662 1082 714 in
1100 660 1336 729 pluviam
1360 658 1578 712 uberem
1607 657 1819 729 deserta
1842 657 2022 729 rigan-

438 742 568 796 tem,
594 733 905 799 magistrum
927 725 1232 799 deniqueet
1254 728 1786 799 doctoremgentium
1813 725 2020 799 (Ibid).

440 796 756 855 Diocletiani
787 796 1119 870 temporibus
1156 798 1393 853 Morinos
1424 796 1735 870 et_Nervios_
1756 796 2024 870 iiiADelgio

439 872 585 925 tenui
613 871 721 939 jam
762 864 949 940 Spiritu
981 871 1111 924 fides
1138 870 1382 940 veritatis
1414 867 1690 940 afﬂaverat
1721 864 2027 940 (Ibid.),_at

441 935 719 1010 pastorum
760 935 1082 1008 negligentia
1128 947 1199 1010 et,
1231 939 1494 1010 frequenti
1547 937 1897 1010 barbarorum
1941 935 2023 988 in-

439 1005 597 1065 cursu
631 1005 1017 1082 incrementum
1043 1026 1149 1082 non
1180 1005 1396 1082 fecerat.
1436 1005 1916 1082 Victriei‘umDeus
1937 1020 2029 1073 po-

440 1075 708 1134 tissimum
761 1082 812 1134 in
842 1097 935 1135 vas
975 1080 1253 1134 electionis
1282 1078 1553 1146 excerpsit
1587 1075 1795 1146 (Ibide),
1827 1076 1877 1128 iu
1917 1090 2025 1146 quo

441 1149 799 1205 sanctilicaret
822 1151 929 1204 illic
957 1165 1149 1203 nomen
1178 1163 1330 1202 suum
1352 1165 1365 1211 ;
1396 1144 1462 1201 in
1475 1163 1539 1201 eo
1563 1148 1704 1200 enim
1730 1144 1860 1198 fides
1880 1145 2024 1198 veri-

442 1221 567 1274 tatis
597 1220 766 1289 prima
796 1219 997 1274 refulsit
1037 1219 1269 1289 clarius,
1307 1234 1375 1289 ac)
1408 1217 1627 1289 pmpius
1675 1215 2028 1289 apparuit,_et

442 1282 638 1344 caritas
669 1291 887 1343 incaluit
920 1290 1216 1343 ardentius.
1241 1282 1487 1355 Denique
1513 1282 1605 1340 ubi
1635 1282 2027 1355 quondamde-

442 1369 584 1413 serta
623 1360 877 1413 silvarum
905 1375 967 1413 ac
998 1359 1234 1412 littorum
1266 1353 1468 1427 pariter
1507 1357 1675 1409 intuta
1714 1356 1839 1427 loca
1867 1353 2028 1408 adve-

444 1446 525 1485 na:
562 1429 774 1482 barbari
805 1445 869 1483 ac
911 1430 1146 1483 latrones
1193 1426 1379 1482 ineola:
1423 1426 1857 1493 frequentabant,
1900 1435 2027 1477 tunc

443 1500 780 1553 venerabiles
809 1508 863 1552 et
906 1499 1131 1566 angelici
1172 1507 1478 1552 sanctorum
1509 1496 1688 1566 chori,
1717 1495 2025 1566 urbes,iop-

444 1570 587 1638 pida,
640 1570 845 1633 insulze,
897 1564 1064 1630 silvae,
1109 1568 1434 1638 monasteria
1473 1574 1535 1638 ret
1580 1565 1822 1638 ecclesia:
1870 1564 2027 1638 plebe

444 1634 765 1702 iuunerosm,
789 1654 921 1706 pace
950 1653 1188 1693 consona
1228 1636 1434 1691 divinas
1472 1634 1656 1706 laudes
1684 1634 2028 1706 celebrabant

476 1706 636 1772 Ibid.,
663 1726 716 1761 η.
749 1704 824 1776 4).
856 1708 911 1761 1η
949 1724 1162 1760 omnem
1189 1716 1386 1776 terram
1414 1721 1579 1759 sonus
1608 1704 1724 1773 ejus
1757 1704 1941 1770 exivit,
1973 1711 2029 1757 et

493 1778 543 1831 ei
574 1793 768 1832 nomen
794 1776 1183 1833 sanctiﬁcatum
1211 1784 1293 1830 est
1319 1775 1532 1845 (Ibid.).

1061 1866 1290 1922 CAPUT
1329 1865 1416 1919 lll.

445 1967 527 2021 Ad
566 1965 859 2020 Victricium
884 1966 1061 2019 scribit
1094 1963 1363 2017 Paulinus.
1396 1962 1680 2015 Accusatur
1706 1961 1769 2013 de
1796 1959 1901 2029 [ide
1934 1957 2031 2011 Vi-

550 2037 776 2089 ctricius.
810 2034 1030 2088 Romam
1066 2036 1221 2099 venit,
1253 2042 1303 2086 et
1326 2031 1503 2086 scribit
1533 2032 1602 2085 ad
1624 2031 1925 2085 Paulinum.

518 2128 683 2207 ’1βο
843 2124 1199 2207 Probabiliter
1254 2124 1538 2207 admodum
1587 2124 1709 2207 jam.
1750 2123 2035 2203 episcopus

518 2140 683 2207 730
736 2140 785 2181 1.
844 2140 1199 2206 Pronamuter
1254 2140 1538 2205 admodum
1587 2140 1698 2247 j‘arn
1750 2140 2033 2203 episcopus

447 2197 758 2267 pnndicavit
806 2198 858 2250 in
903 2197 1223 2267 supradictis
1250 2195 1558 2267 regionibus
1646 2201 1899 2267 tctt‘lCIUS_,
1933 2208 2033 2245 no-

446 2262 665 2321 vissime
693 2267 835 2320 enim
864 2268 931 2321 de
962 2262 1052 2320 illo
1093 2266 1334 2319 audierat
1371 2263 1624 2317 Paulinus
1656 2279 1779 2317 cum
1814 2262 1882 2315 ad
1910 2277 2034 2315 eum

446 2337 655 2391 litteras
681 2337 827 2391 dedit
857 2353 998 2389 anno
1027 2335 1151 2389 590.
1196 2335 1319 2389 Haec
1348 2343 1472 2389 nota
1506 2334 1579 2387 illi
1615 2332 1812 2387 fecerat
1841 2330 2037 2402 Tychi-

447 2422 541 2461 cus
566 2405 801 2477 (Paulini
830 2424 912 2476 ep.
1064 2423 1116 2458 η.
1152 2404 1227 2477 4),
1266 2420 1427 2477 quem
1456 2402 1513 2457 S.
1550 2402 1788 2477 Yiqtricii
1817 2402 2036 2477 carissi-

448 2471 596 2530 mqu
627 2476 843 2529 fratrem
858 2471 918 2529 'et
950 2474 1159 2528 ﬁdelem
1185 2476 1234 2527 iu
1268 2474 1494 2527 Domino
1523 2472 1823 2525 ministrum
1853 2471 2038 2540 appel-

448 2546 523 2599 lat
548 2563 561 2609 ;
596 2555 650 2599 et
680 2556 805 2599 tunc
834 2545 965 2599 luxit
994 2543 1248 2597 Paulinus
1279 2542 1465 2611 (Ibid.,
1492 2559 1545 2595 n.
1576 2542 1631 2608 9)
1660 2542 2037 2611 negligentiam

450 2615 776 2669 infelicitatis
803 2630 912 2668 sua:
941 2615 1084 2684 quod
1125 2613 1364 2667 Victricii
1401 2613 1741 2684 sanctitatem
1772 2627 1877 2666 non
1907 2612 2039 2684 satis

452 2685 760 2751 agnovisset
788 2693 843 2739 et
871 2681 1155 2738 veneratus
1184 2683 1369 2737 fuisset
1412 2698 1535 2737 cum
1568 2682 1781 2735 Vienna:
1811 2682 1951 2750 apud
1977 2681 2035 2736 S.

450 2752 737 2809 Martinum
767 2755 891 2809 olim
922 2770 1044 2809 eum
1073 2753 1303 2817 viderat,
1350 2762 1405 2806 et
1434 2753 1575 2805 illius
1620 2753 1899 2807 cicatrices
1931 2767 2039 2806 non

451 2824 744 2879 lainhisset.
778 2824 856 2878 Ad
897 2841 1017 2879 eum
1066 2823 1332 2878 scribendi
1376 2823 1650 2891 quaerebat
1695 2823 2039 2877 occasionem

452 2892 640 2965 (lbid.,
681 2911 734 2947 n.
770 2895 843 2965 1),
875 2911 977 2953 nec
1020 2894 1265 2965 dabatur,
1314 2892 1485 2947 donec
1511 2892 1654 2965 quod
1676 2893 1907 2965 __optanti
1938 2892 2039 2965 ali--

452 2962 667 3029 Quando
696 2962 811 3019 non
852 2968 1171 3032 contigerat,
1222 2964 1273 3017 id
1302 2962 1594 3031 insperanti
1645 2962 1744 3015 sibi
1792 2962 2040 3031 provenit

452 3032 638 3103 Bromie
692 3049 801 3103 quo
854 3043 1155 3089 accesserat
1206 3032 1497 3094 Paulinus;
1551 3033 1869 3103 nec_niulto
1918 3040 2040 3101 post

456 3100 646 3174 (Ibid.,
681 3100 734 3158 ri.
758 3104 812 3172 5)
837 3121 959 3159 cum
983 3106 1213 3174 quodam
1252 3104 1636 3174 catechumeuo
1670 3100 1805 3174 Urso
1820 3100 2041 3156 concur-

2129 515 2375 568 lessionis
2404 513 2577 567 texuit
2615 511 2895 567 historiam
2929 511 3176 581 (Ep.'i8,
3220 530 3272 566 η.
3316 511 3348 565 6
3377 523 3425 567 et
3458 515 3535 579 7).
3584 516 3722 571 illius

2125 584 2340 637 videndi
2365 598 2574 637 summo
2596 598 2653 636 se
2675 584 2845 636 teneri
2870 582 3425 653 desiderioisignilicat
3447 585 3640 653 (Ibid.,
3668 606 3719 640 η.

2126 654 2202 723 8).
2233 653 2372 707 Nihil
2402 653 2455 706 in
2486 668 2548 706 ea
2594 661 2983 723 commemorat
3024 652 3091 705 de
3130 652 3371 723 Victricii
3418 652 3488 708 ad
3523 654 3723 711 Urbem

2126 720 2453 785 aecessione,
2476 737 2635 790 quam
2662 739 2803 777 anno
2825 721 2927 775 401
2948 720 3142 777 factam
3168 721 3327 777 fuisse
3349 740 3477 779 mox
3498 726 3725 781 demon-

2128 794 2434 847 strabimus.

2203 865 2357 932 78]
2402 862 2453 915 2.
2497 860 2775 916 Exstincto
2804 860 3001 915 Alarici
3024 860 3189 932 bello,
3220 861 3491 918 Honorius
3522 866 3726 922 ultimis

2131 931 2385 1005 ann_i7405
2407 933 2592 1005 diebus
2617 932 2840 1005 Romam
2864 932 3011 1005 venit
3036 931 3315 1005 (Prudent.
3343 935 3394 985 in
3414 933 3721 1005 Symmach.

2133 1014 2182 1056 et
2212 1002 2487 1075 Claudian.
2512 1003 2564 1053 in
2588 1003 2803 1075 poeni),
2819 1002 3126 1075 _uhisaltem
3149 1002 3213 1055 ad
3228 1002 3543 1075 vigesimum
3567 1009 3726 1075 quin-

2135 1081 2246 1127 tum
2273 1071 2397 1125 Julii
2428 1073 2569 1124 diem
2589 1069 2712 1124 anni
2737 1069 2839 1124 4υῶ
2854 1080 3219 1125 commoratus
3240 1082 3339 1126 est.
3365 1071 3568 1131 Eodem
3586 1069 3727 1131 'tem-

2132 1158 2265 1212 pore
2294 1142 2577 1197 Victricius
2598 1141 3009 1210 Rotomagensis
3039 1141 3164 1195 illuc
3190 1158 3247 1196 se
3276 1146 3525 1211 contulit,
3558 1156 3616 1200 et
3642 1150 3722 1201 vi-

2128 1213 2207 1285 dit
2230 1212 2341 1285 ipse
2367 1212 2584 1285 quantis
2610 1212 2878 1285 laboribus
2906 1220 2960 1265 et
2987 1219 3188 1285 quanto
3210 1213 3571 1285 studiollom.
3597 1232 3724 1285 pon-

2129 1282 2259 1335 tifex
2289 1282 2632 1335 Innocentius
2661 1283 3037 1350 imperatorem
3066 1282 3435 1337 sollicitaverit
3457 1301 3523 1339 ne
3549 1282 3722 1341 eccle-

2129 1354 2373 1422 εῆειδιίςοδ
2397 1352 2540 1406 viros
2569 1351 2633 1422 ad
2656 1366 2821 1422 onera
2852 1359 2905 1405 et
2934 1366 3155 1422 munera
3179 1352 3351 1405 civilia
3384 1356 3722 1422 pertraheret

2132 1421 2255 1495 (Ep.
2280 1420 2521 1495 ilnnoc.
2556 1421 2623 1473 ad
2657 1420 2903 1495 Victr.,ec.
3070 1419 3144 1495 De
3172 1419 3533 1495 hacyic'tricii
3563 1442 3721 1495 pere-

2129 1490 2431 1559 grinatione
2463 1492 2689 1563 Romam
2721 1492 2959 1563 loquitur
2986 1491 3235 1563 Paulinus
3266 1490 3598 1563 (Paulini
3626 1496 3715 1561 57,

2131 1580 2184 1615 n.
2236 1563 2331 1631 1);
2364 1562 2609 1631 Speravit
2650 1562 2792 1613 enim
2828 1562 3155 1631 Victricium,
3188 1563 3278 1629 qui
3310 1578 3406 1631 per
3435 1562 3583 1617 tanta
3617 1576 3723 1621 ter-

2131 1648 2330 1705 rarum
2364 1630 2890 1705 spatiauliotomago
2936 1630 3163 1684 Romam
3213 1630 3434 1705 venerat
3478 1634 3719 1705 (Ibid.):

2130 1700 2279 1754 brevi
2320 1699 2510 1754 itinere
2539 1699 2726 1753 Nolam
2758 1699 2843 1753 ad,
2868 1716 2926 1755 se
2970 1711 3269 1766 venturum,
3303 1704 3392 1770 qui
3443 1699 3567 1758 cum
3612 1699 3721 1761 non

2137 1772 2391 1835 venisset,
2422 1769 2619 1824 fatetur
2642 1770 2895 1826 Paulinus
2923 1771 3081 1838 hujus
3119 1787 3177 1825 se
3222 1769 3346 1826 boni
3382 1772 3583 1829 damno
3614 1793 3722 1830 non

2063 1814 2110 1874 Β
2138 1842 2300 1895 modo
2336 1814 2733 1902 contristalum,
2767 1856 2952 1895 verum
2993 1814 3155 1895 etiam
3204 1841 3483 1897 confusum
3527 1844 3721 1911 fuisse;

2137 1926 2311 1979 neque
2334 1927 2565 1979 unquam
2583 1911 2683 1965 sibi
2710 1911 2810 1979 ipsi
2832 1912 3020 1978 magis,
3046 1927 3219 1979 neque
3249 1913 3366 1967 aliis
3386 1914 3725 1970 manifestata

2135 1980 2301 2035 fuisse
2329 1991 2550 2049 peccata
2580 1997 2696 2044 sua,
2728 1996 2885 2048 quam
2917 1997 3036 2035 cum
3058 1980 3150 2033 Dei
3176 1998 3368 2036 manus
3392 1998 3513 2051 qua:
3528 1984 3727 2039 Victri-

2136 2052 2276 2121 cium
2308 2059 2415 2103 tam
2448 2052 2604 2118 longe
2634 2051 2988 2121 perduxerat,
3022 2052 3240 2119 propius
3283 2054 3348 2105 ad
3376 2054 3550 2121 ipsum
3579 2070 3727 2110 acce-

2136 2120 2264 2174 dere
2284 2137 2391 2174 non
2412 2122 2669 2189 permisit.
2695 2120 2813 2187 Quo
2829 2122 3054 2175 consilio
3077 2121 3215 2174 hanc
3237 2120 3723 2190 peregrinationem

2138 2193 2437 2260 susceperit
2463 2191 2745 2245 Victricius
2774 2207 2880 2244 non
2909 2192 3067 2260 plane
3096 2192 3439 2260 perspicuum
3486 2203 3589 2255 est,
3623 2197 3723 2249 uisi

2138 2261 2524 2314 malevolorum
2568 2261 2759 2327 linguis
2802 2262 3147 2315 mendacibus
3176 2261 3291 2328 ejus
3337 2264 3613 2317 sanctitati
3645 2266 3727 2319 in-

2138 2331 2443 2385 videntibus
2468 2347 2534 2384 eo
2576 2340 2903 2401 pertractum
2931 2331 3169 2384 dicamus
3202 2330 3387 2397 (Ibid.,
3417 2350 3471 2385 η.
3504 2332 3582 2401 4).
3617 2336 3723 2389 Ac-

2139 2409 2357 2475 cusatus
2389 2401 2550 2475 fuisse
2591 2401 2814 2475 ‘videtur
2844 2400 3047 2468 (Ibid.,
3091 2418 3144 2454 n.
3194 2402 3243 2475 ti,
3278 2402 3330 2475 7_,
3375 2413 3424 2455 et
3452 2400 3633 2475 Chifﬂ.
3666 2423 3719 2474 p.

2140 2470 2273 2540 177)
2313 2471 2455 2539 quod
2487 2470 2554 2524 de
2585 2468 2689 2523 fide
2707 2488 2817 2525 non
2844 2479 2990 2525 recte
3016 2472 3263 2538 senserit,
3286 2473 3353 2526 de
3376 2488 3481 2540 qua
3508 2468 3628 2527 cuin
3659 2468 3726 2528 ad

2138 2556 2261 2596 eum
2291 2542 2549 2612 scriberet
2577 2540 2852 2612 Paulinus,
2885 2541 3042 2612 tidem
3074 2542 3147 2612 illi
3176 2542 3495 2597 catholicam
3539 2546 3727 2612 pneci-

2139 2626 2245 2681 pue
2287 2611 2354 2665 de
2389 2612 2657 2681 mysteriis
2707 2611 2985 2681 Trinitatis
3030 2620 3085 2665 et
3132 2611 3727 2680 locarnationis’longo

2140 2680 2391 2735 sermone
2432 2680 2654 2750 exponit
2685 2680 2939 2750 (Paulini
2968 2698 3048 2750 ep.
3090 2681 3188 2745 '57,
3224 2697 3276 2734 n.
3321 2682 3354 2735 5
3382 2692 3430 2735 et
3460 2684 3494 2735 6
3516 2687 3557 2751 ).
3589 2685 3728 2739 Deus

2139 2767 2269 2806 vero
2292 2751 2393 2804 hac
2431 2768 2553 2804 eum
2583 2751 2723 2805 allici
2744 2767 2957 2821 passus
2997 2760 3081 2806 est
3110 2750 3299 2820 injuria
3333 2750 3538 2819 (Ibid.,
3561 2772 3613 2806 ιι.
3650 2755 3726 2821 7),

2142 2830 2199 2875 ut
2228 2821 2483 2889 gauderet
2513 2836 2698 2875 rursus
2724 2820 2791 2875 de
2818 2822 3061 2886 victoria,
3092 2831 3149 2875 et
3186 2822 3481 2877 donaretur
3525 2820 3725 2878 corona

2140 2892 2231 3013 qui
2278 2892 2454 2945 victor
2481 2891 2814 2945 discessisset
2842 2906 2872 2945 e
2900 2906 3098 2960 pugna,
3124 2892 3281 2960 eique
3326 2890 3623 2947 secundum
3667 2894 3726 2948 Β.

2187 2961 2367 3013 aulum
2398 2960 2585 3013 liceret
2612 2960 2789 3013 dicere
2818 2974 3061 3013 pugnare
3089 2977 3147 3013 se
3169 2976 3199 3013 a
3225 2962 3428 3013 dextris
3457 2971 3511 3013 et
3542 2980 3571 3013 ιι
3602 2964 3726 3013 sini-

2187 2961 2367 3015 aulum
2398 2960 2585 3015 liceret
2612 2960 2789 3015 dicere
2818 2974 3061 3030 pugnare
3089 2977 3147 3016 se
3169 2976 3199 3015 a
3225 2962 3428 3017 dextris
3457 2971 3511 3017 et
3542 2980 3571 3015 a
3602 2964 3728 3017 sini-

2141 3032 2268 3086 stris
2296 3046 2393 3101 per
2434 3046 2581 3084 arma
2617 3031 2837 3099 justitite
2868 3031 3088 3101 (Ibid.),
3139 3044 3237 3101 per
3286 3033 3633 3101 ignominiam
3678 3042 3730 3088 et

2141 3102 2339 3156 bonam
2373 3100 2587 3165 famam,
2611 3117 2708 3171 per
2733 3100 2959 3169 gloriam
3008 3110 3063 3157 et
3100 3100 3521 3170 ignobilitatem;
3557 3118 3731 3172 neque

452 3171 524 3250 rit
553 3182 618 3250 et_
632 3173 949 3250 Paschasius
978 3171 1034 3227 S.
1065 3174 1308 3250 Victricii
1331 3173 1739 3250 Rotomagensis
1758 3173 2037 3250 diaconus,
2068 3188 2112 3250 ρ
2142 3172 2285 3250 enim
2331 3171 2629 3250 linguarum
2664 3172 2967 3250 iniquarum
2993 3172 3279 3250 sagittaain
3310 3188 3539 3241 corpore
3568 3171 3730 3227 armis

454 3241 507 3296 in
536 3243 686 3311 cujus
725 3244 1055 3297 humanitate
1083 3252 1138 3296 et
1176 3245 1345 3311 gratia
1380 3242 1529 3309 quasi
1570 3241 1830 3309 quasdam
1869 3241 2036 3294 virtu-

455 3320 569 3365 tum
598 3313 997 3380 gratiarunique
1038 3313 1095 3367 S.
1139 3312 1377 3367 Victricii
1420 3312 1587 3364 lineas
1632 3312 1777 3365 velut
1822 3311 2042 3380 speculo

455 3382 714 3435 reddente
742 3398 799 3437 se
832 3383 1111 3449 collegisse
1138 3381 1554 3452 dicitPaulinus
1579 3380 1767 3452 (Ibid.,
1812 3398 1870 3452 η.
1910 3380 2039 3450 10);

455 3466 616 3518 quem
657 3460 711 3505 et
743 3452 1091 3507 institutionis
1129 3451 1366 3506 Victricii
1406 3450 1718 3519 discipulum
1744 3459 1798 3504 et
1825 3451 1924 3504 via:
1952 3466 2041 3504 co-

457 3522 640 3575 mitem
671 3523 934 3577 modestia
962 3538 1193 3585 morum,
1234 3522 1410 3576 cordis
1452 3521 1744 3583 humilitas,
1790 3535 2043 3574 mansue—

458 3590 587 3644 tudo
612 3592 849 3660 spiritus,
880 3594 1180 3648 constantia
1207 3592 1260 3646 in
1284 3592 1385 3645 lide
1415 3592 1669 3653 veritatis.
1708 3598 1762 3645 et
1791 3605 1968 3660 sermo
1991 3591 2043 3644 in

457 3659 707 3715 omnibus
735 3664 847 3717 sale
875 3664 1123 3718 conditus
1143 3701 1158 3730 ,
1189 3662 1492 3733 probabant
1522 3660 1713 3730 (Ibid.,
1745 3677 1798 3733 ῃ.
1832 3660 1905 3729 1).
1938 3659 2046 3713 Ita-

456 3746 561 3800 que
589 3746 711 3786 eum
742 3743 933 3802 praeter
961 3731 1434 3801 gratiam'fraterni
1462 3732 1515 3785 in
1546 3747 1699 3785 sacro
1728 3731 2045 3785 diaconatus

457 3802 758 3856 ministerio
786 3804 1124 3859 contubernii
1162 3820 1228 3859 eo
1262 3802 1621 3869 venerabilius
1656 3802 2044 3868 amabiliusque

455 3873 691 3941 suscepit
721 3870 970 3928 Paulinus
1002 3874 1216 3943 (Ibid.),
1246 3874 1389 3941 quod
1414 3873 1493 3943 de
1525 3872 1761 3943 V’ictrjcii
1785 3872 2045 3943 clero,__et

455 3939 700 4011 corpore.
725 3951 780 3997 et
807 3946 994 4012 spiritu
1010 3939 1335 3998 'essetL'Nec
1374 3942 1521 3995 illum
1564 3957 1631 3995 ex
1656 3940 1807 4012 _Urbe
1846 3940 1912 4012 ad
1950 3939 2043 4012 Vi-

453 4008 697 4082 ctricium
720 4008 896 4068 redire
917 4015 1220 4082 cupientem
1245 4028 1432 4081 passus
1446 4020 1527 4065 est
1542 4010 1810 4082 proficisci
1830 4008 2039 4082 (Ibid),

452 4081 548 4134 sed
577 4083 806 4150 quadam
835 4079 1074 4136 caritatis
1101 4079 1359 4136 violentia
1388 4096 1510 4134 eum
1541 4079 2039 4150 Nolamperduxjt;

453 4158 513 4203 ut
539 4147 739 4204 diutius
767 4167 862 4220 per
882 4154 1023 4206 illius
1050 4153 1387 4220 pnnseutiam
1428 4150 1580 4220 quasi
1610 4147 1840 4218 quadam
1868 4148 1924 4202 S.
1952 4147 2043 4202 \‘i-

452 4220 626 4274 ctricii
662 4218 846 4287 gratiae
893 4218 1143 4290 portione
1182 4218 1469 4273 frueretur.
1509 4218 1654 4273 lllius
1694 4226 1871 4272 tamen
1910 4235 2044 4290 con-

453 4290 773 4358 versationis
811 4288 917 4344 non
963 4290 1291 4344 mediocrem
1332 4290 1756 4344 consolationem
1809 4288 2042 4358 perdidit

455 4356 708 4413 Paulinus
741 4360 830 4426 qui
861 4368 988 4415 tunc
1018 4360 1275 4427 temporis
1313 4360 1514 4414 carnali
1559 4356 1873 4426 {egritudine
1900 4358 2039 4412 allii-

452 4436 573 4500 etus
593 4438 681 4500 _est
710 4428 898 4500 (Ibid.,
920 4448 973 4484 n.
998 4430 1075 4500 ἓ).
1109 4430 1292 4499 Neque
1322 4445 1448 4484 vero
1476 4430 1527 4482 iu
1561 4428 1870 4483 infirmitate
1897 4427 2039 4481 Pau-

452 4497 546 4551 lini
575 4497 855 4554 dumtaxat
888 4497 1218 4556 Paschasius
1233 4500 1621 4555 contribulatus
1649 4507 1704 4553 et
1730 4514 2042 4567 compassus

2149 3242 2241 3296 Dei
2273 3241 2582 3309 potentibus
2608 3250 2763 3310 septo
2792 3242 2967 3296 locum
3010 3244 3263 3305 vulneris,
3299 3258 3473 3311 neque
3518 3256 3727 3297 naevum

2144 3312 2199 3365 in
2223 3312 2422 3382 lumine
2438 3321 2726 3382 potuerunt
2748 3312 2986 3366 invenire
3018 3311 3203 3381 (Ibid..
3237 3330 3290 3366 n.
3314 3313 3368 3380 4)
3396 3331 3408 3365 :
3438 3313 3559 3382 quis
3590 3314 3729 3366 enim

2143 3381 2433 3453 dubitetiin
2464 3381 2580 3453 ejus
2610 3384 2799 3451 spiritu
2831 3383 3252 3453 elidemveritatis
3273 3381 3513 3437 habitare
3538 3382 3730 3453 (Ibid.,

2144 3468 2197 3505 η.
2234 3450 2325 3521 7),
2359 3452 2410 3505 in
2440 3452 2591 3519 cujus
2621 3450 2724 3505 vita
2758 3452 2905 3505 videt
2935 3451 3055 3506 fidei
3078 3462 3290 3507 exstare
3320 3450 3594 3507 virtutem.
3626 3454 3732 3507 Nec

2143 3522 2425 3594 quisquam
2464 3521 2515 3575 in
2559 3537 2626 3575 eo
2664 3522 2916 3594 confusus
2944 3532 3025 3594 est
3065 3523 3207 3594 quod
3252 3523 3451 3578 rectius
3499 3524 3568 3577 de
3617 3524 3732 3594 ipso

2144 3592 2393 3651 senserit.
2417 3600 2472 3646 et
2499 3606 2638 3645 nova
2669 3592 2784 3646 hmc
2810 3608 2937 3646 vere
2958 3592 3078 3646 fidei
3104 3594 3288 3662 ipsius.
3322 3608 3532 3647 necnon
3559 3592 3729 3647 virtu-

2144 3662 2214 3715 tis
2258 3662 2505 3731 probatio
2565 3662 2748 3715 multis
2803 3663 2855 3715 in
2903 3662 3201 3731 profectum
3257 3662 3535 3731 Evangelii
3584 3665 3733 3718 venit

2144 3729 2354 3803 (Ibid.).
2385 3730 2498 3796 Qua
2521 3731 2587 3785 de
2618 3746 2777 3785 causa
2808 3729 3035 3786 Romam
3078 3735 3287 3787 venerit
3317 3729 3607 3788 Victricius
3634 3749 3731 3803 pa-

2144 3802 2249 3856 lam
2274 3816 2381 3853 non
2420 3810 2532 3865 est;
2574 3816 2673 3855 nec
2695 3803 2822 3856 satis
2850 3811 3081 3865 constat,
3114 3813 3171 3856 ut
3214 3803 3327 3871 jam
3372 3802 3732 3865 diximus.’an

2144 3886 2211 3926 eo
2240 3871 2544 3942 iniquorum
2576 3872 3036 3926 criminationibus
3064 3871 3224 3927 fuerit
3250 3883 3574 3942 pertractus.
3606 3872 3733 3929 Utut

2143 3942 2233 4007 sit,
2266 3941 2335 3995 ibi
2366 3950 2512 3995 certe
2556 3942 2608 3994 in
2641 3956 2736 3995 ore
2764 3943 3001 3996 omnium
3031 3955 3152 3997 cum
3181 3941 3439 3998 doctrina:
3469 3953 3581 3998 tum
3624 3945 3733 3996 vir-

2144 4012 2276 4065 tutis
2304 4009 2420 4082 ejus
2449 4011 2563 4064 laus
2592 4012 2799 4065 exstitit
2837 4014 3099 4075 maxima:
3142 4015 3323 4082 paucis
3370 4015 3511 4068 enim
3563 4015 3732 4067 inter-

2137 4082 2294 4153 jectis
2322 4081 2698 4153 diebusmissa
2726 4082 2795 4153 ad
2829 4097 2951 4135 eum
2993 4081 3221 4153 epistola
3269 4084 3451 4137 laudat
3487 4082 3730 4153 pontifex

2142 4151 2486 4205 Innocentius
2508 4149 2631 4220 (Ep.
2660 4149 2695 4202 ‘2
2717 4149 2925 4217 Iunoc.)
2949 4149 3095 4221 quod
3125 4150 3176 4206 in
3206 4149 3504 4207 directione
3530 4153 3733 4207 doctri-

2144 4238 2246 4286 nte,
2279 4222 2331 4273 in
2383 4222 2578 4274 virtute
2607 4223 3055 4287 conversationis,
3090 4231 3145 4276 et
3188 4224 3241 4277 in
3272 4224 3498 4278 aliorum
3528 4223 3599 4276 ad
3628 4222 3723 4277 Ec-

2142 4291 2319 4346 clesia:
2344 4306 2587 4345 normam
2618 4291 2954 4346 institutione
2983 4292 3193 4347 laudem
3218 4294 3327 4347 veri
3350 4293 3593 4362 episcopi
3615 4293 3736 4347 ade-

2143 4370 2267 4431 ptus
2293 4362 2388 4425 sit;
2439 4372 2613 4429 neque
2655 4362 2947 4431 quidquam
2974 4363 3025 4416 in
3066 4362 3181 4431 ejus
3206 4364 3453 4418 doctrina
3484 4362 3731 4417 animad-

2140 4431 2474 4501 vertitiquod
2503 4447 2623 4485 cum
2650 4431 2819 4486 sacris
2847 4432 3053 4501 paginis
3081 4450 3186 4487 non
3210 4434 3558 4487 consentiret.

2213 4501 2265 4553 3.
2301 4500 2423 4570 Non
2445 4501 2614 4570 multo
2642 4510 2766 4570 post
2793 4500 3023 4556 reditum
3063 4503 3180 4570 ejus
3200 4503 3559 4566 Rotomagum
3587 4502 3735 4555 misit

452 4569 689 4640 e_st;Ased
708 4580 763 4624 et
788 4571 840 4624 in
869 4570 1006 4637 Ursi,
1038 4586 1199 4640 quem
1237 4570 1557 4640 indivulsum
1587 4584 1695 4640 sua:
1732 4545 2041 4637 pere'grina-
2071 4545 2117 4604 θ
2144 4571 2196 4640 in
2218 4569 2421 4623 Italiam
2452 4545 2841 4625 Candithanum
2863 4573 2949 4625 cui
2993 4545 3210 4627 brevem
3240 4572 3308 4626 ad
3332 4545 3614 4626 Pau'iinum
3638 4572 3733 4625 de-

452 4636 614 4709 tionis
641 4641 892 4695 comitem
936 4636 1216 4707 habuerat,
1266 4639 1581 4709 gravissimo
1618 4636 1877 4706 languore
1916 4653 2044 4692 con-

452 4706 622 4781 fectus
651 4719 752 4772 est,
796 4711 849 4765 in
896 4728 1004 4781 quo
1048 4706 1298 4765 Paulinus
1348 4726 1407 4765 se
1455 4709 1791 4781 perspexisse
1844 4709 2040 4781 asserit

450 4777 608 4859 fidem
638 4788 692 4833 et
722 4776 1001 4859 caritatem
1021 4782 1094 4859 “in
1126 4781 1353 4859 Domino
1383 4776 1605 4859 plenam
1640 4777 1826 4859 (μίαν
1859 4794 1914 4831 n.
1956 4776 2034 4846 ὅ).

451 4845 689 4903 Tandem
724 4850 907 4905 labore
928 4868 993 4906 ac
1015 4850 1117 4905 fide
1146 4845 1435 4911 Paschasii.
1464 4863 1623 4917 quem
1649 4845 1912 4902 Dominus
1941 4862 2037 4901 ex-

450 4918 613 5040 periri
642 4920 810 4973 voluit
837 4922 1130 4989 potentiam
1153 4921 1291 4989 apud
1317 4935 1377 4974 se
1401 4919 1573 4974 sancti
1601 4919 1683 4972 sui
1711 4918 2037 4973 confessoris

477 4987 661 5040 ‘elicis.
693 4988 859 5040 Ursus
890 5005 1057 5040 usnue
1097 4990 1166 5040 ad
1196 4997 1422 5040 mortem
1471 4988 1767 5040 infirmatus
1792 4988 1859 5040 de
1887 4988 2032 5040 neri-

477 4987 661 5060 I‘elicis,
693 4987 859 5044 Ursus
890 5005 1057 5060 usque
1097 4990 1166 5043 ad
1192 4987 1422 5060 mortem
1453 4988 1767 5060 infirmatus
1792 4988 1859 5060 de
1887 4988 2032 5056 peri-

450 5058 571 5128 culo
599 5060 800 5113 invenit
828 5058 1075 5125 salutem,
1106 5068 1161 5113 et
1189 5075 1284 5128 per
1313 5058 1580 5113 Paschasii
1603 5058 1812 5113 diaconi
1844 5073 2032 5113 manus

449 5126 662 5199 Christo
691 5131 923 5199 genitus,
966 5131 1017 5183 in
1048 5126 1243 5184 lectulo
1285 5130 1586 5199 baptizatus
1612 5137 1694 5183 cst
1725 5128 1934 5198 (Ibid.),
1971 5128 2033 5199 li-

448 5205 537 5251 cet
561 5198 771 5253 adesset
792 5197 1140 5254 S.<Paulinus
1174 5200 1285 5269 jam
1309 5197 1613 5269 presbyter,
1653 5207 1707 5252 et
1737 5199 1914 5269 plures
1942 5198 2034 5252 alii

448 5270 748 5336 potuissent
770 5278 969 5341 pnesto
994 5284 1112 5327 esse
1141 5266 1456 5341 presbyteri.
1470 5266 1833 5341 'Cum_autem
1852 5266 2034 5341 Ursus

448 5353 576 5392 sana
607 5346 662 5393 et
702 5336 917 5394 robusta
947 5347 1092 5395 esset
1137 5336 1460 5405 valetudine,
1514 5348 1568 5393 et
1616 5336 1930 5393 Paschasius
1968 5338 2035 5392 ad

448 5407 759 5464 Victrieium
789 5410 1025 5489 reditum
1063 5410 1440 5491 meditaretur,
1479 5424 1583 5531 per
1616 5409 1793 5491 ipsum
1824 5407 1892 5489 1.8
1928 5408 2036 5477 epi-

448 5479 640 5531 stolam
663 5496 813 5531 suam
843 5481 907 5531 ad
938 5480 1249 5531 Victricmm
1297 5480 1442 5531 dedit
1524 5480 1734 5531 aulinus
1756 5477 1942 5531 lIbid..
1975 5494 2029 5530 η.

446 5479 640 5532 stolam
663 5496 813 5535 suam
843 5481 907 5534 ad
938 5480 1249 5535 Victricium
1297 5480 1442 5534 dedit
1479 5477 1734 5533 Paulinus
1756 5477 1942 5545 (Ibid.,
1975 5494 2029 5530 η.

450 5547 523 5613 1),
555 5550 606 5602 in
637 5566 743 5620 qua
775 5567 894 5606 cum
919 5550 1263 5605 Paschasium
1292 5550 1491 5605 diutius
1512 5547 1655 5620 apud
1678 5564 1736 5603 se
1762 5556 2034 5620 retentum

446 5618 777 5691 excusasset,
810 5621 878 5675 de
916 5620 1135 5691 Morinis
1164 5629 1218 5691 et
1246 5620 1455 5691 Nerviis
1485 5618 1672 5691 (Ibid.,
1706 5636 1759 5672 η.
1792 5618 1873 5691 4),
1898 5632 2035 5691 quos

445 5702 542 5766 per
562 5687 906 5759 Evangelium
928 5690 1141 5766 _Christo
1163 5690 1443 5766 Vi_ctricius
1464 5686 1741 5766 genuerat:
1766 5686 1926 5743 verba
1957 5686 2035 5740 fa-

445 5757 570 5829 _cjt._
605 5769 661 5829 et
714 5757 1164 5827 quemadmodum
1213 5757 1663 5829 Rotomagensem
1711 5757 2035 5829 formaverat

446 5819 747 5884 Ecclesiam'
774 5829 961 5900 (Ibid,
988 5848 1039 5887 η.
1074 5830 1155 5904 5),
1177 5840 1235 5890 ut
1262 5846 1424 5901 supra
1444 5819 1605 5905 (Cap.
1629 5828 1681 5897 εὶ,
1716 5845 1765 5883 η.
1792 5826 1847 5898 2)
1879 5842 2035 5883 euar—
2056 5906 2101 5913 ἡ

2141 4636 2220 4713 dit
2248 4640 2808 4713 epi_stolamr(Paulini_
2834 4658 2914 4710 ep.
2943 4642 3028 4706 57,
3056 4658 3110 4713 n.
3138 4641 3221 4713 1),
3254 4658 3415 4711 quam
3447 4643 3560 4713 ipse
3590 4640 3734 4713 Pau-

2143 4710 2284 4764 linus
2328 4710 2867 4781 incredibiliﬂgaudio
2896 4712 3141 4781 accepit;
3181 4710 3417 4781 quaeque
3446 4710 3733 4781 pristinum

2141 4780 2579 4851 dolorem,iquod
2600 4779 2907 4851 iVietricius
2935 4781 3000 4835 ad
3028 4779 3342 4851 ipsum'non
3370 4779 3733 4850 pervenisset,

2140 4850 2355 4923 penitus
2385 4849 2851 4923 abs_tersi_t_(lbid.,
2879 4869 2934 4905 η.
2977 4849 3084 4923 1)“;
3136 4852 3204 4906 de
3233 4864 3341 4921 quo
3371 4849 3552 4923 tamen
3604 4866 3731 4903 sua-

2139 4920 2359 4991 vissime
2386 4927 2442 4972 et
2471 4919 2770 4973 humillime
2814 4937 2923 4991 per!
2937 4919 3262 4990 responsum
3280 4920 3659 4991 conqueritur,
3683 4930 3733 4971 et

2137 4989 2239 5044 sibi
2268 4991 2537 5057 peccaturi
2578 4999 2633 5043 et
2659 4989 2863 5056 aegroto
2907 4989 3104 5045 fatetur
3133 4992 3237 5046 hoc
3282 4991 3520 5045 debitum
3566 4989 3733 5043 fuisse

2136 5059 2387 5129 solatium
2418 5057 2580 5128 (Ibid.
2601 5104 2614 5125 ,
2648 5077 2701 5113 η.
2731 5059 2819 5129 2).
2855 5059 2994 5115 Nolo
3018 5062 3155 5115 enim
3185 5070 3249 5123 te,
3284 5061 3455 5128 inquit
3475 5059 3733 5113 Paulinus

2139 5127 2351 5201 (Ibid.),
2377 5127 2451 5180 ita
2481 5144 2715 5201 securum
2741 5127 2852 5184 esse
2873 5130 2936 5183 de
2964 5130 3130 5192 nobis,
3154 5141 3210 5183 ut
3231 5127 3375 5199 putes
3393 5131 3507 5201 jam
3520 5142 3734 5201 sanctos

2137 5198 2249 5253 esse
2272 5215 2447 5271 omnes
2473 5200 2746 5269 languore:
2772 5202 2962 5271 animo:
2977 5212 3166 5255 nostra:
3187 5218 3203 5265 ;
3232 5198 3287 5253 in
3309 5198 3486 5271 quibus
3508 5198 3734 5251 Domino

2136 5269 2459 5339 peccavimus
2480 5276 2528 5321 et
2557 5286 2849 5335 peccamus.
2868 5269 2943 5323 Ea
2960 5271 3027 5325 de
3053 5287 3111 5325 re
3138 5271 3306 5323 multa
3323 5269 3428 5339 pro
3450 5284 3551 5323 suo
3580 5281 3737 5339 _more

2138 5337 2764 5409 Subnectit,orationum
2794 5341 2912 5406 ejus
2956 5340 3205 5407 suffragia
3258 5337 3514 5409 implorat
3542 5337 3732 5409 (Ibid.,

2140 5426 2194 5462 η.
2228 5408 2253 5459 1
2277 5410 2329 5475 );
2362 5408 2628 5477 reliquum
2656 5410 2897 5478 epistolae
2925 5418 3133 5478 spectat
3160 5410 3228 5464 ad
3250 5408 3369 5464 eam
3393 5424 3555 5479 quam
3583 5408 3738 5479 susti-
3763 5454 3785 5479 ﬁ

2143 5455 2335 5533 sua;
2362 5455 2827 5547 ’ᾖὲἐὲἑῖἰίίόῧὲτῖ
2836 5455 3146 5546 ’ῖιϊὲἇῖῆ
3160 5455 3231 5531 Ἰ
3253 5455 3737 5546 ἓῖ’“7’ς.“ῐ‹ἶίιῖιῖῐίιί›
3763 5455 3789 5521 ἓ

2143 5548 2467 5618 Augustinus
2492 5547 2630 5618 (Lib.
2667 5549 2727 5602 de
2749 5548 2885 5603 Cura
2915 5567 3008 5618 pro
3040 5560 3216 5616 mort.,
3249 5566 3295 5603 c.
3330 5548 3430 5614 18)
3459 5548 3604 5618 circa
3636 5563 3733 5618 an-

2143 5634 2271 5672 num
2287 5617 2403 5691 diu
2424 5616 2753 5686 de'quodam
2774 5616 3104 5691 (_iandidiano
3132 5621 3469 5691 presbytero,
3502 5616 3656 5691 cujus
3684 5616 3736 5668 in

2143 5688 2506 5760 cognitionem
2536 5697 2758 5760 venerat
2783 5688 2991 5743 Paulini
3017 5686 3199 5760 Opera.
3226 5699 3279 5743 et
3296 5686 3460 5760 cujus
3492 5686 3734 5739 ministe-

2145 5758 2227 5811 rio
2258 5757 2397 5828 idem
2428 5759 2587 5828 782
2630 5759 2955 5827 Augustinus
2986 5757 3177 5815 librum
3209 5761 3270 5813 de
3299 5758 3437 5828 Cura
3477 5772 3571 5828 pro
3597 5771 3734 5828 utor:

2108 5906 2113 5909 _
2150 5828 2245 5882 tuis
2272 5827 2337 5884 ad
2368 5822 2651 5885 Pa'uliiuim
2680 5822 2845 5885 misit.
2872 5828 3109 5887 Portitor
3132 5830 3372 5900 epistola:
3400 5822 3641 5883 Viétricii
3669 5822 3734 5876 ad
