4024 6186
272 265 378 323 ’⁷75

927 260 1370 317 OISSERTATIO
1408 260 1494 316 VI.
1538 261 1626 316 DE
1665 261 1721 315 S.
1766 258 2039 315 PAULINI
2082 257 2415 313 OPERIBUS
2454 257 2694 325 DUBllS,
2737 257 2901 339 ETC._

3445 256 3549 311 771

272 375 564 447 provinciis
594 372 866 447 subeunda
896 373 1141 447 luerunt,
1171 387 1396 447 qumque
1414 373 1533 447 ipsa
1558 373 1743 447 Romm
1766 388 1860 447 ως-
1887 379 1933 435 Α
1964 379 2085 447 ςιον
2123 372 2236 440 ipse
2278 372 2331 447 in
2374 371 2615 440 pluribus
2640 374 3111 447 poematumlocis
3134 377 3547 447 a_nimadvertet.

271 443 808 525 pugnatio‘peperit,
830 443 1083 496 reticeret
1111 444 1371 525 epistola?
1414 444 1488 497 De
1505 444 1613 525 hac
1642 445 1860 498 calami—

271 512 383 570 tate
407 512 725 570 testificatur
748 512 1240 583 Hieronymus(Ep.
1262 512 1347 581 16)
1377 513 1519 581 quod
1550 514 1694 567 illam
1724 529 1857 582 pau-

271 600 457 654 perem
508 600 616 654 non
661 582 887 647 fecerit,
943 584 1038 636 sed
1082 583 1381 654 invenerit,
1432 598 1533 637 nec
1561 585 1860 654 eiAeripere

309 654 509 707 ntuerit
534 653 677 707 bona
705 668 824 721 quae
849 660 1039 722 sponte
1072 651 1238 706 semel
1266 651 1559 705 dimiserat.
1600 651 1764 721 Cujus
1791 654 1862 707 sit

309 670 509 707 niuem
534 670 677 707 nona
705 670 824 721 quae
849 670 1039 722 sponte
1072 670 1238 706 semel
1266 670 1559 705 dimiserat.
1600 670 1764 721 hUjUS
1791 670 1858 707 su

271 670 388 778 {iam
417 725 645 793 epistola
675 724 742 777 de
769 738 873 793 qua
904 724 1111 793 agimus
1138 722 1299 793 plane
1324 737 1431 793 non
1462 723 1644 791 liquet,
1678 738 1777 793 nec
1806 722 1858 775 in

274 794 385 848 ullo
434 791 535 847 ms.
590 791 1030 847 codicePaulini
1074 792 1291 845 nomine
1336 792 1658 845 inscribitur.
1718 792 1863 846 lnter

273 878 440 930 opera
470 862 787 933 Hieronymi
815 862 995 933 spuria
1026 864 1369 933 recensetur;
1398 869 1453 914 et
1483 863 1675 933 m_erito
1695 900 1709 923 ,
1739 877 1861 917 omn

275 931 757 1004 ﬂieronymianum
804 932 1001 1004 stylum
1050 948 1158 1004 non
1205 931 1467 1004 redoleat.
1509 931 1636 1004 Ejus
1664 933 1861 1003 stylum

275 999 529 1063 Erasmus
576 1002 681 1073 (Ad
722 1018 803 1071 ep.
857 999 1102 1073 Hieron.)
1143 1002 1305 1073 sentit
1344 1016 1375 1054 a
1412 999 1731 1073 Pauliniano'
1754 1017 1863 1055 non

275 1071 611 1139 abhorrere,
657 1073 855 1141 quippe
903 1072 993 1140 qui
1039 1071 1219 1124 suavis
1264 1071 1335 1124 sit
1383 1078 1437 1124 et
1480 1072 1618 1140 pius,
1653 1088 1863 1125 necnon

275 1142 509 1213 Spiritus
536 1142 706 1213 sancti
734 1141 906 1213 gratia
945 1149 1009 1213 et
1028 1141 1251 1213 caritate
1275 1142 1863 1213 perunctus,_l_ocisque

276 1208 569 1280 scripturae
608 1211 904 1265 abundans.
956 1209 1102 1280 Idem
1151 1208 1283 1263 tulit
1297 1208 1556 1277 judicium
1596 1208 1863 1265 Marianus

282 1279 567 1336 Victorius.
609 1280 759 1334 Hanc
804 1280 982 1350 posuit
1008 1279 1322 1350 Rosveydus
1372 1280 1423 1332 in
1468 1280 1705 1334 editione
1734 1296 1865 1350 ope-

279 1366 397 1405 rum
426 1350 635 1404 Paulini
668 1348 849 1420 (Rose.
875 1350 997 1420 edit.
1029 1367 1078 1417 p.
1106 1348 1282 1420 412);
1301 1350 1609 1420 sibiitamen
1638 1350 1690 1402 in
1721 1348 1865 1420 iretis

282 1420 445 1491 (Vide
474 1432 579 1473 not.
610 1418 817 1491 in;App.
856 1437 935 1486 ep.
984 1418 1033 1486 1)
1062 1419 1384 1491 suisobjicit
1411 1419 1690 1491 Paulinum
1719 1419 1864 1491 Nola:

281 1482 613 1545 habitantem
661 1482 842 1544 dicere
884 1482 1309 1557 'non'potuisse',
1353 1498 1411 1542 ut
1444 1489 1600 1556 hujus
1628 1490 1866 1558 epistola:

282 1568 443 1613 autor
472 1568 722 1625 testatur,
758 1574 816 1611 se
846 1560 899 1611 in
933 1559 1210 1629 longinquo
1238 1561 1460 1627 positum
1484 1559 1740 1629 (Append.
1780 1576 1862 1629 ep.

285 1628 338 1691 1,
370 1646 425 1682 n.
457 1629 511 1699 1)
539 1644 568 1682 a
602 1628 851 1699 Marcella
892 1643 1013 1699 quae
1042 1628 1223 1699 Roma:
1250 1630 1414 1682 vitam
1444 1628 1673 1695 agebat:
1703 1628 1865 1697 quam

283 1698 653 1753 difficultatem
698 1698 906 1753 solvere
934 1698 1165 1763 videtur,
1196 1698 1322 1751 dum
1351 1699 1489 1752 hanc
1513 1701 1612 1752 sub
1640 1714 1867 1752 conver-

284 1769 454 1838 sionis
482 1768 685 1822 Paulini
711 1769 917 1822 initium
948 1768 1107 1821 scribi
1134 1768 1201 1821 ab
1229 1783 1294 1822 eo
1322 1770 1557 1837 potuisse
1586 1784 1653 1822 ex
1686 1769 1869 1838 lliSpa-

288 1839 393 1893 niis
416 1837 640 1905 judicat.
674 1837 807 1891 illud
836 1846 1017 1891 tamen
1048 1852 1153 1891 non
1180 1838 1333 1891 facile
1361 1839 1709 1902 admittimus,
1743 1837 1865 1893 cum

288 1907 548 1963 Paulinus
594 1909 803 1963 nonnisi
847 1907 989 1961 circa
1038 1923 1237 1960 annum
1285 1907 1386 1960 590
1432 1909 1719 1977 multisque
1750 1916 1869 1977 post

286 1980 444 2032 annis
485 1993 555 2032 ex
594 1993 701 2046 quo
745 1977 1008 2030 Marcella:
1055 1978 1228 2045 pietas
1272 1977 1525 2038 emicuit,
1577 1993 1870 2031 conversus

285 2047 467 2102 fuerit.
510 2048 592 2102 Ad
635 2063 752 2102 eam
801 2054 983 2101 tamen
1006 2086 1020 2109 ,
1054 2047 1207 2114 quasi
1238 2047 1353 2115 ipsa
1376 2048 1587 2100 virtutis
1616 2049 1753 2100 viam
1784 2063 1871 2102 re-

286 2132 416 2173 cens
437 2118 674 2185 ingressa
704 2117 930 2182 fuisset,
977 2117 1162 2170 scribit
1208 2117 1361 2184 quasi
1404 2118 1745 2171 autoritatem
1774 2118 1870 2170 ha-

287 2188 441 2259 bens,
474 2188 768 2259 quodcum
802 2185 1008 2259 Paulini
1036 2186 1338 2259 humilitate
1367 2202 1555 2256 parum
1596 2187 1867 2259 convenit.

288 2256 358 2311 Et
387 2255 751 2327 ille'profecto
773 2272 893 2310 cum
923 2257 990 2310 de
1019 2255 1219 2309 divitiis
1245 2265 1299 2327 et
1328 2257 1557 2309 humana
1579 2256 1872 2311 ambitione

289 2326 528 2393 disserit,
562 2343 677 2381 mea
706 2327 920 2395 quidem
950 2327 1233 2395 sententia,
1266 2326 1333 2380 de
1356 2342 1413 2379 se
1438 2327 1553 2394 ipso
1584 2341 1756 2395 pauca
1785 2342 1872 2381 re-

292 2398 521 2477 tulisset.
562 2394 747 2467 Itaque
796 2395 1002 2448 Erasmi
1052 2394 1201 2477 (doc.
1232 2396 1344 2477 cit.)
1370 2397 1570 2477 judicio
1787 2398 1871 2450 in-

290 2466 605 2523 haerendum
654 2482 851 2521 censeo
876 2505 890 2529 ,
942 2481 1041 2520 nos
1083 2466 1224 2518 inter
1248 2474 1327 2518 tot
1351 2480 1413 2519 ac
1444 2473 1620 2519 tantos
1649 2466 1873 2534 hujusce

290 2538 467 2591 aetatis
495 2538 787 2605 scriptores
816 2536 1057 2605 epistola:
1085 2535 1243 2602 hujus
1260 2543 1517 2605 antorem
1540 2537 1717 2605 inepte
1738 2552 1877 2605 qua:-

290 2606 511 2661 situros.
548 2602 767 2668 Siquis
813 2602 952 2659 hanc
998 2604 1204 2657 Paulini
1251 2602 1433 2657 foetum
1474 2620 1592 2660 esse
1621 2602 1873 2668 voluerit,

290 2677 558 2746 siquidem
586 2674 748 2747 stylo,
778 2690 1025 2747 sermone
1048 2683 1109 2747 et
1130 2674 1444 2747 sententiis,
1470 2684 1533 2747 ut
1557 2676 1608 2728 in
1637 2677 1877 2747 margine

291 2742 686 2809 adnotavimus,
738 2746 955 2798 minime
982 2744 1162 2797 differt
1189 2760 1217 2797 a
1245 2742 1569 2799 Paulinianis
1605 2742 1874 2813 epistolis;

292 2816 443 2869 illam
468 2816 732 2870 Marcellre
766 2815 921 2868 alteri
946 2815 1251 2883 inscriptam
1280 2828 1398 2868 esse
1414 2815 1710 2883 dicendum
1740 2818 1874 2881 erit;

291 2900 401 2939 non
432 2901 562 2939 vero
590 2887 639 2941 ei
667 2886 753 2940 cui
787 2900 927 2953 smpe
959 2881 1148 2955 sepius
1174 2884 1387 2955 scripsit
1410 2881 1790 2955 ilieroiiy'nius,
1823 2895 1879 2941 et

290 2954 450 3023 cujus
494 2956 663 3009 vitam
713 2955 961 3025 exposuit
1010 2954 1062 3007 in
1110 2953 1339 3025 epistola
1365 2952 1433 3005 16
1461 2954 1526 3007 ad
1554 2952 1877 3025 Principiam

290 3025 572 3093 virginem,
601 3041 760 3093 quam
790 3025 866 3078 sic
895 3024 1129 3077 breviter
1150 3023 1583 3093 perstringimus:
1623 3045 1640 3075 ι
1663 3024 1719 3079 S.
1737 3023 1879 3079 wMar-

1904 1754 1942 1811 B
1969 1754 2439 1842 bm_us'(be$eﬁpt.
2464 1766 2613 1835 eccl.)
2639 1768 2815 1838 793,
2831 1754 3017 1822 eorum
3040 1778 3215 1824 tamen
3240 1754 3548 1842 opinionem

1965 440 2098 515 _Cum
2140 456 2270 515 vero
2318 442 2647 515 in__qu_atuo_r
2690 457 2827 515 mss.
2852 443 3127 515 codicibus
3154 444 3418 515 Prospero
3449 450 3547 502 tri-

1964 510 2190 584 buatur,
2212 510 2263 563 iu
2292 509 2716 584 nu_llis_Pa_ulino,
2744 512 2897 581 cujus
2923 514 3163 569 historia:
3192 509 3411 584 prorsus
3442 534 3547 573 nou

1963 581 2290 648 respondet,
2349 580 2551 633 Paulini
2600 581 2784 635 foetum
2814 580 3070 638 asserere
3115 580 3220 638 non
3264 585 3546 645 audemus.

1962 648 2248 725 Egregium
2296 658 2379 705 est
2424 666 2554 725 sane
2576 650 2728 725 jllud
2770 662 3058 725 poemaet
3079 653 3546 725 jucundissimum,

1964 720 2141 788 poesis
2169 734 2383 787 quoque
2420 720 2538 774 aliis
2574 718 2783 774 Paulini
2820 718 3147 777 carminibus
3175 728 3391 780 suavior
3413 718 3549 785 libe;

1964 789 2073 867 rius
2103 788 2504 867 tiuit.__At_quod
2536 790 2674 843 istud
2703 806 2918 867 Carmen
2948 792 3170 867 Paulino
3200 804 3375 864 potest
3397 799 3549 867 abju-

1963 858 2142 912 dicare
2164 899 2179 922 ,
2232 858 2359 911 illud
2407 873 2598 929 nempe
2627 868 2737 924 est,
2769 862 2911 929 quod
2942 858 3249 917 universum
3278 858 3480 921 orbem.
3495 871 3547 926 in

1964 942 2026 1000 ea
2050 929 2287 997 generali
2311 928 2592 981 eversione
2622 928 2801 983 rerum
2827 940 2881 984 et
2911 933 3315 1000 perturbatione
3347 938 3549 993 descri-

1964 996 2069 1060 bit,
2090 1013 2252 1066 quam
2287 1006 2567 1065 expertum
2605 1005 2688 1052 est
2728 999 2794 1052 ab
2822 996 2962 1054 anno
2992 1002 3093 1054 407
3122 1002 3425 1061 Occidentis
3448 1009 3549 1062 im-

1964 1068 2171 1137 perium
2218 1068 2373 1135 (App.
2407 1083 2568 1120 carm.
2621 1068 2663 1130 l,
2710 1085 2758 1121 υ.
2805 1067 2913 1122 5et
2943 1071 3015 1138 7).
3078 1072 3273 1127 Verum
3322 1074 3547 1133 Paulino

1968 1147 2094 1190 tunc
2124 1138 2378 1206 temporis
2422 1152 2529 1190 non
2577 1152 2799 1193 necesse
2839 1139 2937 1192 fuit
2969 1151 3025 1194 ut
3052 1157 3111 1196 se
3138 1152 3192 1196 et
3224 1161 3447 1200 uxorem
3479 1149 3546 1203 ad

1965 1206 2323 1284 Christianam
2374 1207 2535 1284 vitam
2585 1207 2909 1284 hortaretur,
2961 1219 3015 1264 et
3060 1213 3365 1284 designaret
3412 1234 3548 1284 quo-

1967 1277 2127 1329 modo
2176 1277 2515 1349 facultatibus
2562 1277 2685 1349 suis
2729 1290 3008 1349 uterentur
3052 1277 3250 1349 (Ibid.,
3296 1301 3343 1338 v.
3391 1277 3460 1340 57
3499 1297 3548 1341 et

1965 1349 2151 1416 seqq.).
2184 1345 2511 1413 Arbogastus
2548 1347 2810 1401 maximas
2853 1349 2904 1401 in
2935 1345 3224 1406 Occidente
3258 1357 3440 1409 turbas
3467 1357 3547 1411 fe-

1966 1418 2076 1488 cit,
2125 1432 2247 1469 cum
2291 1416 2592 1488 annop592,
2627 1417 2694 1469 15
2720 1417 2843 1471 Maii
2869 1419 2986 1484 die,
3016 1418 3281 1488 juniorem
3313 1424 3549 1480 Valenti-

1968 1486 2528 1564 nianumstrangulari
2555 1487 2733 1564 jussit,
2765 1496 2819 1542 et
2847 1486 3089 1564 diadema
3118 1489 3355 1564 Eugenio
3386 1496 3550 1564 impo-

1967 1557 2092 1608 suit.
2144 1556 2211 1607 At
2258 1556 2389 1608 illud
2435 1571 2651 1609 carmen
2691 1556 2806 1611 hmc
2838 1575 2944 1613 non
2970 1556 3270 1615 adumbrat.
3312 1556 3550 1621 Habeiur

1968 1625 2107 1678 inter
2130 1624 2379 1693 Prosperi
2409 1628 2665 1689 carmina,
2698 1628 2782 1681 cui
2814 1628 3125 1693 Rosveydus
3150 1640 3203 1683 et
3230 1634 3316 1685 alii
3344 1636 3551 1693 abiudi-

1969 1702 2124 1765 cant,
2167 1704 2228 1765 et
2262 1689 2480 1747 Paulino
2512 1696 2785 1750 tribuunt:
2818 1713 2848 1750 a
2894 1689 3086 1765 quibus
3125 1700 3371 1755 dissentit
3408 1689 3551 1759 Lab-

1970 1834 2129 1887 nullis
2157 1834 2404 1887 refellens
2432 1834 2777 1902 argumentis:

2039 1904 2615 1979 Appendicispoema
2646 1905 2681 1957 2
2726 1906 2893 1979 videri
2920 1916 3101 1979 posset
3125 1910 3467 1979 paraphrasis
3495 1915 3549 1969 in

1969 1972 2156 2051 laudes
2183 1989 2317 2051 quas
2362 1973 2428 2027 de
2472 1975 2853 2051 nomine_Je_su
2892 1972 3103 2051 scripsit
3127 1972 3184 2032 S.
3218 1972 3547 2051 Bernardus;

1972 2042 2373 2122 ideoque’illius
2399 2051 2555 2096 autor
2581 2045 2898 2122 duodecimo
2928 2042 3110 2122 seculo
3140 2065 3246 2122 non
3278 2042 3551 2122 antiquior

1970 2114 2235 2187 exstitisse
2263 2121 2583 2187 appareret,
2612 2116 2675 2187 psi
2704 2114 2829 2183 quid
2862 2117 3028 2187 stylus
3062 2119 3329 2174 redoleret
3356 2114 3552 2178 barba-

1970 2197 2091 2258 rum
2117 2183 2444 2258 :_illud_vero
2458 2184 2539 2258 ad
2575 2184 2892 2258 elegantiam
2913 2183 3198 2258 paululum
3230 2193 3466 2258 accedit;
3497 2202 3555 2248 et

1971 2253 2074 2332 nisi
2121 2251 2412 2332 foretnhaec
2455 2251 2711 2332 Bernardi
2744 2251 3099 2332 paraphrasis,
3132 2257 3409 2332 Paulinum
3439 2251 3555 2332 ejus

1972 2330 2218 2392 antorem
2265 2323 2418 2377 facile
2461 2324 2635 2390 quivis
2683 2323 2988 2380 crediderit.
3046 2328 3182 2392 Quid
3230 2332 3413 2384 enim?
3460 2323 3557 2387 cur

1973 2390 2294 2456 Bernartius,
2320 2392 2411 2461 qui
2440 2406 2509 2445 ex
2532 2395 2809 2447 autoribus
2841 2411 2945 2449 non
2975 2390 3205 2453 laudatis
3228 2408 3306 2454 tot
3334 2410 3556 2455 senten-

1974 2463 2075 2515 tias
2104 2463 2360 2538 collegit,
2398 2475 2517 2538 qua:
2545 2463 2612 2516 de
2642 2465 2856 2519 nomine
2883 2464 3011 2520 Jesu
3050 2476 3130 2521 tot
3155 2471 3377 2538 protulit
3399 2485 3557 2538 argu-

1980 2540 2162 2605 menta
2210 2548 2279 2586 ex
2325 2531 2548 2605 Paulino
2598 2548 2706 2605 non
2751 2538 3113 2605 excerpserit?
3156 2531 3211 2591 lu
3241 2555 3341 2593 ms.
3373 2531 3558 2597 codice

1974 2604 2387 2674 membranaceo
2416 2600 2674 2674 Cartusiaa
2715 2619 2883 2673 prope
2914 2600 3341 2674 'Argentoratum
3371 2612 3559 2665 civita-

1974 2679 2084 2725 tem
2136 2670 2440 2726 Germania:
2496 2671 2635 2725 inter
2678 2670 2931 2728 nonnulla
2976 2670 3247 2732 variorum
3295 2680 3559 2736 Autorum

1974 2742 2211 2815 carmina
2242 2742 2345 2815 hoc
2374 2756 2562 2815 poema
2593 2740 2817 2815 offendit
2854 2744 3058 2815 Caspar
3087 2747 3362 2813 Barthius,
3395 2759 3451 2805 et
3478 2752 3559 2805 in-

1975 2806 2627 2887 seruit___Adv_ersarioruin
2657 2806 3177 2887 Commentariorum
3211 2806 3559 2887 libro'xxxrv,

1976 2896 2025 2934 c.
2060 2881 2110 2944 1,
2138 2881 2264 2956 illud
2294 2880 2520 2934 Paulino
2552 2891 2748 2956 nostro
2768 2885 3094 2956 adscribens.
3138 2886 3272 2941 Cum
3300 2880 3561 2956 quocum-3

1976 2964 2086 3025 que
2103 2951 2360 3025 nobilium
2390 2959 2668 3025 poetarum
2692 2951 3117 3025 Christianorum
3142 2951 3556 3025 comparaveris,

1980 3019 2472 3095 nul_lo_inferiorem
2504 3022 2983 3095 genium‘videbis;
3033 3025 3161 3078 mihi
3193 3019 3319 3080 vero
3348 3019 3560 3095 phrasis

289 3089 429 3174 cella
456 3089 659 3150 Albinie
691 3095 818 3174 filia,
852 3094 1046 3148 nobilis
1072 3089 1343 3173 Romana,
1364 3089 1513 3174 prius
1542 3104 1715 3174 patre,
1732 3111 1872 3174 .mox
1903 3111 1948 3174 ρ
1979 3098 2032 3143 et
2063 3090 2268 3174 indoles
2312 3105 2478 3158 usque
2524 3089 2989 3174 adeouPaulinum
3021 3095 3178 3174 sapit,
3213 3106 3271 3174 _u_t
3292 3089 3411 3174 cum
3443 3098 3560 3163 ejus

289 3165 525 3233 septimo
572 3182 603 3219 a
653 3166 850 3233 nuptiis
900 3179 1084 3217 mense
1131 3164 1247 3216 viro
1297 3165 1507 3235 orbata,
1557 3166 1874 3235 (Lerealique

288 3236 517 3290 consule
547 3250 665 3289 eam
706 3236 757 3288 in
788 3249 1011 3288 uxorem
1043 3240 1258 3301 petente
1288 3234 1519 3300 rejecto,
1550 3235 1617 3289 ab
1640 3234 1877 3289 Athana-

288 3305 373 3358 sio
413 3304 680 3375 Petroque
729 3303 1102 3375 Alexandrinis
1130 3304 1653 3375 episcopisedocta,
1704 3307 1875 3375 prima

288 3376 532 3429 onmium
576 3373 759 3428 Romae
796 3373 1075 3426 monacha:
1104 3373 1269 3425 vitam
1301 3374 1541 3442 professa
1573 3384 1655 3428 est
1680 3373 1813 3428 {ubi
1845 3392 1875 3429 a

289 3443 354 3515 Ι).
387 3443 719 3515 Hieronymo
768 3444 1025 3515 instructa
1073 3458 1181 3515 una
1222 3458 1343 3497 cum
1377 3443 1645 3515 Principia
1674 3445 1877 3513 virgine

288 3514 445 3568 vixit.
487 3512 616 3583 Ejus
661 3522 837 3568 autem
864 3512 994 3565 illud
1026 3513 1352 3580 praecipuum
1383 3513 1588 3583 facinus
1611 3530 1877 3569 memora-

289 3592 397 3646 tur,
455 3585 601 3653 quod
627 3583 1046 3651 Origenistarum
1077 3597 1290 3636 errores
1318 3598 1384 3636 ex
1421 3582 1559 3637 Urbe
1588 3585 1873 3653 expulerit,

284 3661 343 3707 et
378 3654 802 3725 Hierosolymam
837 3653 1053 3725 pietatis
1095 3666 1176 3720 ac
1197 3653 1472 3720 religionis
1501 3670 1662 3725 capsa
1692 3669 1874 3725 acces-

281 3727 440 3777 serit.
474 3721 830 3792 Obiit'paucis
870 3721 1058 3775 diebus
1098 3730 1226 3792 post
1237 3732 1459 3792 captam
1488 3738 1518 3775 a
1544 3721 1735 3777 Gothis
1764 3724 1875 3778 Ro-

281 3810 434 3848 mam
468 3790 863 3859 (Maerictor.
898 3792 967 3845 ad
990 3808 1071 3861 ep.
1106 3790 1171 3843 16
1200 3790 1398 3861 Hiera).
1427 3811 1444 3842 ι

366 3862 644 3917 Posterior
672 3863 737 3916 ad
794 3861 1097 3917 Celanciam
1134 3861 1362 3930 epistola
1410 3862 1879 3930 praeclarissimum

287 3942 448 4013 certe
469 3942 550 3986 est
575 3933 907 4013 antiquitatis
935 3939 1337 4012 monumentum
1359 3946 1479 4012 cum
1509 3930 1737 4013 ob_styli'
1756 3949 1880 4013 sua-

280 4004 535 4065 vitatem,
569 4011 679 4054 tmn
707 4004 776 4055 ob
804 4003 1118 4065 materiam;
1147 4001 1359 4068 egregia
1390 4003 1531 4055 enim
1567 4002 1634 4055 de
1662 4001 1879 4056 institu-

282 4073 442 4126 tione
490 4070 906 4126 matrisfannilias
954 4079 1222 4139 pnncepta
1270 4071 1517 4125 recludit.
1570 4071 1881 4127 lnscribitur

281 4142 554 4211 (Append.
578 4159 658 4211 ep.
691 4141 746 4209 2,
774 4158 827 4193 η.
856 4139 912 4262 ’2)
938 4140 1005 4193 ad
1022 4140 1405 4194 nobilissimam
1433 4150 1734 4195 matronam
1762 4157 1881 4210 qua:

281 4213 435 4262 inter
479 4212 715 4262 honores
761 4226 883 4262 seco
912 4211 927 4262 i
973 4211 1025 4262 in
1075 4210 1329 4262 coniugio
1377 4213 1668 4262 constituta
1717 4221 1880 4262 nunta

281 4210 435 4265 inter
479 4212 715 4265 honores
761 4210 927 4281 seculi
973 4211 1025 4263 in
1075 4210 1341 4281 conjugio
1377 4213 1668 4266 constituta
1717 4221 1880 4281 nupta

281 4290 409 4352 erat
438 4281 577 4344 viro,
627 4288 679 4335 et
727 4281 801 4333 illi
850 4279 1154 4352 Christiano
1197 4279 1387 4352 (Ιρξᾴ.ἶ
1428 4297 1482 4333 n.
1517 4280 1628 4351 26).
1664 4279 1884 4351 Aliquot

281 4350 395 4418 iam
450 4358 576 4420 ante
622 4350 1215 4420 annosioontinentiam
1246 4350 1346 4404 sibi
1376 4350 1428 4403 in
1460 4353 1638 4403 animo
1678 4350 1881 4420 propo-

280 4419 768 4493 suerat(1bid.,_n.
803 4419 916 4493 27A),
949 4428 1003 4474 et
1031 4420 1371 4493 pudicitiam,
1404 4421 1605 4488 absque
1636 4419 1796 4489 pacto
1826 4429 1881 4474 et

279 4489 559 4545 consensu
606 4491 743 4553 viri,
795 4489 941 4542 nullo
984 4498 1111 4543 voto
1146 4490 1343 4543 emisso
1372 4505 1587 4544 servare
1616 4499 1874 4558 coeperat.
1910 4491 1958 4549 D

278 4560 443 4615 Tune
474 4561 733 4628 temporis
757 4561 1100 4628 paganismus
1124 4559 1411 4626 abrogatus
1444 4561 1676 4613 nondmn
1714 4560 1877 4615 fuisse

277 4630 507 4684 videtur
549 4629 733 4697 (Ibid.,
776 4646 829 4683 η.
863 4629 939 4699 8),
991 4644 1111 4682 cum
1160 4630 1271 4682 h:ec
1299 4631 1604 4699 conscripta
1648 4639 1731 4684 est
1769 4631 1879 4699 epi-

276 4702 429 4755 stola
458 4740 472 4763 ,
524 4714 686 4769 quam
732 4697 1329 4769 certe-posbtempora
1367 4697 1632 4752 Jovin’iani
1662 4697 1878 4754 missam

276 4768 464 4840 fuisse
491 4767 705 4823 constat
733 4767 995 4840 (lbid.,'n.
1020 4767 1133 4840 ‘28).
1196 4767 1381 4835 Itaque
1407 4784 1469 4821 ea
1496 4781 1677 4840 posset
1708 4768 1880 4823 Pauli-

277 4855 355 4894 no
390 4838 667 4908 adscribi,
719 4838 962 4908 quadrat
988 4838 1132 4891 enim
1181 4847 1424 4908 tempus;
1476 4847 1530 4892 et
1558 4838 1718 4891 habet
1744 4854 1879 4907 pra:-

276 4918 443 4963 terea
472 4950 484 4967 .
536 4909 580 4962 si
624 4906 845 4962 Erasmo
896 4906 1127 4974 (Emam.
1158 4915 1195 4959 t.
1235 4906 1262 4958 1
1304 4907 1544 4970 Ηὶενοη.,
1570 4927 1623 4975 p.
1656 4906 1777 4975 106)
1826 4916 1881 4963 et

276 4978 565 5034 Saccltino
597 4979 808 5047 (Suec/1.
843 4977 947 5031 Vit.
973 4995 1025 5047 p.
1060 4976 1184 5045 755)
1215 4977 1502 5040 credimus,
1528 4978 1723 5031 multas
1745 4976 1883 5031 Pau-

277 5049 483 5103 liniani
512 5047 634 5118 styli
667 5056 823 5118 notas
847 5066 859 5099 :
892 5048 1031 5100 inest
1055 5047 1315 5118 tamenin
1342 5048 1441 5118 hac
1464 5048 1587 5117 styli
1616 5049 1882 5103 suavitate

346 5119 534 5172 avitas
566 5114 822 5185 quaedam
864 5118 1024 5170 nimis
1052 5131 1080 5169 a
1113 5114 1319 5169 Paulini
1350 5114 1625 5170 alacritate
1655 5126 1709 5170 et
1736 5118 1886 5171 volu-

320 5188 507 5241 ilitate
556 5186 607 5239 in
659 5186 886 5241 dicendo
931 5187 1103 5239 aliena
1152 5195 1207 5239 et
1237 5187 1474 5240 locorum
1505 5186 1560 5239 S.
1593 5186 1885 5255 Scriptum:

279 5258 513 5311 diversa
561 5257 860 5323 expressio,
910 5270 1072 5325 quam
1102 5264 1161 5308 ut
1187 5256 1237 5309 ei
1269 5256 1437 5325 possit
1463 5256 1757 5324 adjudicari
1790 5258 1886 5310 ist—

279 5328 409 5381 hzec
461 5326 721 5394 epistola;
753 5323 952 5380 etenim
998 5323 1294 5395 Sacchinus
1339 5323 1540 5395 (Ibid,
1578 5336 1627 5378 et
1669 5344 1721 5395 p.
1754 5326 1882 5394 754)

282 5396 555 5516 ejusson
581 5410 701 5449 esse
734 5402 940 5460 censet,
979 5394 1241 5462 siquidem
1271 5395 1384 5447 ait:
1420 5393 1585 5448 Nulla
1614 5393 1762 5449 nobis
1800 5393 1892 5449 sa-

283 5476 358 5516 ιιε
386 5482 439 5516 υτ
485 5474 617 5516 etur.

283 5468 358 5520 tis
386 5466 617 5519 videtur.

360 5533 576 5604 Paulini
594 5532 1224 5604 poemaexhortatorium
1247 5534 1317 5586 ad
1326 5532 1614 5604 ngnjugem
1636 5535 1893 5604 (Append.

360 5552 576 5587 rauuul
594 5552 786 5603 poema
801 5552 1224 5589 exnortatortum
1247 5552 1315 5586 aa
1337 5552 1614 5603 conjugem
1636 5552 1893 5655 (Appena.

285 5621 465 5687 comi.
504 5601 555 5675 1)
604 5612 669 5684 ιιι⁸
689 5619 749 5657 se
779 5603 889 5684 Deo
917 5603 1165 5660 dedicet.
1187 5603 1341 5727 gund
1370 5603 1686 5688 Rosveydus
1757 5605 1895 5659 auli-

287 5688 483 5727 manus
525 5674 776 5727 oneribus
819 5680 1119 5727 mseruerat
1162 5673 1179 5727 1
1237 5690 1341 5726 οδυ.
1387 5673 1468 5725 ed.
1521 5691 1574 5727 υ.
1626 5673 1773 5727 615).
1825 5673 1895 5727 ad

287 5673 776 5744 nianisbperibus
819 5674 1119 5728 inseruerat
1162 5673 1341 5740 (Rosv.
1387 5673 1472 5744 ed.
1519 5673 1574 5741 p‘.
1626 5673 1773 5744 615),
1825 5673 1895 5728 ad

289 5745 474 5811 ipsius
507 5740 708 5799 Paulini
730 5744 927 5812 stylum
964 5752 1019 5799 et
1044 5757 1349 5799 sermonem
1375 5740 1791 5799 satisaccedere
1819 5744 1896 5798 le-

1978 3160 2189 3228 scriptis
2222 3162 2589 3229 comparando
2632 3162 2762 3215 nihil
2792 3180 2898 3216 non
2930 3166 2981 3217 in
3013 3160 3282 3219 eosimile
3313 3160 3562 3221 inventu-

1979 3246 2069 3283 rus
2093 3230 2186 3285 sis.
2220 3228 2363 3284 Post
2375 3229 2651 3284 Barthium
2682 3232 2762 3287 sic
2790 3248 3048 3288 censuere
3076 3236 3420 3289 eruditissimi
3442 3239 3561 3301 viri,

1976 3314 2113 3366 quos
2159 3301 2441 3364 consului,
2493 3308 2547 3354 et
2592 3302 2818 3368 poetica:
2862 3306 2994 3362 artis
3034 3306 3375 3368 peritissimi,
3424 3309 3563 3362 inter

1976 3385 2112 3436 quos
2160 3370 2223 3423 R.
2277 3369 2334 3423 P.
2387 3369 2709 3425 Commirius
2752 3372 2807 3426 S.
2858 3371 2905 3426 J.
2951 3384 3005 3428 et
3033 3369 3283 3430 Nicolaus
3312 3375 3564 3432 Heinsius

1978 3442 2137 3508 paulo
2165 3450 2453 3509 antequam
2484 3455 2515 3494 e
2545 3442 2678 3493 vivis
2706 3444 3012 3497 excederet.
3040 3444 3132 3498 Illa
3158 3444 3314 3499 Felix
3332 3463 3566 3500 errorum

1977 3525 2081 3562 non
2109 3512 2220 3577 diu,
2273 3527 2322 3563 v.
2373 3510 2459 3573 52,
2512 3510 2793 3565 manifeste
2824 3522 3051 3581 peccant
3090 3515 3143 3567 in
3173 3516 3345 3581 legem
3377 3517 3564 3569 metri-

1979 3595 2127 3653 cam,
2177 3596 2276 3634 nec
2316 3581 2445 3633 satis
2485 3587 2660 3653 tamen
2701 3581 3015 3653 videoquid
3043 3598 3141 3652 pro
3170 3585 3235 3638 iis
3257 3586 3442 3653 reponi
3471 3587 3566 3639 de-

1979 3648 2133 3723 beat,
2170 3666 2268 3723 nec
2290 3665 2395 3723 qua
2432 3649 2641 3723 ratione
2678 3650 2793 3723 sine
2822 3651 2927 3723 alio
2955 3648 3092 3705 libro
3122 3648 3412 3707 emaculari
3440 3671 3567 3723 pos-

1979 3719 2076 3782 sit;
2103 3719 2441 3790 necinducor
2461 3718 2570 3770 ullo
2590 3720 2751 3785 modo
2774 3729 2830 3771 ut
2859 3720 2927 3773 ab
2949 3729 3138 3775 autore
3168 3731 3274 3775 tam
3305 3718 3566 3790 insignem

1980 3804 2187 3842 movum
2219 3787 2515 3857 profectum
2540 3801 2657 3857 esse
2687 3790 2935 3851 arbitrer,
2966 3792 3059 3844 sed
3081 3791 3147 3844 ab
3177 3792 3381 3847 inscitis
3411 3787 3565 3848 libra.

1979 3860 2093 3912 riis.
2122 3856 2233 3931 Ista
2252 3858 2319 3931 de
2348 3858 2568 3931 cantatis
2595 3856 2709 3911 diro
2740 3860 2967 3931 cannine
2986 3862 3304 3931 corporibus,
3336 3863 3564 3918 manife-

1980 3936 2063 3983 ste
2088 3928 2379 3997 respiciunt
2403 3928 2469 3981 ad
2500 3942 2686 3981 manes
2716 3930 2957 3983 carmine
2986 3928 3194 3997 magico
3218 3934 3407 3987 solitos
3432 3949 3564 3987 evo-

1982 3998 2090 4052 cari
2135 3996 2376 4073 tumulis.
2428 3996 2572 4051 Sono
2614 4014 2739 4068 sago
2782 3999 2993 4073 videtur
3039 3996 3274 4073 dixisse,
3318 4019 3565 4073 sagarum

1982 4068 2250 4143 carmine:
2282 4068 2512 4143 Corpora
2544 4076 2756 4143 cantata
2786 4069 2899 4122 diro
2928 4071 3158 4143 carmine
3185 4081 3232 4125 et
3253 4068 3565 4143 sono'sago;

1983 4138 2164 4190 devota
2185 4137 2450 4204 bustis,id
2480 4145 2579 4198 est,
2606 4137 2717 4205 jam
2750 4148 2981 4193 mortua.
3026 4140 3159 4196 Vide
3188 4158 3312 4195 num
3343 4137 3483 4196 forte
3513 4160 3563 4195 v.

1986 4208 2052 4260 76
2075 4208 2353 4274 legendum
2385 4208 2455 4261 sit
2482 4226 2493 4259 :
2530 4206 2699 4278 Carne
2717 4210 2925 4262 interim
2954 4218 3105 4264 terra:
3133 4211 3257 4265 data
3277 4253 3292 4278 ,
3317 4213 3399 4266 vel
3431 4211 3567 4266 Caro

1982 4278 2191 4330 interim
2237 4286 2390 4331 terra:
2435 4278 2595 4340 data;
2638 4275 2740 4341 Ne,
2783 4287 2886 4332 etc.
2938 4279 3053 4334 Hoc
3082 4275 3297 4335 carmen
3337 4285 3389 4335 in
3421 4282 3569 4337 feriis

1984 4348 2348 4423 paschalibus.
2389 4347 2754 4423 conscriptum
2814 4357 2966 4417 putat
3014 4351 3264 4405 Barthius
3314 4354 3566 4423 (Advers.

1985 4415 2265 4470 Comment.
2293 4416 2379 4470 lib.
2412 4432 2590 4479 xxxrv,
2623 4433 2668 4468 ε.
2705 4416 2778 4484 1).

2053 4488 2103 4562 5.
2148 4486 2413 4562 suspicati
2447 4496 2578 4562 sunt
2624 4486 2838 4562 quidam
2872 4487 3012 4562 inter
3036 4487 3092 4542 S.
3127 4490 3410 4562 Augustini
3450 4494 3570 4562 epi-

1981 4558 2146 4628 stolas
2178 4554 2278 4609 126
2311 4559 2401 4627 (al.
2431 4556 2525 4628 15)
2554 4554 2736 4628 (ξι-245
2762 4557 2859 4628 (al_.
2879 4558 2968 4627 '58)
2997 4562 3166 4614 nostri
3195 4554 3401 4614 Paulini
3427 4554 3567 4628 esse;

1983 4636 2037 4679 at
2064 4625 2398 4694 refragantur
2428 4625 2788 4697 Lovanienses
2819 4625 3075 4697 TheOlogi
3100 4639 3153 4684 et
3184 4630 3296 4683 RR.
3331 4629 3434 4685 PP.
3474 4625 3572 4687 Be-

1982 4693 2258 4760 nedictin’i,
2310 4698 2510 4766 quippe
2554 4709 2676 4749 eum
2717 4693 2988 4750 Possidius
3014 4693 3067 4753 in
3094 4698 3334 4756 lndiculo
3363 4717 3457 4758 eas
3478 4718 3570 4757 re-

1983 4775 2202 4837 c_enseat
2224 4807 2238 4829 ,
2292 4782 2340 4821 c.
2376 4767 2438 4828 7,
2470 4778 2686 4837 easque
2726 4766 2899 4837 citans
2936 4766 3077 4823 Beda
3105 4771 3351 4837 vulgatus
3376 4773 3425 4825 in
3458 4773 3476 4826 l
3505 4772 3573 4827 ad

1984 4834 2219 4890 Timoth.
2248 4852 2280 4890 v
2309 4845 2364 4891 et
2392 4836 2445 4890 in
2467 4835 2509 4889 ll
2541 4834 2607 4889 ad
2631 4833 2876 4889 Corinth.
2904 4852 2956 4903 ν,
2988 4837 3055 4891 15
3077 4880 3092 4905 ,
3142 4833 3422 4910 Augustini
3451 4857 3574 4898 esse

1986 4914 2263 4972 agnoscat.

2058 4974 2178 5029 Jam
2208 4990 2336 5030 vero
2363 4976 2539 5031 nullus
2572 4991 2707 5045 pene
2736 4977 2909 5032 nescit
2938 4976 2997 5032 S.
3028 4977 3294 5039 Ambrosii
3324 4983 3488 5037 vitam
3514 4991 3570 5039 et

1988 5060 2083 5099 sex
2111 5046 2408 5100 carminum
2438 5047 2601 5101 libros
2624 5047 2691 5102 de
2720 5046 2839 5101 Vita
2860 5046 2917 5104 S.
2950 5049 3164 5103 Martini
3186 5053 3311 5106 olim
3334 5054 3465 5107 falso
3486 5054 3574 5107 ad-

1989 5114 2220 5183 scriptos
2248 5114 2474 5170 Paulino
2500 5115 2727 5181 Nolano,
2758 5119 2825 5171 ab
2846 5119 2963 5172 aliis
2983 5113 3220 5175 Paulinis
3243 5121 3402 5176 fuisse
3423 5139 3573 5177 com-

1990 5187 2214 5256 positos,
2233 5200 2459 5253 quorum
2482 5187 2628 5256 prior
2649 5194 2856 5240 tantum
2878 5188 3134 5243 diaconus
3155 5200 3271 5245 erat
3290 5208 3430 5246 anno
3447 5192 3569 5256 411,

1991 5271 2112 5310 cum
2144 5255 2408 5326 Paulinus
2439 5255 2623 5309 uester
2651 5257 2761 5325 ja'm
2795 5258 3188 5326 pontificalibus
3223 5262 3403 5315 infulis
3431 5271 3574 5315 esset

1993 5326 2309 5379 sublimatus
2327 5342 2340 5389 ;
2366 5325 2501 5378 alter
2515 5341 2642 5379 vero
2654 5325 2921 5381 scribebat
2936 5331 3074 5383 circa
3097 5345 3292 5385 annum
3308 5330 3428 5385 480.
3452 5331 3574 5386 llaec

1995 5395 2062 5449 de
2091 5394 2313 5448 Paulino
2343 5403 2532 5449 autore
2560 5395 2690 5449 Viue
2720 5395 2776 5450 S.
2806 5397 3073 5451 Ambrosii
3116 5401 3279 5453 habet
3314 5401 3575 5458 Baronius

1996 5464 2063 5517 ad
2089 5479 2285 5518 annum
2315 5464 2511 5518 Christi
2542 5463 2666 5532 597,
2701 5467 2728 5588 Ρ
2761 5464 2828 5518 56
2854 5484 2867 5519 :
2909 5486 2927 5517 ι
2952 5466 3053 5533 Qui
3082 5485 3170 5523 res
3199 5470 3265 5523 ab
3291 5470 3576 5525 Ambrosio

1996 5542 2174 5588 aestas
2222 5536 2539 5588 conscripsit
2587 5534 2696 5588 Pau
2724 5538 2869 5588 inus.
2918 5536 3074 5588 longe
3115 5540 3250 5588 alius
3289 5555 3319 5588 a
3354 5538 3575 5588 Paulino

1996 5542 2174 5604 gestas
2222 5536 2539 5603 conscripsit
2587 5534 2869 5595 Paulinus,
2918 5536 3074 5604 longe
3115 5540 3250 5594 alius
3289 5555 3319 5593 a
3354 5538 3575 5595 Paulino

1997 5603 2205 5659 Nolano
2231 5605 2486 5673 episc0po
2515 5604 2677 5659 fuisse
2702 5605 3129 5661 manifestissime
3157 5608 3457 5663 declaratur
3477 5626 3577 5666 sua

2000 5674 2164 5742 ipsius
2204 5675 2536 5728 assertione:
2582 5674 2725 5743 quod
2754 5675 2897 5727 enim
2937 5675 3040 5727 hoc
3081 5684 3321 5743 tempore
3352 5689 3578 5734 testetur

1998 5758 2055 5800 se
2080 5744 2328 5799 CIC'icutu
2361 5744 2582 5799 minoris
2604 5743 2803 5799 ordinis
2832 5745 3087 5800 militasse
3116 5748 3166 5801 in
3196 5743 3430 5805 Ecclesia
3466 5751 3579 5811 Me-
