4024 6186
293 246 392 302 77⁸1

1106 247 1551 306 DlSSERTATIO
1586 247 1699 306 νιι.
1736 247 1823 304 DE
1858 247 1916 306 S.
1959 247 2231 305 PAULINI
2267 247 2739 305 CAPTIVITATE.

3445 248 3559 316 773

292 371 409 433 rum
437 354 582 433 enim
628 354 881 433 Paulinus
905 356 1205 433 libertatem
1230 358 1456 433 supplex
1483 356 1858 433 flagitaverat),
1892 363 1937 421 Α
1964 366 2165 433 quitur,
2192 365 2306 412 tum
2331 359 2495 433 fuisse
2516 373 2739 433 puerum
2758 357 3111 433 Guntharium
3133 361 3359 429 asserit;
3388 375 3558 433 gene-

290 424 482 479 anam
507 425 807 496 honorifice
845 442 967 481 cum
998 428 1251 496 episcopo
1280 424 1485 482 remisit
1513 424 1720 484 onustis
1752 424 1863 482 fru—

288 505 472 564 niento
504 495 567 548 iis
589 496 779 564 quibus
804 496 1007 550 advecti
1036 495 1248 550 fuerant
1276 498 1517 551 navibus.
1539 516 1557 548 ι

357 563 409 634 2.
454 563 661 634 Nemini
700 565 916 619 dubium
961 576 1043 621 est
1080 568 1205 634 quin
1244 581 1465 634 magnas
1502 567 1615 620 lucc
1642 566 1865 620 historia

322 633 525 686 atiatur
546 632 903 701 difficultates,
930 638 1052 704 quia
1084 632 1288 689 Paulini
1320 632 1649 704 temporibus
1677 636 1730 689 in
1760 635 1867 689 lta-

307 704 413 756 iam
446 719 551 773 non
580 718 779 773 venere
823 705 1087 771 Wandali,
1129 706 1321 773 quibus
1348 707 1437 759 vix
1465 706 1649 759 datum
1671 713 1755 759 est
1773 720 1864 760 oc-

284 772 543 841 cupandm
576 771 765 827 Africae
796 782 1040 844 tempus,
1070 771 1177 829 non
1208 775 1278 829 ibi
1307 775 1655 829 colendorum
1680 775 1868 829 horto-

285 858 433 913 rum;
479 851 587 895 tum
635 859 767 913 vero
811 860 907 899 rex
940 845 1258 900 Gensericus
1280 885 1293 909 ,
1326 859 1433 913 quo
1463 851 1721 913 regnante
1762 844 1867 900 huc

283 911 498 983 adducti
530 918 684 983 sunt,
721 912 877 981 longe
907 923 1032 983 post
1063 911 1356 968 Paulinum'
1370 914 1521 969 obiit.
1562 912 1638 968 lta
1662 914 1713 983 i_n
1741 914 1863 983 qui-

282 981 509 1052 busdam
561 982 782 1052 hujusce
826 981 1059 1037 historia:
1090 984 1328 1052 partibus
1351 982 1635 1052 deceptum
1658 981 1866 1051 Grego-

283 1052 419 1134 rium
446 1051 719 1134 fatendum
748 1062 852 1134 est,
884 1051 1287 1134 utnquandoque
1315 1051 1575 1134 contingit
1604 1054 1658 1106 in
1699 1055 1865 1134 gestis

281 1121 513 1192 aliorum
542 1122 802 1177 relatione
830 1121 1072 1189 traditis,
1103 1121 1229 1177 licet
1250 1122 1577 1192 verissimis;
1606 1137 1710 1192 qua
1732 1122 1863 1192 illud

280 1189 492 1261 ratione
540 1194 957 1261 se__cognovisse
1003 1194 1194 1247 asserit
1235 1191 1543 1261 Gregorius.
1577 1189 1705 1245 Post
1731 1190 1864 1246 Pro-

281 1260 498 1331 copium
551 1259 825 1331 (Wandal.
876 1264 913 1315 ι.
968 1278 1016 1325 ι,
1060 1280 1107 1315 c.
1156 1260 1223 1331 2)
1273 1259 1525 1316 observat
1566 1260 1863 1318 Chiﬂletius

281 1328 539 1450 (Paulin.
603 1330 791 1384 illustr.
852 1350 903 1402 p.
957 1330 1097 1401 187)
1124 1372 1139 1394 ,
1207 1328 1271 1385 et
1329 1332 1522 1387 merito
1545 1373 1559 1397 ,
1621 1332 1857 1394 Gothos,

307 1398 599 1450 Vandalos.
622 1397 885 1450 Genedes.
915 1401 1204 1450 Sarmatas.
1229 1401 1469 1450 aliasane
1488 1410 1696 1450 centes.
1720 1401 1857 1450 anud

307 1398 599 1462 Vandalos,
622 1397 885 1469 Gepedes,
915 1397 1205 1465 Sarmatas,
1229 1401 1469 1470 aliasque
1488 1410 1697 1470 gentes,
1720 1401 1860 1470 apud

281 1470 573 1538 scriptores
598 1485 724 1551 _uno
769 1471 984 1551 nomine
1025 1472 1227 1533 venire,
1262 1472 1461 1551 quippe
1504 1472 1594 1541 qui
1625 1486 1708 1551 ex
1756 1487 1861 1525 una

281 1553 470 1610 omnes
486 1546 647 1610 gente
664 1541 948 1610 procreati,
966 1541 1425 1610 contemporanei,
1442 1541 1857 1606 commilitones,

282 1606 488 1691 iisdem
506 1606 731 1691 instituti
760 1610 986 1677 legibus,
1008 1606 1199 1665 omnes
1225 1610 1659 1691 pariterArianae
1687 1610 1859 1691 hiare-

279 1678 354 1749 sis
382 1676 646 1741 fautores,
688 1676 879 1749 linguae
906 1694 1120 1748 quoque
1151 1676 1305 1733 unius
1346 1678 1541 1749 fuerint
1565 1695 1723 1749 quam
1751 1678 1860 1734 Go-

282 1723 479 1817 thicam
528 1723 741 1817 vocant.
764 1723 969 1817 t’ltaqu'e
983 1723 1129 1817 velum
1169 1749 1302 1804 Nola
1332 1764 1363 1802 a
1387 1723 1599 1804 Gothis“
1605 1756 1759 1817 capta
1788 1750 1859 1802 sit
1892 1723 1934 1782 Β

280 1833 426 1888 anno
454 1816 559 1870 410
589 1816 751 1886 (Vide
788 1816 895 1871 Vit.
936 1835 982 1888 c.
1037 1816 1125 1884 51,
1148 1836 1201 1872 η.
1234 1819 1289 1887 2)
1322 1834 1495 1888 neque
1530 1819 1617 1872 alii
1644 1816 1859 1873 barbari

282 1885 489 1940 Paulini
520 1885 852 1955 temporibus
883 1888 934 1940 in
958 1885 1304 1957 Campaniam
1333 1885 1606 1949 venierint,
1646 1903 1745 1942 nec
1769 1902 1863 1941 ve-

281 1956 425 2011 nisse
455 1957 765 2025 potuerint,
813 1958 920 2012 huc
947 1957 1225 2011 referenda
1248 1965 1331 2012 est
1356 1971 1547 2080 magna
1576 1956 1664 2010 illa
1693 1958 1864 2027 capti—

281 2040 469 2079 vornm
499 2026 653 2080 turba
679 2042 795 2080 omne
813 2065 830 2080 .
862 2035 920 2080 ut
940 2026 1106 2080 refert
1132 2026 1422 2080 Gregorius
1506 2066 1547 2080 ..
1574 2042 1605 2080 a
1633 2026 1864 2080 Wanda-

281 2040 469 2079 vornm
499 2026 653 2080 turba
679 2042 795 2096 qua:
813 2065 830 2093 ,
862 2035 920 2096 ut
940 2026 1106 2081 refert
1132 2026 1422 2094 Gregorius
1451 2026 1547 2094 Μ.,
1574 2042 1605 2096 a
1633 2026 1865 2081 Wanda-
1888 2038 1894 2043 '

283 2096 348 2150 lis
387 2106 453 2144 ex
490 2095 779 2165 Gainpania
877 2095 977 2151 fuit
1020 2096 1245 2151 abducta
1270 2137 1284 2161 ,
1333 2112 1493 2165 quam
1540 2095 1687 2149 addit
1725 2106 1780 2150 et
1809 2096 1862 2150 in

282 2165 515 2219 Africam
544 2163 704 2220 fuisse
736 2174 1114 2233 transvectam,
1144 2174 1330 2235 utpote
1352 2163 1481 2221 cum
1512 2165 1760 2220 Wandali
1790 2167 1863 2222 ibi

280 2235 373 2288 diu
402 2235 584 2289 sedem
616 2236 763 2303 regni
794 2236 1108 2300 habuerint;
1153 2244 1209 2289 at
1239 2235 1467 2291 necdum
1496 2236 1603 2290 illic
1629 2244 1739 2289 tum
1767 2236 1865 2291 do-

281 2305 641 2376 minabantur.
699 2304 1056 2371 Quamobrem
1099 2306 1256 2376 l_onge
1283 2306 1747 2376 verisimilius_est
1773 2322 1865 2361 ca-

280 2375 461 2446 ptivos
487 2390 592 2428 una
636 2390 772 2446 cum
799 2376 1040 2446 exercitu
1087 2374 1383 2429 Gothorum
1413 2376 1505 2446 qui
1536 2392 1601 2430 ex
1631 2374 1782 2430 ltalia
1812 2378 1865 2430 in

280 2443 484 2499 Gallias
504 2460 647 2515 anno
677 2442 782 2497 412
802 2453 857 2498 et
886 2445 936 2499 in
955 2444 1264 2515 Hispaniam
1292 2442 1523 2499 triennio
1554 2452 1675 2513 post
1696 2453 1868 2500 trans-

281 2516 461 2568 ierunt
504 2514 663 2568 fuisse
700 2514 994 2579 abductos,
1054 2514 1135 2568 vel
1165 2516 1286 2569 illos
1313 2516 1431 2569 aliis
1466 2515 1707 2569 barbaris
1736 2530 1866 2570 ven-

280 2584 425 2637 ditos
453 2582 635 2638 fuisse.
682 2583 823 2637 Fieri
851 2593 1029 2638 autem
1054 2592 1234 2654 potest
1261 2594 1320 2638 ut
1355 2585 1443 2639 ille
1474 2584 1526 2637 in
1556 2584 1709 2652 cujus
1742 2599 1868 2653 gra-

283 2655 413 2707 tiam
436 2668 647 2753 serv‘ifnn
674 2670 744 2753 sel
760 2654 973 2708 tradidit
995 2654 1267 2753 Paulinus,
1292 2654 1573 2753 holgpalcto
1600 2654 1651 2707 in
1676 2670 1866 2736 manus

281 2724 493 2794 venerit
522 2723 904 2794 wandalorum
950 2724 1038 2794 qui
1077 2724 1144 2777 ab
1174 2739 1315 2794 anno
1343 2722 1446 2777 400
1470 2722 1755 2792 Hispanias
1780 2725 1864 2778 in-

278 2793 555 2863 colebant.
601 2793 674 2847 De
719 2792 982 2863 principe
1007 2808 1134 2847 vero
1183 2792 1335 2861 cujus
1360 2802 1588 2848 mortem
1618 2809 1868 2863 pramun-

283 2863 439 2916 tiavit
465 2862 739 2928 Paulinus,
765 2864 903 2917 inter
949 2872 1029 2917 tot
1061 2863 1239 2917 varios
1267 2863 1473 2916 illarum
1503 2865 1740 2932 gentium
1769 2865 1869 2919 du-

280 2949 376 2987 ces
401 2934 493 3001 qui
510 2948 665 3001 reges
690 2933 1045 3002 habebantur,
1070 2932 1244 3002 potuit
1265 2933 1456 3002 aliquis
1477 2933 1632 2987 nobis
1652 2933 1868 3001 ignotus

281 3000 556 3058 interiisse
584 3000 746 3058 anno
774 3001 877 3055 415
903 3002 986 3056 vel
1012 3000 1143 3073 416,
1178 3000 1384 3055 Paulini
1415 3003 1558 3057 enim
1581 3000 1869 3073 captivitas

281 3074 352 3127 ad
382 3074 639 3127 ulteriora
663 3082 904 3139 tempora
930 3072 1149 3127 extendi
1171 3086 1282 3126 non
1307 3080 1505 3142 potest.
1652 3072 1661 3073 “
1889 3104 1938 3167 c

358 3144 389 3167 '1
451 3143 648 3167 I_.l..n:....
674 3145 722 3167 ξ..
747 3142 1009 3167 βῑι-Αηζηλ
1035 3142 1168 3167 ,ιε-...ι
1197 3157 1390 3167 ...η-...ιη
1417 3141 1509 3167 ηρ
1534 3140 1616 3167 -.ΑΙ
1653 3139 1864 3167 ιιηηκει

358 3144 413 3196 5.
450 3143 651 3197 ldatius
674 3145 724 3197 in
747 3142 1012 3197 Chronico
1032 3142 1173 3197 circa
1196 3139 1392 3195 annum
1409 3141 1511 3195 416
1534 3140 1620 3195 vel
1645 3139 1867 3210 417agit

282 3212 351 3267 de
372 3212 607 3280 quodam
629 3212 946 3267 Fredibaldo
974 3211 1251 3281 cujusdam
1280 3212 1454 3279 gentis
1483 3210 1867 3281 Wandalorum

282 3296 431 3363 rege,
446 3283 587 3363 quia
616 3280 932 3363 Constantio
944 3280 1061 3363 sine
1076 3282 1258 3363 praelia
1280 3290 1467 3363 captus
1487 3280 1554 3363 ad
1571 3280 1869 3363 Honorium

291 3350 491 3406 missus
506 3360 590 3405 est
614 3370 626 3404 :
652 3353 739 3406 ille
764 3353 945 3421 paucis
979 3350 1274 3420 interjectis
1300 3350 1487 3407 diebus
1508 3350 1689 3407 forsan
1709 3360 1765 3407 et
1785 3367 1872 3406 ex-

283 3424 517 3477 stinctus
536 3430 648 3486 est;
666 3424 756 3492 qui
782 3438 936 3477 casus
961 3423 1006 3477 si
1023 3438 1164 3477 anno
1186 3421 1579 3492 dumtaxatbi'i
1608 3422 1869 3492 evenerit,

285 3492 464 3562 potuit
486 3500 664 3546 tamen
687 3491 743 3547 et
764 3508 793 3546 a
817 3492 1041 3562 Paulino
1058 3491 1290 3562 praedici
1314 3492 1413 3546 sub
1439 3492 1597 3562 finem
1621 3492 1745 3562 anni
1768 3491 1871 3544 416

285 3559 451 3616 veluti
484 3563 776 3641 pronximns.
794 3562 949 3616 Anno
965 3559 1409 3641 415Ὰῑξιιι1ρ1ηιω
1422 3561 1620 3641 élarici
1644 3561 1870 3641 levirum

285 3641 344 3688 et
360 3630 548 3698 regem
564 3630 860 3687 Gothorum
874 3639 1147 3686 mortuum
1159 3630 1402 3697 legimus.
1418 3631 1553 3685 Cum
1570 3646 1696 3684 vero
1710 3631 1872 3699 paulo

285 3703 450 3827 397
483 3711 609 3755 ante
634 3702 686 3755 in
718 3701 999 3770 Hispanias
1028 3700 1322 3767 transierit,
1352 3701 1589 3755 nondum
1618 3700 1777 3755 Gothi
1806 3700 1872 3755 de

328 3782 572 3827 ortorum
595 3772 801 3826 cultura
830 3772 1155 3827 cogitabant.
1185 3770 1389 3825 Asserit
1408 3768 1869 3827 ChililetiustLoc.

328 3768 572 3827 ortorum
595 3772 801 3841 cultura
814 3768 1155 3841 cogitabant.
1185 3770 1397 3841 Asserit
1408 3768 1705 3841 Chililetius
1722 3769 1869 3841 (Loc.

287 3844 404 3907 cit.,
436 3857 491 3910 p.
524 3840 645 3903 188,
681 3841 803 3910 189)
831 3838 972 3896 anno
998 3840 1102 3894 400
1132 3840 1216 3894 vel
1244 3840 1346 3910 410
1368 3838 1650 3910 Paulinum
1683 3838 1739 3895 inv
1760 3855 1873 3894 ser-

287 3909 515 3966 vitutem
545 3926 603 3964 se
632 3909 860 3973 dedieSe,
901 3919 957 3965 et
983 3919 1211 3964 mortem
1241 3909 1438 3964 Alarici
1466 3912 1871 3979 przenuntiasse.

289 3982 446 4035 Illum
474 3990 651 4034 autem
680 3980 825 4034 Nola:
854 3981 1014 4035 fuisse
1041 3988 1252 4034 constat
1272 3995 1394 4035 cum
1416 3982 1483 4033 ab
1498 3980 1712 4034 Alarico
1732 3982 1873 4034 circa

294 4066 537 4105 mensem
566 4052 837 4120 Septemb.
871 4052 1078 4120 direpta
1109 4060 1211 4115 est,
1251 4065 1349 4104 nec
1388 4050 1572 4120 multo,
1595 4057 1718 4119 post
1745 4048 1877 4102 obiit

293 4121 558 4175 Alaricus.
608 4118 791 4189 Neque
833 4118 1003 4174 etiam
1030 4119 1134 4174 dici
1177 4126 1355 4189 potest
1372 4118 1875 4189 gAlarici’generum

298 4192 489 4261 Africa:
531 4192 808 4261 dynastam
857 4189 1019 4261 fuisse
1064 4190 1131 4243 ab
1178 4188 1333 4261 anno
1358 4188 1479 4253 408,
1530 4197 1589 4261 ut
1626 4188 1879 4261 supponit

296 4257 617 4328 Cbifﬂetius,
643 4269 698 4313 et
727 4276 867 4315 anno
891 4260 993 4312 410
1021 4260 1259 4328 potuisse
1304 4260 1470 4313 libere
1498 4259 1564 4312 ab
1592 4273 1659 4313 eo
1686 4257 1878 4328 abduci

302 4327 577 4382 Paulinum
608 4339 666 4382 ut
710 4330 761 4383 in
810 4344 997 4383 manus
1024 4327 1218 4383 Alarici
1255 4328 1625 4383 immanissimi
1669 4327 1879 4397 imperii

303 4400 468 4453 hostis
497 4399 815 4466 traderetur,
840 4415 958 4467 qua:
990 4398 1109 4453 ficte
1135 4399 1411 4467 supposita
1432 4406 1486 4452 et
1515 4398 1732 4467 minime
1762 4412 1881 4467 pro-

1963 444 2083 504 rum
2108 429 2291 504 itaque
2344 444 2452 504 non
2473 428 3299 504 habebat._Gunthariurnuvero,
3342 428 3425 489 νει
3455 450 3557 504 po-

1955 497 2074 556 Ltius
2102 497 2503 571 Gundicarium,
2552 499 2801 571 sicenitn
2842 513 2873 551 a
2900 500 3169 571 nonnullis
3196 497 3552 571 scriptoribus

1967 568 2503 641 vocatu_i'_,_anno__42"l
2530 569 2611 641 vel
2634 567 2737 641 428
2763 567 2873 634 jam
2899 568 3096 641 obiisse
3122 567 3352 641 constat,
3376 574 3553 641 prius-

1967 652 2125 708 quam
2147 637 2411 708 Wandali
2456 638 2507 691 in
2539 636 2771 708 Africam
2801 639 3091 693 transirent
3132 656 3144 690 :
3180 640 3321 708 quod
3352 636 3550 696 confir-

1968 704 2079 759 mat
2106 704 2333 779 ldacins.
2383 705 2906 779 Procopiusjlbid.)
2949 709 3064 776 ipse
3096 704 3339 779 testatur
3374 713 3551 768 artatis

1966 790 2077 845 sua:
2106 775 2397 830 Wandalos
2444 776 2492 829 id
2523 775 2838 839 credidisse;
2880 775 3053 845 neque
3092 778 3278 833 Victor
3316 780 3550 837 Vitensis

1966 844 2163 916 aliique
2207 846 2568 916 scripntoresgin
2591 846 2821 916 Africam
2852 844 3122 901 alio'duce
3151 864 3311 916 quam
3342 848 3550 906 Cense-

1966 913 2081 985 rico
2108 916 2317 970 venisse
2340 914 2634 985 Wandalos
2655 914 2970 985 signiﬁcant.
3005 916 3061 971 Si
3084 913 3245 985 igitur
3270 919 3368 972 sub
3396 919 3549 974 Gun-

1966 983 2143 1053 thario
2194 985 2435 1053 captivus
2486 984 2657 1039 factus
2712 994 2793 1039 est
2834 983 3124 1053 Paulinus,
3164 987 3261 1041 fuit
3303 999 3451 1044 certe
3492 991 3550 1045 in

1967 1051 2239 1122 Hispania,
2260 1051 2369 1108 non
2394 1070 2523 1124 vero
2554 1055 2607 1107 in
2637 1053 2832 1124 Africa,
2868 1064 2927 1108 nt
2956 1051 3229 1111 contendit
3254 1057 3545 1124 Baronius;

1967 1132 2129 1191 atque
2171 1124 2246 1178 ita
2276 1122 2563 1179 dicendum
2587 1124 2693 1177 erit
2722 1122 2999 1179 Paulinum
3045 1141 3214 1181 annos
3266 1136 3447 1191 natum
3474 1122 3550 1185 '75

1965 1192 2307 1267 hortulanum
2356 1192 2772 1267 egis_se__(Chifﬂ.
2811 1195 2907 1248 loc.
2952 1197 3063 1259 cit.,
3104 1212 3157 1265 p.
3198 1195 3362 1266 180),
3399 1200 3547 1267 quod

1967 1262 2114 1316 nullo
2142 1264 2301 1318 modo
2324 1262 2612 1318 verisimile
2642 1262 2743 1317 est.

2036 1330 2087 1383 4.
2121 1332 2272 1387 llaud
2295 1333 2406 1387 scio
2453 1348 2520 1386 an
2567 1334 2785 1406 alterius
2822 1331 3028 1406 Paulini
3075 1341 3337 1404 tempora,
3383 1352 3545 1406 quem

1965 1400 2239 1472 aliquanto
2287 1410 2411 1472 post
2458 1411 2699 1457 nostrum
2748 1401 3028 1472 Paulinum
3086 1400 3331 1459 creatum
3381 1400 3545 1464 fuisse

1964 1470 2111 1524 Nolae
2134 1470 2445 1541 episcopum
2468 1472 2662 1535 ferunt,
2687 1488 2809 1526 cum
2830 1471 3074 1539 Gregorii
3105 1477 3414 1530 narratione
3434 1494 3542 1533 non

1964 1542 2156 1595 melius
2184 1542 2564 1605 convenirent;
2596 1556 2715 1610 qua:
2746 1542 2870 1596 licet
2895 1543 2967 1595 ita
2989 1558 3047 1597 se
3076 1544 3353 1609 haberent,
3376 1547 3545 1603 cuivis

1965 1618 2143 1683 tamen
2174 1620 2279 1664 tam
2312 1611 2516 1683 illustre
2555 1611 2779 1683 facinus,
2828 1612 3227 1683 quodquidem
3272 1624 3543 1683 tamquam

1965 1678 2170 1747 insigne
2224 1681 2463 1752 caritatis
2517 1682 2802 1752 specimen
2844 1678 3094 1752 omnibus
3137 1678 3543 1752 proponendum

1960 1758 2061 1811 est,
2090 1765 2200 1824 non
2228 1749 2497 1824 videbitur
2538 1750 2691 1824 alteri
2720 1750 3058 1824 tribuendum
3099 1749 3257 1819 quani
3282 1754 3355 1808 illi
3382 1769 3412 1807 a
3436 1771 3545 1824 quo

1967 1826 2112 1889 tanta
2152 1818 2343 1872 divinze
2390 1819 2627 1889 caritatis
2654 1835 2834 1889 opera
2878 1820 2976 1874 sub
3024 1818 3137 1889 ipsa
3176 1818 3545 1879 conversionis

1963 1886 2134 1953 initia,
2151 1903 2271 1960 cum
2301 1903 2366 1942 eo
2393 1888 2555 1943 veluti
2583 1886 2887 1960 colludentc
2907 1886 3097 1960 gratia,
3116 1892 3277 1960 798
3304 1892 3544 1960 profecta

1964 1965 2107 2012 sunt.
2156 1955 2224 2011 Ut
2250 1966 2640 2032 pnevertantur
2676 1972 2793 2027 qua:
2834 1955 3088 2032 in_'l_iujus
3117 1955 3351 2032 historia:
3377 1977 3543 2032 argu-

1964 2034 2205 2081 mentum
2238 2026 2399 2095 ebjici
2420 2035 2675 2100 possent,
2693 2026 2707 2027 ί
2727 2043 2835 2100 non
2877 2026 3126 2083 debuisse
3154 2030 3400 2084 nimirum
3428 2026 3543 2100 Epi-

1962 2111 2183 2168 scopum
2213 2112 2250 2168 a_
2273 2097 2470 2168 populo
2498 2112 2596 2151 suo
2616 2097 2908 2160 discedere,
2935 2113 3109 2167 neque
3137 2100 3332 2168 privati
3353 2097 3537 2168 cujus-

1964 2164 2087 2219 dam
2116 2166 2309 2235 captivi
2346 2164 2657 2221 libertatem
2707 2175 2920 2237 aeternae
2966 2164 3335 2237 totius'gregis
3380 2164 3539 2225 saluti

1964 2249 2279 2318 praeponere
2308 2276 2324 2301 ,
2369 2237 2648 2318 satisnerit
2690 2236 2735 2318 si
2767 2236 3177 2318 respondeatur
3209 2254 3239 2318 εξ
3268 2236 3541 2318 Gregorio

1967 2304 2199 2375 (Dialog.
2229 2305 2266 2359 ι.
2301 2322 2383 2379 m_,_
2409 2322 2455 2379 c_.
2490 2305 2567 2375 1),
2615 2306 2705 2376 qui
2730 2314 2785 2360 et
2812 2304 3070 2379 Ecclesize
3094 2309 3304 2379 regulas
3338 2304 3540 2379 et'epi-

1964 2388 2250 2445 scoporum
2298 2376 2473 2430 ollicia
2520 2390 2683 2445 quam
2724 2376 2927 2445 optime
2973 2376 3222 2444 callebat,
3267 2376 3540 2433 laudatum

2154 2445 2473 2526 stupendum
2513 2443 2640 2500 illud
2661 2487 2677 2513 ,
2708 2443 3029 2526 mirandum.
3055 2454 3109 2501 et
3145 2463 3363 2526 prorsus
3391 2450 3543 2526 inau-

1965 2514 2135 2567 ditum
2163 2512 2387 2581 facinus,
2434 2530 2502 2569 ex
2529 2530 2636 2584 quo
2674 2516 2848 2583 quivis
2886 2516 3119 2569 maxima
3143 2512 3352 2571 virtutis
3379 2517 3543 2573 docu—

1964 2592 2147 2657 menta
2168 2593 2355 2654 posset
2381 2586 2675 2657 percipere.
2710 2585 2765 2639 In
2794 2586 2916 2651 hoc,
2947 2586 3118 2654 inquit
3140 2585 3352 2657 (Ibid.),
3395 2588 3543 2641 illum

1964 2655 2195 2708 imitatus
2212 2664 2288 2709 est
2308 2656 2394 2725 qui
2425 2658 2817 2725 {ornmanmrservi
2847 2655 3156 2725 assumpsit,
3194 2673 3257 2709 ne
3285 2673 3379 2710 nos
3407 2673 3543 2711 esse-

1967 2723 2466 2795 mususervinpercqti.
2484 2723 2836 2795 AS._Eulogius
2859 2724 2960 2795 (Ad
2983 2723 3196 2779 Floram
3217 2734 3264 2779 et
3294 2725 3541 2793 Mariam,

1967 2801 2006 2865 t.
2032 2792 2133 2865 I_X,
2157 2811 2209 2865 ρ,
2230 2792 2357 2863 512,
2379 2792 2510 2865 Bibl.
2540 2792 2878 2865 Patr.)§nono
2902 2794 3306 2865 seculomartyr
3326 2792 3544 2850 illustris

1967 2862 2155 2917 iisdem
2184 2863 2295 2918 fere
2326 2862 2491 2917 ntitur
2518 2862 2713 2925 verbis,
2746 2863 3050 2931 exemplum
3081 2864 3210 2916 illud
3239 2862 3469 2920 detentis
3491 2867 3543 2920 in

1966 2946 2185 3002 carcere
2214 2948 2311 3001 pro
2338 2931 2552 2987 Christo
2574 2932 2865 2999 virginibus
2906 2946 3230 3000 proponens,
3282 2935 3459 3002 ibique
3479 2936 3540 2991 S.

1966 2999 2250 3054 Paulinum
2296 3003 2442 3055 mirae
2486 3004 2776 3071 annotitatis
2819 3009 2866 3053 et
2914 3002 3331 3071 incomparabili;
3373 2999 3545 3059 ineriti

1969 3072 2262 3142 episcopum
2291 3080 2464 3142 vocat.
2498 3069 2736 3142 'l_‘_radunt
2763 3071 2978 3142 quidam
3003 3069 3228 3142 (anum,
3248 3071 3350 3127 Leo
3386 3072 3475 3126 lib.
3507 3090 3546 3129 ιι

1970 3138 2033 3211 de
2055 3138 2217 3203 Nola,
2241 3157 2289 3194 ο.
2314 3140 2400 3205 15,
2432 3148 2480 3194 et
2505 3139 2681 3211 Cliiffl.
2706 3159 2763 3211 p.
2780 3138 2915 3211 259)
2940 3141 2995 3194 S.
3012 3138 3300 3195 Paulinum
3327 3142 3547 3198 Nolana:

1970 3210 2202 3281 civitatis
2224 3211 2552 3281 episcopum,
2584 3209 2714 3266 cum
2748 3209 2967 3281 Nolanis
3009 3211 3256 3266 omnibus
3284 3211 3400 3280 ejus
3444 3228 3549 3268 no-

1970 3280 2116 3335 mine
2143 3280 2381 3335 liberatis
2406 3280 2742 3345 redeuntem,
2791 3280 2858 3335 de
2885 3282 3091 3337 civibus
3116 3281 3252 3336 adeo
3274 3282 3412 3337 bene
3433 3295 3569 3343 me-,

1970 3350 2160 3432 ritu-in,
2184 3358 2332 3404 tanta
2361 3365 2556 3432 pomp‘a
2582 3351 2871 3432 lmtitiaque
2900 3351 2967 3404 ab
2995 3351 3551 3432 ipsisnexceptum,_ut

1970 3393 2485 3491 ᾖ)ἰῖ‹ἶί“ιῖἇὲ“έὶιί“ἰιὸἕιίἰ”
2493 3393 3551 3491 352133551}:ﬁﬁj'"r€sii§"§;§2£ét53

1972 3490 2211 3572 culisque
2230 3505 2396 3558 usque
2416 3490 2483 3543 ad
2504 3499 2741 3572 nostram
2766 3497 3137 3572 tempestatem
3158 3490 3396 3571 venerati
3422 3493 3551 3572 sint,

1972 3569 2030 3614 et
2075 3559 2363 3614 etiamnum
2408 3570 2758 3623 venerentur,
2816 3560 2976 3627 idque
3022 3576 3052 3613 a
3096 3559 3304 3615 decimo
3352 3562 3554 3617 mensis

1971 3628 2116 3683 Junii
2140 3630 2228 3683 die
2256 3644 2364 3697 quo
2393 3629 2446 3681 in
2474 3630 2662 3682 urbem
2690 3629 2912 3697 rediisse
2950 3628 3137 3692 fertur,
3172 3644 3340 3696 usque
3370 3628 3439 3682 ad
3469 3631 3552 3683 vi-

1974 3700 2231 3767 gesimum
2255 3696 2551 3767 secundum
2598 3712 2705 3765 quo
2752 3696 2892 3751 diem
2942 3698 3439 3767 obiit__extremum.
3474 3698 3554 3753 Ex

1974 3764 2074 3821 ins.
2108 3766 2295 3822 codice
2314 3766 2595 3835 (Mediam,
2618 3764 2700 3819 Pin
2730 3780 2837 3835 quo
2866 3774 3040 3819 exstat
3077 3764 3257 3820 Uranii
3304 3768 3372 3821 de
3404 3768 3555 3823 obitu

1976 3836 2182 3891 Paulini
2214 3837 2279 3891 ad
2307 3834 2559 3889 Pacatum
2589 3834 2830 3889 narratio
2858 3850 2977 3902 qua:
3005 3836 3282 3889 historiam
3307 3836 3377 3889 ibi
3406 3852 3556 3890 com-

2015 3907 2228 3960 lectitur
2253 3906 2320 3960 de
2348 3904 2591 3960 redemto
2619 3922 2650 3959 a
2695 3904 2751 3959 S.
2785 3902 3008 3960 Paulino
3038 3907 3117 3960 sui
3160 3906 3558 3961 permutatione

2015 3922 2228 3960 tecntur
2253 3922 2320 3960 oe
2348 3922 2591 3960 reuemto
2619 3922 2650 3959 a
2695 3922 2751 3959 δ.
2785 3922 3008 3960 raunno
3038 3922 3117 3960 Slll
3198 3922 3555 3961 ermutanone

1974 3922 2086 4028 ﬁlio
2117 3977 2287 4029 viduae
2317 3990 2485 4042 usque
2514 3975 2584 4027 ad
2633 3974 2747 4043 ejus
2777 3990 2845 4043 ex
2872 3974 3047 4043 Africa
3080 3922 3265 4028 Noram
3298 3975 3555 4042 reditum,

1977 4044 2256 4125 contendit
2294 4045 2559 4125 Baronius
2601 4042 2724 4113 (An.
2749 4042 2873 4126 451,
2894 4044 2929 4167 ᾖ
2964 4042 3083 4109 195,
3133 4046 3188 4125 in
3216 4044 3467 4126 append.)
3498 4044 3556 4099 S.

1979 4115 2295 4167 Gregorium
2318 4116 2384 4167 ab
2398 4112 2600 4167 Uramo
2622 4116 2759 4167 hanc
2781 4123 2895 4167 totn
2918 4130 3001 4167 em
3018 4115 3195 4167 verbis
3211 4130 3556 4167 cxsormsnsse

1979 4115 2295 4182 Gregorium
2318 4116 2384 4167 ab
2398 4112 2600 4167 Uranio
2612 4112 2759 4170 hanc
2781 4112 3001 4169 totidem
3018 4114 3195 4169 verbis
3211 4112 3562 4182 eiscripsisse

1980 4185 2259 4239 historiam
2287 4199 2447 4252 quam
2484 4183 2632 4252 inter
2660 4184 2843 4251 Elogia
2874 4184 3130 4238 dedimus.
3182 4188 3250 4237 At
3276 4183 3403 4238 illud
3434 4184 3564 4239 Sac-

1980 4255 2144 4324 chino
2182 4244 2419 4324 (Paulini
2461 4244 2563 4324 Vit.
2607 4273 2658 4324 p.
2694 4244 2811 4318 72Ῑ,
2851 4252 2973 4320 722)
3023 4270 3129 4308 non
3175 4255 3443 4324 persuasit
3471 4256 3562 4322 qni

1980 4340 2100 4379 eam
2127 4322 2197 4378 S.
2216 4323 2477 4391 Gregorio
2500 4322 2568 4375 Μ.
2600 4322 2813 4392 Semper
2840 4324 3112 4387 adscribit,
3160 4322 3259 4379 nec
3296 4322 3565 4377 Chifllctio

1984 4393 2140 4464 (Pag.
2172 4392 2303 4464 170,
2336 4392 2458 4462 180)
2492 4394 2581 4464 qui
2613 4393 2826 4448 Baronii
2874 4403 3183 4464 argumenta
3227 4403 3285 4464 et
3330 4396 3567 4450 rationes

298 4469 491 4539 habilia
518 4468 784 4539 videntur.
804 4460 1059 4521 'A'flirmat
1096 4460 1354 4522 Bai-unius
1385 4468 1505 4535 (An.
1528 4466 1656 4539 ﬁt,
1689 4468 1715 4539 §
1749 4460 1873 4539 191)
1906 4477 1955 4538 υ
1982 4460 2186 4539 optime
2227 4460 2454 4539 refellit:
2493 4460 2706 4539 Etenim
2752 4465 2871 4539 ipse
2904 4460 3193 4539 Gregorius
3214 4463 3385 4539 (Dial.
3420 4464 3455 4517 l.
3489 4481 3568 4531 Ill,

296 4538 647 4591 Gensericum
686 4538 1066 4592 Wandalorum
1107 4553 1286 4606 regem
1334 4553 1472 4591 anno
1515 4536 1617 4589 428
1646 4536 1729 4592 vel
1770 4537 1839 4590 42

294 4608 504 4662 Italiam
533 4609 912 4677 depopulatum
949 4608 1109 4661 fuisse
1151 4618 1205 4662 et
1234 4624 1300 4677 ei;
1326 4623 1389 4660 ea
1419 4608 1669 4677 captivos
1702 4607 1872 4662 abdu-

296 4680 466 4745 xisse,
510 4676 844 4745 mortemque
887 4677 1167 4731 Guntharii
1209 4692 1238 4729 a
1276 4676 1497 4731 Paulino
1536 4676 1873 4746 prtedictam;

295 4763 458 4817 quem
484 4746 729 4815 Procopii
757 4744 1045 4801 autoritate
1062 4746 1230 4801 fretus
1250 4744 1551 4800 Wandalos'
1566 4747 1622 4817 in
1646 4744 1876 4800 Africam

297 4816 422 4872 cum
442 4817 737 4871 Genserico
758 4817 919 4871 fratre
947 4817 1230 4871 adduxisse
1252 4816 1543 4871 contendit.
1564 4816 1727 4870 Maria
1748 4830 1878 4869 vero

300 4903 407 4940 non
437 4894 731 4955 potuerunt
757 4885 1000 4939 Wandali
1025 4901 1337 4955 percurrere
1368 4886 1467 4940 nisi
1496 4895 1616 4955 post
1644 4899 1877 4954 occupa-

301 4967 409 5009 tam
439 4954 693 5019 Africam,
741 4971 807 5010 eo
836 4956 977 5009 enim
1021 4954 1265 5023 tempore
1299 4970 1406 5023 quo
1435 4970 1502 5008 ex
1533 4954 1797 5023 Hispaniis
1827 4956 1879 5007 in

300 5026 535 5081 Africam
582 5028 926 5090 transierunt,
973 5025 1326 5091 navigationis
1370 5034 1538 5079 artem
1590 5025 1653 5078 iis
1693 5033 1877 5077 notam

305 5112 407 5150 non
440 5096 603 5165 fuisse
635 5094 863 5164 Prosper
890 5094 1153 5165 (Chronic.
1187 5112 1283 5165 an.
1313 5094 1435 5163 427)
1467 5092 1715 5165 affirmat.
1748 5092 1883 5147 Pro-

300 5168 486 5237 copius
508 5164 727 5238 (Wand.
760 5166 797 5219 ι.
831 5182 866 5231 ι,
894 5164 939 5219 c.
970 5164 1047 5235 ὖ),
1087 5180 1248 5234 quem
1274 5164 1532 5219 Baronius
1560 5164 1754 5220 ducem
1795 5178 1881 5218 se—

600 5790 865 5855 Ριτιιοι.
914 5785 1077 5849 LXI.

1980 4532 2037 4589 cf
2063 4534 2115 4603 1)
2162 4535 2300 4589 hanc
2328 4534 2394 4587 de
2426 4532 2629 4587 Paulini
2668 4532 2994 4603 Captivitate
3041 4534 3316 4589 historiam
3362 4550 3471 4589 non
3502 4550 3566 4591 ex

1983 4602 2296 4673 cujusquam
2325 4605 2539 4671 scriptis
2564 4618 2621 4658 se
2651 4602 2983 4673 excerpsisse
3012 4602 3159 4664 dicit,
3202 4603 3296 4673 sed
3326 4618 3357 4657 a
3387 4604 3568 4659 senio-

1982 4672 2128 4728 ribus
2156 4672 2284 4728 viris
2325 4673 2577 4731 audiisse.
2608 4688 2837 4740 quorum
2868 4672 3177 4726 testimonio
3208 4672 3363 4726 tidem
3393 4674 3565 4727 dene-

1984 4758 2111 4812 gare
2138 4760 2241 4798 non
2268 4745 2508 4813 potuisse
2538 4742 2838 4813 fateturLSi
2865 4742 2976 4813 hxec
3002 4742 3565 4813 accideritrcaptivitas

1985 4811 2053 4868 ab
2082 4830 2222 4867 anno
2250 4811 2353 4866 £121
2396 4827 2564 4882 usque
2600 4812 2667 4865 ad
2697 4811 2820 4875 417,
2869 4811 3220 4880 Augustinum
3268 4812 3367 4866 hac
3412 4812 3479 4882 de
3510 4829 3569 4866 re

1983 4884 2093 4951 jam
2122 4884 2187 4937 ad
2212 4882 2491 4937 Paulinum
2520 4882 2798 4950 scripsisse
2824 4896 2929 4934 non
2955 4883 3126 4937 serius
3154 4896 3320 4950 quam
3344 4881 3442 4935 sub
3468 4882 3569 4951 ini-

1986 4950 2119 5006 tium
2140 4952 2265 5005 anni
2293 4952 2394 5005 417
2419 4952 2640 5021 credere
2686 4967 2783 5021 par
2812 4958 2911 5015 est,
2963 4966 3080 5005 cum
3132 4952 3184 5005 in
3214 4952 3439 5019 epistola
3464 4950 3569 5021 180

1984 5023 2142 5095 (alias
2167 5021 2286 5089 106)
2309 5023 2448 5095 circa
2474 5020 2707 5095 medium
2732 5021 2971 5095 ejusdem
2994 5022 3117 5075 anni
3138 5022 3334 5095 scripta
3364 5020 3567 5074 nullum

1984 5092 2050 5146 de
2080 5092 2179 5146 hac
2207 5092 2519 5161 captivitate
2548 5093 2771 5147 verbum
2796 5092 2972 5147 faciat.
