4024 6186
287 253 388 309 78!

287 369 452 426 Vides
485 367 573 424 hic
604 366 868 423 Asterium
907 366 1215 435 memorari,
1261 367 1352 436 qui
1376 381 1479 421 una
1501 381 1622 436 cum
1649 375 1870 436 parente

287 439 488 495 Turcio
537 437 874 506 Aproniano,
924 453 1079 492 sacro
1119 434 1456 506 baptismatis
1503 434 1663 506 fonte
1696 434 1870 506 fuerat

287 454 488 495 't'urcm
537 454 581 491 Α
620 454 874 503 romano,
924 454 1079 492 sacro
1119 454 1456 506 baptismatis
1503 454 1650 490 lontc
1696 454 1865 491 iuerat

286 511 524 565 ablutus.
575 454 758 576 illeque
801 507 852 561 id
897 507 1112 577 quidem
1153 508 1324 561 multo
1353 514 1480 561 ante
1517 505 1717 559 factum
1747 505 1865 572 fuit,

327 579 435 634 uod
449 577 642 632 Asterii
665 586 795 647 aetas
823 593 928 631 non
959 577 1282 647 patiebatur,
1305 585 1361 632 et
1385 577 1672 631 observata
1699 590 1873 645 nuper

323 665 354 702 e
382 648 580 703 Turcio
610 662 716 700 non
738 645 932 708 ferunt,
956 645 1045 716 qui
1075 646 1270 701 dicitur
1289 657 1429 701 vetus
1457 656 1664 716 senator
1692 648 1868 710 curiw,

285 717 493 773 Christo
522 733 697 788 novus,
729 719 814 787 qui
837 719 950 788 novi
973 715 1115 788 ortas
1136 717 1303 788 gloria
1333 715 1717 788 longe__clarior
1745 730 1872 788 eva-

283 797 453 843 serat.
501 787 576 842 De
616 786 719 841 hoc
742 784 886 841 item
923 784 1347 843 Asterio'forsau
1377 784 1754 856 intelligendus
1782 784 1873 842 ille

284 873 478 914 versus
504 874 518 909 ἒ

413 950 620 999 Turcius
643 961 732 998 ore
755 949 848 1010 pio,
877 950 1086 999 ﬂorente
1108 949 1342 999 Suecrius
1365 960 1486 997 aevo.

282 1031 514 1086 Turcius
542 1039 698 1099 pater
738 1031 968 1099 primum
999 1031 1246 1095 refertur,
1287 1030 1410 1085 dein
1441 1028 1603 1094 filius,
1630 1027 1721 1097 qui
1742 1027 1879 1099 Sue-

285 1102 433 1157 crius
478 1097 640 1156 etiam
693 1097 1014 1170 appellatur,
1063 1101 1166 1155 nisi
1215 1100 1514 1170 Pinianumi
1546 1100 1728 1170 potius
1775 1097 1879 1151 hoc

287 1186 488 1226 nomen
517 1169 792 1239 respiciat.
823 1169 1022 1224 Fateor
1048 1184 1349 1238 cognomen
1380 1169 1520 1224 istud
1548 1169 1680 1222 satis
1718 1180 1876 1239 pere-

287 1242 502 1309 grinum
533 1236 672 1309 apud
699 1240 970 1294 Romanos
999 1240 1090 1293 illo
1117 1236 1233 1294 {evo
1255 1241 1434 1306 fuisse,
1466 1239 1607 1309 unde
1634 1239 1687 1291 in
1709 1236 1879 1309 suspi-

289 1307 503 1366 cionem
532 1307 805 1379 depravati
831 1317 1009 1365 textus
1037 1309 1193 1364 facile
1221 1311 1427 1364 trahor.
1456 1307 1711 1364 Fortasse
1734 1307 1876 1379 Sya-

291 1383 432 1450 grius
473 1375 756 1448 legendum
793 1388 898 1446 est,
947 1379 1091 1446 quod
1137 1380 1340 1450 librarii
1378 1379 1526 1434 nullo
1564 1375 1792 1450 negotio
1824 1375 1878 1450 in

293 1445 873 1508 Saenius—convertere
887 1445 1216 1520 potuerunt;
1251 1449 1517 1518 huiusque
1541 1445 1880 1516 cognominis

1390 252 1837 309 DISSERTATIO
1877 254 1966 312 IV.
2007 255 2097 310 DE
2140 254 2403 309 ALRlNA.

3453 261 3564 318 7m

1900 374 1944 432 Α
1974 369 2110 426 duos
2139 369 2389 425 consules
2437 369 2696 423 hanctnus
2742 370 2794 422 in
2833 368 3006 424 Fastis
3051 385 3192 426 anno
3219 369 3317 426 581
3353 379 3410 426 et
3435 369 3559 426 ’ὁδὶ

1977 439 2204 510 Geniem
2233 454 2447 510 quoque
2473 437 2754 510 §yagriam
2785 436 3036 510 Ecclesia:
3063 440 3353 510 thesaurum
3376 442 3562 510 appel.

1979 509 2056 564 lat
2083 506 2375 579 Ennodius’
2389 509 2443 563 in
2467 506 2785 579 Epiphanio.
2818 506 3088 579 Laudatus
3107 509 3392 564 cardinalis
3411 506 3563 575 Nori-

1979 580 2170 650 sinsin
2196 577 2524 650 ,Ctenotaph.
2552 577 2684 650 Pis.,
2707 578 2845 633 Diss.
2871 577 2924 650 4,
2974 579 3176 650 cap},
3205 580 3302 650 §i,
3336 579 3567 650 ldacium

1979 649 2164 704 laudat
2191 649 2245 703 in
2266 647 2534 704 Chronico
2564 648 2633 702 ad
2656 663 2854 702 annum
2878 647 3087 717 imperii
3110 647 3333 703 Honorii
3353 649 3442 715 26,
3467 653 3570 707 hoc

1981 727 2067 774 est
2093 733 2215 774 terte
2255 727 2455 774 nostra:
2497 717 2622 786 420,
2677 727 2732 773 et
2768 717 2836 772 ad
2878 734 3076 773 annum
3103 717 3170 771 Π
3214 718 3571 775 Valentiniani

1983 789 2395 858 TertiiLnempe
2424 788 2546 852 440,
2594 790 2894 857 iterumque
2935 788 3197 843 Renatum
3227 787 3572 844 Profuturum

1981 858 2126 929 apud
2165 857 2392 928 Gregor.
2426 858 2628 914 Turon.
2659 860 2751 913 lib.
2787 877 2802 914 ι
2849 859 2988 913 Hist.
3037 859 3254 926 Franc.,
3303 859 3395 928 qui
3438 860 3574 914 duos

1981 928 2222 984 Asterios
2251 937 2554 984 memorant
2581 930 2681 984 sub
2709 929 2970 991 Honorio,
3003 928 3226 998 ejusque
3260 945 3575 998 successore

1981 998 2380 1064 Valentiniano,
2398 999 2706 1068 magisterio
2727 1000 3005 1066 utriusque
3024 997 3227 1054 militia:
3249 999 3300 1052 in
3319 997 3572 1067 Hispania

1981 1068 2310 1139 perfunctos.
2366 1069 2515 1139 Alius
2563 1069 2692 1139 item
2736 1067 2986 1139 Asterius
3034 1084 3175 1122 anno
3221 1068 3421 1139 Christi
3469 1069 3573 1121 4-59

1981 1137 2170 1195 consul
2197 1140 2251 1194 in
2279 1138 2453 1193 Fastis
2475 1138 2687 1206 legitur.
2717 1137 2787 1191 At
2809 1138 3074 1192 neminem
3103 1154 3168 1192 ex
3199 1139 3281 1192 bis
3301 1138 3572 1192 Asterium

1982 1218 2228 1264 nostrum
2255 1208 2418 1263 fuisse
2445 1208 2577 1261 mihi
2607 1208 2856 1262 lubenter
2883 1208 3102 1272 suadeo,
3127 1208 3327 1278 quippe
3356 1223 3386 1261 a
3416 1217 3573 1263 tene-

1982 1281 2076 1344 ris,
2110 1287 2170 1334 ut
2209 1279 2379 1344 aiunt,
2434 1278 2735 1346 unguiculis
2769 1278 2882 1332 Deo
2925 1285 3165 1332 sacratus
3193 1293 3223 1330 a
3263 1279 3576 1345 parentibus

1983 1350 2087 1404 iste
2116 1348 2308 1416 fuerat,
2333 1364 2397 1403 ac
2425 1347 2820 1416 sacerdotalem
2841 1347 3178 1406 nutriebatur
3199 1346 3265 1399 ad
3287 1346 3573 1414 honorem,

1983 1415 2440 1490 quemadmOdum
2469 1418 2717 1487 superius
2740 1432 2770 1471 e
2799 1415 3025 1472 Paulino
3049 1416 3350 1471 didicimus.

1285 1679 2050 1767 DISSERTATIO
2102 1675 2568 1760 TERTIA.

1500 1845 1600 1894 DE
1637 1843 1863 1892 AVITA
1903 1839 1999 1890 AG
2037 1838 2404 1889 EUNOMIA.

364 1972 529 2053 $93
558 1969 737 2053 Turcii
763 1970 1058 2053 Aproniani
1085 1970 1285 2041 conjux
1313 1978 1431 2025 erat
1457 1970 1636 2053 Avita,
1658 1969 1885 2050 ejusque
1917 1971 1962 2029 Β
1986 1965 2161 2053 aztaiis
2193 1979 2490 2053 ‘morumve‘
2526 1964 2673 2053 inter
2691 1953 2928 2053 easdem‘
2942 1967 3364 2049 similitudinem,
3393 1983 3576 2053 ‘quam

301 2039 412 2098 filii
438 2039 588 2096 fuére
615 2039 854 2097 Asterius
893 2055 1056 2165 supra
1105 2039 1456 2107 memoratus,
1502 2055 1568 2096 ac
1595 2039 1882 2096 Eunomia.

303 2115 380 2165 De
407 2114 495 2165 illa
527 2113 605 2165 sic
633 2113 818 2165 scribit
850 2111 957 2165 Pau
982 2112 1140 2165 inus:

303 2115 380 2169 De
407 2114 495 2168 illa
527 2113 605 2168 sic
633 2113 818 2167 scribit
850 2111 1101 2169 Paulinus
1126 2129 1140 2165 :

366 2215 604 2274 Jungitur
625 2212 741 2260 huic
763 2224 994 2273 gentiana
1015 2210 1157 2273 jugo,
1175 2217 1237 2274 ut
1269 2212 1335 2262 sit
1354 2211 1505 2274 tertia
1527 2211 1759 2273 princeps

424 2273 650 2336 Agminis
666 2273 960 2336 bymaisonis
982 2279 1138 2324 mater
1157 2273 1298 2323 Avite
1321 2273 1500 2323 choris.

306 2364 576 2420 Palladius
605 2365 659 2418 in
690 2362 947 2418 Lausiaca
976 2362 1233 2428 Historia,
1282 2377 1404 2431 cap.
1437 2360 1559 2428 1⁵54,
1602 2361 1743 2415 hanc
1771 2376 1891 2418 mu-

307 2438 494 2491 lierem
524 2435 736 2489 beatam
761 2442 937 2499 vocat,
972 2433 1287 2501 feminisque
1313 2435 1438 2487 vitm
1462 2433 1748 2486 sanctitate
1772 2432 1895 2487 illu-

307 2507 509 2561 stribus
537 2515 806 2559 accenset.
833 2503 972 2558 Sunt
999 2503 1115 2572 ejus
1145 2504 1306 2557 verba
1331 2521 1344 2555 :
1379 2502 1497 2555 Vidi
1519 2503 1675 2555 etiam
1696 2503 1897 2558 beatam

308 2577 514 2631 Auitum
536 2573 644 2628 Deo
674 2573 885 2644 dignam
909 2590 1025 2644 cum
1051 2573 1162 2644 ejus
1186 2573 1374 2627 marito
1398 2572 1668 2644 Primiano
1702 2572 1903 2643 (legen-

311 2647 438 2701 dum
479 2653 595 2708 est,
647 2653 704 2697 ut
733 2643 905 2712 supra
946 2643 1082 2708 dixi,
1125 2643 1450 2712 Aproniano)
1489 2652 1541 2694 et
1578 2659 1758 2695 eorum
1785 2644 1901 2712 ﬁlia

315 2715 574 2769 Eunomia
614 2716 668 2767 in
709 2713 946 2768 omnibus
976 2713 1087 2768 Deo
1121 2713 1246 2766 bene
1293 2713 1582 2783 placentes,
1624 2722 1681 2765 ut
1727 2723 1903 2783 aperte

316 2787 471 2856 facile
502 2785 724 2838 traducti
768 2786 959 2856 fuerint
1001 2802 1034 2836 a
1079 2783 1331 2856 dissoluta
1380 2791 1428 2856 et
1467 2784 1762 2856 voluptaria
1797 2785 1902 2856 vita

315 2853 384 2909 ad
411 2856 679 2910 honestam
707 2864 756 2907 et
769 2853 1118 2908 continentem
1159 2855 1276 2907 vita:
1306 2853 1713 2916 institutionem;
1742 2853 1796 2906 in
1821 2855 1901 2907 Itis

317 2943 516 3048 σαυππε
547 2926 691 2994 digni
719 2924 902 2991 habiti,
933 2933 988 2976 ut
1013 2925 1067 2977 in
1097 2921 1300 2977 Christo
1333 2922 1640 2985 dormirent,
1669 2920 1734 2974 ab
1763 2924 1903 2976 omni

319 2998 403 3048 aui
441 3013 524 3048 em
553 3005 761 3048 veccato
795 2994 961 3048 liberi.
986 2996 1206 3048 perfecte
1229 2995 1284 3045 in
1313 2993 1593 3045 certamine
1629 2993 1902 3046 decertan-

319 2993 524 3065 quidem
553 2993 761 3064 peccato
795 2994 961 3059 liberi,
985 2996 1206 3064 perfecte
1229 2995 1284 3045 in
1313 2993 1593 3065 certamine
1629 2993 1902 3065 decertan-

319 3063 414 3127 tes,
463 3069 518 3119 in
549 3063 682 3119 bona
723 3065 969 3117 memoria
987 3063 1154 3118 ritum
1182 3079 1330 3132 suam
1359 3063 1723 3132 relinquentes.
1759 3063 1903 3117 Idem

321 3135 612 3199 Palladius,
656 3150 786 3204 capi
816 3133 939 3197 ii8,
972 3148 1135 3202 quum
1165 3131 1453 3204 aiMelania
1481 3131 1696 3204 seniore
1725 3133 1902 3204 Apro-

321 3207 539 3260 nianum
592 3202 1076 3259 fidei—Christianae
1125 3202 1390 3257 redditum
1444 3202 1743 3269 retulisset,
1774 3202 1907 3258 haec

322 3275 472 3328 addit
495 3295 507 3328 :
541 3275 905 3344 Persuasitque
929 3273 1182 3338 eumdem,
1218 3281 1274 3325 ut
1301 3274 1582 3327 contineret
1611 3273 1768 3344 etiam
1790 3291 1906 3327 cum

323 3362 418 3398 sua
444 3362 628 3406 uxore,
659 3346 773 3415 ejus
798 3342 966 3398 autem
1006 3359 1202 3415 sorore,
1233 3345 1385 3415 Avita
1405 3343 1628 3415 nomine.
1663 3342 1800 3398 Hinc
1819 3345 1904 3398 di-

323 3417 542 3478 scimus,
577 3412 784 3469 Avitam
813 3415 1041 3469 senioris
1082 3412 1324 3466 Melaniae
1362 3413 1523 3468 fuisse
1551 3429 1816 3480 sororem,
1843 3429 1908 3469 ac

325 3495 448 3554 post
476 3487 590 3554 ejus
614 3485 816 3539 monita
846 3483 1230 3538 continentiam
1255 3498 1519 3554 servasse.
1547 3483 1655 3537 Nisi
1678 3484 1764 3554 hic
1787 3483 1906 3538 Pal-

319 3553 447 3610 ladii
475 3553 625 3611 locus
652 3556 908 3610 obstaret.
937 3569 1196 3625 germana:
1219 3553 1538 3625 vocabulum
1571 3553 1708 3622 apud
1726 3553 1907 3608 Pauli-

225 3695 230 3699 ,
318 3642 453 3680 num
485 3627 558 3699 ita
587 3623 956 3699 explicassem,
1009 3632 1067 3678 ut
1093 3638 1249 3699 soror
1277 3623 1482 3699 Albium
1518 3638 1679 3699 supra
1704 3639 1910 3699 memo-

317 3707 456 3752 rata:
485 3693 756 3750 diceretur
785 3695 972 3757 Avita;
1023 3693 1120 3748 sed
1168 3693 1464 3760 intelligere
1502 3693 1746 3760 cogimur
1787 3694 1911 3747 inde

320 3775 419 3820 aut
447 3767 760 3820 affinitatem
793 3781 909 3834 qua:
941 3765 1013 3818 illi
1050 3779 1171 3818 cum
1195 3763 1383 3816 Albina
1411 3762 1795 3826 intercedebat,
1819 3773 1912 3817 aut

1997 2033 2347 2106 multiplicem
2421 2035 2914 2106 interpretationem
2988 2037 3188 2106 patitur
3259 2033 3579 2095 vocabulum

1999 2102 2172 2159 istud;
2209 2102 2385 2170 Quum
2428 2102 2814 2160 vero'Melania
2858 2102 3040 2162 senior
3084 2123 3227 2163 anno
3251 2106 3449 2164 Christi
3475 2109 3580 2164 597

2000 2173 2226 2229 Romam
2255 2173 2493 2238 redierit,
2541 2174 2752 2229 Avitam
2794 2190 2857 2231 ac
2907 2176 3157 2232 Turcium
3197 2179 3583 2234 continentiam

1999 2243 2280 2318 ampiexos
2307 2253 2432 2318 post
2459 2245 2585 2299 illud
2602 2254 2826 2318 tempus
2847 2246 3117 2318 fatendum
3145 2255 3245 2318 est,
3271 2257 3585 2318 propterea-

1999 2311 2106 2382 que
2135 2311 2452 2368 Eunomiam
2501 2323 2558 2369 et
2584 2311 2851 2370 Asterium
2883 2316 3096 2370 illorum
3139 2311 3427 2373 iiiios'ante
3467 2333 3586 2372 me-

2003 2390 2515 2456 t_nora_t_um_rannum
2557 2385 2611 2456 in
2653 2385 2826 2456 lucem
2867 2386 3148 2456 prodiisse.
3196 2386 3506 2442 Heraclides
3533 2388 3587 2443 in

1996 2451 2258 2507 Paradiso
2282 2452 2469 2508 iisdem
2490 2455 2670 2509 verbis
2689 2470 2754 2510 ac
2777 2451 3047 2511 Palladius
3068 2456 3280 2511 Avitam
3303 2457 3587 2513 describit:

2002 2523 2226 2597 (initam,
2270 2523 2462 2597 inquit,
2494 2525 2724 2597 aliquam
2753 2525 2876 2597 Deo
2896 2527 3109 2596 dignam
3140 2543 3254 2581 cum
3293 2528 3589 2597 Apreniano

2005 2593 2146 2661 (lege
2188 2594 2512 2718 Aproniani?
2560 2593 2784 2668 quodam
2828 2593 3118 2666 ejus—viro,
3168 2605 3215 2649 et
3255 2593 3371 2666 ﬁlia
3415 2613 3591 2652 eorum

2005 2659 2266 2717 Eunomia
2286 2665 2390 2718 vidi
2497 2683 2556 2718 eo
2583 2667 2844 2718 placentes
2867 2665 3000 2718 Deo.
3031 2676 3087 2718 ut
3111 2669 3382 2718 transferri
3405 2669 3471 2718 ad
3493 2683 3591 2718 ca:-

2003 2659 2266 2736 Eunomia
2286 2665 2390 2718 vidi
2427 2659 2556 2719 adeo
2573 2659 3000 2733 'placetttes'Deo,
3031 2676 3087 2720 ut
3107 2659 3382 2736 trans-ferri
3405 2669 3471 2720 ad
3493 2683 3593 2736 ca;-

2003 2732 2184 2806 iestem
2207 2735 2380 2806 uitam
2420 2744 2541 2788 ante
2569 2732 2894 2806 conspectum
2932 2737 3094 2804 ipsius
3141 2732 3477 2806 mererentur.
3523 2735 3594 2790 Et

2002 2803 2102 2871 ipsi
2131 2803 2398 2878 enim‘jam
2415 2806 2606 2859 ultimo
2627 2803 2732 2874 ﬁne
2759 2803 2960 2878 natura:
2987 2822 3124 2859 nunc
3152 2807 3207 2860 in
3239 2805 3442 2878 Christo
3457 2808 3594 2878 quies

2003 2883 2174 2933 scunt,
2203 2876 2288 2944 qui
2317 2883 2640 2943 peccatorum
2667 2877 2873 2944 quidem
2893 2878 3120 2929 omnium
3141 2876 3356 2930 nexibus
3371 2875 3594 2929 absoluti

2005 2951 2144 3006 sunt,
2179 2943 2468 3015 diuinarum
2493 2953 2663 3015 autem
2682 2943 2855 2998 rerum
2881 2947 3118 3013 peritiam
3167 2947 3594 3015 atque_nolitiam

2005 3027 2208 3080 semper
2237 3012 2544 3082 habuerunt.
2577 3012 2803 3068 Constat
2835 3012 2996 3082 igitur
3034 3030 3101 3068 ex
3137 3012 3294 3069 dictis
3319 3013 3595 3068 Eunomia)

1994 3081 2535 3206 partiiiteiTurcium
2562 3099 2626 3138 ac
2654 3081 2870 3140 Avitam'
2891 3083 3072 3140 fuisse.
3105 3084 3182 3140 De
3210 3085 3301 3139 illa
3327 3085 3404 3139 sic
3428 3085 3594 3152 loqui«

2034 3167 2096 3205 ur
2165 3168 2235 3206 au
2262 3169 2413 3206 mus:

2034 3167 2096 3205 ιιι·
2121 3167 2382 3208 ι’διιιιιιυε
2401 3171 2413 3206 2

2073 3263 2133 3331 Et
2155 3236 2901 3331 simulltnnomiagternisjam
2924 3273 3062 3330 pacta
3085 3271 3252 3331 virago

1931 3344 1977 3405 c
2073 3324 2269 3405 19.92%?
2287 3326 2527 3405 [talaria
2545 3341 2705 3405 sna.
2721 3324 2888 3405 reatris
2911 3324 2971 3405 5b
2985 3331 3155 3405 uber?
3173 3324 3357 3405 ῖῖιιξιεηι

2071 3387 2272 3436 Fesdno
2297 3387 2518 3450 placitam
2540 3387 2634 3439 sibi
2655 3390 2874 3441 Christus
2895 3404 3062 3441 amore
3085 3387 3284 3441 dicavit.

2009 3489 2160 3544 illam
2191 3489 2412 3546 inferius
2441 3492 2626 3548 itidem
2655 3503 2941 3549 memorat.
2974 3493 3451 3548 Animadversione
3471 3506 3601 3547 vero

2013 3559 2230 3631 dignuin
2260 3562 2313 3616 in
2342 3563 2528 3631 primis
2553 3573 2638 3620 est
2665 3564 2807 3631 quod
2832 3565 2920 3618 hic
2948 3565 3122 3618 innuit
3150 3561 3603 3631 Paulinus,vide-

2012 3629 2139 3684 licet
2166 3628 2486 3702 Eiuinomiam
2514 3647 2579 3688 ac
2600 3628 2870 3686 Asterium
2917 3649 3116 3702 pueros
3153 3632 3220 3686 ab
3258 3630 3481 3685 infantia
3517 3630 3603 3684 di-

2016 3707 2172 3770 catos
2199 3700 2412 3754 Christo
2434 3742 2448 3766 ,
2497 3718 2654 3770 quem
2684 3700 2932 3755 veterum
2951 3702 3376 3757 Christianorum
3397 3713 3604 3755 morem

1992 3768 2073 3853 uin
2102 3770 2244 3824 notis
2271 3768 2657 3840 aliquantillum
2688 3771 2968 3825 illustrari.

1254 3994 2027 4079 DISSERTATIO
2081 3997 2609 4107 QUARTA.

1739 4157 1839 4206 DE
1875 4157 2175 4208 ΔιΒιΝΑ.

402 4295 569 4368 804.
611 4292 981 4368 Celeberrima
1023 4303 1241 4359 quoque
1295 4288 1446 4368 apuq
1481 4295 1696 4368 “lyre?
1735 4285 1922 4343 habita

320 4356 628 4424 est'A'lbina
659 4374 770 4417 tum
803 4356 1089 4428 natalibus,
1117 4356 1229 4415 tum
1259 4356 1545 4412 sanctitate
1566 4356 1770 4428 femina
1785 4373 1922 4427 pra:-

321 4448 503 4496 stans.
536 4435 772 4490 Primum
794 4427 1082 4487 videamus
1116 4430 1244 4501 quid
1265 4429 1521 4482 Paulinus
1548 4427 1615 4482 de
1637 4428 1725 4482 illa
1749 4427 1914 4484 ferat:
1954 4450 2003 4510 υ

461 4537 620 4587 Prima
643 4534 781 4584 chori
803 4531 976 4582 Albiua
1000 4537 1077 4580 est
1097 4543 1208 4580 cum
1235 4541 1352 4592 pare
1377 4527 1634 4578 Tllet-asia.

324 4631 400 4685 Et
433 4629 656 4686 inferius
683 4645 697 4680 :

680 4735 904 4786 Famnlos
926 4732 1103 4784 Christi
1126 4731 1298 4794 loquor
1325 4732 1462 4790 istos,

461 4802 557 4851 Par
581 4797 770 4847 illustre
798 4799 920 4853 Deo,
951 4809 1034 4856 par
1055 4789 1215 4856 nobile
1241 4795 1435 4856 nomine
1451 4789 1639 4840 Christi

463 4863 636 4912 Albina
658 4873 769 4909 cum
793 4854 960 4905 matre
977 4859 1071 4904 tuis
1103 4855 1246 4904 modo
1271 4854 1444 4902 finibus
1464 4860 1620 4902 ortos.

339 4967 508 5035 llujus
537 4961 957 5035 prteclarissimae
984 4958 1204 5035 femina:
1229 4964 1480 5026 parentes
1514 4955 1719 5035 clariss:

339 5025 477 5092 nalis
503 5025 695 5090 N'orisii
739 5032 952 5100 ingenio
983 5025 1293 5100 innoguerie;
1340 5043 1504 5100 quum
1533 5027 1682 5100 enini
1779 5025 1928 5100 Actis

341 5109 400 5162 S.
430 5105 674 5174 Melania;
709 5093 938 5171 junioris
984 5099 1090 5174 die_
1109 5098 1172 5152 51
1217 5093 1495 5152 Decembr.
1547 5093 1928 5174 apud_§uritin1

343 5176 596 5232 exhibitis
627 5164 866 5229 Melania:
892 5175 1045 5235 θεῖος,
1077 5171 1184 5224 hoc
1225 5178 1307 5222 est
1340 5164 1652 5230 avunculus,
1684 5164 1930 5235 Volusia-

345 5263 449 5301 nus
476 5247 685 5299 dicatur
723 5262 736 5297 :
769 5234 1242 5310 pratstantissimus
1291 5246 1503 5310 auctor_
1527 5234 1930 5310 inde__Al_bi_nat_n

348 5316 531 5369 eduxit
578 5315 715 5368 Rulli
744 5305 952 5367 Ceionii
984 5312 1158 5365 Albini
1192 5310 1374 5381 liliatn,
1401 5307 1507 5381 “qui
1551 5305 1691 5381 iluiii
1720 5305 1927 5358 Ceionii

353 5385 623 5439 Volusiani
663 5384 827 5438 frater
871 5384 988 5446 fuit,
1040 5381 1268 5449 ideoque
1311 5380 1363 5432 in
1390 5378 1665 5432 Ceioniam
1699 5383 1926 5449 _gcn_t_em
1971 5425 1982 5436 ,

354 5455 693 5510 referendam
719 5455 858 5508 hanc
909 5443 1492 5510 illustrem-mulierem
1530 5445 1756 5501 censuit.
1805 5443 1930 5498 Huic

353 5528 422 5579 ab
443 5525 533 5578 illo
556 5524 911 5594 eruditissime
933 5520 1304 5594 animadversa
1329 5516 1634 5594 in‘quodam
1650 5514 1928 5594 opusculo.

359 5596 433 5649 De
461 5593 616 5649 Rufio
644 5593 936 5647 Volusiano
969 5590 1336 5660 inscriptionis
1371 5585 1722 5660 fragmentum
1762 5585 1934 5636 inedi-

359 5675 468 5719 tntn
493 5681 598 5719 non
619 5664 820 5734 pigebit
839 5679 869 5718 e
890 5663 1022 5717 meis
1037 5658 1165 5734 mss.
1179 5658 1389 5715 schedis
1412 5659 1626 5713 libatum
1644 5667 1933 5723 apponere,

362 5735 504 5803 quod
528 5733 691 5792 ctiam
725 5735 778 5789 in
802 5735 947 5801 justo
978 5733 1302 5787 iucditorum
1330 5741 1660 5784 marmorum
1684 5737 1931 5794 corpore,

2019 4291 2132 4364 Deo
2181 4293 2425 4358 favente,
2470 4295 2620 4350 brevi
2655 4309 2753 4364 per
2788 4308 2875 4348 me
2920 4290 3202 4364 refereiur.
3243 4289 3436 4347 Exstat
3480 4289 3610 4348 illud

2019 4363 2076 4418 in
2107 4364 2483 4421 Laterancnsis
2507 4361 2739 4419 basilice
2759 4365 3067 4421 pavimento
3097 4361 3314 4417 Romae:

2266 4433 2537 4491 RUFIUS.
2570 4430 3018 4489 VOLUSIANUS.
3042 4430 3368 4486 V.C.X.Vl.

2272 4505 2543 4560 RUFIUS.
2569 4502 2845 4559 FESTUS.
2869 4503 2934 4558 V.
2952 4501 3012 4558 C.
3039 4501 3149 4556 XV.
3172 4500 3366 4555 SEPT.

2267 4574 2649 4632 SEBASMHJS
3129 4569 3376 4625 PHILOS

2275 4636 3374 4701 .........PONT.M.

2273 4715 2606 4771 BRITTIUS.
2641 4711 2998 4768 PRESENS.
3031 4711 3092 4765 V.
3119 4710 3180 4765 C.
3222 4709 3278 4764 P.
3308 4709 3375 4766 M.

2272 4785 2634 4842 EVACRIUS.
2672 4780 3095 4839 PHILOSOPUS
3172 4821 3186 4835 .
3268 4820 3284 4835 .
3356 4819 3370 4833 .

2273 4857 2379 4911 FL.
2413 4852 2722 4911 ATTICUS.
2754 4855 2818 4909 V.
2849 4852 2912 4907 C.
2984 4891 2999 4906 .
3079 4893 3092 4906 .
3172 4891 3187 4904 .
3267 4891 3280 4905 .
3357 4890 3374 4905 .

2034 4947 2260 5002 Melania
2311 4948 2492 5002 senior
2538 4945 2732 5000 femina
2777 4942 3115 5014 pet-illustris,
3167 4941 3362 5014 marito
3409 4955 3441 5014 e
3468 4941 3617 5014 vivis

2032 5018 2267 5080 sublato,
2315 5018 2529 5071 unicum
2573 5010 2795 5085 reliquai
2833 5013 2970 5085 proli
3011 5011 3354 5085 Superstitem
3393 5010 3619 5085 vidit__ii-

2034 5090 2184 5160 limn,
2233 5103 2404 5160 quem
2440 5080 2772 5160 Pphlicolimi
2803 5080 2892 5156 (an
2932 5080 3092 5160 recte
3136 5081 3363 5160 nescio)_
3386 5080 3620 5160 appellat

2034 5151 2332 5212 Chillletius
2361 5157 2424 5212 V.
2457 5157 2518 5211 C.
2546 5172 2578 5211 e
2602 5172 2715 5212 soc.
2746 5151 2892 5210 Jesu.
2925 5153 3108 5207 Crevit
3135 5153 3256 5216 iste,
3281 5151 3532 5205 eximiam
3564 5151 3618 5201 in

2042 5229 2181 5284 Urbe
2211 5236 2406 5300 nactus
2428 5227 2901 5300 existimationem,
2945 5224 3244 5300 opibusque
3272 5222 3449 5300 clarus
3477 5219 3619 5300 inter

2035 5301 2238 5370 primos
2266 5298 2454 5352 evasit.
2485 5295 2674 5370 Omnia
2705 5297 2817 5370 lucc
2841 5286 3066 5370 Paulino
3093 5286 3350 5370 debemus
3371 5289 3423 5342 in
3441 5303 3532 5370 ep:
3548 5286 3620 5340 10

2035 5357 2102 5424 ad
2132 5368 2386 5423 Severum
2407 5407 2420 5430 ,
2453 5368 2543 5420 ubi
2568 5368 2732 5419 multa
2763 5366 2828 5418 de
2860 5364 3085 5418 Melania
3115 5364 3336 5429 ejusque
3366 5366 3492 5430 nato
3519 5357 3620 5430 ha-

2040 5441 2152 5495 bet.
2185 5425 2430 5491 Albinatn
2459 5439 2558 5492 iste
2587 5437 2709 5490 dein
2739 5434 2989 5502 conjugio
3018 5433 3117 5487 sibi
3145 5425 3414 5507 copuiavit
3441 5445 3453 5479 :
3479 5425 3625 5507 unde

2037 5511 2198 5564 etiam
2227 5509 2494 5562 azstimare
2532 5507 2689 5561 facile
2736 5495 3038 5577 possumus
3063 5495 3262 5570 quanta
3289 5499 3403 5551 hanc
3427 5495 3623 5577 nobili-

2039 5589 2150 5634 tate
2178 5579 2422 5647 polleret,
2454 5593 2572 5645 qua:
2602 5566 3204 5647 virutn‘nobilissimum
3229 5578 3284 5622 et
3315 5566 3623 5647 consulibus

2040 5650 2154 5704 avis
2177 5637 2732 5709 illustrem-maritum
2765 5645 2918 5697 fuerit
2942 5648 3120 5709 nacta.
3144 5637 3303 5709 Hisce
3329 5652 3396 5709 ex
3421 5637 3624 5709 nupiiis

2041 5718 2282 5791 profecta
2313 5726 2391 5773 est
2422 5706 2646 5773 Melania
2673 5716 2871 5786 junior,
2922 5725 3038 5781 quae
3081 5708 3228 5765 Nola:
3266 5707 3450 5764 itidem
3490 5706 3620 5762 ade-
