4024 6186
250 270 357 335 785

1390 262 1846 327 DISSERTATIO
1891 262 1976 319 Vl.
2018 258 2106 315 DE
2145 256 2437 314 PINIANO.

3429 253 3543 315 786

252 396 513 453 recitatns
532 393 648 458 fuit,
674 393 781 447 imo
809 398 865 447 et
890 389 1079 451 serius.
1114 388 1165 443 in
1196 386 1328 443 vivis
1363 385 1479 442 fuit.
1515 385 1574 439 ld
1599 400 1663 458 ex
1694 383 1838 458 cjus-
1874 387 1919 446 Λ
1949 382 2017 458 rit
2036 379 2163 458 data
2181 386 2286 442 est,
2318 384 2378 431 ut
2404 372 2704 458 Cliil'lleiius
2732 382 2873 455 part.
2902 372 2957 455 (ᾇ,
2982 372 3388 458 ραι).“ζ›4,χρ‹ιιε
3415 390 3539 458 pri»

251 468 376 523 dem
410 464 615 519 Paulini
637 456 879 533 epistola
906 461 980 533 4-1
1008 461 1074 515 ad
1108 459 1165 514 S.
1208 456 1843 533 Aligustinummelicitur,

252 552 373 604 qua:
400 524 932 604 utriusque-nomen,
971 532 1192 604 hoe__es_t
1233 524 1439 604 Paulini
1463 542 1527 581 ac
1555 524 1846 604 Therasizn,

256 596 573 676 inscriptum
591 596 779 667 habet,
803 612 859 657 et
885 617 1027 657 anno
1055 598 1252 655 Christi
1275 597 1379 651 416
1405 606 1460 653 et
1487 596 1631 667 quod
1659 610 1858 650 excur-

263 692 3275 736 Ν

1952 452 2066 505 bat.
2096 449 2258 515 Igitur
2285 462 2427 501 anno
2452 444 2555 499 406
2582 442 2834 515 Therasia
2878 442 3066 515 vivens
3112 442 3334 515 Paulino
3352 486 3369 511 ,
3392 442 3543 515 dum

1954 521 2072 575 hau:
2101 512 2371 577 recitaret,
2403 515 2610 570 aderat.
2644 514 2772 569 Vide
2799 514 3120 571 Sacchinum
3160 512 3214 567 in
3242 513 3362 568 Vita
3388 512 3547 583 hujus

1963 590 2155 653 sancti,
2176 587 2268 643 ubi
2295 586 2449 657 plura
2471 585 2539 642 de
2560 584 2836 640 Therasia.

1255 788 2023 883 DISSEBTATIO
2100 784 2535 875 SEXTA;

1737 913 1838 962 DE
1873 908 2023 958 PIN]
2033 906 2201 955 ANO.

330 1012 560 1069 Celebre
588 1010 742 1066 istius
771 1023 966 1065 nomen
1003 1014 1087 1064 est
1130 1006 1185 1061 in
1214 1003 1577 1061 ecclesiastica
1604 998 1852 1057 historia.

262 1084 392 1153 Ejus
410 1094 590 1153 tamen
613 1092 698 1153 res
712 1081 892 1153 gestas
914 1094 1076 1148 quam
1117 1076 1433 1153 brevissime
1467 1073 1655 1153 licebit
1691 1087 1856 1153 expe-

263 1144 430 1210 diam.
464 1151 671 1205 Piniani
703 1144 956 1203 liuniliam
995 1147 1461 1217 prmclarissimarn
1490 1144 1651 1217 fuisse
1678 1152 1858 1217 _test_a-

265 1235 381 1279 tum
413 1222 570 1277 nobis
618 1220 872 1275 Paulinus
910 1213 1145 1288 reliquit,
1176 1232 1302 1288 nam
1347 1230 1379 1269 a
1418 1214 1631 1269 Valerio
1678 1213 1859 1281 Popli-

267 1295 407 1358 cola,
433 1294 524 1362 qui
547 1293 686 1346 inter
708 1290 909 1362 primos
932 1286 1098 1362 Urbis
1100 1287 1353 1362 consules
1364 1292 1710 1362 numeratur,
1734 1295 1859 1350 pro-

269 1355 695 1420 dibaL'Valeriac
709 1355 861 1429 genti
891 1359 1050 1426 igitur
1077 1358 1333 1413 Pinianus
1358 1355 1857 1425 fueratadseriptus.

271 1434 555 1489 Paulinum
582 1430 768 1486 audire
790 1429 943 1499 juvat
967 1446 981 1483 :

396 1522 521 1572 Huic
540 1522 829 1583 propinquat
849 1520 1009 1568 socius
1030 1519 1207 1583 murali
1237 1520 1371 1579 iugo,

399 1583 519 1632 ἦ]νο
543 1582 698 1631 minor
723 1582 974 1641 Pinianus,
1000 1593 1087 1642 par
1111 1582 1224 1639 (ille,

398 1645 463 1695 Et
485 1648 588 1706 ipse
615 1646 773 1706 prisco
794 1640 1042 1706 sanguine
1055 1640 1105 1691 ill
1130 1644 1258 1706 stris
1289 1653 1437 1703 puer,

404 1706 459 1769 It)
478 1702 698 1769 princitpe
726 1704 858 1754 Urbe
880 1702 1092 1769 consulis
1115 1702 1435 1765 primigenus.

400 1763 627 1816 Valerius
642 1763 735 1815 ille
756 1763 997 1814 consulari
1021 1763 1280 1813 stemmate

399 1829 595 1878 Primus
618 1826 799 1876 Latinis
823 1838 999 1874 nomen
1025 1827 1073 1874 in
1098 1825 1231 1874 lastis
1253 1834 1447 1882 tenens,

408 1890 565 1949 Quem
590 1889 736 1937 Roma
764 1887 914 1950 pulsis
934 1888 1134 1950 regibus
1157 1888 1307 1937 Bruto
1337 1886 1536 1950 addidit,

407 1948 591 2000 Valerii
618 1948 922 2010 modo'hnjus
946 1948 1201 1999 Christiani
1239 1948 1455 1997 consulis

405 2014 579 2075 Longe
604 2023 868 2061 retrorsum
893 2014 1096 2073 generis
1119 2016 1291 2061 auctor
1313 2010 1527 2058 ultimus.

282 2093 753 2171 Audis_Pinia_nm_n
781 2091 1292 2171 primigenumahoe
1337 2096 1421 2145 est
1456 2088 1872 2171 primogenitum

280 2165 522 2223 consulis
550 2162 823 2231 cujusdam
854 2159 999 2231 dici?
1029 2159 1143 2215 Hoc
1168 2160 1595 2231 idem_asseritur
1622 2160 1675 2214 in
1706 2160 1874 2231 Mela-

288 2239 385 2291 niae
408 2228 641 2304 junioris
668 2233 789 2304 Vita
811 2231 951 2301 apud
973 2230 1187 2284 Surium
1213 2230 1275 2283 51
1304 2228 1523 2284 Ianuar.
1550 2231 1631 2286 his
1661 2230 1875 2304 verbis:

290 2300 425 2359 Emi
452 2314 625 2358 autem
652 2300 1005 2373 ejussponsus
1051 2309 1100 2353 et
1142 2318 1355 2373 genere,
1388 2309 1437 2353 et
1466 2310 1636 2363 wtale,
1668 2310 1717 2373 et
1760 2300 1880 2354 aliis

288 2376 526 2431 omnibus
555 2371 685 2428 cunt'
717 2371 950 2426 Melania
990 2372 1347 2441 conferendas,
1385 2379 1538 2423 natus
1577 2371 1783 2441 quidem
1818 2386 1883 2425 ea:

289 2446 609 2511 consulibus,
641 2452 688 2497 et
716 2443 869 2496 modo
898 2440 1145 2495 excedens
1186 2456 1250 2493 ea:
1283 2440 1523 2511 epliceliis.
1560 2440 1754 2510 Sponsi
1781 2457 1880 2494 au-

293 2527 393 2571 tem
433 2509 618 2570 nomen
660 2522 770 2568 erat
800 2511 1100 2579 Apenianus
1141 2511 1268 2579 (hoc
1297 2518 1380 2581 est
1422 2509 1699 2581 Pinianus)
1723 2527 1883 2581 agens

293 2603 489 2641 annum
514 2586 717 2639 circiter
745 2578 995 2635 decimum
1017 2578 1306 2649 septimum.
1340 2578 1446 2634 Sed
1476 2584 1595 2650 quis
1625 2581 1726 2636 iste
1757 2578 1887 2635 eon-

296 2658 414 2713 sul?
447 2655 643 2725 Utique
680 2668 767 2708 me
804 2652 857 2707 in
892 2651 1127 2725 tenebris
1159 2650 1472 2725 derelictum
1494 2649 1712 2725 fateor.
1743 2650 1891 2707 Fasti

296 2729 478 2789 silent.
501 2717 791 2795 scriptores
817 2737 884 2777 ne
911 2722 1132 2795 verbum
1155 2720 1397 2795 quidem.
1430 2717 1697 2795 Palladius
1713 2729 1889 2795 tamen

299 2797 351 2851 in
408 2796 515 2849 Vit.
567 2790 734 2859 Patr.,
785 2807 903 2861 cap.
954 2790 1092 2856 119,
1144 2790 1423 2845 Pinianum
1470 2791 1663 2847 asserit
1716 2790 1894 2846 Severi

298 2868 490 2937 ﬁlium,
513 2866 599 2937 qui
626 2873 747 2937 eral
765 2879 828 2937 ea:
853 2863 1114 2937 prwfectis
1143 2861 1448 2937 (legend-um
1489 2862 1674 2937 potius
1694 2876 1895 2937 εερνωτ

300 2930 1075 3010 γει-ιω),Ἠβι-εξςμίιρςριιοὶιμθ
1100 2930 1449 3010 iiiParadiso,
1468 2946 1585 3010 cap.
1610 2930 1697 2996 49,
1719 2930 1896 3010 severi

302 3000 603 3076 'exjirwfecii
644 3004 811 3076 ﬁlium
830 3000 1104 3076 appellat.
1156 3000 1375 3076 Contra
1410 3000 1657 3076 laudatus
1709 3008 1899 3076 auctor

1955 990 2061 1045 485
2082 1006 2150 1043 ex
2179 987 2369 1058 codice
2395 987 2657 1058 Vaticano
2680 986 2887 1042 litteras
2900 984 3259 1058 Valentiniani
3286 987 3417 1058 imp.
3432 1002 3534 1058 pro

1957 1002 2061 1045 48.")
2082 1006 2150 1043 ex
2179 1002 2369 1043 conice
2403 1002 2657 1042 Vaticano
2682 1002 2887 1042 litteras
2908 1002 3259 1043 vatenuntant
3286 1002 3356 1042 tm
3400 1002 3534 1058 .pro

1957 1061 2064 1115 fert
2114 1058 2181 1113 ad
2226 1056 2508 1111 Pinianum
2539 1127 2542 1128 ν
2569 1056 2725 1111 Urbis
2784 1002 3551 1128 pncfectumrsupengyricii

1961 1129 2157 1185 summi
2198 1128 2466 1197 pontiﬁcis
2500 1127 2766 1197 electione
2800 1126 3050 1197 scriptas.
3100 1126 3286 1197 Eidem
3327 1126 3552 1181 Piniano

1963 1194 2231 1254 inscrinuc
2252 1207 2377 1252 sunt
2394 1198 2478 1252 lex
2508 1196 2573 1250 15
2599 1197 2667 1251 de
2698 1196 2914 1251 Medicis
2934 1203 2989 1249 et
3014 1194 3409 1251 Prolessoribus
3428 1198 3549 1251 cod.

1962 1264 2171 1324 Theod.
2204 1268 2325 1321 data
2360 1283 2448 1321 an.
2476 1266 2614 1335 587,
2663 1267 2750 1320 lex
2787 1265 2822 1318 4
2856 1264 2977 1320 eod.
3024 1264 3125 1321 Th.
3167 1266 3234 1320 de
3261 1265 3549 1335 Principib.

1965 1349 2143 1408 agent.
2171 1339 2223 1393 in
2246 1338 2357 1392 reb.
2382 1337 2575 1408 eodem
2599 1334 2908 1408 annoAdata,
2935 1343 2995 1408 et
3015 1334 3099 1389 lex
3126 1335 3341 1408 13_cod.
3367 1334 3466 1388 Th.
3490 1336 3557 1408 de

1967 1405 2217 1471 Privileg.
2258 1423 2375 1461 eor.
2412 1406 2503 1476 qui
2542 1408 2596 1460 in
2634 1405 2692 1460 S.
2738 1405 2851 1459 Pal.
2877 1405 2989 1459 mil.
3019 1420 3161 1476 anno
3187 1405 3292 1459 586
3322 1405 3560 1476 promul-

1962 1488 2107 1548 gata.
2153 1478 2308 1548 llunc
2347 1473 2630 1548 Pinianum
2657 1476 2957 1548 ABaronius,
3009 1484 3065 1529 et
3105 1473 3469 1548 Gothofredus
3508 1475 3560 1528 in

1964 1544 2336 1603 Animadvers.
2368 1547 2433 1602 ad
2464 1546 2626 1601 hasce
2654 1546 2798 1614 ipsas
2826 1546 2972 1612 leges
3001 1545 3251 1599 eumdem
3294 1544 3559 1614 arbitran-

1962 1629 2050 1673 tur
2074 1634 2136 1672 ac
2178 1625 2454 1678 nostrum,
2480 1613 2700 1685 nempe
2740 1614 3020 1685 Pinianum
3047 1614 3278 1685 junioris
3315 1613 3563 1685 Melania:

1961 1689 2235 1751 maritum,
2264 1686 2408 1756 quod
2437 1684 2580 1756 idem
2606 1684 3055 1756 r¢petit_ce_lebris
3085 1684 3171 1739 hic
3212 1684 3477 1756 iuridicus
3510 1685 3562 1756 in

1889 1744 1938 1805 Β
1971 1744 2297 1827 Ρτοεοροέςτῖ
2325 1756 2444 1827 cod.
2478 1744 2750 1827 Theodos.
2792 1752 2899 1827 sed
2922 1768 3122 1827 parum
3159 1744 3329 1827 solide
3356 1752 3565 1827 opinari

1974 1822 2160 1882 tantos
2185 1822 2329 1880 viros
2357 1826 2621 1880 evincam.
2654 1824 2793 1879 Ante
2833 1822 3026 1876 Maium
3057 1823 3184 1877 anni
3223 1822 3327 1878 599
3362 1836 3394 1878 e
3432 1822 3567 1876 vivis

1972 1896 2206 1974 excessit
2233 1894 2505 1965 Poplicola
2532 1895 2632 1974 (uti
2657 1910 2779 1974 eum
2800 1900 2961 1948 vocat
2979 1892 3298 1974 Chillletius)
3328 1890 3568 1973 Melania

1971 1966 2201 2037 junioris
2228 1962 2411 2037 pater,
2450 1980 2521 2037 ac_
2542 1962 2767 2037 Piniani
2796 1963 3081 2037 socer,_uti_
3117 1962 3409 2037 egregiehin
3428 1976 3569 2037 quo-

1975 2030 2100 2092 dam
2127 2030 2389 2101 opusculo
2408 2035 2601 2101 probat
2629 2034 2833 2089 clariss.
2861 2031 3009 2087 card.
3038 2030 3296 2087 Norisius.
3328 2030 3571 2101 Scriptor

1975 2121 2109 2162 vero
2138 2102 2272 2159 Viue
2301 2104 2358 2158 S.
2384 2102 2625 2158 Melaniae
2653 2102 2899 2158 eamdem
2939 2110 3123 2156 narrat
3150 2118 3253 2156 una
3279 2116 3403 2156 cum
3437 2116 3571 2157 con-

1974 2176 2103 2247 juge
2124 2173 2348 2247 Piniano
2390 2173 2458 2228 de
2505 2175 2613 2227 vita
2641 2173 2825 2247 caelibe
2880 2171 3111 2226 ineunda
3158 2172 3454 2247 cogitasse,
3478 2171 3607 2228 sed-

1982 2242 2013 2299 a
2035 2244 2277 2313 Melanite
2292 2252 2520 2313 parente
2543 2243 2821 2313 proposito
2845 2250 2950 2295 tam
2972 2249 3160 2313 sancto
3181 2242 3392 2313 obviam
3409 2243 3571 2313 itum.

1983 2313 2176 2370 Subdit
2203 2310 2390 2368 auctor
2419 2313 2509 2367 ille
2534 2310 2672 2365 {Eis
2700 2312 2904 2383 quidem
2951 2327 2981 2364 ε
3015 2312 3140 2365 vivis
3171 2311 3372 2383 excedit
3401 2310 3574 2383 Mela-

1985 2387 2087 2440 niia
2115 2392 2301 2454 pater;
2322 2383 2400 2454 illi
2426 2399 2567 2446 vero,
2598 2380 2941 2435 cum'amotus
2968 2390 3098 2435 esset
3137 2382 3185 2434 is
3221 2381 3306 2454 qui
3340 2380 3578 2454 prohibe-

1989 2455 2096 2518 bat,
2115 2449 2333 2522 quando
2362 2451 2474 2506 Deo
2505 2454 2667 2507 visum
2699 2461 2815 2522 est,
2839 2460 2891 2504 et
2921 2460 3115 2522 tempus
3143 2449 3376 2512 vocabat,
3394 2449 3581 2522 statim

1988 2520 2195 2597 quidem
2215 2532 2459 2597 exeunra
2489 2537 2679 2597 magna
2724 2521 2948 2597 civitate,
3000 2521 3257 2597 arfanam
3297 2520 3583 2597 multitudi-

1990 2588 2142 2659 nem,
2171 2601 2219 2645 et
2248 2591 2493 2645 tumultus
2532 2588 2701 2646 valere
2732 2588 3119 2661 jubenles.iEis
3163 2599 3332 2643 autem
3379 2589 3585 2661 quando

1993 2664 2127 2733 hanc
2172 2662 2461 2733 angelicam
2497 2663 2815 2733 increperunt
2842 2661 2959 2733 vita:
2989 2660 3239 2733 prmum,
3278 2660 3577 2733 tetasAerat,

1992 2727 2265 2802 Apeniano
2282 2730 2483 2802 quidem
2592 2727 2866 2802 annorum,
2900 2727 3146 2783 Melaniae
3170 2739 3339 2782 autent
3368 2727 3456 2782 20.
3485 2728 3585 2797 lgi-

1994 2797 2083 2855 ttir
2128 2800 2172 2855 si
2210 2797 2456 2853 ab'anno
2495 2798 2593 2853 Ch.
2625 2797 2730 2852 599
2756 2814 2851 2853 sex
2898 2812 3069 2852 annos
3116 2806 3262 2853 retro
3311 2813 3580 2862 numeres,

1996 2870 2191 2939 quibus
2220 2868 2430 2939 Piniani
2454 2884 2574 2923 cum
2593 2882 2771 2939 uxore
2786 2868 3186 2939 matrimonium
3208 2868 3376 2939 stetit,
3399 2867 3586 2922 venies

1998 2935 2065 2993 ad
2087 2954 2284 2993 annum
2304 2936 2429 3002 59⁵5,
2452 2952 2560 3008 quo
2586 2938 2700 3007 ipse
2720 2935 2962 2990 Melania:
2992 2936 3189 3008 nupsit,
3218 2938 3386 3008 809
3405 2953 3584 3007 agens,

1999 3018 2060 3063 ut
2084 3009 2161 3063 ait
2191 3008 2330 3063 idem
2377 3006 2637 3076 scriptori,
2666 3022 2859 3076 annum
2901 3008 3101 3060 circiter
3144 3006 3395 3060 decimum
3434 3006 3589 3076 senti-

306 3070 443 3166 Υίῖεε
469 3070 527 3166 ἓν
547 3070 802 3166 9¹θ¹ἓῐιέἓ
824 3070 1899 3166 δέϊῗῖζτῖθξῖἱἾΡ.[θῗἾὲΞίῗέἒῗέῗτέοξῐὲἷ·
1926 3102 1972 3166 c
2002 3095 2171 3166 ’.εξιιηε
2201 3070 2503 3166 “milia”
2551 3070 2695 3130 am
2729 3073 3017 3166 523w”
3052 3086 3344 3158 θιοιξιτθηε
3390 3070 3587 3166 m1?"-

301 3158 397 3201 tur
420 3144 813 3227 {sled-gravent.
830 3143 1032 3227 quidem
1062 3142 1311 3227 adversus
1336 3157 1421 3195 eos
1443 3142 1736 3227 mane/rinam
1763 3142 1898 3211 Ape-

304 3218 454 3271 m'ani
484 3210 712 3284 (scilicet
739 3210 977 3284 Piniani)
1006 3214 1217 3284 {ralrent
1240 3210 1474 3265 admovet
1505 3210 1777 3284 Severum,
1809 3210 1901 3280 per

302 3305 458 3359 quem
486 3282 816 3359 existimabat
844 3298 955 3336 sese
972 3282 1154 3359 sbliﬂdw
1176 3298 1351 3336 eorum
1374 3283 1559 3335 mentis
1582 3283 1765 3359 turrim
1790 3296 1901 3359 esse

304 3350 845 3427 labefactttrunnﬂic
884 3369 1019 3427 grgq
1049 3350 1267 3427 Severus
1292 3368 1422 3427 _cum
1440 3360 1590 3427 ΔεδξιέΔ
1605 3354 1791 3422 frater,
1819 3353 1903 3427 fa-

305 3421 565 3481 ctus'erat
588 3426 844 3479 inimicus.
870 3421 1037 3547 ?08
1064 3421 1208 3476 Idem
1234 3423 1395 3476 etiam
1440 3421 1659 3475 inferius
1687 3421 1899 3490 repetit.

307 3497 428 3547 Εαο
456 3512 569 3547 rem
611 3497 683 3547 ita
730 3495 883 3547 conci
907 3494 1005 3547 iari
1044 3507 1204 3547 nosse
1244 3491 1495 3547 arbitror.
1526 3490 1572 3545 si
1620 3490 1899 3545 Pinianum

307 3497 428 3565 Ego
456 3512 569 3550 rem
611 3497 683 3549 ita
730 3490 1021 3565 conciiiari
1044 3507 1204 3562 posse
1244 3491 1495 3565 arbitror,
1526 3490 1605 3565 si_
1620 3490 1903 3565 Pinianum

308 3560 558 3622 dicamus
585 3565 652 3619 de
679 3573 833 3634 patre
874 3560 1077 3634 Severo
1095 3604 1110 3628 ,
1152 3570 1313 3630 atque
1340 3562 1547 3634 ex_4_hoc
1573 3560 1775 3634 S‘evero
1804 3560 1905 3634 Se-

310 3652 505 3692 verum
534 3630 759 3689 alterum
788 3632 995 3688 Piniani
1024 3632 1244 3687 fratrem
1282 3631 1565 3701 prodiisse.
1590 3630 1763 3697 Quum
1802 3630 1903 3699 igi-

313 3718 411 3761 tur
436 3706 631 3759 familia
658 3703 867 3757 Valeria
909 3703 1191 3757 Pinianum
1222 3702 1539 3770 protulerit,
1570 3702 1810 3771 sequitur
1848 3706 1907 3771 ut

312 3778 441 3843 ejus
459 3784 612 3845 pater
632 3773 873 3829 Valerius
899 3773 1131 3828 Severus
1157 3771 1320 3826 fuerit
1352 3770 1708 3845 nuncupatus,
1749 3770 1907 3827 sicuti

315 3841 488 3902 etiam
512 3844 693 3909 frater,
718 3845 931 3897 nomine
956 3852 1162 3897 tantum
1180 3858 1275 3898 seu
1298 3841 1628 3911 praenomine
1648 3851 1909 3910 utrosque

316 3917 705 3985 distinguente.
738 3912 1063 3985 Sed__iterum
1084 3914 1137 3967 in
1162 3914 1377 3985 incerto
1404 3912 1607 3966 versari
1624 3928 1715 3985 ine
1728 3913 1908 3985 doleo,

319 3981 516 4055 quum
534 4000 794 4053 nusquam
824 3982 1108 4055 Valerium
1155 3981 1726 4055 Severum__consu_lem
1763 3983 1913 4055 hisce

325 4050 664 4124 temporibus
681 4054 976 4107 nanciscar.
1000 4054 1339 4124 Quapropter
1358 4050 1730 4124 allirmandum
1752 4052 1914 4120 duco,

328 4121 538 4178 Piniani
570 4134 774 4192 patrem
808 4138 913 4192 non
955 4122 1308 4192 ordinarium,
1358 4121 1453 4192 sed
1491 4121 1772 4176 Sull‘cctum
1821 4130 1916 4176 aut

330 4191 679 4249 honorarium
707 4191 981 4246 consulem
999 4191 1159 4245 fuisse
1181 4191 1560 4244 renuntiatum.
1583 4192 1700 4256 Quo
1718 4193 1914 4258 posito,

336 4264 416 4317 nil
449 4264 639 4317 mirum
667 4263 710 4316 si
738 4260 855 4329 ejus
900 4276 1095 4315 nomen
1125 4258 1379 4315 oblivioni
1412 4261 1682 4314 traditum.
1712 4258 1918 4317 Memo-

330 4343 487 4387 ratur
515 4333 651 4399 apud
692 4331 977 4386 Gruterum
1008 4331 1221 4399 quidam
1252 4329 1314 4385 L.
1350 4330 1616 4385 VALERIUS
1656 4330 1919 4396 Sevenus,

335 4416 465 4472 pag.
493 4399 581 4468 49,
606 4418 752 4456 num.
786 4399 839 4463 4,
869 4410 924 4454 et
952 4415 1073 4472 pag.
1107 4399 1408 4472 566,Anum.
1449 4402 1501 4453 t5.
1539 4400 1648 4472 sed
1672 4416 1791 4455 cum
1820 4403 1922 4456 hoc

2004 3147 2110 3203 585
2132 3189 2147 3213 ,
2191 3161 2299 3216 quo
2334 3144 2602 3201 Urbanam
2646 3144 3018 3215 prmfécturam
3049 3146 3276 3215 gessisse
3317 3154 3591 3214 censetur,

2006 3216 2234 3273 Piniano
2264 3226 2376 3271 tum
2409 3218 2569 3271 fuisse
2593 3230 2785 3271 novem
2814 3216 3029 3271 circiter
3067 3231 3331 3271 annorum
3376 3223 3589 3270 aetatem

2005 3286 2286 3343 manifeste
2324 3286 2712 3356 deprehendes.
2760 3284 2930 3351 Quam
2978 3285 3139 3355 igitur
3178 3286 3475 3356 improvide
3499 3283 3592 3356 Pi-

2006 3358 2226 3426 nianum
2277 3354 2523 3412 nostrum
2555 3354 2714 3410 Urbis
2740 3354 3049 3426 praefectum
3090 3354 3351 3426 Baronius
3399 3363 3453 3411 et
3486 3354 3592 3426 Go-

2007 3425 2286 3482 thofredus
2326 3426 2619 3491 effecerint,
2669 3425 2829 3481 nemo
2879 3443 2985 3481 non
3023 3427 3184 3480 videt.
3229 3425 3386 3480 Urbis
3406 3425 3597 3495 praefe-

2006 3505 2160 3552 ctura
2185 3495 2402 3564 grandis
2431 3503 2546 3551 erat
2575 3496 2772 3559 moles,
2817 3504 3137 3564 tenerosque
3181 3493 3469 3564 respuebat
3498 3493 3598 3547 hu-

2007 3562 2209 3631 meros,
2238 3566 2315 3619 uti
2344 3564 2530 3619 videre
2558 3574 2642 3619 est
2670 3564 2809 3634 apud
2852 3562 3012 3617 Guid.
3050 3562 3330 3634 ’Paneirol.
3380 3562 3433 3634 in
3480 3571 3596 3634 not.

2011 3633 2300 3703 Utriusque
2343 3633 2497 3703 imp.,
2545 3642 2602 3687 et
2648 3631 2787 3703 apud
2828 3634 3075 3703 eumdem
3121 3631 3506 3703 Gothofredum
3546 3633 3599 3687 in

2009 3701 2575 3771 Notitiadiguitatum.
2599 3703 2656 3757 ld
2677 3701 2891 3771 quoque
2920 3717 2988 3757 ex
3018 3701 3221 3756 Paulini
3244 3702 3459 3757 silentio
3478 3716 3602 3755 sua-

2010 3774 2127 3829 deri
2154 3780 2360 3843 potest;
2385 3786 2480 3827 cur
2507 3772 2649 3826 enim
2691 3771 2971 3843 Pinianum
2997 3771 3327 3843 laudaturus,
3356 3780 3517 3843 atque
3546 3777 3605 3826 ut

2011 3841 2398 3898 laudetutnnia
2440 3856 2803 3911 componens,
2846 3842 2989 3896 hunc
3015 3842 3128 3911 ejus
3158 3843 3419 3911 honorem
3460 3841 3609 3895 insa-

2015 3913 2242 3969 lutatuni
2275 3907 2655 3982 prmteriisset?
2676 3910 2781 3965 Sed
2812 3912 3020 3982 inquies
3044 3907 3059 3965 Ξ
3083 3910 3213 3978 Quis
3235 3912 3323 3982 ille
3353 3909 3606 3982 Pinianus

2018 3982 2233 4039 Urbana
2276 3979 2594 4052 praefectura
2634 3982 2844 4036 clarus?
2881 3979 2966 4036 Me
3006 3983 3213 4036 nescire
3242 3981 3490 4052 lubenter
3528 3979 3608 4033 fa-

2017 4061 2163 4118 teor;
2188 4049 2357 4107 nostri
2378 4050 2586 4105 Piniani
2608 4060 2784 4105 tamen
2807 4053 3285 4121 consanguineum,
3303 4060 3361 4121 et
3382 4049 3619 4121 fortasse-

2057 4131 2228 4177 atrem
2258 4121 2420 4177 fuisse
2451 4138 2548 4177 cur
2582 4136 2689 4175 non
2727 4119 3037 4184 credamus,
3090 4136 3254 4190 quum
3302 4119 3612 4190 Heraclides

2057 4138 2228 4177 atrem
2258 4138 2420 4177 tursse
2451 4138 2548 4177 cur
2582 4138 2689 4175 non
2727 4138 3037 4184 credamus,
3090 4138 3254 4190 quum
3302 4138 3612 4175 neracnoes

2017 4138 2303 4246 Pinianum
2335 4192 2510 4246 Severi
2533 4192 2832 4260 exprazfecti
2863 4191 3029 4260 ﬁlium
3051 4199 3225 4259 vocet,
3255 4205 3320 4245 ac
3347 4189 3615 4244 Palladius

2023 4262 2198 4332 Severi
2227 4262 2410 4331 ﬁlium,
2439 4262 2522 4332 qui
2543 4271 2658 4314 erat
2674 4276 2737 4314 ea:
2761 4261 3051 4331 prwl'ectis?
3064 4260 3296 4332 Severus
3315 4268 3492 4332 autem
3515 4261 3623 4315 iste

2025 4329 2246 4412 Piniani
2265 4329 2680 4412 cognomentum
2695 4329 2971 4412 usurpare
2996 4331 3170 4412 potuit
3186 4329 3377 4412 ;_quod
3420 4330 3617 4412 mirum

2030 4402 2083 4455 in
2124 4401 2347 4455 modum
2378 4401 2605 4470 probare
2636 4400 2765 4455 mihi
2809 4399 3058 4455 videntur
3097 4399 3307 4455 Paulini
3343 4400 3505 4456 verba
3532 4399 3619 4454 di-

335 4464 541 4527 Severo
570 4464 759 4525 nescio
808 4486 875 4523 an
918 4464 1045 4539 quid
1075 4464 1273 4537 negotii
1319 4470 1534 4525 habeat.
1576 4469 1841 4526 Adnotavi
1872 4473 1926 4525 in
1956 4464 2000 4522 D
2028 4472 2197 4527 centis
2222 4488 2235 4523 :

338 4542 480 4596 Diss.
510 4541 545 4594 2
570 4541 638 4595 de
666 4540 875 4605 Asterie
899 4548 1207 4608 corruptum
1229 4555 1348 4593 esse
1376 4545 1589 4595 versum
1619 4540 1766 4595 illiilli
1796 4558 1810 4594 :

468 4631 675 4680 Turcius
698 4644 784 4679 ore
813 4633 910 4691 pio,
934 4633 1141 4678 tlorente
1165 4630 1403 4679 Suecrius
1424 4642 1545 4679 aevo.

340 4718 405 4765 et
444 4711 749 4779 conjectura
802 4710 1038 4780 prolata
1078 4707 1333 4780 Syagrius
1376 4709 1660 4778 legendum
1716 4710 1924 4777 censui,

340 4795 510 4848 quum
539 4769 655 4835 soni
683 4769 1004 4847 cognatione
1030 4769 1331 4835 hae'lit'tem:
1359 4769 1679 4836 commutari
1709 4782 1847 4836 inter
1870 4769 1930 4837 se
1971 4843 1975 4846 ,
2031 4769 2276 4848 Vidimus

344 4849 597 4919 facillime
618 4851 909 4919 potuerint.
938 4848 1075 4914 Quid
1103 4848 1147 4903 si
1178 4850 1233 4903 in
1267 4864 1335 4919 eo
1363 4864 1522 4905 versu
1568 4848 1822 4906 Pinianus
1852 4852 1932 4906 in-

348 4918 638 4986 telligatur,
664 4933 1071 4990 cognomenque
1099 4921 1258 4990 etiam
1300 4918 1507 4990 Syagrii
1536 4922 1621 4975 vir
1662 4921 1933 4979 nobilissi-

351 5004 474 5043 mus
498 4990 760 5056 gesserit?
789 4988 952 5043 Forte
974 4999 1180 5058 patrem
1204 4989 1320 5058 ejus
1342 4988 1622 5045 consulatu
1662 4991 1936 5048 ordinario

350 5059 611 5128 illustrem
634 5058 916 5114 fuissemus
943 5060 1120 5123 nacti;
1151 5074 1293 5114 anno
1317 5059 1576 5128 siquidem
1607 5060 1803 5115 Christi
1834 5061 1933 5116 581

346 5138 407 5183 ct
434 5127 542 5181 582
566 5128 772 5199 Syagrii
815 5129 921 5183 duo
964 5130 1043 5197 (et
1074 5129 1289 5199 quidem
1332 5127 1476 5184 inter
1512 5145 1571 5184 se
1591 5130 1848 5193 distincti,
1882 5141 1941 5186 ut

650 5201 801 5273 agius
842 5200 895 5252 in
935 5199 1139 5268 proleg.
1169 5198 1243 5273 ad
1266 5198 1403 5273 Diss.
1439 5199 1633 5273 ilypat.
1670 5217 1817 5273 num‘.
1848 5201 1938 5273 27)

1300 5270 1452 5334 Quod
1485 5270 1530 5325 si
1567 5285 1753 5325 verum
1782 5270 1941 5338 foret,

366 5337 603 5393 Valerius
631 5338 884 5408 Syagrius
918 5337 1169 5392 Pinianus
1196 5340 1543 5407 appellandus
1590 5349 1759 5407 esset,
1792 5350 1848 5395 et
1876 5357 1944 5397 ex

359 5410 427 5462 iis
447 5409 753 5462 consulibus
774 5409 911 5462 alter
934 5410 985 5463 in
1001 5408 1115 5476 ejus
1143 5418 1348 5477 patrem
1368 5410 1750 5465 admittendus.
1773 5410 1947 5478 Quum

360 5488 546 5533 tamen
568 5479 734 5534 multa
755 5479 970 5534 obstare
991 5494 1148 5550 posse
1170 5479 1495 5550 conjecturae
1519 5481 1645 5535 huic
1663 5497 1768 5537 non
1800 5484 1951 5550 igno-

362 5563 501 5612 rem,
531 5550 801 5605 monuisse
827 5557 1031 5603 tantum
1054 5549 1182 5602 mihi
1210 5549 1280 5607 sit
1307 5551 1465 5613 satis;
1495 5550 1716 5605 meliora
1746 5552 1813 5607 ab
1830 5549 1955 5607 aliis

367 5629 682 5690 argumenta
710 5627 1088 5690 expectentur.
1114 5618 1209 5673 llis
1232 5619 1360 5674 visis
1405 5618 1649 5690 profecto
1681 5629 1829 5690 patet
1868 5623 1950 5677 Pi-

1379 5688 1446 5745 ue
1486 5688 1651 5745 fuisse
1679 5688 1955 5746 nuncuna-

374 5705 594 5743 manum
634 5705 875 5745 ltOStrum
926 5705 1188 5743 valerium
1230 5705 1302 5758 qu
1379 5705 1446 5745 ue
1486 5705 1651 5745 ruisse
1679 5707 1856 5746 nuncu
1898 5708 1953 5746 a-

374 5767 510 5815 tum.
535 5758 757 5824 Magnus
778 5759 1049 5817 annalium
1088 5772 1289 5823 parens
1307 5705 1588 5819 0[flint-onius
1621 5761 1689 5818 ad
1727 5777 1814 5818 an.
1854 5709 1953 5819 δὴ.

350 5199 473 5251 vult
498 5199 566 5251 cl.

353 5214 473 5251 vult
498 5214 566 5253 et.
605 5214 801 5267 ragius
842 5215 895 5252 in
935 5214 1139 5268 prateg.
1169 5214 1236 5251 an

353 5268 665 5335 hujusmodi
704 5283 927 5323 munere
950 5277 1076 5321 sunt
1103 5268 1265 5323 aucti.

373 5689 594 5743 nianum
634 5685 875 5745 nostrum
918 5685 1188 5743 Valerium
1230 5704 1302 5758 qu

2151 4550 2364 4600 Piniadze
2385 4548 2561 4597 Melani
2586 4560 2691 4595 rum
2718 4547 2909 4598 foedere
2933 4561 3019 4609 par
3040 4549 3373 4600 benedictum.

2027 4630 2143 4686 Hoc
2162 4637 2311 4685 certe
2338 4628 2581 4683 Piniadre
2607 4629 2927 4684 vocabulum
2951 4628 3229 4684 Pinianum
3265 4630 3492 4685 denotat
3530 4628 3621 4685 Pi-

2030 4700 2176 4771 niani
2208 4699 2470 4771 liliumqad
2498 4700 2994 4771 patronymicorum
3030 4700 3309 4771 nominum
3352 4715 3618 4756 normam.

2325 4767 2807 4891 ihqitur'Pinianum
2844 4769 2945 4826 sibi
2975 4770 3319 4852 matrimonio
3344 4771 3624 4840 copulasse

2384 4838 2641 4891 elamam.
2665 4839 2775 4891 Sex
2816 4848 2995 4891 autem
3030 4853 3202 4891 annos
3229 4840 3387 4891 srmul
3415 4854 3624 4891 connu-

2039 4838 2301 4896 iuniorem
2330 4838 2641 4893 Melaniam.
2665 4839 2775 4896 Sex
2816 4848 2995 4895 autem
3030 4853 3202 4895 annos
3229 4840 3387 4895 simul
3414 4838 3625 4895 connu-

2078 4910 2185 4964 ium
2217 4916 2457 4969 tenuere,
2489 4917 2613 4978 post
2636 4925 2771 4980 quos
2800 4910 3189 4966 continentiam
3228 4910 3491 4980 amplexi,
3532 4924 3626 4963 va-

2038 4979 2666 5050 stisque_renuntiantes
2703 4980 2916 5050 opibus,
2965 4980 3157 5049 quibus
3199 4979 3387 5035 omnes
3433 4988 3627 5050 praeter

2041 5064 2205 5119 unum
2260 5046 2999 5119 Imperatoremuviiicebant,
3023 5064 3334 5119 pauperum
3389 5046 3627 5104 subsidio

2044 5118 2293 5172 universa
2321 5117 2586 5173 dicarunt.
2637 5117 2761 5174 Hme
2803 5127 2915 5175 tum
2945 5117 3241 5185 Palladius,
3273 5130 3385 5174 tum
3427 5120 3627 5172 Auctor

2044 5186 2534 5313 cgﬁiqlelania:
2560 5187 2813 5259 produnt,
2840 5190 3084 5261 apposite
3112 5188 3179 5245 ad
3206 5204 3268 5245 ea
3310 5203 3429 5258 quae
3452 5186 3627 5243 Pauli<

2236 5344 2299 5412 Iit
2320 5348 2371 5395 in
2394 5346 2487 5412 hoc
2510 5350 2725 5412 parentis
2745 5347 2926 5412 aliquid
2947 5348 3078 5399 illius
3100 5346 3257 5412 refert

2241 5408 2376 5470 Puer
2397 5410 2491 5470 iste
2511 5409 2686 5459 Christi
2711 5408 3011 5459 consulatum
3032 5409 3265 5470 militans,

2242 5468 2380 5532 Quod
2404 5469 2666 5519 liberandis
2684 5471 2943 5521 consulens
2974 5483 3150 5532 munus
3172 5468 3300 5532 pium

2241 5528 2608 5604 {tedetnptipnis
2629 5545 2781 5594 Opere
2797 5534 3050 5604 dispensat
3073 5528 3197 5604 Dee:

2241 5590 2361 5655 Nam
2386 5590 2742 5655 etlibertornm
2764 5590 3276 5655 plurimiseervicibns

2246 5652 2443 5702 Servile
2461 5655 2639 5703 sanctis
2659 5652 2832 5716 opibus
2855 5668 2915 5703 ex
2954 5654 3060 5702 ellit
3078 5653 3270 5715 iugum,

2247 5713 2382 5763 Duos
2402 5726 2503 5763 aere
2529 5717 2711 5763 vinctos
2731 5718 2780 5763 in
2802 5668 3023 5763 tenegris
3044 5716 3259 5763 carceris

2247 5713 2382 5772 Quos
2402 5726 2503 5764 are
2529 5713 2711 5765 vinctos
2731 5718 2780 5763 in
2802 5713 3023 5764 tenebris
3044 5713 3259 5767 carceris

2246 5775 2463 5826 Absolvit
2488 5788 2605 5826 auro
2624 5776 2688 5827 de
2712 5783 2880 5826 catena
2900 5775 3112 5826 ueneris.
