4024 6186
318 333 429 391 795

996 333 1438 392 DISSERTATIO
1474 335 1539 393 X.
1579 336 1638 394 S.
1672 337 2011 398 PAULINUS
2046 343 2417 403 CAMPANIE
2457 348 2899 409 CONSULARIS.

3470 361 3573 417 794

317 447 689 537 ειὶαηιξαζςεὶε
717 447 911 537 ααξξιζιὶϐ
931 448 1207 537 εθζςξίενεξ
1232 449 1419 537 ,εᾷιιίιηῖ
1438 450 1779 537 φνξιιεηιῃιζνο
1802 468 1896 537 sua
1924 461 1973 518 Α
2000 456 2289 537 Postquam
2320 462 2629 537 consulatus
2648 464 2729 519 sui
2753 464 3015 537 meminit,
3038 467 3250 537 subjicit
3270 468 3382 526 haec
3408 476 3571 531 verba

316 520 671 589 magnitudine
692 518 866 572 multis
892 518 1135 589 gradibus
1162 521 1332 572 enisus
1362 520 1599 583 ascende,
1630 524 1760 575 utin
1790 524 1894 576 otio

315 588 573 658 subjectus
617 590 861 641 merearis
887 588 1023 658 quod
1058 605 1153 641 nos
1179 606 1271 657 per
1292 590 1547 642 maximos
1574 589 1775 643 labores
1804 608 1893 643 as-

314 661 564 711 sumimus
596 659 926 725 imperantes.
966 657 1044 711 En
1073 658 1382 711 consulibus
1422 658 1723 712 honerariis
1751 661 1894 714 nulla

316 735 557 794 potestas
580 768 596 792 ,
637 726 839 796 nullum
883 728 933 779 in
966 727 1240 780 hominum
1272 726 1513 796 vitasjus
1539 730 1891 793 conceditur;

314 812 444 866 ecce
472 796 613 849 nulla
644 795 860 851 fascium
890 797 1116 863 gestatio
1148 798 1395 851 tribuitur
1424 795 1437 862 ,
1481 812 1645 865 quum
1690 799 1893 866 alioqui

317 865 568 935 Paulinus
596 866 837 919 honorem
866 866 1175 935 [usrigerum
1220 881 1267 935 an
1293 882 1351 919 se
1395 876 1600 934 gestum
1642 865 1893 922 aflirmet.

314 934 650 1004 llonorarius
700 935 897 988 idcirco
947 934 1133 989 censui
1180 950 1208 988 a
1261 934 1562 1004 PI'QCUpiO,
1614 935 1704 989 lib.
1739 953 1794 990 Ill
1824 938 1891 991 de

314 1004 462 1057 Bello
482 1002 730 1069 Gothico,
762 1007 954 1063 ὕπατος
977 1008 1275 1075 καλούμενος
1299 1002 1466 1075 prium},
1482 1006 1669 1075 consul
1690 1008 1896 1060 nomine

313 1084 461 1126 tenus
480 1116 495 1139 ,
528 1075 855 1142 appellatur,
884 1090 947 1127 ac
974 1074 1024 1126 in
1055 1075 1166 1127 otio
1190 1073 1369 1141 jacere
1402 1091 1431 1127 a
1458 1074 1783 1129 Cassiodoro
1810 1075 1891 1128 di-

311 1144 471 1195 citur.
515 1144 712 1196 Deinde
739 1185 752 1208 ,
784 1157 965 1210 quceso
988 1184 1001 1204 ,
1036 1143 1336 1210 bujusmodi
1368 1144 1645 1198 consulum
1678 1145 1893 1198 nomina

313 1212 485 1265 Fastis
516 1228 765 1279 umquam
790 1212 953 1265 indita
980 1212 1136 1265 fuisse
1163 1214 1508 1274 ostendatur;
1540 1222 1686 1267 certe
1707 1229 1893 1267 exem-

311 1282 459 1350 plum
491 1297 595 1335 non
622 1282 938 1349 proferetur,
964 1296 1126 1349 quum
1152 1283 1356 1336 interea
1380 1297 1445 1335 ex
1468 1282 1691 1336 Ausonii
1718 1283 1896 1337 verbis

312 1366 469 1420 supra
502 1351 728 1404 laudatis
758 1351 1034 1420 Paulinum
1057 1350 1259 1404 eisdem
1291 1352 1606 1420 inscriptum
1638 1353 1888 1405 sciamus.

312 1418 473 1488 Igitur
498 1420 815 1473 honorarius
842 1419 1048 1473 Paulini
1077 1421 1386 1474 consulatus
1417 1418 1605 1489 procul
1633 1422 1891 1476 amande-

312 1498 437 1551 tur;
472 1489 770 1558 ipsumque,
798 1490 840 1541 si
871 1505 975 1541 non
1007 1489 1360 1555 ordinarium,
1391 1491 1582 1544 saltem
1613 1490 1893 1545 suffectum

315 1558 677 1612 admittamus.
739 1558 910 1611 Nolim
958 1567 1138 1612 tamen
1189 1560 1465 1628 praeterire
1511 1561 1646 1614 duos
1686 1576 1892 1624 versus,

313 1628 405 1700 qui
437 1643 539 1687 non
569 1644 757 1700 parum
787 1628 1002 1700 luminis
1048 1630 1358 1683 consulatus
1394 1629 1617 1698 hujusce
1662 1630 1893 1700 tempori

313 1697 559 1750 videntur
583 1697 875 1751 affundere.
918 1696 982 1750 lli
1013 1705 1193 1751 autem
1224 1708 1385 1752 sunt:

403 1785 539 1847 Tunc
564 1788 712 1834 etiam
739 1788 1128 1847 mimanta..."
1148 1786 1372 1837 libamina
1402 1790 1562 1837 barba:

405 1846 534 1895 Ante
558 1855 690 1895 tuum
715 1848 907 1909 solium,
934 1849 1070 1909 quasi
1097 1857 1146 1896 te
1173 1858 1423 1908 canente,
1451 1849 1656 1898 totondi.

2004 526 2300 600 Paulinus,
2336 532 2531 599 quibus
2559 533 2718 588 docet
2742 549 2801 588 se
2834 534 2979 589 Nola:
3005 526 3217 593 ante'S.
3249 526 3571 600 Felicis-se:

2001 598 2242 679 pulcrum
2270 598 2497 669 primam
2528 603 3037 679 barbamposuisse.
3079 606 3136 661 ld
3158 623 3288 679 vero
3309 620 3429 679 post
3449 598 3573 668 con-

2000 668 2227 747 sulatum
2258 668 2531 738 peractum
2563 668 3260 747 contigisse_rerum__series
3283 668 3327 738 .’
3344 694 3463 747 qua:
3486 698 3573 737 se-

1998 737 2228 815 cundum
2258 737 2561 815 temporum
2591 737 2829 815 ordinem
2856 743 2919 815 in
2933 744 3036 815 hoc
3065 745 3235 799 Natali
3264 737 3463 815 digesta
3487 766 3573 805 co-

1998 808 2275 874 gnoscitur
2297 848 2312 873 ,
2344 810 2624 882 manifeste
2655 812 2845 866 innuit.
2886 812 3038 878 Quod
3068 816 3111 869 si
3140 808 3365 882 vemnf,
3398 819 3574 874 videa-

1998 891 2139 953 mus_
2160 891 2267 944 quo
2296 880 2490 953 _a:tatis
2531 895 2671 953 anno
2699 883 2925 953 primaut
2959 882 3182 939 barbam
3208 880 3435 953 juvenes
3464 887 3573 944 Ro-

1999 946 2141 1025 mani
2186 946 2485 1025 tondnerent.
2532 946 2834 1025 Macrobins
2863 949 3086 1025 Paulino
3124 946 3337 1010 comvus
3364 998 3381 1023 ,
3429 958 3522 1011 lib.
3553 974 3571 1014 ι

1997 1014 2049 1091 i_n
2080 1014 2266 1069 Somn.
2297 1016 2536 1086 Scipion.
2563 1058 2577 1082 ,
2626 1034 2745 1087 cap.
2775 1020 2808 1072 6
2832 1063 2847 1088 ,
2898 1021 2963 1075 de
3003 1026 3307 1091 septenario
3345 1014 3570 1082 numero

1997 1084 2289 1164 disputans,
2320 1084 2435 1156 post
2456 1096 2531 1140 ter
2553 1084 3011 1164 septennos’annos
3041 1084 3257 1147 barbam
3282 1097 3408 1164 poni
3437 1098 3569 1151 soli-

1998 1161 2107 1208 tam
2137 1155 2296 1230 docet
2320 1174 2332 1207 :
2357 1172 2474 1230 quin
2499 1155 2760 1230 sententia
2783 1161 2922 1229 apud
2945 1164 3099 1230 817
3131 1155 3449 1219 eruditiores
3475 1182 3566 1221 re-

1998 1234 2174 1303 cepta.
2248 1224 2389 1295 Ergo
2418 1224 2690 1303 Paulinus
2731 1224 2886 1303 anno
2934 1224 3264 1286 378'—mtatis
3309 1234 3569 1303 vigesimo

1997 1302 2193 1417 guarto
2222 1303 2313 1347 aut
2340 1296 2529 1363 quinto
2559 1297 2745 1350 consul
2775 1314 2879 1352 non
2929 1302 3298 1368 processisset,
3327 1296 3419 1358 scd
3444 1305 3567 1372 qui-

2034 1379 2116 1416 em
2128 1372 2250 1417 tres
2271 1373 2362 1417 aut
2384 1374 2615 1417 quatuor
2636 1381 2806 1417 annos
2847 1377 2989 1417 ante.
3016 1369 3190 1417 Nihilo
3211 1372 3383 1417 ςρρίιις
3405 1389 3567 1417 ηιιιιιιι

2034 1379 2116 1442 ein
2128 1372 2250 1419 tres
2271 1373 2362 1417 aut
2384 1374 2615 1433 quatuor
2636 1381 2806 1422 annos
2847 1377 2989 1442 ante.
3016 1369 3190 1424 Nihilo
3211 1372 3383 1425 secius
3405 1369 3569 1442 quum

1998 1432 2216 1487 barbam
2247 1432 2448 1505 ponere
2472 1476 2486 1500 ,
2518 1450 2625 1503 quo
2658 1452 2797 1490 anno
2826 1439 3025 1492 vellent
3049 1481 3064 1505 ,
3092 1432 3437 1495 consuevissé
3462 1441 3571 1496 Ro-

1995 1518 2185 1577 manos
2208 1543 2223 1567 ,
2249 1504 2399 1571 plura
2429 1519 2529 1558 nos
2564 1506 2793 1577 doceant
2821 1504 3063 1577 exempla
3087 1550 3101 1571 ,
3151 1508 3351 1563 fluxum
3376 1512 3481 1565 hoc
3515 1519 3572 1565 et

1998 1572 2152 1649 futile
2199 1587 2317 1649 esse
2347 1583 2719 1649 argumentum
2748 1572 3252 1649 definio._'Alioquin
3278 1595 3415 1649 pene
3442 1594 3564 1633 cer-

1997 1649 2109 1694 tum
2138 1642 2312 1695 habeo
2354 1641 2631 1696 Paulinum
2668 1660 2755 1698 an.
2809 1644 2915 1698 579
2944 1641 3221 1703 Nolam-se
3255 1641 3567 1713 contulisse,

1996 1725 2060 1764 ac
2083 1719 2368 1787 propterea
2395 1726 2536 1765 anno
2566 1714 2818 1787 vigesimo
2838 1716 3048 1783 quinto,
3074 1725 3128 1771 et
3148 1718 3289 1787 quod
3312 1719 3567 1785 excurrit,

1997 1780 2276 1834 consulatu
2305 1781 2589 1835 adauctum
2618 1782 2800 1838 fuisse.

321 1968 3558 1993 Μ

1298 2047 2058 2129 DISSERTATIO
2131 2046 2611 2128 DECIMA.

1257 2186 1316 2235 8.
1354 2186 1708 2235 PAULINUS
1744 2184 2145 2234 CAMPANIE
2183 2184 2650 2234 CONSULABIS.

380 2294 669 2362 Postquam
699 2291 953 2347 Paulinus
985 2308 1045 2347 se
1067 2291 1213 2346 Nola:
1244 2293 1471 2362 primam
1499 2292 1744 2362 posuisse
1769 2290 1895 2346 bar-

316 2363 433 2422 bam
461 2373 546 2418 est
572 2363 764 2428 fassus,
796 2363 1138 2431 subsequitur
1167 2362 1239 2415 ita
1270 2377 1471 2416 canens
1497 2380 1510 2416 :

435 2453 541 2502 Jam
561 2464 674 2501 tunc
701 2455 946 2514 prtemisso
972 2467 1056 2514 per
1081 2454 1315 2501 honorem
1343 2455 1547 2514 pignore
1568 2452 1704 2503 sedis

439 2515 691 2573 Campanis
715 2515 936 2563 metanda
963 2514 1079 2562 locis
1102 2514 1370 2562 habitacula
1397 2514 1497 2575 fixi,

437 2575 510 2625 Te
532 2575 760 2623 fundante
784 2579 849 2623 tui
881 2584 1078 2624 ventura
1104 2575 1277 2623 cubilia
1299 2576 1452 2625 servi.

319 2656 431 2725 Ego
480 2656 794 2724 dignitatem
824 2657 1057 2726 aliquam
1098 2657 1187 2711 hic
1225 2656 1524 2726 significari,
1559 2655 1736 2726 video.
1790 2654 1896 2711 Sed

319 2724 560 2794 quamam
594 2727 750 2780 haec?
792 2724 961 2779 Mcain
1009 2726 1373 2794 conjecturam
1405 2725 1637 2794 profero.
1682 2724 1897 2779 Scilicet

320 2796 605 2850 consulatu
633 2804 853 2863 peracto
873 2836 887 2859 ,
920 2794 1196 2849 Paulinum
1227 2795 1531 2864 Campania:
1559 2795 1894 2849 consularem

321 2865 516 2918 factum
547 2867 796 2919 arbitror.
830 2864 940 2918 Sub
969 2865 1327 2933 Augustorum
1350 2865 1577 2933 imperio
1602 2864 1893 2933 provincia:

323 2935 503 3003 plures
542 2935 717 3003 adhuc
759 2945 978 2989 senatus
1023 2935 1269 3001 regimini
1314 2935 1589 2996 suberant,
1639 2950 1767 3003 qua:
1803 2942 1894 2987 aut

324 3002 731 3072 proconsulares
756 3045 771 3071 ,
819 3012 911 3056 aut
933 3004 1239 3058 consulares
1269 3004 1693 3072 appellabantur.
1744 3002 1895 3057 Prio-

323 3089 409 3127 res
429 3073 506 3126 uti
535 3073 770 3125 omnium
796 3073 1213 3141 prteclarissima:
1242 3074 1369 3129 viris
1398 3072 1719 3140 dignissimis
1745 3089 1773 3125 a
1798 3088 1893 3140 ge-

323 3142 741 3211 stoconsulatu
781 3142 1053 3195 ordinario
1100 3142 1413 3211 plerumque
1467 3142 1898 3196 administrandte

324 3210 689 3264 tradebantur.
715 3210 1036 3268 Consulares
1058 3210 1184 3265 vero
1207 3210 1399 3265 tumiis
1425 3212 1515 3279 qui
1564 3212 1901 3267 consulatum

324 3287 683 3350 peregerant,
724 3287 837 3333 tum
886 3280 951 3335 iis
994 3280 1157 3335 etiam
1192 3282 1284 3349 qui
1312 3281 1549 3335 minime.
1592 3280 1648 3334 In
1677 3296 1903 3335 examen

330 3364 591 3404 revocare
630 3365 738 3403 non
766 3358 920 3404 vacat
953 3364 1021 3403 an
1049 3352 1179 3405 satis
1206 3359 1352 3405 certa
1382 3350 1452 3403 sit
1477 3350 1759 3418 Bulengeri
1787 3366 1907 3403 sen-

325 3418 493 3473 tentia
519 3419 745 3473 dicentis
769 3418 859 3472 lib.
886 3434 957 3483 iv,
972 3435 1091 3488 cap.
1115 3419 1204 3481 56,
1229 3419 1296 3473 de
1318 3419 1451 3488 Imp.
1483 3419 1636 3473 Rom.
1660 3417 1679 3472 ξ
1712 3417 1910 3473 Consu-

324 3487 467 3559 lares
502 3504 737 3559 persona:
767 3489 1007 3559 dicuntur
1021 3487 1101 3559 λοι»
1133 3487 1453 3542 consulatum
1478 3498 1689 3559 gestum,
1714 3505 1815 3542 non
1839 3488 1901 3542 ob

326 3558 616 3626 provincias
646 3558 959 3611 consulares.
1008 3555 1197 3621 Certe,
1231 3566 1288 3611 ut
1314 3555 1549 3622 aiebam,
1595 3558 1904 3612 consulares

330 3642 437 3680 non
463 3626 795 3708 pauci‘f'uetre
832 3627 1023 3707 quibus
1066 3642 1355 3696 numquam
1383 3627 1718 3708 consulatum
1747 3641 1901 3708 gere-

325 3695 655 3763 recontigit.
714 3695 1021 3763 Campania:
1066 3712 1195 3750 suus
1217 3695 1526 3751 consularis
1565 3704 1717 3758 erat,
1754 3695 1902 3764 isque

325 3764 461 3819 adeo
490 3772 747 3832 praestans
774 3765 908 3829 fuit,
959 3773 1016 3819 ut
1053 3764 1119 3819 ad
1148 3764 1264 3832 ejus
1292 3767 1693 3821 similitudinem
1728 3765 1896 3819 ceteri

325 3833 634 3888 consulares
671 3833 903 3889 officium
932 3834 1215 3902 baberent,
1246 3835 1324 3889 uti
1372 3852 1469 3890 nos
1510 3836 1668 3891 docet
1695 3835 1894 3889 Notitia

328 3903 534 3971 imperii
581 3904 946 3958 occidentalis.
1016 3904 1295 3958 Paulinum
1354 3905 1534 3973 itaque
1581 3921 1686 3959 non
1734 3905 1897 3958 alium

326 3986 485 4039 quam
532 3973 867 4044 consularem
913 3973 1073 4028 fuisse
1119 3972 1422 4044 Campania:
1451 3972 1581 4029 imos
1624 3976 1711 4029 ille
1739 3974 1899 4029 etiam

330 4050 438 4112 tum
464 4051 708 4096 servatus
734 4043 960 4108 suadet,
1005 4053 1061 4097 ut
1085 4053 1203 4112 post
1230 4043 1435 4111 gestum
1466 4045 1797 4098 consulatum
1822 4044 1902 4097 vi-

327 4111 399 4180 ris
444 4111 752 4165 clarissimis
804 4113 1035 4180 regenda
1082 4111 1355 4180 provincia
1407 4114 1893 4167 commendaretur.

329 4178 442 4259 ipse
471 4180 668 4259 idcirco
694 4178 945 4259 Paulinus
972 4178 1344 4259 se__Campa.nis
1365 4184 1417 4259 in
1439 4183 1568 4237 locis
1598 4182 1896 4259 habitacula

331 4248 539 4311 fixisse,
579 4258 635 4304 et
662 4251 1002 4317 singulariter
1026 4248 1227 4307 Nolana
1257 4253 1308 4305 in
1340 4252 1470 4306 urbe
1498 4252 1803 4305 consedisse
1828 4252 1901 4303 si-

327 4317 559 4390 gniﬁcat.
612 4319 850 4373 Diximus
898 4337 1056 4390 supra
1123 4319 1413 4375 firmiorem
1460 4322 1613 4377 nobis
1649 4320 1900 4375 Cliillletii

328 4389 649 4441 sententiam
678 4390 874 4455 videri,
909 4390 1157 4444 nimirum
1188 4405 1275 4443 an.
1302 4391 1398 4444 Ch.
1430 4390 1533 4443 578
1561 4391 1898 4444 consulatum

327 4469 357 4536 _a
387 4455 610 4536 Paulino
638 4471 885 4536 gestuin:
914 4459 1180 4536 ld_autem_
1209 4476 1347 4536 nunc
1380 4459 1598 4536 uberius
1627 4460 1896 4515 elucescit.
1928 4477 1977 4536 ι)

323 4522 379 4579 ln
400 4522 841 4582 secundo'Natali
871 4528 945 4582 ita
975 4529 1091 4598 ipse
1118 4528 1184 4581 ad
1214 4528 1271 4582 S.
1306 4528 1539 4583 Felicem
1565 4546 1577 4580 :

810 4634 848 4683 Τ
854 4637 923 4683 ria
946 4643 1164 4697 tempore
1184 4635 1332 4685 longo

443 4694 614 4743 Lustra
638 4702 980 4755 cucurrerunt,
1008 4694 1069 4744 ei
1099 4710 1195 4755 quo
1218 4697 1512 4744 Solemnihus
1536 4696 1643 4745 istis

440 4756 613 4804 Coram
639 4767 746 4807 vcta
772 4759 875 4814 tibi,
900 4770 1059 4805 coram
1081 4771 1188 4806 mea
1208 4760 1349 4806 corda
1370 4759 1543 4806 diezivi.

322 4850 507 4906 Incidit
536 4852 734 4906 Natalis
759 4854 1021 4907 secundus
1045 4856 1094 4907 in
1119 4870 1316 4907 annum
1344 4852 1467 4908 595.
1507 4854 1561 4908 Si
1587 4856 1685 4909 tria
1710 4854 1893 4920 lustra,

323 4922 425 4976 hoc
454 4932 537 4977 est
565 4938 735 4976 annos
768 4923 830 4974 15
856 4966 871 4990 ,
903 4933 1048 4978 retro
1079 4940 1325 4978 numeres
1346 4965 1360 4986 ,
1395 4924 1460 4976 ad
1491 4940 1685 4977 annum
1714 4926 1895 4979 venies

320 4990 456 5061 580,
515 5008 624 5061 quo
657 4991 909 5061 Paulinus
949 5009 1008 5048 se
1049 4993 1195 5047 Nola:
1237 4994 1467 5047 adfuisse
1498 5002 1743 5049 testatur.
1815 4993 1894 5048 Eo

322 5060 482 5128 igitur
509 5060 649 5115 anno
676 5060 979 5130 Campanim
1000 5063 1296 5117 consularis
1321 5071 1437 5117 erat
1460 5106 1474 5130 ,
1524 5079 1585 5118 ac
1638 5064 1694 5117 S.
1730 5063 1893 5119 Felici

317 5146 411 5184 sua
440 5130 603 5185 corda
630 5130 844 5184 dicavit.
886 5131 1105 5185 Certum
1135 5148 1262 5187 vero
1288 5134 1417 5187 mihi
1447 5134 1656 5187 videtur
1679 5141 1733 5188 et
1753 5149 1894 5189 anno

318 5200 614 5271 superiori,
644 5199 895 5255 videlicet
923 5197 1027 5271 579
1046 5243 1059 5265 ,
1093 5201 1388 5271 profectum
1412 5203 1464 5256 in
1491 5202 1735 5257 eamdem
1764 5219 1892 5271 pro-

315 5268 542 5323 vinciam
570 5268 888 5335 Paulinum;
934 5268 1132 5326 idcirco
1178 5272 1320 5325 enim
1367 5288 1508 5327 anno
1547 5268 1891 5326 tantum'580

315 5337 741 5410 solemnitatiﬂS:
790 5339 982 5395 Felicis
1028 5356 1088 5395 se
1123 5350 1438 5410 praesentem
1486 5341 1752 5396 adstitisse
1792 5342 1888 5409 ait,

315 5408 439 5479 quia
460 5423 601 5461 anno
633 5407 737 5461 579
762 5418 869 5463 tam
894 5419 1105 5465 mature
1124 5407 1199 5463 ad
1228 5426 1421 5465 novam
1448 5412 1762 5479 dignitatem
1791 5407 1889 5465 ad?

316 5478 498 5531 volare
528 5492 633 5531 non
659 5487 900 5549 poterat,
944 5490 1004 5534 ut
1031 5480 1201 5534 sancti
1230 5482 1479 5549 martyris
1506 5481 1641 5535 festo
1669 5482 1772 5535 diei
1805 5481 1888 5534 in-

316 5552 561 5600 teresset.
591 5549 754 5619 818
780 5546 1164 5604 Celebrabatur
1197 5549 1285 5603 ille
1307 5546 1530 5619 postrid.
1547 5549 1886 5615 id.Januar.,

316 5629 378 5669 ac
406 5625 690 5688 propterea
722 5617 903 5688 Roma:
935 5621 1286 5682 constitutus,
1309 5617 1386 5674 ab
1415 5618 1603 5674 ofﬁciis
1631 5636 1751 5688 qua:
1790 5620 1887 5675 de-

316 5686 545 5759 positum
569 5687 900 5759 consulatum
928 5689 1339 5758 subsequuntur,
1364 5696 1525 5759 atque
1553 5690 1619 5743 ab
1646 5686 1765 5743 aliis
1788 5689 1887 5745 do-

316 5754 553 5811 mesticis
576 5757 802 5827 negotiis
829 5772 888 5813 se
915 5754 1166 5829 expedire
1195 5767 1303 5814 tam
1330 5754 1801 5829 eito'uequiverat,
1833 5769 1891 5815 ut

1997 2290 2113 2357 ipso
2156 2287 2348 2343 eodem
2394 2302 2537 2343 anno
2580 2286 2717 2342 festo
2761 2287 2866 2343 diei
2912 2284 2969 2343 S.
3022 2288 3213 2344 Felicis
3258 2289 3564 2346 interesset.

1995 2359 2177 2429 itaque
2209 2373 2349 2429 anno
2374 2366 2632 2429 sequente
2656 2358 2762 2411 hoc
2791 2358 2879 2413 ille
2910 2360 3133 2429 peregit.
3174 2358 3328 2424 Quod
3354 2361 3398 2414 si
3429 2375 3568 2415 anno

1996 2428 2101 2483 579
2128 2429 2179 2499 in
2209 2427 2555 2499 Campaniam
2585 2442 2643 2499 se
2683 2427 2921 2482 contulit
2939 2428 3211 2499 Paulinus,
3250 2438 3396 2485 recte
3424 2439 3570 2499 patet

1998 2513 2141 2570 anno
2169 2496 2274 2551 578
2302 2498 2419 2566 ejus
2446 2497 2780 2570 consulatum
2806 2513 2944 2570 esse
2989 2498 3309 2570 affigendum
3338 2539 3353 2563 ,
3400 2496 3568 2570 quum

2001 2568 2068 2621 ab
2090 2582 2163 2638 eo
2191 2565 2341 2638 gesto
2362 2565 2639 2638 confestim
2662 2566 2882 2638 alicujus
2904 2565 3192 2638 provinciae
3213 2565 3571 2638 gubernacula

1999 2637 2128 2690 viris
2157 2637 2524 2691 consularibus
2561 2636 2867 2691 demandari
2898 2636 3148 2692 solerent.
3201 2637 3305 2692 Sed
3334 2654 3456 2704 cur,
3487 2639 3574 2692 in-

2001 2707 2170 2778 quies,
2198 2704 2362 2768 Nolm,
2396 2721 2500 2778 non
2530 2705 3231 2778 Canum,_qu:e_Campani:c
3262 2708 3573 2778 metropolis

2001 2773 2315 2844 habebatur,
2358 2775 2597 2828 subsedit
2624 2773 2918 2830 Paulinus?
2966 2773 3076 2844 Ego
3103 2773 3473 2832 consularibus
3509 2778 3573 2831 li-

1998 2845 2185 2899 berum
2216 2843 2376 2898 fuisse
2405 2844 2637 2914 arbitror
2663 2860 2724 2898 ea
2756 2846 2806 2897 in
2836 2847 3053 2900 civitate
3092 2861 3408 2914 permanere
3452 2861 3573 2914 qua:

1996 2914 2095 2968 sibi
2124 2914 2375 2982 placeret,
2406 2913 2564 2982 modo
2596 2914 2731 2967 intra
2763 2915 3049 2982 provincia:
3078 2913 3175 2968 sibi
3204 2923 3412 2970 statuta:
3442 2913 3573 2969 limi~

1999 2992 2081 3037 tes
2108 2980 2491 3037 detinerentur.
2533 2980 2621 3037 Sic
2650 2983 2700 3035 in
2729 2980 2874 3038 Actis
2896 2984 2951 3036 S.
2982 2983 3286 3037 Januariiet
3305 2985 3572 3039 sociorum

2002 3054 2118 3134 ejns
2141 3052 2453 3134 dicuntur
2480 3052 2735 3134 sanc_li_ad_
2765 3052 3423 3134 Timothenm‘Campalnize
3444 3069 3572 3122 pra:-

1926 3115 1972 3176 C
2002 3115 2169 3192 sidem
2199 3121 2439 3192 perducti
2463 3163 2477 3184 ,
2497 3122 2617 3192 _qui
2640 3121 2825 3192 Nolam
2856 3122 3152 3187 incolebat,
3183 3115 3287 3176 non
3310 3115 3567 3192 Captiam.

2005 3190 2098 3245 His
2134 3189 2213 3246 de‘
2229 3190 2434 3245 Paulini
2480 3189 2825 3257 dignitatibus
2866 3192 3281 3253 animadversis,
3340 3189 3572 3248 eiamini

2004 3260 2345 3329 subjicienda:
2387 3268 2515 3329 sunt
2545 3259 2687 3328 leges
2725 3260 2842 3316 dua:
2880 3262 2935 3315 in
2966 3259 3215 3316 Codicem
3247 3260 3575 3316 Theodosia-

2005 3328 2131 3385 num
2161 3331 2359 3385 relatae.
2393 3328 2528 3384 Sunt
2558 3330 2675 3383 isne
2704 3330 2739 3384 l.
2770 3330 2804 3382 4
2833 3339 2886 3387 et
2913 3330 2964 3396 5,
2994 3332 3078 3385 tit.
3110 3331 3143 3385 5
3188 3331 3254 3386 de
3296 3332 3571 3398 Sanuicis,

2003 3410 2164 3469 atque
2184 3399 2408 3454 Paulino
2430 3401 2673 3470 prwfecto
2704 3399 2829 3455 Urbi
2855 3415 2987 3455 coss.
3007 3400 3257 3455 Gratiano
3284 3418 3317 3455 v
3345 3412 3394 3455 et
3420 3400 3575 3456 Theo-

2006 3470 2151 3523 dosio
2188 3471 2251 3522 A.
2285 3470 2371 3535 A.,
2412 3470 2659 3523 videlicet
2687 3485 2827 3539 anno
2856 3472 3073 3539 epocluc
3113 3478 3309 3525 nostra:
3339 3470 3459 3534 580,
3494 3472 3575 3525 in-

2003 3540 2324 3594 scribuntur.
2379 3540 2639 3607 Baronius
2687 3538 2755 3591 ad
2794 3538 2991 3594 annum
3020 3538 3125 3591 594
3154 3555 3219 3593 ex
3261 3540 3341 3593 his
3372 3540 3574 3607 legibus

2003 3607 2283 3661 Paulinum
2324 3617 2561 3660 nostrum
2582 3606 2807 3677 iUrbana
2848 3609 3161 3677 prmfectura
3191 3606 3446 3661 donatum
3488 3623 3574 3663 ar-

2003 3676 2131 3744 guit.
2174 3676 2277 3730 Sed
2304 3677 2495 3745 quibus
2523 3676 2716 3745 tabulis
2745 3676 2911 3730 fretus
2940 3677 2988 3729 id
3024 3676 3290 3731 aﬂirmare
3318 3679 3572 3745 potuerit,

2002 3743 2110 3799 non
2141 3743 2332 3799 video.’
2358 3744 2424 3813 ,Si
2454 3743 2753 3813 hujusmodi
2784 3747 3105 3810 conjecturis
3146 3743 3406 3811 agendum
3435 3789 3449 3813 ,
3500 3748 3572 3801 nil

2002 3816 2178 3869 obstat
2202 3813 2327 3881 quin
2356 3812 2818 3883 Paulinum_etiam
2841 3814 3115 3883 prmsidem
3140 3814 3283 3883 Epiri
3310 3812 3463 3869 nova:
3490 3816 3571 3869 fa-

2001 3884 2221 3953 ciamus,
2253 3882 2513 3950 siquidem
2538 3881 2913 3953 athaulinum
2941 3881 3221 3951 quemdam
3265 3885 3365 3939 hac
3407 3886 3572 3953 digni-

2002 3960 2113 4007 tate
2132 3952 2385 4023 afl'ectum
2403 4022 2409 4023 γ
2428 3967 2570 4023 anno
2599 3951 2706 4023 512
2730 3954 3047 4023 rescriptum
3089 3954 3449 4023 Valentiniani
3475 3951 3569 4009 se-

2003 4022 2170 4077 nioris
2196 4030 2372 4094 exstat
2400 4022 2452 4076 in
2472 4021 2594 4077 cod.
2620 4021 2821 4077 Theod.
2851 4024 2885 4077 Ι.
2903 4021 3075 4094 ⁷22ᾼά8
3105 4022 3398 4094 Episcopis.
3432 4024 3570 4077 Mul-

2002 4099 2059 4162 to
2104 4092 2314 4160 potiore
2362 4100 2677 4159 argumento
2724 4108 2844 4148 eum
2880 4091 3183 4162 praefectum
3229 4091 3569 4161 Augustalem

2002 4161 2258 4216 faciemus
2281 4200 2295 4225 ,
2347 4177 2511 4230 quum
2553 4162 2603 4214 in
2648 4163 2835 4219 eodem
2865 4161 3048 4217 codice
3079 4163 3319 4230 legantur
3340 4164 3374 4216 l.
3412 4162 3478 4215 lt)
3503 4163 3571 4217 de

2002 4231 2133 4301 Fide
2163 4231 2394 4301 testium
2424 4239 2479 4301 et
2524 4230 2561 4285 l.
2584 4230 2653 4283 ‘22
2680 4231 2745 4287 de
2774 4232 3183 4301 Susce;:toribtis
3204 4233 3356 4287 annis
3386 4233 3488 4286 585
3517 4242 3571 4286 et

2002 4299 2107 4353 586
2162 4298 2383 4371 Paulino
2424 4300 2583 4355 simili
2625 4317 2846 4356 munere
2882 4298 3061 4356 functo
3091 4303 3370 4371 inscriplre.
3419 4302 3569 4368 Quod

2003 4377 2180 4439 tamen
2227 4370 2491 4424 affirmare
2538 4386 2643 4424 non
2691 4387 2850 4425 ausus
2901 4380 2984 4425 est
3028 4370 3259 4439 magnus
3291 4373 3569 4425 Annalium

2002 4438 2248 4508 scriptor.
2275 4439 2439 4508 Igitur
2465 4456 2629 4510 quum
2653 4439 2905 4495 Paulinus
2935 4442 3067 4510 ipse,
3099 4438 3188 4509 qui
3217 4442 3451 4510 alioquin
3481 4443 3571 4495 ho-

2003 4522 2162 4562 nores
2180 4524 2304 4563 suos
2326 4509 2592 4577 exprimit,
2613 4510 2750 4564 hanc
2770 4509 3081 4577 dignitatem
3109 4511 3208 4563 sibi
3233 4509 3569 4579 nequaquam

1999 4586 2209 4632 asserat
2237 4579 2554 4646 contigisse,
2601 4595 2629 4633 a
2661 4580 2872 4633 Baronii
2903 4581 3166 4633 sententia
3190 4581 3569 4634 discedendum

2041 4656 2151 4701 uto.
2213 4647 2384 4701 Minus
2436 4649 2611 4717 placet
2655 4648 2988 4715 Chiflletius,
3034 4649 3117 4702 cui
3164 4651 3474 4717 ceteroquin
3516 4651 3568 4703 in

2051 4717 2231 4771 istoria
2256 4717 2562 4787 Pauliniana
2587 4720 2808 4772 multum
2838 4719 3115 4785 debemus,
3143 4734 3302 4786 quum
3334 4730 3484 4787 parte
3514 4720 3566 4783 ἓ,

2000 4801 2120 4854 cap.
2150 4786 2221 4849 2,
2271 4785 2477 4857 Paulini
2505 4789 2695 4842 illustr.
2747 4804 2811 4842 ex
2859 4788 3085 4841 laudatis
3133 4785 3349 4857 legibus
3374 4790 3569 4843 docere

1999 4864 2245 4926 conatur,
2283 4855 2559 4911 Paulinum
2587 4867 2824 4912 nostrum
2853 4874 2993 4911 anno
3020 4857 3124 4910 580
3152 4855 3431 4926 prastorem
3472 4858 3570 4913 Ur-

1998 4925 2193 4998 banum
2224 4925 2385 4981 fuisse
2410 4928 2775 4981 constitutum.
2817 4926 3014 4998 Legum
3046 4925 3231 4981 haram
3263 4929 3567 4998 inscriptio-

1997 5010 2103 5067 nes
2133 4995 2203 5047 ita
2247 5004 2381 5067 sunt
2424 5006 2733 5067 conceptmi:
2784 4998 2863 5049 'Ad
2892 4997 3187 5067 Paulinmn
3214 4998 3278 5050 P.
3325 4995 3567 5066 V.,'qua:

1994 5064 2157 5149 verba
2187 5066 2348 5119 etiam
2376 5066 2558 5149 minus
2585 5064 2775 5121 eruditi
2818 5066 3271 5149 prafectltml’rbi
3302 5064 3565 5149 interpre-

1997 5141 2196 5206 tantur,
2228 5151 2332 5188 non
2360 5151 2488 5206 vero
2512 5135 2795 5190 Praetorem
2821 5135 2990 5190 Urbis.
3020 5136 3222 5191 Exime
3242 5135 3490 5206 Opinione
3512 5138 3563 5191 in

1995 5204 2217 5275 alteram
2244 5219 2303 5275 se
2326 5205 2655 5275 prmcipitem
2674 5206 2970 5259 Chiﬂletius
2989 5206 3133 5261 dedit
3156 5224 3170 5269 ;
3202 5204 3399 5260 statuta
3422 5208 3562 5261 enim

1994 5272 2097 5344 hac
2126 5272 2437 5342 imaginaria
2468 5273 2671 5329 Paulini
2695 5285 2924 5344 praetura
2951 5291 3071 5330 eum
3106 5277 3406 5331 necessario
3432 5277 3561 5330 (edi-

1994 5342 2099 5415 lem
2142 5344 2395 5415 curulem
2434 5344 2595 5415 fuisse
2635 5342 2922 5415 opinatur;
2998 5346 3222 5400 mdilitas
3266 5346 3446 5411 enim,
3504 5354 3562 5398 ut

1993 5414 2243 5484 observat
2272 5413 2469 5469 Paulus
2492 5413 2757 5471 Manutius
2784 5417 2873 5470 lib.
2915 5416 2981 5470 de
3006 5417 3108 5484 leg.
3141 5416 3329 5484 ltom.,
3364 5423 3562 5484 pnetu-

1993 5498 2107 5535 ram
2139 5480 2406 5537 Urbanum
2444 5485 2662 5541 biennio
2692 5485 2993 5541 nmcedere
3018 5480 3239 5541 solebat.
3286 5480 3390 5538 Sed
3432 5485 3561 5538 suis-

1992 5560 2102 5605 met
2129 5552 2348 5624 calculis
2369 5554 2644 5623 jugulatur
2670 5552 2736 5609 ν.
2769 5554 2854 5617 C.,
2884 5555 3140 5623 siquidem
3176 5554 3397 5624 wdilitas
3427 5570 3560 5624 pra:-

1994 5629 2161 5673 turam
2192 5621 2393 5677 biennio
2420 5621 2694 5689 antecedit,
2727 5641 2788 5678 ac
2809 5621 3032 5689 praztura
3062 5625 3181 5676 item
3213 5621 3561 5678 biennio'con-

1991 5692 2236 5760 sulatum,
2283 5702 2341 5747 ut
2367 5694 2740 5749 animadvertit
2771 5692 2906 5746 idem
2937 5693 3199 5746 Manutius
3221 5692 3411 5747 eodem
3440 5694 3556 5760 lib.,

1993 5759 2225 5817 Rosinus
2253 5778 2314 5818 ac
2344 5763 2703 5835 Dempstcrus,
2735 5763 2913 5831 Antiq.
2950 5761 3104 5816 Rern.
3130 5762 3220 5818 lib.
3243 5779 3335 5833 vn,
3359 5780 3478 5837 cap.
3502 5759 3559 5832 9,
