4024 6186
398 333 499 390 195

1460 327 1793 384 APPENDIX
1830 327 2109 383 OPEllUM
2151 327 2508 384 SPAULINI.

3556 330 3658 386 796

397 456 453 502 et
479 446 569 500 alii
608 442 905 500 Romanam
948 443 1307 501 eruditionem
1335 444 1549 514 scriptis
1582 444 1873 514 prosecuti.
1917 443 1972 498 Si
2002 454 2049 512 Α
2077 444 2360 513 quemdam
2408 442 2716 513 pnefectum
2749 444 2879 500 Urbi
2928 459 3072 513 teges
3102 444 3202 499 illa:
3254 444 3548 499 clarissime
3590 459 3666 500 to-

399 530 526 585 ergo
546 516 797 585 Paulinus
817 530 957 585 anno
986 516 1090 569 378
1117 515 1303 570 consul
1331 516 1710 585 processisset,
1745 514 1820 567 uti
1851 514 1973 583 opi-

399 583 559 641 natur
586 586 700 655 ipse
736 583 1033 655 Chiflletius
1057 626 1071 648 ,
1122 583 1394 654 quomodo
1421 583 1611 638 eodem
1639 585 1801 655 otiam
1831 599 1974 637 anno

400 656 570 709 aedilis
607 652 805 710 curulis
837 654 1060 716 fuisset,
1123 652 1373 722 annoque
1420 663 1606 721 postea
1638 652 1741 706 380
1779 662 1978 722 praetor

404 723 691 779 Urbanus?
736 724 831 779 Est
859 726 961 779 hoc
988 726 1349 779 Romanarum
1378 723 1709 791 dignitatum
1733 723 1975 777 ordinem

403 795 689 849 invertere.
728 794 925 849 Verum
948 835 962 859 ,
1008 796 1083 850 uti
1113 809 1273 863 supra
1302 790 1609 848 dicebamus
1633 830 1648 855 ,
1697 790 1977 846 Paulinum

443 922 743 945 ~-

2078 522 2319 583 quuntur
2339 555 2352 575 ,
2386 529 2492 566 non
2522 524 2806 583 prmtorem
2838 514 3148 579 Urbanum;
3200 524 3258 568 et
3287 522 3536 568 neutrum
3560 532 3663 569 ex-

2078 584 2279 663 stitisse
2305 582 2586 664 Paulinum
2620 593 2861 664 nostrum
2894 586 3172 664 ipsiusniet
3200 584 3474 664 silentium

2078 655 2209 724 satis
2239 662 2423 720 aperte
2454 653 2674 707 indicat.
2719 653 2852 707 Eum
2893 653 3070 724 potius
3102 654 3375 724 Paulinum
3406 655 3491 724 his
3519 653 3674 709 iuuui

2080 722 2312 794 Legibus
2325 723 2712 794 rarbitoortqui
2737 722 3068 794 memoratur
3097 725 3148 778 in
3172 723 3416 794 lnscript.
3447 723 3671 779 Gruter.

2078 807 2201 861 pag.
2233 791 2355 857 545,
2388 807 2452 846 ac
2480 790 2705 848 PR.~EF.
2742 792 2920 847 URBl.
2957 803 3317 864 nuncupatur.

1330 1033 1649 1119 DISSE
1663 1031 2095 1115 RTATIO
2173 1028 2837 1112 UNDECIMA.

1378 1178 1477 1225 DE
1512 1175 1850 1241 BELIQUIS
1884 1172 2179 1223 PAULINI
2214 1170 2451 1219 REBUB
2486 1169 2753 1219 casm.

479 1282 747 1345 Vidimus,
780 1281 833 1335 ni
863 1279 1051 1353 fallor,
1084 1279 1365 1353 Paulinum
1389 1282 1699 1353 Campaniag
1736 1281 1986 1337 consula-

406 1368 519 1433 rem
545 1370 558 1406 :
588 1368 731 1433 nunc
756 1352 1098 1433 inspiciamus
1123 1352 1250 1422 quid
1272 1353 1346 1407 illi
1368 1361 1492 1423 post
1512 1351 1649 1409 hanc
1669 1351 1986 1422 dignitatem

406 1431 602 1479 actum.
645 1421 782 1475 Sunt
810 1421 927 1490 ejus
957 1421 1159 1475 verba}

528 1512 659 1571 Ergo
682 1511 763 1557 ubi
788 1511 864 1557 bis
887 1518 1027 1558 terno
1044 1509 1239 1571 ditionis
1262 1509 1392 1560 fasce
1415 1510 1606 1561 levatus

527 1570 741 1633 Deposui
769 1571 897 1619 nulla
919 1570 1202 1633 maculatam
1226 1572 1359 1621 caede
1384 1575 1594 1621 securim

527 1633 600 1681 Te
627 1639 889 1681 remeante
911 1632 999 1680 soli
1025 1633 1261 1691 quondam
1287 1634 1513 1694 genitalis
1535 1634 1593 1683 ad
1616 1644 1748 1683 oram

532 1694 762 1742 Sollicitas
782 1694 921 1741 matri
946 1706 1050 1740 sum
1076 1694 1346 1743 redditus...

407 1773 625 1855 b‘ascem
648 1774 857 1826 ditionis
885 1773 959 1826 bis
982 1780 1183 1863 ternum
1212 1787 1311 1841 ego
1341 1774 1979 1863 ioterpretarernprosex
2013 1804 2060 1863 Β

407 1845 561 1897 annis
581 1884 594 1907 ,
651 1852 741 1895 aut
780 1858 874 1896 sex
906 1843 1177 1897 mensibus
1204 1884 1219 1909 ,
1272 1844 1465 1911 quibus
1485 1843 1494 1844 “
1516 1843 1697 1897 forsan
1726 1843 1983 1899 Paulinus

407 1914 749 1982 Campaniam
767 1913 1071 1982 consularis
1092 1928 1312 1982 munere
1341 1913 1746 1967 administravit.
1780 1913 1981 1979 Quam-

408 1985 487 2036 vis
516 1981 657 2037 enim
682 1983 717 2035 l.
751 1981 784 2033 4
806 1982 871 2035 ad
900 1982 1071 2048 legem
1092 1981 1197 2035 Jul.
1230 1982 1296 2037 de
1325 1984 1538 2037 Ambitu
1562 1983 1684 2038 cod.
1710 1982 1810 2037 Th.
1846 1982 1985 2036 Con-

407 2054 692 2107 sularitatis
721 2054 887 2122 fasces
912 2053 1098 2105 iterare
1123 2051 1658 2117 fueritinterdictum,
1690 2061 1747 2107 et
1765 2052 1982 2107 biennio

408 2130 611 2175 tantum
640 2164 654 2187 ,
704 2130 793 2175 aut
813 2137 1079 2175 summum
1122 2123 1373 2190 triennio,
1416 2138 1607 2177 munus
1634 2124 1738 2177 hoc
1764 2122 1985 2177 durasse

407 2192 731 2246 credendum
753 2192 840 2253 sit,
866 2199 1103 2245 attamen
1125 2192 1197 2245 nil
1224 2192 1345 2246 inde
1366 2193 1617 2246 adversus
1639 2209 1737 2247 nos
1759 2193 1979 2247 eruitur.

407 2276 570 2327 quum
598 2276 739 2315 anno
768 2268 973 2313 tantum
1000 2259 1131 2325 M6,
1164 2262 1263 2316 sub
1294 2262 1529 2317 Honorio
1558 2278 1622 2317 ac
1655 2262 1982 2327 Theodosio,

409 2330 537 2384 illud
577 2330 908 2402 emanaverit
953 2331 1309 2399 rescriptum,
1366 2332 1495 2402 quin
1534 2334 1642 2386 imo
1681 2330 1985 2402 hujusmodi

411 2416 631 2471 munera
658 2399 855 2471 iterari
901 2402 1243 2471 consuevisse
1282 2399 1534 2471 (faciente
1565 2399 1986 2471 tamcn’veniam

410 2470 673 2537 principe)
720 2469 907 2523 eadem
947 2470 1000 2523 in
1050 2470 1166 2537 lege
1195 2469 1485 2525 asseratur.
1536 2471 1733 2525 Verum
1764 2469 1986 2539 quidem

409 2548 492 2592 est
518 2540 886 2592 consularibus
914 2539 1074 2591 etiam
1092 2539 1180 2606 jus
1210 2539 1430 2595 fascium
1457 2539 1618 2594 fuisse
1640 2556 1985 2595 concessum:

408 2608 667 2679 quodex
708 2608 916 2679 laudata
949 2624 1119 2679 nuper
1166 2609 1283 2679 lege
1333 2610 1788 2679 deprehenditur,
1835 2618 1889 2665 et
1918 2624 1986 2663 ex

408 2679 527 2748 aliis
564 2676 769 2748 legibus
815 2677 976 2731 docet
1020 2676 1378 2733 Gothofredus
1404 2676 1475 2733 'in
1520 2680 1687 2734 Notit.
1740 2680 1984 2748 diguitat.

412 2745 587 2820 Videri
616 2756 909 2820 propterea
912 2757 1103 2820 posset
1125 2748 1201 2801 bis
1233 2758 1405 2803 ternos
1427 2752 1592 2820 fasces
1616 2751 1679 2803 iis
1701 2745 1991 2804 concessos

410 2816 785 2890 odhconsulu’m
819 2816 1176 2872 differentiam
1200 2858 1215 2885 ,
1246 2816 1438 2889 quibus
1465 2861 1480 2887 ,
1526 2828 1585 2874 ut
1613 2820 1785 2890 inquit
1812 2820 1907 2876 lib.
1938 2834 1991 2874 tv

412 2885 574 2942 Silius
595 2926 611 2952 ,

531 2978 760 3027 Bissenos
778 2975 881 3026 haec
905 2979 1054 3041 prima
1071 2979 1206 3029 dedit
1227 2979 1508 3042 praecedere
1530 2982 1699 3031 fasces.

407 3058 897 3143 Sentiant‘er‘uditi,
930 3061 1075 3143 quod
1090 3061 1269 3143 magis
1296 3078 1486 3143 sanum
1508 3069 1697 3133 putant
1722 3076 1865 3143 ;_ego
1886 3077 1997 3143 non

410 3144 613 3202 moror.
636 3129 686 3202 »Ε
715 3129 1005 3202 Campania
1035 3129 1210 3200 igitur,
1224 3132 1276 3185 in
1298 3129 1785 3202 Gallias-processit
1805 3129 1994 3186 Pauli-

410 3214 527 3263 nus,
559 3200 649 3252 ubi
671 3200 930 3256 adhuc’in
957 3202 1093 3256 vivis
1120 3203 1237 3270 ejus
1276 3210 1451 3258 mater
1477 3200 1687 3271 agebat.
1740 3202 1996 3272 Sequitur

409 3277 570 3337 poeta
597 3286 609 3321 :

904 3358 1021 3409 Inde
1045 3360 1341 3422 propinquos

528 3415 683 3466 Trans
698 3416 815 3481 juga
837 3415 1060 3482 Pyrenes
1077 3415 1169 3469 adii
1195 3415 1490 3483 peregrinus
1508 3421 1696 3472 Iberos.

409 3494 451 3551 Ε
477 3498 661 3573 Galliis
688 3500 741 3554 in
772 3499 1081 3573 Hispaniam
1111 3504 1357 3571 migravit
1384 3501 1663 3573 Paulinus,
1697 3504 1877 3573 ibique
1903 3503 1994 3560 diu

407 3569 716 3640 constitisse
739 3569 965 3627 videtur.
1008 3569 1324 3640 Sacchi'nus,
1354 3572 1489 3628 Vitae
1519 3569 1843 3629 Paulinianae
1870 3589 1991 3629 eru-

406 3639 701 3711 ditissimus
728 3642 993 3709 scriptor,
1024 3642 1227 3698 Natalis
1257 3639 1349 3698 xm
1375 3644 1682 3711 cognitione
1710 3645 1995 3699 destitutus

408 3708 482 3785 ita
511 3710 695 3785 scribit
720 3708 1103 3785 :_Afiquamdiu
1143 3712 1322 3768 Roma:
1349 3708 1514 3785 vixit:
1548 3713 1683 3768 Inde
1708 3732 1800 3785 per
1828 3731 1992 3785 annos

406 3780 569 3853 ferme
598 3780 887 3853 quindecim
906 3784 1262 3853 peregrinatus
1280 3793 1355 3837 est
1376 3801 1466 3853 per
1488 3780 1719 3848 Italiam,
1746 3782 1990 3849 Galliam,

404 3847 741 3927 Hispaniam,
766 3847 915 3905 terra'
932 3847 1184 3927 nimiique,
1207 3847 1399 3927 partiri:
1427 3854 1645 3927 publicis
1666 3847 1838 3922 rebus,
1866 3847 1992 3922 par;

406 3919 496 3994 tim
542 3919 665 3988 (nisi
710 3919 1125 3994 me__conjectura
1155 3919 1312 3992 fallit)
1350 3919 1650 3994 domesticis
1689 3919 1985 3994 occupatus.

404 3986 528 4066 Non
549 3986 815 4066 annosi?)
846 3986 1213 4066 peregrinatus
1238 3986 1319 4046 est
1348 3992 1622 4066 Paulinus,
1652 3986 1825 4061 quum'
1845 3994 1991 4066 illum

403 4058 458 4113 in
490 4058 778 4131 Campania
798 4058 1106 4131 consularis
1135 4078 1328 4131 munus
1352 4078 1447 4129 per
1468 4058 1992 4131 aliqu'ot'coercucrit

400 4142 598 4181 annos.
631 4129 844 4201 Deinde
873 4130 1037 4201 nimis
1074 4130 1429 4199 amplificatur
1474 4129 1574 4186 ista
1605 4134 1989 4201 peregrinatio,

399 4212 524 4262 quae
555 4198 697 4251 nulla
728 4214 903 4266 neque
932 4198 1257 4272 curiositatis
1280 4242 1294 4265 ,
1324 4216 1518 4272 ineque
1547 4198 1989 4272 publicarumre;

406 4281 526 4321 rum
566 4282 727 4321 causa
758 4277 1005 4327 suscepta
1034 4278 1134 4323 est.
1196 4269 1526 4326 Manifestius
1547 4269 1835 4327 idecinitur
1874 4270 1985 4327 Gu-

406 4284 526 4321 rum
566 4284 727 4321 causa
758 4284 915 4322 susce
956 4284 1005 4321 ta
1034 4284 1134 4323 est.
1196 4284 1526 4326 mannesttus
1570 4284 1686 4326 deet
1730 4284 1835 4325 itur
1874 4284 1985 4327 uu-

406 4334 619 4389 lit-lmus
646 4337 800 4410 Cave
821 4338 870 4390 in
899 4284 1034 4391 Iiist.
1066 4340 1253 4408 script.
1297 4341 1427 4395 eccl.
1475 4356 1637 4410 quum
1668 4288 1735 4395 cie
1765 4340 1989 4397 Paulino

400 4418 566 4483 agens
597 4407 1213 4483 consulatushonorem
1264 4410 1339 4483 illi
1390 4407 1645 4483 obtigisse
1696 4428 1837 4466 anno
1886 4410 1991 4465 575

405 4476 497 4537 ait,
524 4476 815 4552 nsuliditque
842 4496 853 4531 :
905 4478 1053 4534 Anno
1078 4481 1307 4552 sequenti
1339 4476 1630 4552 addexteras
1655 4483 1891 4551 regiones
1913 4484 1989 4536 vi-

2021 3173 2065 3235 C
2100 3157 2280 3235 tigisse
2308 3156 2511 3235 doloris
2536 3171 2751 3235 causam
2796 3164 3041 3235 apertum
3072 3163 3180 3235 est,

2092 1279 2145 1332 in
2194 1277 2308 1338 iin.,
2344 1278 2444 1332 sibi
2474 1291 2689 1347 quoque
2714 1292 2777 1331 ea
2801 1277 2853 1331 in
2882 1277 3014 1347 orbe
3038 1286 3221 1332 natum
3274 1286 3432 1345 atque
3472 1292 3502 1331 e
3535 1278 3677 1334 vivis

2091 1348 2360 1403 sublatum
2413 1346 2615 1401 dixerit
2654 1347 2841 1401 tilium.
2893 1346 3021 1401 Erat
3073 1357 3253 1403 autem
3276 1347 3525 1416 Therasia
3554 1350 3679 1416 jam

2092 1426 2203 1472 tum
2229 1432 2383 1470 sacro
2412 1417 2735 1485 baptismate
2762 1417 2963 1481 abluta,
2999 1426 3057 1472 et
3082 1433 3276 1471 nomen
3300 1415 3679 1471 Christianum

2132 1485 2476 1546 roﬁtebatur;
2500 1487 2698 1540 etenim
2719 1502 2777 1541 se
2798 1504 2959 1540 unum
2982 1488 3206 1543 salutem
3232 1502 3379 1541 suam
3401 1487 3679 1543 distulisse

2139 1556 2347 1610 aulinus
2383 1564 2686 1626 memorat,
2734 1557 3020 1625 multisque
3062 1572 3247 1612 revera
3294 1565 3415 1626 post
3456 1557 3608 1626 annis
3639 1572 3679 1612 a

2099 1625 2362 1695 Delphino
2380 1624 2756 1696 Burdegalensi
2785 1624 3038 1696 episcOpo
3063 1624 3361 1696 baptizatus
3388 1627 3500 1679 fuit.
3530 1625 3679 1681 Poe-

2097 1703 2165 1749 ta:
2194 1703 2406 1765 nostro“
2426 1695 2644 1751 fratrem
2699 1695 2863 1751 fuisse
2926 1695 3311 1765 subsequentes
3374 1706 3554 1765 Versus
3585 1704 3679 1750 te-

2096 1772 2323 1834 stantur.
2366 1762 2463 1819 llic
2491 1766 2672 1820 nescio
2695 1780 2800 1834 qua
2828 1780 2988 1820 causa
3018 1762 3186 1821 caesus
3214 1766 3409 1820 multas
3440 1764 3677 1819 Paulino

2087 1833 2237 1888 fratri
2274 1834 2456 1889 turbas
2491 1833 2748 1889 excitatas
2776 1834 3009 1904 reliquit.
3055 1835 3171 1889 Non
3198 1836 3265 1889 de
3288 1835 3445 1902 hujus
3469 1836 3676 1904 Opibus

2088 1912 2295 1958 tantum
2334 1904 2699 1973 latissimeque
2739 1905 3063 1973 patrimonio
3115 1905 3273 1959 fiscus
3301 1906 3519 1973 agebat,
3566 1905 3677 1959 sed

2088 1973 2362 2043 innocenti
2408 1974 2569 2027 etiam
2615 1974 2780 2043 capiti
2830 1974 3007 2029 feralis
3037 1975 3347 2029 imminebat
3382 1976 3680 2043 sententia.

2085 2043 2142 2114 Si.
2176 2042 2368 2099 Felicis
2410 2051 2591 2098 tamen
2610 2042 2991 2114 patrocinium
3034 2044 3258 2114 supplici
3303 2053 3498 2114 praesto
3527 2042 3679 2114 fuit,

2085 2113 2307 2182 ejusque
2336 2128 2438 2182 ope
2468 2122 2578 2167 tum
2608 2113 2816 2182 Paulini
2836 2114 3000 2181 bona,
3040 2113 3149 2168 tum
3177 2115 3284 2167 vita
3314 2113 3677 2182 improvisum

2085 2198 2307 2307 Evasere
2339 2181 2654 2254 periculum.
2710 2181 2871 2237 Juvat
2908 2183 3081 2253 ipsum
3108 2192 3287 2238 vatem
3315 2191 3556 2238 sanctum
3581 2199 3684 2237 au-

2126 2268 2202 2307 lre
2228 2270 2240 2305 :

2126 2268 2202 2307 ire
2228 2270 2240 2305 ;

2210 2340 2426 2405 Cumque
2448 2340 2718 2391 laborarem
2742 2343 2961 2405 germani
2985 2343 3220 2403 sanguine
3240 2343 3373 2405 (τρεῖ,

2208 2402 2268 2465 Et
2290 2405 2699 2462 consanguineum
2724 2402 2922 2465 p'areret
2945 2402 3156 2452 fraterna
3182 2404 3413 2464 periclum

2211 2464 2360 2526 Causa
2378 2465 2515 2522 mihi,
2536 2464 2834 2526 censumque
2856 2479 3015 2514 meum
3032 2465 3129 2524 jam
3150 2471 3311 2513 rector
3326 2465 3537 2526 adisset,

2210 2525 2415 2598 Iumea
2439 2526 2578 2598 colla,
2606 2533 2763 2598 pateo,
2793 2527 2975 2598 gladio,
3000 2527 3285 2586 patrimonia
3311 2525 3422 2574 fisco

2214 2584 2411 2645 Eximis,
2438 2593 2491 2635 et
2511 2584 2702 2637 Christo
2722 2584 2923 2636 Domino
2946 2584 3053 2636 mea
3077 2600 3254 2648 meque
3276 2598 3515 2635 reservas.

2090 2667 2220 2735 Quis
2259 2667 2419 2722 fuerit
2449 2668 2551 2723 iste
2592 2666 2797 2722 Paulini
2836 2666 2999 2722 frater
3024 2710 3039 2735 ,
3089 2666 3325 2721 nondum
3362 2666 3487 2719 mihi
3514 2680 3684 2720 com—

2092 2748 2301 2808 pertum
2318 2747 2396 2792 est
2414 2754 2428 2803 ;
2452 2738 2701 2808 eumdem
2722 2746 2901 2792 tamen
2918 2754 3035 2793 esse
3054 2752 3211 2806 quem
3236 2736 3485 2808 Paulinus
3508 2735 3559 2808 in
3576 2750 3674 2803 ep.

2097 2804 2162 2863 i9
2192 2808 2255 2861 ad
2286 2808 2531 2877 Delphin.
2556 2807 2770 2875 Burdig.
2796 2823 2881 2877 ep.
2915 2804 3197 2871 memorat,
3230 2805 3386 2860 facile
3414 2804 3676 2877 arbitror.

2093 2877 2299 2932 Nullius
2326 2874 2399 2931 ibi
2425 2877 2642 2946 quidem
2669 2874 3057 2932 Credis—mentio
3082 2876 3481 2946 occurril,_quia
3506 2874 3682 2946 totius

2096 2963 2271 3003 scena:
2301 2943 2592 3015 Delphinus
2613 2948 2720 3015 jam
2749 2948 2949 3002 certior
2976 2955 3100 3001 ante
3124 2946 3299 2999 fuerat
3328 2944 3497 2999 factus
3523 2962 3553 3015 ;_
3573 2943 3681 3015 sed

2096 3033 2258 3088 quum
2287 3031 2347 3071 se
2375 3011 2732 3088 contristatum
2753 3017 3088 3088 vehementer,
3118 3024 3521 3088 proptereaque
3536 3011 3681 3066 brevi

2098 3083 2310 3141 usurum
2334 3088 2612 3157 scriptione
2631 3086 2860 3141 fateatur
2884 3083 3151 3149 Paulinus,
3183 3098 3429 3152 magnam
3450 3083 3523 3137 illi
3547 3098 3683 3136 con-

2100 3157 2280 3206 tiaisse
2308 3156 2511 3206 doloris
2536 3171 2751 3206 causam
2796 3164 3041 3206 anertum
3072 3163 3180 3206 est.
3223 3169 3341 3206 cum
3370 3154 3471 3206 alia
3499 3168 3529 3204 a
3561 3151 3679 3205 fra-

3223 3169 3341 3223 qum
3370 3167 3471 3207 ana
3499 3168 3529 3204 a
3561 3167 3679 3205 Ira-

2099 3227 2194 3280 tris
2218 3226 2364 3281 ccede
2403 3227 2493 3280 vix
2530 3234 2745 3296 poterat
2782 3223 2934 3296 esse.
2982 3226 3056 3280 De
3084 3225 3185 3279 hac
3210 3226 3394 3296 eadem
3434 3223 3681 3275 fraterna

2097 3311 2233 3350 nece
2252 3294 2547 3365 epistolam
2558 3295 2628 3349 ΞΟ
2648 3296 2714 3350 ad
2735 3294 3031 3349 Amandum
3053 3294 3283 3363 scripsit,
3308 3294 3396 3365 ubi
3416 3301 3681 3365 recentem

2096 3361 2343 3437 fraternae
2388 3365 2687 3437 dipulsionis
2735 3367 2966 3437 dolorem
3006 3361 3274 3437 memordi.
3306 3362 3455 3437 Qua:_
3471 3361 3513 3414 si
3542 3376 3681 3437 vera

2094 3430 2238 3496 'sunt,
2267 3435 2627 3489 emendandus
2649 3436 3089 3490 anachronismus
3112 3434 3177 3489 cl.
3215 3433 3277 3486 V.
3305 3430 3389 3486 Jo.
3422 3431 3683 3499 Baptistae

2100 3504 2149 3575 le
2176 3505 2340 3567 Brun,
2365 3506 2459 3575 cui
2480 3512 2802 3575 postremam
2824 3520 3055 3575 Aoperum
3075 3504 3133 3559 S.
3150 3502 3361 3575 Paulini
3383 3501 3685 3556 editionem

2094 3574 2384 3643 debemus,
2430 3573 2557 3628 dum
2588 3574 2653 3628 ad
2681 3589 2768 3627 an.
2806 3573 2905 3630 Cli.
2942 3573 3045 3627 405
3074 3573 3354 3643 epistolam
3385 3580 3684 3638 utramque

2095 3642 2278 3697 refert.
2320 3642 2413 3697 Ha:
2440 3643 2703 3713 siquidem
2731 3643 2870 3698 bime
2919 3641 3160 3713 epistola:
3202 3641 3675 3713 circiter__annur_u

2096 3714 2201 3767 595
2221 3714 2451 3783 scriptze,
2482 3709 2644 3782 quum
2675 3712 2851 3768 fratris
2872 3709 3072 3769 caedem
3096 3711 3319 3766 Paulino
3342 3713 3394 3764 in
3418 3709 3687 3783 Hispania

2094 3783 2266 3837 adhuc
2294 3780 2472 3852 agenti
2502 3780 2591 3839 iex
2620 3784 2723 3838 hoc
2770 3782 2945 3837 Natali
2972 3783 3230 3838 accidisse
3259 3789 3461 3852 pateat.
3518 3780 3574 3833 ln
3603 3793 3683 3834 ea

2094 3852 2161 3923 ad
2188 3853 2487 3907 Amandum
2515 3854 2740 3923 epistola
2762 3853 2934 3922 inquit
2958 3853 3041 3906 vir
3066 3852 3218 3923 pius__:
3254 3852 3361 3903 Ora
3382 3858 3431 3904 et
3458 3866 3552 3923 pro
3571 3865 3685 3923 oo-

2094 3922 2192 3986 bis,
2224 3939 2288 3976 ne
2308 3923 2363 3975 in
2382 3917 2605 3992 peccatis
2626 3924 2815 3977 nostris
2836 3917 3136 3977 moriamur.
3164 3918 3219 3992 Ν
3222 3930 3362 3974 etum
3382 3917 3540 3992 faciat
3562 3917 3683 3971 Do-

2094 3994 2261 4045 minus
2291 3988 2448 4061 ﬁnem
2477 4004 2728 4061 nostrum,
2759 4001 2813 4045 ut
2849 3994 3070 4046 sciamus
3099 3990 3220 4062 qnid
3247 3988 3590 4062 desit_nobis_,
3619 3996 3686 4042 et

2092 4057 2418 4135 properemus
2439 4057 2723 4135 adimplere
2771 4063 2905 4135 quod
2925 4057 3212 4135 restat.'En
3234 4070 3293 4114 ut
3311 4060 3411 4113 sibi
3432 4057 3683 4113 nondum

2092 4132 2369 4202 impletum
2392 4132 2626 4202 insinuat
2647 4131 2890 4186 sanetum
2912 4131 3241 4202 paupertatis
3269 4138 3474 4202 votum,
3502 4141 3685 4202 seque

2093 4196 2437 4269 ab'llispania
2462 4201 2696 4256 nondum
2725 4196 3051 4256 discessisse.
3082 4199 3332 4255 Ceterum
3361 4196 3681 4269 hujusmodi

2092 4266 2438 4325 infortunium
2468 4272 2541 4325 ita
2579 4270 2788 4325 Paulini
2817 4272 3049 4324 animum
3074 4269 3303 4338 perculit
3328 4309 3344 4335 ,
3392 4278 3453 4321 ut
3482 4266 3682 4338 seculo

2090 4342 2399 4395 renuntiare
2419 4348 2566 4396 certa
2587 4340 2835 4396 statuerit
2856 4337 3143 4407 sententia,
3171 4339 3236 4392 ad
3260 4338 3310 4391 id
3334 4337 3682 4408 potissimum

2092 4411 2178 4480 pia
2228 4410 2541 4479 impellente
2601 4426 2790 4465 uxore.
2860 4410 3095 4480 Consilio
3142 4409 3321 4480 itaque
3376 4414 3682 4480 maturato,

2091 4477 2447 4550 omnibusque
2475 4481 2529 4535 in
2556 4494 2862 4550 pauperum
2878 4478 3169 4550 subsidium
3194 4477 3460 4550 distractis
3482 4516 3499 4550 ,_
3548 4490 3681 4529 ma:

400 4544 594 4598 sentias
625 4563 677 4620 se
706 4544 1000 4620 accingeris,
1038 4544 1215 4604 omnes
1241 4553 1346 4619 fere
1380 4549 1670 4605 Occidentis
1699 4544 1987 4620 provincias
2016 4546 2067 4606 D
2092 4551 2295 4604 ximum
2326 4544 2449 4605 cum
2484 4544 2621 4606 cceio
2644 4544 2815 4605 fEedus
2841 4549 3060 4620 feriens,
3108 4546 3365 4620 Paulinus
3407 4547 3684 4620 Nolanam

402 4618 714 4683 peragravit.
734 4617 899 4693 Hisce
926 4617 1427 4693 peregrinationibus
1448 4617 1734 4693 quindecim
1764 4623 1870 4693 fere
1889 4638 1990 4674 an-

401 4689 833 4762 {torumhsptttium
862 4689 1130 4762 impendit.
1178 4689 1469 4759 Siquidem
1495 4691 1664 4762 multo
1710 4689 1886 4762 serius
1917 4706 1987 4745 ex

401 4750 552 4836 italia
583 4750 834 4836 Paulinus
862 4750 1048 4836 movit,
1081 4750 1272 4829 neque.
1296 4762 1350 4836 i_n
1373 4777 1570 4836 omnes
1598 4760 1709 4836 fere
1729 4758 1989 4836 geciden-

406 4828 474 4875 tis
522 4828 827 4904 provincias
871 4829 1083 4904 delatus
1127 4828 1231 4886 est.
1287 4831 1426 4898 Quid
1459 4846 1624 4901 porro
1648 4832 1703 4886 in
1733 4829 1986 4902 Hispania

401 4896 653 4963 gesserit,
684 4896 843 4951 docet
870 4898 984 4967 ipse
1010 4918 1023 4952 :

589 4972 695 5043 illic
718 4987 796 5023 me
824 4976 1043 5043 thalamis
1068 4978 1273 5026 humana
1298 4977 1411 5039 lege
1426 4978 1589 5043 jugarl

589 5034 765 5083 Passus
790 5048 863 5096 es,
886 5045 938 5088 ut
963 5040 1106 5087 vitam
1129 5034 1514 5090 commercarere'
1538 5042 1763 5099 duorum,

401 5094 565 5166 820
584 5104 779 5172 Perque
800 5094 968 5172 iugum
993 5111 1154 5159 carnis
1175 5110 1413 5172 duplicata
1434 5112 1561 5159 salus
1584 5094 1849 5162 animarum

587 5164 963 5217 Dilaiam'unius
982 5179 1149 5232 posset
1171 5164 1377 5233 pensare
1400 5176 1621 5221 salutem.

403 5242 911 5334 fl'oheresiahmuliler
935 5252 1207 5334 natalibus
1236 5267 1300 5307 ac
1327 5253 1539 5334 pietate
1574 5260 1858 5334 priestans,
1910 5251 1989 5333 illi

402 5330 544 5390 uxor
568 5319 807 5390 contigit.
844 5318 1282 5390 Complutcnsem
1326 5318 1469 5377 illam
1516 5318 1677 5378 fuisse
1718 5322 1839 5377 inde
1868 5323 1989 5390 quis

402 5388 574 5458 possit
613 5388 863 5457 haurire,
892 5388 1037 5460 quod
1066 5390 1321 5449 Paulinus
1341 5432 1355 5460 ,
1388 5394 1441 5449 in
1471 5392 1670 5462 Paneg.
1710 5393 1776 5449 de
1804 5388 1986 5459 Celso,

2091 4621 2159 4674 ad
2198 4620 2404 4701 .urbem
2460 4635 2581 4676 sese
2618 4621 2833 4676 demum
2886 4618 3108 4690 recepit.
3166 4615 3296 4673 Haec
3336 4617 3513 4673 omnia
3552 4616 3681 4685 ipse

2090 4698 2263 4746 canit:

2212 4778 2863 4855 uastatiosonsi'loxeeus
2880 4780 3129 4855 scisses
3151 4784 3397 4855 ωεοειμηει

2211 4841 2431 4902 Christus
2452 4854 2595 4902 opem
2620 4840 2805 4902 tulerit,
2828 4840 3003 4889 Felicis
3023 4852 3137 4889 cura
3158 4848 3387 4902 potenter

2212 4901 2462 4959 Adfuerit,
2488 4901 2656 4951 docuit
2677 4901 2840 4951 rerum
2864 4908 2971 4963 post
2993 4901 3375 4963 exitusingens,

2212 4964 2316 5020 Quo
2344 4971 2522 5011 mutata
2546 4977 2652 5011 mea
2679 4971 2755 5011 est
2777 4962 2899 5024 sors,
2927 4972 2979 5013 et
2999 4965 3243 5012 sententia
3267 4962 3394 5018 vitae,

2202 5024 2467 5085 Abjurante
2493 5024 2589 5074 ﬁde
2611 5024 2860 5087 mundum,
2888 5026 3205 5087 patriamque,
3233 5024 3541 5082 domumque.

2086 5112 2487 5169 Sammarthani
2535 5115 2586 5169 in
2632 5114 2770 5171 Call.
2803 5115 3000 5170 Christ.
3040 5116 3093 5170 in
3118 5113 3389 5182 Burdigal.
3420 5111 3667 5180 archiep.

2090 5184 2281 5237 notitia
2325 5184 2391 5237 ad
2432 5183 2489 5240 S.
2521 5183 2765 5241 Delohini
2795 5186 2972 5240 Vitam
3016 5183 3297 5240 Paulinum
3332 5198 3473 5237 anno
3501 5183 3673 5238 etiam

2090 5252 2196 5308 ’596
2226 5254 2279 5308 in
2309 5253 2565 5323 Hispania
2600 5251 2879 5323 degentem
2909 5254 3142 5319 faciunt;
3170 5254 3319 5323 atqui
3347 5254 3410 5307 iis
3430 5251 3675 5319 regioni-

2092 5324 2191 5378 bus
2214 5338 2355 5378 anno
2379 5324 2482 5378 594
2509 5333 2749 5380 sanetum
2783 5326 2953 5381 virum
2979 5325 3297 5382 valedixisse
3330 5332 3439 5378 tam
3456 5329 3674 5378 certum

2092 5402 2175 5448 cst
2204 5408 2365 5463 quam
2393 5395 2538 5463 quod
2566 5396 2945 5451 certissimum.
