4024 6186
479 333 586 392 805

1544 326 1882 384 APPENDIX
1918 325 2202 385 OPERUM
2242 326 2298 382 S.
2340 323 2630 382 PAULINI.

3633 322 3745 378 80$

467 446 610 502 diem
639 451 694 499 et
727 441 843 499 idus
880 439 1140 497 Novemb.
1189 439 1313 496 anni
1352 437 1456 493 587
1505 437 1780 506 sequentis
1807 445 2047 492 statuen-
2078 440 2124 499 Α
2154 435 2314 500 ribus,
2343 445 2396 490 ul
2426 434 2564 490 idem
2607 433 2878 506 Possidius
2899 451 3018 506 cap.
3049 435 3084 490 5
3119 435 3215 490 ait.
3264 433 3326 489 In
3361 432 3543 489 Africa
3586 435 3745 504 igitur

467 516 567 570 dus
586 523 669 570 est
697 512 931 583 ejusdem
955 513 1265 583 baptismus.
1289 511 1462 583 Quum
1491 518 1670 562 autem
1691 523 1721 560 a
1739 509 1904 583 828
1926 506 2049 583 Pos-

467 584 605 640 eidio
632 585 683 637 in
715 579 952 649 ejusdem
979 579 1148 636 sancti
1181 581 1284 634 vita
1313 580 1624 638 doceamur,
1655 579 2048 649 propinquanti-

469 653 561 708 bus
601 646 778 706 diebus
805 654 998 707 sanctis
1029 651 1248 706 Pascha:
1272 649 1456 703 salutis
1492 664 1678 718 aquam
1706 646 2050 718 Augustinum

469 724 790 793 percepisse,
839 721 1133 793 manifeste
1177 720 1478 788 colligitur,
1532 715 1636 793 non
1681 715 2051 793 nisi's‘abbato

469 786 658 849 sancto
686 793 809 846 anni
837 790 941 844 587
967 790 1215 845 eumdem
1237 786 1480 844 sanctum
1510 787 1575 840 ad
1605 800 1816 840 sacrum
1847 786 2049 839 fontem

509 862 816 916 rocessisse.
864 860 968 915 Sed
1007 869 1062 915 et
1100 858 1245 913 aliud
1274 865 1644 925 argumentum
1690 854 2045 922 proferamus.

509 878 816 916 roceSSIsse.
864 877 968 915 δρα
1007 877 1062 915 et
1100 877 1245 913 auuu
1274 877 1644 925 argumentum
1691 877 2045 922 prowrumus.

469 877 678 1004 galtem
703 947 902 1004 annum
931 945 1095 984 unum
1136 931 1189 984 in
1229 927 1380 982 Italia
1425 933 1549 994 post
1576 925 2053 1004 baptiSInuin_siib-

469 1001 607 1075 stitit
653 999 979 1075 Augustinus
1001 1017 1015 1066 ;
1037 1013 1296 1075 jamque
1332 992 1528 1075 praiter
1565 992 1767 1075 moram
1797 992 1864 1047 ad
1885 992 2052 1075 "I‘Iibe-

470 1071 592 1132 rim,
623 1062 834 1140 aliaque
864 1062 1011 1140 loca,
1035 1062 1228 1140 Romai
1247 1062 1348 1140 diu
1363 1080 1422 1140 se
1449 1064 1640 1128 tenuit,
1671 1063 1778 1140 ubi.
1800 1062 2052 1140 selibras

469 1131 760 1207 scripsisse
783 1140 846 1193 de
885 1137 1117 1191 Moribus
1169 1135 1583 1207 Manichaeorum
1635 1140 1690 1207 et
1744 1132 1807 1186 de
1858 1131 2048 1207 Morib.

470 1202 617 1262 Eccl.
649 1210 862 1272 cathol.,
890 1207 1123 1275 itemque
1153 1206 1428 1275 Dialogum
1457 1205 1521 1257 de
1549 1203 1759 1275 Anima,
1791 1202 2053 1275 Aet_lib_ros

470 1288 580 1333 tres
603 1279 666 1330 de
696 1269 881 1331 Libero
911 1269 1124 1330 arbitrio
1153 1269 1349 1330 fatetur
1377 1274 1469 1327 lib.
1497 1289 1533 1336 ι,
1563 1288 1682 1341 cap.
1719 1269 1840 1338 7,8,
1859 1271 1912 1337 9,
1947 1271 2054 1324 Re-

472 1357 630 1402 tract.
661 1347 865 1402 Deinde
894 1347 946 1401 in
977 1345 1210 1400 Africam
1240 1344 1513 1399 remeavit.
1547 1342 1674 1396 Illuc
1697 1355 1854 1410 porro
1875 1357 2050 1409 quan-

470 1417 541 1471 do
572 1417 866 1480 advenerit,
892 1417 1062 1486 ipsum
1089 1416 1375 1486 docentem
1407 1413 1683 1486 audiamus
1704 1411 1795 1463 lib.
1825 1426 1907 1486 tu,
1927 1425 2046 1486 cap.

469 1486 558 1559 25,
584 1496 771 1541 contra
795 1479 934 1559 liter:
967 1485 1211 1539 Petiliani
1243 1482 1562 1559 Donatistis:
1589 1481 1830 1559 στέγῃ-θρα
1851 1479 2053 1559 Medio:

470 1550 649 1610 Ianum
687 1565 806 1608 ante
850 1556 1130 1609 Bautonem
1165 1554 1422 1608 consulem
1451 1550 1659 1621 (consul
1682 1551 1766 1621 b_ic
1794 1550 2054 1621 processit

469 1642 557 1680 an.
590 1626 688 1680 Cb.
722 1625 848 1692 585)
877 1627 1122 1692 venerim,
1161 1626 1306 1694 eique
1332 1619 1530 1675 consuli
1549 1619 1911 1694 _ltal._.lanuar.
1937 1619 2053 1672 lau-

470 1695 585 1749 dem
611 1697 663 1749 in
693 1690 838 1748 tanto
860 1690 1114 1749 conventa
1131 1690 1504 1763 conspectuque
1538 1690 1800 1763 hominum
1815 1705 1914 1763 pro
1937 1704 2052 1742 mea

471 1773 592 1818 tunc
614 1766 868 1819 rhetorica
890 1767 1211 1834 professione
1239 1758 1578 1834 recitaticrim,
1609 1768 1658 1812 et
1684 1775 1749 1811 ea:
1785 1758 2053 1834 illa‘pere-

471 1835 764 1911 grinatione
780 1829 900 1911 jam
923 1829 1285 1911 post_bla.§irni
1324 1830 1554 1911 (pra/niti.
1573 1829 2055 1911 mortem-Africam

471 1897 812 1974 repetiverini.
845 1897 1000 1958 An'no
1028 1902 1127 1974 Qh.
1160 1901 1283 1974 588,
1315 1897 1402 1954 die
1429 1899 1498 1974 2_8
1527 1899 1685 1968 Aug.,
1719 1897 2048 1974 obiit’Maxia

469 1968 612 2039 mus,
643 1982 701 2028 ut
724 1974 931 2029 ldacius
960 1974 1012 2027 in
1034 1972 1325 2039 Chronico,
1355 1978 1411 2025 et
1447 1969 1701 2039 Socrates
1721 1968 1814 2023 lib.
1849 1984 1902 2035 v,
1929 1981 2051 2039 cap.

470 2042 540 2096 24
570 2035 727 2098 [idem
753 2044 971 2109 faciunt,
1005 2051 1060 2097 et
1086 2035 1447 2098 Gothofredus
1470 2041 1524 2109 in
1564 2037 1896 2109 Chronolog.
1929 2035 2052 2091 cod.

471 2053 540 2096 24-
570 2053 727 2098 lidem
753 2053 971 2109 faciunt,
1005 2053 1060 2097 et
1086 2053 1447 2098 Uotnolreuus
1470 2056 1524 2094 m
1564 2053 1896 2159 unronowg.
1929 2053 2052 2091 coo.

471 2113 676 2186 Tbeod.
700 2115 768 2168 ad
796 2115 833 2169 l.
859 2116 893 2168 6
914 2122 970 2168 et
996 2113 1026 2166 7
1049 2112 1109 2169 C.
1142 2113 1262 2186 cod:
1297 2112 1376 2165 tit.
1403 2109 1466 2163 de
1494 2107 1822 2186 ΙηΙὶνηιιιε-ιέλ
1877 2109 2056 2186 ianua:

469 2182 564 2254 sub
585 2193 815 2254 ityrann.
868 2191 1114 2254 testatur.
1145 2180 1350 2236 Eodem
1379 2193 1508 2248 ergo
1533 2175 1676 2234 anno
1718 2175 2056 2254 588_Afric:n

470 2245 709 2310 reddiius
745 2261 825 2309 est
865 2253 1208 2322 Augustinus,
1251 2265 1315 2306 ac
1343 2245 1626 2322 propterea
1663 2263 1804 2322 anno
1828 2245 1930 2300 587
1960 2261 2055 2322 su-

1483 2359 1497 2372 .
1549 2317 1868 2373 Eustachius
1914 2330 1946 2369 a
1993 2315 2050 2371 S.

470 2324 670 2448 ὕει-ἰοτί
693 2321 1010 2405 baptizatus.
1041 2322 1259 2402 Clariss:
1310 2321 1393 2375 vir
1438 2321 1500 2401 Ρἶ
1531 2321 1868 2401 .Eustacbius
1914 2330 1946 2369 a
1993 2321 2050 2371 S.

523 2392 706 2454 baldo.
744 2411 894 2454 cuius
911 2393 1301 2449 benevolentiae
1343 2389 1746 2454 eruditionique
1775 2401 1862 2441 me
1899 2385 2055 2454 plura

523 2392 706 2464 baldo,
744 2389 894 2464 cujus
911 2392 1301 2464 benevolentiae
1340 2389 1862 2464 eruditionique_me

471 2463 668 2518 debere
691 2454 895 2527 fateor,
953 2463 1006 2517 in
1045 2462 1294 2530 Quodlib.
1340 2460 1528 2529 Regul.
1573 2454 1699 2530 dub.
1748 2455 1800 2530 7_,
1854 2472 1910 2510 n.
1963 2454 2054 2521 55,

471 2531 750 2588 Macedum
777 2543 833 2587 et
861 2526 1629 2597 Desnos'solidissime'arguit
1654 2526 1800 2596 quod
1846 2541 2056 2597 moram

474 2602 771 2683 Augustino
793 2604 845 2657 in
885 2602 1033 2656 Italia
1059 2610 1184 2726 post
1228 2596 1536 2680 susceptum
1574 2598 1902 2676 baptismum
1930 2596 2056 2650 bre-

474 2685 744 2726 vissunam
773 2681 1029 2726 statuant.
1104 2686 1252 2726 erum
1292 2668 1532 2726 eiusdem
1577 2675 1897 2722 sententiam
1927 2681 2056 2726 pro-

472 2668 744 2728 vissimam
773 2681 1029 2727 statuant.
1059 2668 1252 2726 Verum
1292 2668 1532 2735 ejusdem
1577 2668 1897 2722 sententiam
1927 2681 2056 2735 pro-

472 2742 608 2817 bare
633 2757 864 2812 nequeo,
895 2741 1022 2817 dum
1053 2740 1280 2817 an_._'588
1320 2736 1378 2794 8.
1406 2737 1683 2793 doctorem
1722 2736 2058 2817 baptismatis

472 2805 1013 2886 gratiam'recepisse
1053 2811 1371 2886 arbitratur,
1404 2823 1549 2864 anno
1577 2822 1708 2886 vero
1735 2805 1849 2886 _58§)
1891 2805 2060 2886 Moni-

472 2875 592 2937 cam
622 2882 740 2950 ejus
767 2875 991 2936 mat'rem
1031 2896 1062 2936 e
1090 2883 1224 2935 vivis
1256 2880 1540 2950 sublatam,
1571 2893 1636 2933 ac
1661 2876 1785 2932 inde
1824 2877 1878 2930 in
1918 2875 2060 2930 Afri-

473 2967 594 3006 cam
622 2949 725 3006 iter
752 2954 819 3006 ab
849 2953 941 3006 illo
971 2952 1287 3006 institutum.
1318 2949 1426 3005 Cur
1453 2950 1616 3013 enim,
1644 2956 1702 3002 ut
1734 2962 1930 3000 annum
1965 2961 2061 3000 na-

473 3022 757 3090 vigationis
785 3039 894 3077 sua:
938 3021 1266 3091 Augustinus
1305 3020 1640 3088 designaret,
1683 3016 1900 3091 Maximi
1929 3031 2060 3091 nece

474 3085 602 3147 usus
626 3091 838 3172 _fuis_set_
862 3093 975 3162 jam
1020 3085 1161 3147 anno
1215 3085 1477 3172 superiori
1529 3091 1784 3172 peracta?
1820 3085 2059 3172 ραι-,ἰαθῇ

2153 521 2324 562 annos
2353 505 2422 559 45
2449 506 2568 573 plus
2614 505 2788 560 minus
2816 507 2925 573 egit
2969 505 3320 574 Augustinus,
3343 513 3645 628 ὣοειηιιπω
3677 508 3746 560 ab

2153 574 2301 628 Italia
2327 590 2401 628 -se
2441 575 2564 628 illuc
2592 577 2822 628 recepit:
2847 585 2902 628 et
2923 591 3086 628 auum
3120 590 3262 628 anno
3306 574 3340 626 4
3440 576 3746 628 certissime

2152 574 2301 629 Italia
2327 590 2401 629 -se
2441 575 2564 630 illuc
2592 577 2822 644 recepit;
2847 585 2902 630 et
2923 591 3086 644 quum
3120 590 3262 629 anno
3306 574 3413 628 450
3440 576 3747 630 certissime

2153 645 2366 710 obierit,
2407 645 2612 714 liquido
2650 654 2876 712 apparet
2916 661 3060 700 anno
3105 645 3296 698 saltem
3335 644 3440 698 588
3491 659 3746 713 magnum

2151 714 2428 769 doctorem
2451 730 2516 768 ex
2547 715 2677 768 urbe
2698 714 2980 782 Tagastem
3011 715 3245 769 delatum
3273 732 3284 765 :
3318 729 3348 767 a
3371 730 3481 782 quo
3506 730 3650 768 anno
3680 716 3746 767 ad

2152 783 2256 854 450
2277 785 2320 837 si
2352 794 2633 852 utrumque
2656 787 2938 838 terminum
2965 783 3360 854 complectaris,
3386 801 3553 854 unitos
3585 787 3748 852 ferme

2153 852 2223 906 45
2251 869 2411 922 supra
2455 863 2781 922 memoratos
2809 855 3028 922 colliges
3053 873 3065 906 :
3094 852 3242 922 quod
3273 853 3492 907 minime
3521 866 3742 922 praesta-

2154 922 2236 976 bis
2267 921 2394 992 si’in
2425 938 2568 976 anno
2596 921 2700 977 589
2738 924 2852 992 ejus
2895 921 2962 977 ad
3001 921 3232 978 Africam
3266 921 3655 992 profectionem
3691 925 3744 977 fi-

2152 1004 2265 1058 gas.
2297 991 2351 1046 Si
2381 993 2542 1072 igitur
2569 991 2782 1075 an;
2948 993 3180 1075 Africam
3204 991 3361 1075 petiit
3391 993 3744 1075 Augustinus,

2153 1076 2295 1114 anno
2328 1062 2590 1130 superiori
2630 1061 2732 1114 587
2764 1064 3066 1132 baptismali
3115 1061 3252 1117 unda
3294 1061 3469 1116 fuerat
3504 1063 3742 1118 ablutus.

2151 1128 2400 1211 geterum
2423 1130 2580 1211 linjus
2603 1133 2846 1211 veritatis
2871 1141 3038 1211 testes
3059 1132 3323 1211 accedunt
3350 1132 3557 1211 clariss:
3590 1137 3741 1211 card.

2153 1198 2395 1271 Norisius
2425 1201 2488 1271 in,
2508 1203 2764 1271 opusculo
2795 1203 3050 1270 quodam,
3095 1201 3396 1256 Ludovicus
3422 1203 3491 1256 ab
3523 1202 3744 1271 Angelis

2152 1269 2244 1342 lib.
2268 1287 2330 1323 an
2359 1270 2558 1342 de_Vit.
2581 1269 2643 1342 8.
2671 1269 3059 1342 Αυειὶδῐηίοδρ.
3083 1273 3153 1342 4,
3171 1271 3401 1326 lierrera
3429 1272 3482 1324 in
3509 1269 3741 1342 Alpbab.

2152 1339 2400 1406 August.,
2435 1339 2677 1394 Torellus
2699 1351 2837 1409 tom.
2870 1342 2890 1394 Ι
2918 1339 3095 1396 Secul.
3130 1341 3353 1409 August.
3393 1342 3458 1394 ad
3489 1339 3592 1394 anf
3614 1343 3740 1403 587,

2152 1417 2209 1462 et
2245 1410 2485 1463 omnium
2514 1426 2655 1464 nunc
2683 1408 2848 1466 ferme
2883 1412 3212 1466 eruditorum
3227 1408 3446 1465 calculo
3471 1416 3742 1466 sententia

2151 1477 2267 1550 haec
2291 1479 2594 1550 roboratur.
2619 1479 2803 1550 Itaque
2827 1489 3023 1547 tecum,
3043 1480 3600 1550 Rubineidoctissime,
3619 1482 3744 1548 jum

2152 1548 2334 1602 mirari
2357 1547 2468 1616 jam
2495 1549 2638 1603 subit
2673 1547 2769 1604 cur
2797 1551 3178 1619 religiosissimi
3207 1549 3310 1604 PP.
3355 1547 3744 1606 Cistercienses

2154 1617 2207 1670 in
2232 1616 2586 1672 Ambrosiano
2609 1620 2856 1675 caanobio
2877 1621 3132 1675 degentes
3151 1637 3238 1674 an.
3263 1619 3417 1675 Dom.
3443 1619 3582 1673 1077
3604 1622 3744 1675 lianc

2232 1635 2586 1672 AIIIIH‘OSIIII’IO
2609 1635 2856 1675 ρωποι)ιο
2877 1635 3132 1677 (legentes
3151 1637 3238 1674 an.
3266 1635 3417 1676 uom.
3443 1635 3542 1672 ‘lDl
3563 1635 3579 1673 Ι
3604 1635 3745 1677 nam:

2154 1635 2207 1670 ιη
2232 1635 2586 1672 amnrosnano
2609 1635 2856 1675 ρωποι)ιο
2877 1635 3132 1688 degentes
3151 1637 3238 1674 an.
3266 1635 3417 1676 uom.
3443 1635 3542 1672 ιυι
3563 1635 3579 1673 ι
3604 1635 3745 1677 nam:

2153 1686 2560 1770 inscriptionem
2585 1689 2823 1770 :cdiculze
2857 1705 2978 1760 qua:
3006 1691 3062 1746 S.
3095 1689 3376 1761 Augustini
3403 1701 3746 1763 nuncupatur

2157 1757 2210 1812 in
2232 1757 2408 1814 fronte
2432 1758 2563 1828 poni
2591 1760 2848 1814 curarint.

2616 1829 2725 1884 DIV
2735 1829 2819 1884 US
2855 1827 3286 1887 AUGUSTINUS

2673 1899 2764 1952 AD
2787 1899 3017 1954 LEGEM
3044 1900 3220 1954 FIDEI

2602 1967 2759 2023 PER.
2791 1968 2847 2024 S.
2881 1969 2974 2023 AM
2985 1969 3280 2026 BROSIUM

2762 2036 3034 2093 EVOCA'I‘
3043 2039 3126 2096 US

2593 2106 2706 2164 IIIC
2749 2107 2932 2163 UNDA
2968 2109 3294 2167 COELESTI

2766 2177 3016 2234 ABLUIT
3029 2178 3122 2234 UR

2475 2247 2659 2303 ANNO
2695 2246 2930 2303 DOMINI
2967 2248 3425 2307 CCCLXXXVIII.

2157 2316 2406 2390 Profecto
2447 2332 2589 2388 mgre
2621 2319 2898 2374 ferendum
2927 2327 3009 2390 est
3052 2321 3319 2390 publicum
3348 2321 3744 2376 monimentum

2162 2387 2229 2458 ad
2279 2387 2513 2458 nepotes
2542 2404 2693 2445 seros
2729 2387 3200 2445 transmittendum
3255 2399 3366 2446 tam
3409 2390 3746 2446 confidenter

2157 2454 2320 2531 fuisse
2345 2454 2668 2531 expositum,
2712 2467 2772 2513 ut
2791 2459 2940 2531 nulla
2983 2459 3036 2513 in
3067 2460 3184 2531 ipso
3207 2476 3346 2516 verae
3379 2461 3745 2531 chronologia!

2157 2529 2296 2582 ratio
2326 2529 2395 2583 sit
2421 2529 2637 2599 habita;
2661 2529 2913 2599 quodque
2941 2531 3109 2599 magis
3138 2529 3306 2596 dolet,
3333 2532 3539 2587 amicus
3561 2529 3745 2586 noster

2157 2599 2460 2672 communis
2485 2597 2787 2667 hujusniodi
2814 2597 3224 2672 anachronismo
3251 2617 3469 2656 causam
3497 2603 3746 2672 prazbue-

2159 2668 2412 2750 git..Na1n
2437 2678 2695 2750 quantum
2725 2670 2960 2750 pertinet
2981 2670 3046 2723 ad
3081 2669 3260 2750 locum
3299 2672 3389 2725 ubi
3415 2668 3744 2742 baptismum

2159 2737 2216 2810 8.
2250 2737 2575 2810 Augustinus
2619 2737 2902 2810 receperit,
2950 2754 3140 2810 parcas
3181 2749 3265 2810 itu,
3318 2737 3540 2810 quaeso,
3590 2751 3746 2796 extra

2159 2809 2382 2862 chorum
2418 2808 2655 2874 saltanti,
2698 2817 2920 2878 parcant
2947 2808 3144 2878 egregii
3175 2808 3384 2874 Patres.
3431 2813 3476 2866 si
3507 2811 3744 2866 Landul--

2160 2878 2320 2952 ph_o,_
2337 2879 2431 2952 qui
2475 2879 2657 2952 seculo
2685 2878 2904 2952 Christi
2929 2881 3210 2952 undecimo
3252 2879 3496 2944 ﬂorebat,
3541 2883 3744 2952 quique

2161 2947 2429 3018 subiDatii
2456 2951 2674 3004 nomine
2709 2950 2760 3002 in
2789 2949 3140 3005 Ambrosiana
3170 2965 3270 3005 ms.
3300 2947 3624 3018 asservatur,
3656 2947 3744 3006 'iti

2162 3018 2230 3093 de
2257 3017 2315 3093 S.
2342 3019 2932 3093 Augustino__scribenti
2957 3021 3219 3093 assentiar
3242 3039 3254 3074 :
3280 3018 3346 3074 In
3363 3017 3636 3093 Fontibus,
3662 3027 3745 3093 qui

2164 3087 2226 3142 Β.
2250 3086 2447 3142 Jounni
2473 3088 2859 3154 adscribuntur,
2892 3089 3002 3145 Deo
3025 3091 3329 3159 opitulante,
3369 3107 3400 3144 a
3443 3091 3500 3145 Β.
3535 3086 3744 3145 Ambro

473 3171 589 3232 post
618 3161 838 3216 Maximi
862 3154 1066 3232 necem,
1097 3162 1240 3230 quod
1278 3154 1418 3232 idem
1446 3154 1602 3214 sonat
1629 3175 1694 3232 ac
1727 3158 1903 3232 statim
1944 3154 2061 3232 post
2087 3154 2131 3217 C
2165 3159 2261 3222 sio,
2279 3160 2474 3232 cunctis
2495 3159 2732 3232 fidelibus
2749 3154 3118 3232 astantibus-ct
3146 3154 3448 3226 videntibus,
3471 3163 3524 3214 in
3537 3164 3744 3232 nomine

475 3225 704 3285 Maximi
744 3249 935 3294 necem,
975 3225 1238 3285 dixis—set?
1278 3229 1548 3295 Quantum
1576 3228 1720 3282 enim
1759 3225 1951 3280 attinet
1992 3225 2059 3295 ad

475 3299 530 3354 S.
564 3299 787 3355 Monica:
815 3312 1065 3364 mortem,
1101 3308 1209 3354 tam
1241 3294 1446 3353 certum
1475 3305 1558 3352 est
1610 3297 1753 3351 illam
1784 3310 1926 3349 anno
1956 3294 2061 3349 587

476 3370 784 3436 contigisse,
811 3379 871 3424 ut
899 3369 974 3423 nil
997 3370 1215 3424 certius.
1248 3368 1542 3436 Augustino
1569 3382 1740 3420 annus
1763 3365 2064 3436 trigesimus

475 3435 666 3494 tertius
687 3439 874 3495 eodem
900 3455 1044 3493 anno
1065 3439 1136 3494 id.
1172 3435 1427 3492 Novemb.
1457 3437 1658 3503 exibat,
1681 3445 1736 3490 et
1763 3435 2063 3503 trigesimus

475 3517 699 3634 luamus
727 3509 1091 3564 adveniebat:
1133 3523 1262 3578 ergo
1307 3523 1492 3578 quum,
1544 3514 1602 3560 ut
1653 3505 1897 3568 vidimus,
1950 3505 2064 3574 ipse

528 3581 804 3634 uttustinus
831 3595 888 3634 se
915 3579 1189 3634 trigesimo
1221 3579 1376 3632 tertio
1396 3577 1566 3632 aitatis
1595 3590 1703 3630 sua:
1728 3590 1869 3629 anno
1891 3583 2063 3629 matre

528 3581 804 3647 ugustinus
831 3595 888 3634 se
915 3579 1189 3646 trigesimo
1207 3577 1376 3632 tertio
1396 3577 1566 3647 anatis
1595 3590 1869 3647 sumanno
1891 3583 2063 3647 matre

475 3644 721 3704 orbatum
747 3644 1054 3715 asseruerit,
1089 3649 1141 3703 in
1176 3648 1290 3718 ipso
1319 3646 1589 3718 annoi'587
1617 3645 1674 3700 S.
1700 3644 1923 3718 Moniczc
1945 3646 2062 3699 obi-

477 3729 562 3774 tus
591 3720 830 3788 ligendus
858 3720 1024 3774 venit.
1076 3715 1277 3774 Deinde
1317 3734 1422 3773 non
1466 3717 1692 3788 Romam
1731 3715 1978 3788 pri_mum_,
2005 3721 2064 3770 ut

476 3806 598 3844 cum
632 3785 999 3846 eruditissimo
1035 3791 1150 3844 viro
1179 3803 1439 3844 censuere
1483 3787 1765 3852 Baronius,
1795 3785 2059 3848 Torellus,

476 3859 778 3929 Ludovicus
805 3861 871 3914 ab
911 3859 1142 3928 Angelis,
1190 3859 1388 3929 aliique
1428 3858 1628 3929 plures,
1667 3855 1762 3911 sed
1805 3864 1952 3929 recta
1991 3854 2061 3909 ad

476 3927 622 3984 Ostia
653 3929 901 3984 Tiberina
946 3927 1245 3984 Mediolano
1275 3927 1605 3996 Augustinus
1633 3927 1872 3996 perresit
1898 3942 1912 3990 ;
1945 3933 2060 3996 ete-

476 4002 586 4054 nim
618 4000 706 4054 lib.
737 4017 812 4067 ix,
837 4016 956 4068 cap.
993 4000 1077 4066 10,
1107 3993 1444 4068 Coiifess.,is
1473 3998 1547 4049 ait
1572 4014 1584 4048 :
1612 3993 1773 4068 Apud,
1791 3994 1940 4068 Ostia
1971 3993 2062 4048 Ti-

475 4069 674 4134 berina,
708 4065 1001 4122 ubi'remoti
1027 4065 1250 4121 aturbis
1286 4077 1399 4134 post
1428 4067 1570 4134 longi
1604 4067 1801 4118 itineris
1835 4065 2062 4118 laborem

475 4139 893 4192 instaurabamus
923 4154 1015 4190 nos
1037 4137 1372 4206 navigationi,
1401 4135 1700 4206 etc.7\’ides_
1719 4143 1832 4204 post
1853 4136 2062 4206 longum

476 4211 575 4264 iter
604 4209 728 4262 illuc
771 4207 1120 4274 Augustinum
1160 4204 1528 4260 concessisse?
1567 4204 1822 4274 Nimirum
1855 4204 2058 4274 Modio-

476 4278 622 4340 lauo,
658 4293 766 4331 non
797 4273 964 4329 Roma
996 4283 1252 4339 venerat;
1297 4291 1402 4329 non
1434 4275 1574 4329 enim
1611 4273 1778 4327 Roma
1809 4274 1876 4328 ad
1906 4273 2065 4328 Tibe-

475 4350 550 4404 ris
571 4346 717 4401 Ostia
747 4346 1000 4417 profectis
1027 4346 1168 4417 longi
1189 4347 1386 4417 itineris
1425 4344 1579 4417 labor_
1607 4359 1742 4417 opus
1770 4353 1904 4417 erat.
1935 4343 2062 4417 _lll_ic

476 4417 639 4483 igitur
665 4412 781 4486 post
809 4417 1028 4486 quinque
1057 4412 1165 4469 dies
1200 4415 1262 4486 ab
1303 4416 1521 4468 adventu
1556 4413 1792 4486 febribus
1803 4412 2056 4486 decubuit,

473 4481 520 4538 et
544 4481 679 4540 nono
709 4481 1030 4541 waritudinis
1068 4487 1152 4540 die
1191 4485 1257 4540 ad
1286 4486 1452 4541 caelos
1489 4481 1722 4538 evolavit
1760 4483 1817 4537 S.
1849 4481 2058 4538 Mouica

473 4571 562 4610 an.
591 4557 714 4626 587.
739 4528 848 4610 dur
875 4564 1056 4609 autem
1096 4557 1149 4610 in
1187 4528 1471 4626 seqtitiiitcs
1495 4569 1664 4626 annos
1701 4553 1770 4607 ab
1801 4553 2058 4626 eruditis-
2085 4528 2135 4588 D

471 4626 608 4682 simo
642 4619 698 4680 P.
734 4627 1018 4680 Eustachio
1048 4635 1102 4680 et
1133 4628 1200 4680 ab
1229 4619 1347 4680 aliis
1381 4623 1736 4695 scriptoribus
1765 4623 1880 4695 ejus
1910 4638 2058 4695 mors

473 4698 896 4764 protraheretur,
955 4697 1005 4749 in
1037 4711 1196 4750 causa
1228 4695 1327 4749 fuit
1355 4695 1469 4750 dies
1492 4693 1602 4762 quo
1629 4693 1716 4764 illa
1747 4694 2060 4764 solemniter

471 4762 686 4828 colitur,
719 4780 910 4835 nempe
947 4775 1167 4835 quartus
1192 4765 1340 4829 Maii;
1373 4779 1535 4835 quum
1565 4763 1708 4816 enim
1735 4778 1802 4817 eo
1830 4762 1916 4817 die
1945 4763 2057 4835 Mos

472 4835 648 4890 nicam
672 4832 979 4904 decessisse
994 4836 1093 4889 sibi
1121 4835 1348 4904 quisque
1372 4832 1643 4904 suaderet,
1674 4846 1923 4904 annoque
1951 4832 2054 4887 587

472 4904 650 4958 forsan
692 4906 736 4960 is
761 4904 874 4958 dies
903 4903 1210 4958 Monicae’in
1254 4905 1384 4959 urbe
1426 4903 1727 4958 Mediolano
1766 4903 2054 4970 ellluxerit,

532 4977 634 5044 29
658 4976 780 5028 hinc
813 4974 879 5044 ad
915 4974 1050 5028 alios
1085 4990 1255 5029 annos
1285 4973 1522 5044 ejusdem
1552 4973 1756 5028 obitum
1777 4974 2050 5044 distulere.

520 5042 628 5113 tqui
647 5043 1099 5113 animadverterat
1119 5045 1281 5098 emin.
1307 5042 1451 5099 card.
1471 5043 1729 5109 Norisius,
1747 5045 1798 5097 in
1820 5042 2052 5112 quodam

468 5111 748 5182 Opusculo,
763 5115 900 5166 diem
915 5111 971 5166 8.
982 5113 1201 5168 Monicce
1214 5113 1405 5169 festum
1423 5114 1489 5168 ad
1501 5113 1731 5182 aliquam
1745 5111 1860 5182 ejus
1880 5121 2055 5166 trans-

469 5183 728 5239 lationem
780 5183 1007 5236 aliamve
1036 5199 1252 5238 causam
1287 5184 1648 5247 rcferendum,
1696 5190 1751 5238 et
1771 5182 2053 5238 clarissimi

465 5262 591 5376 post
619 5254 762 5307 illum
791 5261 972 5324 patres
1001 5267 1030 5306 e
1055 5269 1166 5308 soc.
1195 5253 1304 5310 Jes.
1334 5256 1387 5310 in
1413 5255 1533 5309 Act.
1558 5261 1732 5308 sanct.
1761 5253 1825 5307 ad
1853 5252 1996 5306 diem
2019 5251 2052 5305 4

495 5323 591 5376 Iaii
623 5338 900 5376 monuere.
937 5323 1028 5376 aui
1059 5325 1220 5376 etiam
1255 5341 1286 5376 a
1321 5325 1625 5376 niiinaentis
1660 5331 1865 5376 tantum
1897 5323 2052 5376 annis

495 5323 904 5394 Iaiiimonuere,
937 5323 1028 5390 qui
1059 5325 1220 5394 etiam
1255 5341 1286 5379 a
1321 5325 1625 5394 quingentis
1660 5331 1865 5394 tantum
1897 5323 2052 5378 annis

467 5393 525 5448 S.
568 5391 787 5449 Monch
824 5393 1025 5447 cultum
1070 5393 1122 5448 in
1160 5391 1755 5449 Eccles'iam'invectum
1792 5393 2047 5446 fatentur.

467 5463 818 5532 Augustinum
854 5477 1068 5530 quoque
1101 5479 1243 5518 anno
1282 5465 1383 5517 587
1428 5464 1493 5517 ad
1524 5464 1847 5532 baptismum
1877 5477 2053 5517 acces-

465 5531 600 5588 sisse
622 5550 687 5588 ex
715 5533 954 5588 Possidio
985 5548 1100 5602 cap.
1143 5533 1205 5586 51
1261 5535 1390 5588 Vite
1425 5531 1607 5601 colligi
1646 5541 1841 5600 potest.
1873 5531 2053 5601 Inquit

464 5603 554 5657 ille
575 5605 640 5658 de
665 5603 721 5657 S.
748 5605 968 5658 doctore
1002 5620 1013 5655 :
1059 5603 1200 5657 Vixit
1229 5606 1378 5657 annis
1408 5604 1492 5668 76,
1526 5604 1580 5656 in
1607 5605 1851 5656 clericatu
1880 5614 2049 5655 autem

463 5674 542 5745 [get
570 5676 864 5745 episcopatu
893 5674 1044 5727 annis
1066 5675 1226 5745 ferme
1254 5673 1340 5728 40.
1376 5673 1594 5745 Vixerat
1622 5682 1797 5726 autem
1826 5673 1878 5726 in
1909 5673 2050 5745 agris

465 5739 898 5812 Tagastensibus,
931 5739 1218 5812 antequam
1242 5745 1408 5801 sacris
1435 5743 1717 5798 clericatus
1741 5743 2049 5796 muneribus

468 5809 785 5881 initiaretur,
819 5817 978 5886 ferme
1019 5809 1236 5868 triennio
1271 5814 1512 5869 alienatis
1551 5830 1582 5866 a
1610 5830 1664 5867 se
1687 5815 1820 5865 curis
1845 5813 2046 5866 secula-

2163 3238 2359 3301 sanctg
2380 3237 2429 3282 et
2451 3226 2730 3301 individua:
2746 3226 3015 3301 Trinitatis
3036 3229 3322 3301 baptigatus
3342 3241 3392 3285 et
3411 3231 3745 3301 con/innatus

2163 3308 2262 3352 est.
2305 3298 2420 3352 Sita
2459 3309 2575 3353 erat
2604 3299 2715 3353 bmc
2746 3300 2875 3353 olim
2910 3300 3053 3354 :edes
3093 3299 3148 3354 S.
3179 3297 3401 3356 Joannis
3440 3297 3519 3355 ad'
3550 3300 3745 3356 Fontes

2163 3369 2299 3438 inter
2338 3367 2623 3423 Ecclesiam
2664 3367 2922 3438 Majorem
2961 3379 3010 3423 et
3049 3369 3110 3424 S.
3148 3369 3368 3435 Theclae,
3414 3380 3472 3425 ut
3510 3373 3746 3425 ostendil

2166 3435 2482 3493 Puricellius
2510 3440 2588 3494 vir
2616 3435 2840 3493 summae
2868 3439 3183 3494 eruditionis
3210 3441 3262 3495 in
3291 3441 3500 3495 dissert.
3527 3439 3747 3504 Natat,

2163 3523 2283 3580 cap.
2315 3508 2404 3580 '59,
2437 3508 2611 3580 n.721,
2643 3511 2778 3580 etin
2808 3507 3044 3580 Monum.
3078 3509 3240 3565 Basil.
3273 3510 3482 3575 Ambr.,
3532 3527 3586 3564 n.
3621 3511 3747 3580 500,

2163 3579 2254 3702 qui
2297 3579 2458 3634 etiam
2502 3579 2557 3633 in
2598 3577 2816 3648 pmfata
2857 3577 2913 3634 S.
2947 3580 3226 3647 Augustini
3267 3579 3383 3634 aede
3421 3577 3747 3649 baptismum

2215 3649 2610 3702 ugustinianum
2634 3649 2922 3702 contigisse
2948 3658 3125 3702 negat.
3151 3647 3341 3702 Petrus
3363 3647 3558 3702 Paulus
3578 3651 3747 3702 Bosca

2215 3647 2610 3717 ugustinianum
2634 3649 2922 3718 contigisse
2948 3658 3125 3718 negat.
3151 3647 3341 3704 Petrus
3363 3647 3558 3705 Paulus
3578 3651 3748 3706 Bosca

2165 3720 2247 3771 vir
2287 3719 2686 3782 disertissimus,
2735 3719 2788 3773 in
2828 3719 3100 3782 Martyrol.
3140 3719 3390 3775 Ambros.
3437 3719 3505 3773 ad
3541 3720 3688 3774 diem
3717 3722 3749 3774 5

2164 3786 2309 3855 Maii,
2339 3788 2507 3859 veteri
2537 3789 2807 3859 traditioni
2832 3786 3080 3844 standum
3113 3798 3280 3858 putat.
3328 3788 3433 3843 Sed
3463 3789 3747 3859 quidnam,

2165 3873 2318 3931 rogo,
2350 3858 2604 3927 ponderis
2624 3858 2929 3931 bujusmodi
2961 3859 3422 3931 traditioni7830
3445 3861 3605 3925 inest,
3628 3879 3748 3931 qum

2165 3928 2326 3982 nullis
2365 3943 2471 3981 non
2523 3929 2682 3983 modo
2727 3937 2970 3983 veterum
3019 3927 3300 3997 suffragiis
3320 3927 3588 3995 munitur,
3647 3927 3749 3985 sed

2164 4013 2350 4052 eorum
2379 4012 2633 4067 expresse
2659 3999 2968 4054 testimonio
2989 3998 3298 4066 jugulatur?
3351 3997 3488 4064 Quin
3519 4009 3576 4054 et
3603 4005 3750 4054 anti—

2164 4068 2343 4134 quitus
2371 4084 2532 4120 unum
2575 4075 2782 4138 tantum
2815 4068 2867 4122 in
2910 4069 3131 4122 urbibus
3173 4070 3336 4138 fuisse
3371 4069 3750 4138 baptisterium

2163 4138 2278 4260 ἓᾳυί
2302 4152 2418 4190 mos
2439 4138 2490 4190 in
2519 4137 2834 4206 quibusdam
2863 4139 3152 4192 etiamnum
3182 4137 3358 4205 durat)
3382 4137 3751 4196 eruditissime

2200 4208 2347 4260 ocuit
2373 4205 2574 4260 Josenh
2603 4208 2906 4260 vicecomes
2953 4207 3165 4260 collegii
3192 4207 3438 4260 Ambros.
3469 4212 3749 4260 quondam

2200 4205 2347 4261 ccuit
2373 4205 2574 4331 Josegh
2603 4208 2906 4262 vicecomes
2953 4207 3165 4276 collegii
3192 4207 3438 4262 Ambros.
3469 4212 3749 4278 quondam

2201 4284 2355 4331 octor
2385 4277 2436 4330 in
2466 4276 2500 4331 li
2545 4319 2558 4331 .
2591 4276 2658 4331 de
2687 4277 2978 4331 Bantismo.
3029 4291 3148 4331 can.
3195 4276 3248 4331 8.
3291 4287 3346 4331 et
3367 4293 3468 4331 ego
3496 4281 3749 4331 animad‘

2163 4275 2355 4348 doctor
2380 4277 2436 4348 _in
2466 4275 2558 4332 lib.
2591 4276 2658 4331 de
2687 4277 2978 4348 Baptismo,
3029 4275 3148 4348 cap.
3195 4276 3248 4345 8,
3291 4287 3346 4333 et
3367 4293 3468 4346 ego
3487 4275 3716 4332 animari
3739 4309 3751 4318 -

2163 4347 2301 4428 verti
2348 4346 2414 4428 ab
2464 4347 2730 4428 episcopis
2769 4346 3146 4402 tantummodo
3202 4348 3558 4402 ministratum
3616 4351 3752 4428 _olim

2169 4415 2334 4487 fuisse
2359 4415 2692 4487 baptismatis
2715 4425 3132 4482 sacramentum,
3163 4426 3223 4471 ut
3261 4426 3545 4487 propterea
3575 4420 3763 4486 plur;-

2163 4485 2274 4556 bus
2291 4485 2560 4555 opusnon
2590 4495 2732 4543 esset
2757 4487 3101 4556 baptisteriis,
3150 4487 3242 4556 sed
3265 4485 3437 4541 unum
3463 4485 3747 4556 dumtaxat

2163 4555 2454 4611 sufﬁceret.
2473 4557 2587 4612 Iloc
2605 4565 2783 4611 autem
2808 4555 3176 4626 baptisterium
3199 4555 3482 4612 Mediolani
3505 4556 3562 4610 S.
3579 4555 3750 4612 Joan-

2161 4626 2245 4680 nis
2269 4628 2333 4679 ad
2364 4626 2562 4682 Fontes
2588 4627 2808 4682 basilica
2853 4626 3241 4696 appellabatur,
3289 4642 3396 4695 quo
3440 4629 3663 4682 nomine
3695 4632 3752 4684 in

2160 4697 2279 4750 aliis
2320 4698 2538 4752 urbibus
2565 4697 2725 4751 etiam
2756 4697 3054 4765 baptisterii
3083 4697 3314 4752 basilica:
3339 4697 3751 4763 distingueban—

2161 4775 2264 4820 tur.
2316 4766 2404 4821 Sic
2436 4766 2618 4822 Romae
2657 4769 2911 4835 templum
2954 4766 3012 4820 8.
3042 4765 3264 4821 Joannis
3311 4765 3599 4834 Baptista),
3659 4771 3750 4823 cui

2160 4835 2536 4916 Lateranensis
2563 4851 2801 4916 “nomen,
2827 4837 3220 4916 baptisterium
3249 4835 3749 4916 complectebatur;

2159 4914 2216 4960 ct
2244 4905 2512 4961 Ravenna:
2556 4905 2618 4961 S.
2643 4905 2864 4961 Joannis
2908 4908 2962 4960 in
3000 4905 3172 4960 Fonte
3217 4905 3487 4961 simillimo
3527 4914 3749 4962 muneri

2161 4976 2506 5040 inserviebat,
2545 4984 2604 5030 ut
2630 4977 2839 5030 monuit
2878 4976 2945 5031 cl.
2977 4977 3060 5030 vir
3087 4977 3300 5040 meique
3339 4977 3750 5034 amantissimus

2159 5054 2420 5114 patronus
2447 5046 2682 5101 Joannes
2710 5045 3018 5115 Ciampinus
3045 5061 3166 5115 cap.
3197 5045 3266 5099 25
3309 5045 3488 5100 Veter.
3520 5045 3747 5104 Monim.

2161 5124 2292 5169 tom.
2312 5115 2353 5169 I.
2373 5116 2429 5172 S.
2450 5117 2763 5170 Ambrosius
2780 5117 2831 5169 in
2851 5133 2936 5185 ep.
2957 5116 3020 5169 15
3041 5116 3107 5168 ad
3124 5115 3482 5170 Mareellinam
3503 5137 3516 5168 :
3540 5117 3746 5171 Dimis-

2161 5186 2252 5250 sis,
2287 5186 2474 5256 inquit,
2517 5188 2891 5256 cateclmmenis
2922 5186 3206 5256 symbolum
3247 5185 3506 5256 aliquibus
3532 5204 3748 5255 compe-

2163 5255 2378 5309 tentibus
2423 5259 2476 5310 in
2527 5255 2808 5325 baptisterii
2867 5254 3131 5310 tradebam
3185 5254 3423 5308 basilica.
3487 5254 3749 5311 Profecto

2161 5333 2346 5378 contra
2403 5327 2569 5394 ipsius
2613 5327 2880 5380 Ambrosii
2932 5327 3252 5380 sententiam
3312 5326 3390 5378 ire
3444 5327 3747 5390 rideretur,

2159 5396 2398 5463 quisquis
2423 5395 2538 5462 ejus
2558 5410 2674 5449 :cvo
2704 5396 2855 5465 plura
2884 5394 3164 5448 Mediolani
3200 5395 3507 5463 baptisteria
3537 5402 3746 5450 consli-

2163 5473 2353 5518 lueret.
2381 5467 2486 5518 (Zur
2507 5466 2648 5520 enim
2671 5466 2886 5518 basilica
2910 5465 3207 5534 Buptisterii
3233 5465 3374 5518 nude
3402 5482 3745 5534 nuncupare-

2159 5542 2264 5598 tur,
2303 5535 2346 5586 si
2373 5552 2478 5588 non
2510 5552 2612 5589 una
2645 5545 2756 5588 tum
2788 5535 3070 5588 Mediolani
3101 5535 3324 5589 fuisset?
3354 5535 3473 5588 Alio
3521 5538 3745 5590 nomine

2157 5604 2525 5671 distinguenda
2555 5617 2668 5658 erat
2694 5605 2836 5658 aedes
2876 5605 2982 5668 illa,
3040 5614 3094 5674 ut
3119 5605 3258 5657 inter
3301 5607 3536 5674 reliquas
3567 5606 3744 5674 bapti-

2155 5675 2302 5743 sterii
2359 5676 2604 5728 basilicas
2658 5681 2988 5727 nosceretur.
3053 5672 3226 5726 Unum
3275 5672 3744 5743 ergo‘Mediolani

2155 5742 2524 5813 baptisterium
2567 5746 2800 5813 positum
2844 5753 2980 5807 erat,
3033 5743 3169 5812 quod
3211 5742 3373 5797 eadem
3423 5745 3484 5799 δ.
3517 5745 3745 5800 Joannis

2156 5815 2224 5865 ad
2257 5812 2447 5868 Fontes
2488 5812 2722 5869 minores
2763 5813 3143 5883 appellarunt;
3182 5813 3360 5882 ibique
3399 5815 3456 5869 S.
3485 5817 3729 5886 Augusti-
