  <div class='ocr_page' id='page_1' title='image "/cluster/home/n/w/nwhite01/storage/ocr_20150623/61/hvd.32044054758685/410.png"; bbox 0 0 4058 6186; ppageno 0'>
   <div class='ocr_carea' id='block_1_1' title="bbox 232 298 336 351">
    <p class='ocr_par' dir='ltr' id='par_1_1' title="bbox 232 298 336 351">
     <span class='ocr_line' id='line_1_1' title="bbox 232 298 336 351; baseline 0 0"><span class='ocrx_word' id='word_1_1' title='bbox 232 298 336 351; x_wconf 75' lang='lat'><strong>309</strong></span> 
     </span>
    </p>
   </div>
   <div class='ocr_carea' id='block_1_2' title="bbox 983 275 2711 369">
    <p class='ocr_par' dir='ltr' id='par_1_2' title="bbox 983 275 2711 369">
     <span class='ocr_line' id='line_1_2' title="bbox 983 275 2711 369; baseline -0.011 -21"><span class='ocrx_word' id='word_1_2' title='bbox 983 289 1428 348; x_wconf 78' lang='lat' dir='ltr'><strong>DISSERTATIO</strong></span> <span class='ocrx_word' id='word_1_3' title='bbox 1464 286 1599 342; x_wconf 79' lang='lat' dir='ltr'><strong>XVI.</strong></span> <span class='ocrx_word' id='word_1_4' title='bbox 1644 287 1733 341; x_wconf 78' lang='grc' dir='ltr'><strong>ΑΙ)</strong></span> <span class='ocrx_word' id='word_1_5' title='bbox 1772 280 2194 340; x_wconf 81' lang='lat' dir='ltr'><strong>NATALITIUM</strong></span> <span class='ocrx_word' id='word_1_6' title='bbox 2235 280 2321 333; x_wconf 78' lang='lat' dir='ltr'><strong>XI.</strong></span> <span class='ocrx_word' id='word_1_7' title='bbox 2362 277 2565 369; x_wconf 34' lang='lat' dir='ltr'><strong>VEORS.</strong></span> <span class='ocrx_word' id='word_1_8' title='bbox 2604 275 2711 331; x_wconf 75' lang='grc' dir='ltr'><strong>4οΞ</strong></span> 
     </span>
    </p>
   </div>
   <div class='ocr_carea' id='block_1_3' title="bbox 3394 267 3501 322">
    <p class='ocr_par' dir='ltr' id='par_1_3' title="bbox 3394 267 3501 322">
     <span class='ocr_line' id='line_1_3' title="bbox 3394 267 3501 322; baseline -0.009 0"><span class='ocrx_word' id='word_1_9' title='bbox 3394 267 3501 322; x_wconf 72' lang='grc'><strong>810</strong></span> 
     </span>
    </p>
   </div>
   <div class='ocr_carea' id='block_1_4' title="bbox 269 382 3501 470">
    <p class='ocr_par' dir='ltr' id='par_1_4' title="bbox 269 382 3501 470">
     <span class='ocr_line' id='line_1_4' title="bbox 269 382 3501 470; baseline -0.008 -9"><span class='ocrx_word' id='word_1_10' title='bbox 269 425 331 461; x_wconf 86' lang='lat' dir='ltr'><strong>ro</strong></span> <span class='ocrx_word' id='word_1_11' title='bbox 374 406 528 461; x_wconf 88' lang='lat' dir='ltr'><strong>nobis</strong></span> <span class='ocrx_word' id='word_1_12' title='bbox 568 411 798 460; x_wconf 87' lang='lat' dir='ltr'><strong>stantem</strong></span> <span class='ocrx_word' id='word_1_13' title='bbox 823 404 882 459; x_wconf 86' lang='lat' dir='ltr'><strong>in</strong></span> <span class='ocrx_word' id='word_1_14' title='bbox 928 406 1162 461; x_wconf 75' lang='lat' dir='ltr'><strong>medium</strong></span> <span class='ocrx_word' id='word_1_15' title='bbox 1205 404 1434 459; x_wconf 82' lang='lat' dir='ltr'><strong>adduco.</strong></span> <span class='ocrx_word' id='word_1_16' title='bbox 1485 400 1662 470; x_wconf 88' lang='lat' dir='ltr'><strong>lnquit</strong></span> <span class='ocrx_word' id='word_1_17' title='bbox 1710 400 1813 456; x_wconf 88' lang='lat' dir='ltr'><strong>iste</strong></span> <span class='ocrx_word' id='word_1_18' title='bbox 1839 405 1886 462; x_wconf 78' lang='grc' dir='ltr'><strong>Α</strong></span> <span class='ocrx_word' id='word_1_19' title='bbox 1917 398 2036 470; x_wconf 88' lang='lat' dir='ltr'><strong>Ipse</strong></span> <span class='ocrx_word' id='word_1_20' title='bbox 2056 392 2604 470; x_wconf 77' lang='lat' dir='ltr'><strong>quoqueVigilantius</strong></span> <span class='ocrx_word' id='word_1_21' title='bbox 2625 387 2845 470; x_wconf 85' lang='lat' dir='ltr'><strong>omnino</strong></span> <span class='ocrx_word' id='word_1_22' title='bbox 2861 385 3056 465; x_wconf 65' lang='lat' dir='ltr'><strong>mentis</strong></span> <span class='ocrx_word' id='word_1_23' title='bbox 3081 382 3501 470; x_wconf 63' lang='lat' dir='ltr'><strong>ettpersnl&#39;uisset,</strong></span> 
     </span>
    </p>
   </div>
   <div class='ocr_carea' id='block_1_5' title="bbox 277 478 536 533">
    <p class='ocr_par' dir='ltr' id='par_1_5' title="bbox 277 478 536 533">
     <span class='ocr_line' id='line_1_5' title="bbox 277 478 536 533; baseline -0.015 0"><span class='ocrx_word' id='word_1_24' title='bbox 277 478 407 533; x_wconf 87' lang='lat' dir='ltr'><strong>atal.</strong></span> <span class='ocrx_word' id='word_1_25' title='bbox 441 493 498 531; x_wconf 92' lang='grc' dir='ltr'><strong>ιιι</strong></span> <span class='ocrx_word' id='word_1_26' title='bbox 522 494 536 529; x_wconf 86' lang='lat'><strong>:</strong></span> 
     </span>
    </p>
   </div>
   <div class='ocr_carea' id='block_1_6' title="bbox 357 563 1412 627">
    <p class='ocr_par' dir='ltr' id='par_1_6' title="bbox 357 563 1412 627">
     <span class='ocr_line' id='line_1_6' title="bbox 357 563 1412 627; baseline -0.009 -8"><span class='ocrx_word' id='word_1_27' title='bbox 357 569 495 619; x_wconf 82' lang='lat' dir='ltr'><strong>Clara</strong></span> <span class='ocrx_word' id='word_1_28' title='bbox 518 572 809 619; x_wconf 75' lang='lat' dir='ltr'><strong>coronantur</strong></span> <span class='ocrx_word' id='word_1_29' title='bbox 831 567 1002 616; x_wconf 79' lang='lat' dir='ltr'><strong>densis</strong></span> <span class='ocrx_word' id='word_1_30' title='bbox 1022 566 1189 615; x_wconf 75' lang='lat' dir='ltr'><strong>altaris</strong></span> <span class='ocrx_word' id='word_1_31' title='bbox 1206 563 1412 627; x_wconf 81' lang='lat' dir='ltr'><strong>lychnis,</strong></span> 
     </span>
    </p>
   </div>
   <div class='ocr_carea' id='block_1_7' title="bbox 356 626 1430 687">
    <p class='ocr_par' dir='ltr' id='par_1_7' title="bbox 356 626 1430 687">
     <span class='ocr_line' id='line_1_7' title="bbox 356 626 1430 687; baseline -0.009 -6"><span class='ocrx_word' id='word_1_32' title='bbox 356 632 559 681; x_wconf 88' lang='lat' dir='ltr'><strong>Lumina</strong></span> <span class='ocrx_word' id='word_1_33' title='bbox 578 632 757 678; x_wconf 85' lang='lat' dir='ltr'><strong>ceratis</strong></span> <span class='ocrx_word' id='word_1_34' title='bbox 778 629 1036 678; x_wconf 71' lang='lat' dir='ltr'><strong>adolentur</strong></span> <span class='ocrx_word' id='word_1_35' title='bbox 1055 628 1201 675; x_wconf 77' lang='lat' dir='ltr'><strong>odora</strong></span> <span class='ocrx_word' id='word_1_36' title='bbox 1220 626 1430 687; x_wconf 80' lang='lat' dir='ltr'><strong>papyris,</strong></span> 
     </span>
    </p>
   </div>
   <div class='ocr_carea' id='block_1_8' title="bbox 357 682 1653 753">
    <p class='ocr_par' dir='ltr' id='par_1_8' title="bbox 357 682 1653 753">
     <span class='ocr_line' id='line_1_8' title="bbox 357 682 1653 753; baseline -0.008 -12"><span class='ocrx_word' id='word_1_37' title='bbox 357 693 513 741; x_wconf 87' lang='lat' dir='ltr'><strong>Nocte</strong></span> <span class='ocrx_word' id='word_1_38' title='bbox 533 692 714 753; x_wconf 83' lang='lat' dir='ltr'><strong>dieque</strong></span> <span class='ocrx_word' id='word_1_39' title='bbox 734 692 931 738; x_wconf 91' lang='lat' dir='ltr'><strong>micant.</strong></span> <span class='ocrx_word' id='word_1_40' title='bbox 952 691 1035 753; x_wconf 88' lang='lat' dir='ltr'><strong>Sic</strong></span> <span class='ocrx_word' id='word_1_41' title='bbox 1057 702 1173 753; x_wconf 67' lang='lat' dir='ltr'><strong>nos,</strong></span> <span class='ocrx_word' id='word_1_42' title='bbox 1195 682 1525 753; x_wconf 79' lang='lat' dir='ltr'><strong>splendorque</strong></span> <span class='ocrx_word' id='word_1_43' title='bbox 1548 682 1653 732; x_wconf 89' lang='lat' dir='ltr'><strong>diei</strong></span> 
     </span>
    </p>
   </div>
   <div class='ocr_carea' id='block_1_9' title="bbox 358 748 1591 815">
    <p class='ocr_par' dir='ltr' id='par_1_9' title="bbox 358 748 1591 815">
     <span class='ocr_line' id='line_1_9' title="bbox 358 748 1591 815; baseline -0.007 -13"><span class='ocrx_word' id='word_1_44' title='bbox 358 753 557 815; x_wconf 83' lang='lat' dir='ltr'><strong>Fulget.</strong></span> <span class='ocrx_word' id='word_1_45' title='bbox 584 748 758 813; x_wconf 67' lang='lat' dir='ltr'><strong>et&#39;ipsa</strong></span> <span class='ocrx_word' id='word_1_46' title='bbox 782 753 890 800; x_wconf 86' lang='lat' dir='ltr'><strong>dies</strong></span> <span class='ocrx_word' id='word_1_47' title='bbox 906 752 1096 815; x_wconf 67' lang='lat' dir='ltr'><strong>caelesti</strong></span> <span class='ocrx_word' id='word_1_48' title='bbox 1121 748 1321 815; x_wconf 71' lang='lat' dir='ltr'><strong>illustris</strong></span> <span class='ocrx_word' id='word_1_49' title='bbox 1347 748 1533 815; x_wconf 80' lang='lat' dir='ltr'><strong>honore</strong></span> <span class='ocrx_word' id='word_1_50' title='bbox 1582 806 1591 815; x_wconf 37' lang='lat'><strong>&#39;</strong></span> 
     </span>
    </p>
   </div>
   <div class='ocr_carea' id='block_1_10' title="bbox 360 808 1637 870">
    <p class='ocr_par' dir='ltr' id='par_1_10' title="bbox 360 808 1637 870">
     <span class='ocr_line' id='line_1_10' title="bbox 360 808 1637 870; baseline -0.01 -6"><span class='ocrx_word' id='word_1_51' title='bbox 360 808 481 864; x_wconf 65' lang='lat' dir='ltr'><strong>Plus</strong></span> <span class='ocrx_word' id='word_1_52' title='bbox 498 815 639 863; x_wconf 87' lang='lat' dir='ltr'><strong>micat</strong></span> <span class='ocrx_word' id='word_1_53' title='bbox 662 808 934 862; x_wconf 78' lang='lat' dir='ltr'><strong>innumeris</strong></span> <span class='ocrx_word' id='word_1_54' title='bbox 957 811 1115 861; x_wconf 88' lang='lat' dir='ltr'><strong>lucem</strong></span> <span class='ocrx_word' id='word_1_55' title='bbox 1142 810 1386 870; x_wconf 78' lang='lat' dir='ltr'><strong>geminata</strong></span> <span class='ocrx_word' id='word_1_56' title='bbox 1408 808 1637 854; x_wconf 81' lang='lat' dir='ltr'><strong>lucernis.</strong></span> 
     </span>
    </p>
   </div>
   <div class='ocr_carea' id='block_1_11' title="bbox 238 886 1581 953">
    <p class='ocr_par' dir='ltr' id='par_1_11' title="bbox 238 886 1581 953">
     <span class='ocr_line' id='line_1_11' title="bbox 238 886 1581 953; baseline -0.008 -1"><span class='ocrx_word' id='word_1_57' title='bbox 238 897 381 953; x_wconf 78' lang='lat' dir='ltr'><strong>Nihil</strong></span> <span class='ocrx_word' id='word_1_58' title='bbox 407 894 605 951; x_wconf 85' lang='lat' dir='ltr'><strong>clarius</strong></span> <span class='ocrx_word' id='word_1_59' title='bbox 628 892 887 948; x_wconf 88' lang='lat' dir='ltr'><strong>occurrit.</strong></span> <span class='ocrx_word' id='word_1_60' title='bbox 918 891 1024 947; x_wconf 86' lang='lat' dir='ltr'><strong>Sed</strong></span> <span class='ocrx_word' id='word_1_61' title='bbox 1046 899 1103 946; x_wconf 89' lang='lat' dir='ltr'><strong>et</strong></span> <span class='ocrx_word' id='word_1_62' title='bbox 1129 890 1251 944; x_wconf 82' lang='lat' dir='ltr'><strong>Nat.</strong></span> <span class='ocrx_word' id='word_1_63' title='bbox 1284 904 1339 942; x_wconf 72' lang='grc' dir='ltr'>χι</span> <span class='ocrx_word' id='word_1_64' title='bbox 1366 887 1445 941; x_wconf 89' lang='lat' dir='ltr'><strong>sic</strong></span> <span class='ocrx_word' id='word_1_65' title='bbox 1466 886 1581 941; x_wconf 89' lang='lat' dir='ltr'><strong>ait:</strong></span> 
     </span>
    </p>
   </div>
   <div class='ocr_carea' id='block_1_12' title="bbox 738 980 1553 1045">
    <p class='ocr_par' dir='ltr' id='par_1_12' title="bbox 738 980 1553 1045">
     <span class='ocr_line' id='line_1_12' title="bbox 738 980 1553 1045; baseline -0.009 -12"><span class='ocrx_word' id='word_1_66' title='bbox 738 984 827 1033; x_wconf 87' lang='lat' dir='ltr'><strong>His</strong></span> <span class='ocrx_word' id='word_1_67' title='bbox 848 983 1093 1045; x_wconf 79' lang='lat' dir='ltr'><strong>sryphulis</strong></span> <span class='ocrx_word' id='word_1_68' title='bbox 1116 984 1302 1032; x_wconf 87' lang='lat' dir='ltr'><strong>incerta</strong></span> <span class='ocrx_word' id='word_1_69' title='bbox 1326 980 1553 1030; x_wconf 88' lang='lat' dir='ltr'><strong>relucent</strong></span> 
     </span>
    </p>
   </div>
   <div class='ocr_carea' id='block_1_13' title="bbox 368 1046 1136 1107">
    <p class='ocr_par' dir='ltr' id='par_1_13' title="bbox 368 1046 1136 1107">
     <span class='ocr_line' id='line_1_13' title="bbox 368 1046 1136 1107; baseline -0.008 -9"><span class='ocrx_word' id='word_1_70' title='bbox 368 1048 589 1107; x_wconf 89' lang='lat' dir='ltr'><strong>Lumina,</strong></span> <span class='ocrx_word' id='word_1_71' title='bbox 614 1060 724 1096; x_wconf 84' lang='lat' dir='ltr'><strong>cum</strong></span> <span class='ocrx_word' id='word_1_72' title='bbox 749 1047 848 1094; x_wconf 89' lang='lat' dir='ltr'><strong>fert</strong></span> <span class='ocrx_word' id='word_1_73' title='bbox 867 1046 989 1095; x_wconf 86' lang='lat' dir='ltr'><strong>festa</strong></span> <span class='ocrx_word' id='word_1_74' title='bbox 1013 1046 1136 1093; x_wconf 88' lang='lat' dir='ltr'><strong>dies.</strong></span> 
     </span>
    </p>
   </div>
   <div class='ocr_carea' id='block_1_14' title="bbox 242 1116 1830 1201">
    <p class='ocr_par' dir='ltr' id='par_1_14' title="bbox 242 1116 1830 1201">
     <span class='ocr_line' id='line_1_14' title="bbox 242 1116 1830 1201; baseline -0.012 -13"><span class='ocrx_word' id='word_1_75' title='bbox 242 1134 311 1188; x_wconf 85' lang='lat' dir='ltr'><strong>Et</strong></span> <span class='ocrx_word' id='word_1_76' title='bbox 366 1131 500 1186; x_wconf 87' lang='lat' dir='ltr'><strong>infra</strong></span> <span class='ocrx_word' id='word_1_77' title='bbox 549 1128 793 1201; x_wconf 84' lang='lat' dir='ltr'><strong>scyphuli</strong></span> <span class='ocrx_word' id='word_1_78' title='bbox 841 1126 1086 1182; x_wconf 84' lang='lat' dir='ltr'><strong>meminit</strong></span> <span class='ocrx_word' id='word_1_79' title='bbox 1140 1124 1209 1179; x_wconf 85' lang='lat' dir='ltr'><strong>ad</strong></span> <span class='ocrx_word' id='word_1_80' title='bbox 1256 1122 1570 1179; x_wconf 90' lang='lat' dir='ltr'><strong>continuum</strong></span> <span class='ocrx_word' id='word_1_81' title='bbox 1617 1116 1830 1172; x_wconf 90' lang='lat' dir='ltr'><strong>luminis</strong></span> 
     </span>
    </p>
   </div>
   <div class='ocr_carea' id='block_1_15' title="bbox 241 1201 719 1258">
    <p class='ocr_par' dir='ltr' id='par_1_15' title="bbox 241 1201 719 1258">
     <span class='ocr_line' id='line_1_15' title="bbox 241 1201 719 1258; baseline -0.015 0"><span class='ocrx_word' id='word_1_82' title='bbox 241 1219 397 1258; x_wconf 87' lang='lat' dir='ltr'><strong>usum</strong></span> <span class='ocrx_word' id='word_1_83' title='bbox 427 1201 678 1255; x_wconf 82' lang='lat' dir='ltr'><strong>destinati</strong></span> <span class='ocrx_word' id='word_1_84' title='bbox 706 1218 719 1251; x_wconf 91' lang='lat'>:</span> 
     </span>
    </p>
   </div>
   <div class='ocr_carea' id='block_1_16' title="bbox 366 1271 1698 1339">
    <p class='ocr_par' dir='ltr' id='par_1_16' title="bbox 366 1271 1698 1339">
     <span class='ocr_line' id='line_1_16' title="bbox 366 1271 1698 1339; baseline -0.008 -10"><span class='ocrx_word' id='word_1_85' title='bbox 366 1280 657 1330; x_wconf 88' lang='lat' dir='ltr'><strong>Continuum</strong></span> <span class='ocrx_word' id='word_1_86' title='bbox 682 1277 890 1339; x_wconf 80' lang='lat' dir='ltr'><strong>scyphus</strong></span> <span class='ocrx_word' id='word_1_87' title='bbox 911 1283 983 1325; x_wconf 88' lang='lat' dir='ltr'><strong>est</strong></span> <span class='ocrx_word' id='word_1_88' title='bbox 1003 1281 1273 1335; x_wconf 84' lang='lat' dir='ltr'><strong>argenteus</strong></span> <span class='ocrx_word' id='word_1_89' title='bbox 1291 1276 1432 1333; x_wconf 84' lang='lat' dir='ltr'><strong>aptus</strong></span> <span class='ocrx_word' id='word_1_90' title='bbox 1457 1271 1517 1319; x_wconf 90' lang='lat' dir='ltr'><strong>ad</strong></span> <span class='ocrx_word' id='word_1_91' title='bbox 1538 1280 1698 1319; x_wconf 79' lang='lat' dir='ltr'><strong>usum.</strong></span> 
     </span>
    </p>
   </div>
   <div class='ocr_carea' id='block_1_17' title="bbox 243 1351 1834 1432">
    <p class='ocr_par' dir='ltr' id='par_1_17' title="bbox 243 1351 1834 1432">
     <span class='ocr_line' id='line_1_17' title="bbox 243 1351 1834 1432; baseline -0.011 -15"><span class='ocrx_word' id='word_1_92' title='bbox 243 1364 336 1432; x_wconf 86' lang='lat' dir='ltr'><strong>qui</strong></span> <span class='ocrx_word' id='word_1_93' title='bbox 388 1370 442 1415; x_wconf 93' lang='lat' dir='ltr'><strong>et</strong></span> <span class='ocrx_word' id='word_1_94' title='bbox 491 1367 653 1432; x_wconf 87' lang='lat' dir='ltr'><strong>noctu</strong></span> <span class='ocrx_word' id='word_1_95' title='bbox 687 1359 898 1432; x_wconf 77' lang='lat' dir='ltr'><strong>diuque</strong></span> <span class='ocrx_word' id='word_1_96' title='bbox 945 1356 1198 1432; x_wconf 80' lang='lat' dir='ltr'><strong>lucebat,_</strong></span> <span class='ocrx_word' id='word_1_97' title='bbox 1228 1351 1834 1432; x_wconf 67' lang='lat' dir='ltr'><strong>quemqueimportpno</strong></span> 
     </span>
    </p>
   </div>
   <div class='ocr_carea' id='block_1_18' title="bbox 244 1418 1835 1487">
    <p class='ocr_par' dir='ltr' id='par_1_18' title="bbox 244 1418 1835 1487">
     <span class='ocr_line' id='line_1_18' title="bbox 244 1418 1835 1487; baseline -0.011 0"><span class='ocrx_word' id='word_1_98' title='bbox 244 1418 345 1487; x_wconf 70' lang='lat' dir='ltr'><strong>sibi</strong></span> <span class='ocrx_word' id='word_1_99' title='bbox 388 1431 587 1485; x_wconf 89' lang='lat' dir='ltr'><strong>lumine</strong></span> <span class='ocrx_word' id='word_1_100' title='bbox 630 1418 918 1482; x_wconf 72' lang='lat' dir='ltr'><strong>micanicm</strong></span> <span class='ocrx_word' id='word_1_101' title='bbox 966 1424 1050 1478; x_wconf 81' lang='lat' dir='ltr'><strong>fur</strong></span> <span class='ocrx_word' id='word_1_102' title='bbox 1093 1418 1342 1479; x_wconf 62' lang='lat' dir='ltr'><strong>extiniit.</strong></span> <span class='ocrx_word' id='word_1_103' title='bbox 1392 1418 1835 1487; x_wconf 82' lang='lat' dir='ltr'><strong>Distinguendum</strong></span> 
     </span>
    </p>
   </div>
   <div class='ocr_carea' id='block_1_19' title="bbox 247 1491 1837 1569">
    <p class='ocr_par' dir='ltr' id='par_1_19' title="bbox 247 1491 1837 1569">
     <span class='ocr_line' id='line_1_19' title="bbox 247 1491 1837 1569; baseline -0.011 -13"><span class='ocrx_word' id='word_1_104' title='bbox 247 1505 431 1569; x_wconf 82' lang='lat' dir='ltr'><strong>itaque</strong></span> <span class='ocrx_word' id='word_1_105' title='bbox 478 1516 611 1569; x_wconf 87' lang='lat' dir='ltr'><strong>reor</strong></span> <span class='ocrx_word' id='word_1_106' title='bbox 648 1498 786 1551; x_wconf 90' lang='lat' dir='ltr'><strong>inter</strong></span> <span class='ocrx_word' id='word_1_107' title='bbox 837 1511 1019 1569; x_wconf 85' lang='lat' dir='ltr'><strong>sacras</strong></span> <span class='ocrx_word' id='word_1_108' title='bbox 1065 1495 1409 1569; x_wconf 80' lang='lat' dir='ltr'><strong>antiquorum</strong></span> <span class='ocrx_word' id='word_1_109' title='bbox 1462 1491 1709 1569; x_wconf 76' lang='lat' dir='ltr'><strong>lucernas</strong></span> <span class='ocrx_word' id='word_1_110' title='bbox 1770 1502 1837 1569; x_wconf 65' lang='lat' dir='ltr'><strong>eo</strong></span> 
     </span>
    </p>
   </div>
   <div class='ocr_carea' id='block_1_20' title="bbox 247 1556 1837 1641">
    <p class='ocr_par' dir='ltr' id='par_1_20' title="bbox 247 1556 1837 1641">
     <span class='ocr_line' id='line_1_20' title="bbox 247 1556 1837 1641; baseline -0.011 -16"><span class='ocrx_word' id='word_1_111' title='bbox 247 1556 408 1641; x_wconf 49' lang='lat' dir='ltr'><strong>pac&#39;to</strong></span> <span class='ocrx_word' id='word_1_112' title='bbox 447 1585 555 1639; x_wconf 81' lang='lat' dir='ltr'><strong>quo</strong></span> <span class='ocrx_word' id='word_1_113' title='bbox 603 1568 744 1641; x_wconf 80' lang='lat' dir='ltr'><strong>inter</strong></span> <span class='ocrx_word' id='word_1_114' title='bbox 790 1565 1094 1641; x_wconf 64' lang='lat' dir='ltr'><strong>aevipostri</strong></span> <span class='ocrx_word' id='word_1_115' title='bbox 1123 1556 1398 1641; x_wconf 78' lang='lat' dir='ltr'><strong>lampades</strong></span> <span class='ocrx_word' id='word_1_116' title='bbox 1435 1575 1498 1641; x_wconf 84' lang='lat' dir='ltr'><strong>ac</strong></span> <span class='ocrx_word' id='word_1_117' title='bbox 1527 1560 1725 1638; x_wconf 73' lang='lat' dir='ltr'><strong>lumina</strong></span> 
     </span>
    </p>
   </div>
   <div class='ocr_carea' id='block_1_21' title="bbox 248 1626 1840 1707">
    <p class='ocr_par' dir='ltr' id='par_1_21' title="bbox 248 1626 1840 1707">
     <span class='ocr_line' id='line_1_21' title="bbox 248 1626 1840 1707; baseline -0.009 -13"><span class='ocrx_word' id='word_1_118' title='bbox 248 1626 557 1707; x_wconf 59' lang='lat' dir='ltr'><strong>&#39;stingnit&#39;ur.</strong></span> <span class='ocrx_word' id='word_1_119' title='bbox 588 1638 704 1691; x_wconf 83' lang='lat' dir='ltr'><strong>Alia</strong></span> <span class='ocrx_word' id='word_1_120' title='bbox 731 1636 873 1691; x_wconf 90' lang='lat' dir='ltr'><strong>enim</strong></span> <span class='ocrx_word' id='word_1_121' title='bbox 906 1635 1106 1707; x_wconf 81' lang='lat' dir='ltr'><strong>lumina</strong></span> <span class='ocrx_word' id='word_1_122' title='bbox 1135 1626 1398 1707; x_wconf 77' lang='lat' dir='ltr'><strong>nocturno</strong></span> <span class='ocrx_word' id='word_1_123' title='bbox 1437 1629 1686 1707; x_wconf 79' lang='lat' dir='ltr'><strong>tempori.</strong></span> <span class='ocrx_word' id='word_1_124' title='bbox 1709 1626 1840 1707; x_wconf 26' lang='lat' dir='ltr'><strong>talia</strong></span> 
     </span>
    </p>
   </div>
   <div class='ocr_carea' id='block_1_22' title="bbox 248 1696 1840 1769">
    <p class='ocr_par' dir='ltr' id='par_1_22' title="bbox 248 1696 1840 1769">
     <span class='ocr_line' id='line_1_22' title="bbox 248 1696 1840 1769; baseline -0.011 -5"><span class='ocrx_word' id='word_1_125' title='bbox 248 1696 447 1765; x_wconf 68' lang='lat' dir='ltr'><strong>diurno</strong></span> <span class='ocrx_word' id='word_1_126' title='bbox 472 1707 861 1769; x_wconf 82' lang='lat' dir='ltr'><strong>inserviebam;</strong></span> <span class='ocrx_word' id='word_1_127' title='bbox 907 1705 1086 1758; x_wconf 87' lang='lat' dir='ltr'><strong>omnia</strong></span> <span class='ocrx_word' id='word_1_128' title='bbox 1131 1712 1307 1756; x_wconf 90' lang='lat' dir='ltr'><strong>tamen</strong></span> <span class='ocrx_word' id='word_1_129' title='bbox 1339 1702 1391 1754; x_wconf 92' lang='lat' dir='ltr'><strong>in</strong></span> <span class='ocrx_word' id='word_1_130' title='bbox 1423 1696 1607 1767; x_wconf 82' lang='lat' dir='ltr'><strong>templi</strong></span> <span class='ocrx_word' id='word_1_131' title='bbox 1639 1696 1840 1769; x_wconf 83' lang='lat' dir='ltr'><strong>cultum</strong></span> 
     </span>
    </p>
   </div>
   <div class='ocr_carea' id='block_1_23' title="bbox 249 1766 1921 1848">
    <p class='ocr_par' dir='ltr' id='par_1_23' title="bbox 249 1766 1921 1848">
     <span class='ocr_line' id='line_1_23' title="bbox 249 1766 1921 1848; baseline -0.011 -14"><span class='ocrx_word' id='word_1_132' title='bbox 249 1780 579 1848; x_wconf 81' lang='lat' dir='ltr'><strong>excogitata.</strong></span> <span class='ocrx_word' id='word_1_133' title='bbox 629 1778 758 1848; x_wconf 79' lang='lat' dir='ltr'><strong>Quae</strong></span> <span class='ocrx_word' id='word_1_134' title='bbox 805 1766 1011 1848; x_wconf 76' lang='lat' dir='ltr'><strong>lampas</strong></span> <span class='ocrx_word' id='word_1_135' title='bbox 1050 1772 1235 1848; x_wconf 86' lang='lat' dir='ltr'><strong>modo_</strong></span> <span class='ocrx_word' id='word_1_136' title='bbox 1260 1766 1547 1825; x_wconf 85' lang='lat' dir='ltr'><strong>dicebatur</strong></span> <span class='ocrx_word' id='word_1_137' title='bbox 1578 1766 1839 1848; x_wconf 74' lang='lat' dir='ltr'><strong>relucere,</strong></span> <span class='ocrx_word' id='word_1_138' title='bbox 1878 1770 1921 1829; x_wconf 83' lang='grc' dir='ltr'><strong>Β</strong></span> 
     </span>
    </p>
   </div>
   <div class='ocr_carea' id='block_1_24' title="bbox 290 1835 1839 1911">
    <p class='ocr_par' dir='ltr' id='par_1_24' title="bbox 290 1835 1839 1911">
     <span class='ocr_line' id='line_1_24' title="bbox 290 1835 1839 1911; baseline -0.01 -8"><span class='ocrx_word' id='word_1_139' title='bbox 290 1835 423 1903; x_wconf 79' lang='grc' dir='ltr'>ιιιιιιῖ</span> <span class='ocrx_word' id='word_1_140' title='bbox 446 1835 814 1902; x_wconf 67' lang='grc' dir='ltr'><strong>Γετεδτιῖΐεεῑει</strong></span> <span class='ocrx_word' id='word_1_141' title='bbox 839 1835 975 1911; x_wconf 77' lang='lat' dir='ltr'><strong>dies,</strong></span> <span class='ocrx_word' id='word_1_142' title='bbox 1017 1850 1181 1897; x_wconf 91' lang='lat' dir='ltr'><strong>noctu</strong></span> <span class='ocrx_word' id='word_1_143' title='bbox 1222 1842 1327 1896; x_wconf 91' lang='lat' dir='ltr'><strong>hoc</strong></span> <span class='ocrx_word' id='word_1_144' title='bbox 1354 1852 1573 1895; x_wconf 90' lang='lat' dir='ltr'><strong>munere</strong></span> <span class='ocrx_word' id='word_1_145' title='bbox 1601 1835 1839 1891; x_wconf 83' lang='lat' dir='ltr'><strong>carebat.</strong></span> 
     </span>
    </p>
   </div>
   <div class='ocr_carea' id='block_1_25' title="bbox 249 1867 1069 1986">
    <p class='ocr_par' dir='ltr' id='par_1_25' title="bbox 249 1867 1069 1986">
     <span class='ocr_line' id='line_1_25' title="bbox 290 1867 1069 1911; baseline -0.009 -8"><span class='ocrx_word' id='word_1_146' title='bbox 290 1867 419 1903; x_wconf 90' lang='lat' dir='ltr'><strong>num</strong></span> <span class='ocrx_word' id='word_1_147' title='bbox 446 1867 649 1902; x_wconf 75' lang='lat' dir='ltr'><strong>terebat</strong></span> <span class='ocrx_word' id='word_1_148' title='bbox 681 1867 814 1900; x_wconf 74' lang='lat' dir='ltr'><strong>Iesu!</strong></span> <span class='ocrx_word' id='word_1_149' title='bbox 839 1867 975 1911; x_wconf 77' lang='lat' dir='ltr'><strong>dies,</strong></span> <span class='ocrx_word' id='word_1_150' title='bbox 1017 1867 1069 1897; x_wconf 72' lang='grc' dir='ltr'><strong>ιιι</strong></span> 
     </span>
     <span class='ocr_line' id='line_1_26' title="bbox 249 1867 1069 1986; baseline -0.011 -12"><span class='ocrx_word' id='word_1_151' title='bbox 249 1867 395 1974; x_wconf 51' lang='lat' dir='ltr'><strong>indi</strong></span> <span class='ocrx_word' id='word_1_152' title='bbox 427 1918 817 1986; x_wconf 85' lang='lat' dir='ltr'><strong>subsequentes</strong></span> <span class='ocrx_word' id='word_1_153' title='bbox 839 1930 1026 1969; x_wconf 87' lang='lat' dir='ltr'><strong>versus</strong></span> <span class='ocrx_word' id='word_1_154' title='bbox 1056 1930 1069 1965; x_wconf 90' lang='lat'><strong>:</strong></span> 
     </span>
    </p>
   </div>
   <div class='ocr_carea' id='block_1_26' title="bbox 747 2003 1267 2054">
    <p class='ocr_par' dir='ltr' id='par_1_26' title="bbox 747 2003 1267 2054">
     <span class='ocr_line' id='line_1_27' title="bbox 747 2003 1267 2054; baseline -0.012 0"><span class='ocrx_word' id='word_1_155' title='bbox 747 2004 883 2054; x_wconf 87' lang='lat' dir='ltr'><strong>Tunc</strong></span> <span class='ocrx_word' id='word_1_156' title='bbox 909 2016 1026 2052; x_wconf 88' lang='lat' dir='ltr'><strong>vero</strong></span> <span class='ocrx_word' id='word_1_157' title='bbox 1048 2003 1156 2051; x_wconf 89' lang='lat' dir='ltr'><strong>sine</strong></span> <span class='ocrx_word' id='word_1_158' title='bbox 1176 2015 1267 2051; x_wconf 89' lang='lat' dir='ltr'><strong>usu</strong></span> 
     </span>
    </p>
   </div>
   <div class='ocr_carea' id='block_1_27' title="bbox 382 2059 1657 2128">
    <p class='ocr_par' dir='ltr' id='par_1_27' title="bbox 382 2059 1657 2128">
     <span class='ocr_line' id='line_1_28' title="bbox 382 2059 1657 2128; baseline -0.006 -11"><span class='ocrx_word' id='word_1_159' title='bbox 382 2068 604 2118; x_wconf 81' lang='lat' dir='ltr'><strong>Luminls</strong></span> <span class='ocrx_word' id='word_1_160' title='bbox 629 2066 684 2115; x_wconf 88' lang='lat' dir='ltr'><strong>ad</strong></span> <span class='ocrx_word' id='word_1_161' title='bbox 702 2069 920 2128; x_wconf 81' lang='lat' dir='ltr'><strong>Speciem</strong></span> <span class='ocrx_word' id='word_1_162' title='bbox 945 2072 1129 2113; x_wconf 89' lang='lat' dir='ltr'><strong>tantum</strong></span> <span class='ocrx_word' id='word_1_163' title='bbox 1154 2074 1388 2123; x_wconf 77' lang='lat' dir='ltr'><strong>suSpensa</strong></span> <span class='ocrx_word' id='word_1_164' title='bbox 1413 2059 1657 2109; x_wconf 87' lang='lat' dir='ltr'><strong>manebat.</strong></span> 
     </span>
    </p>
   </div>
   <div class='ocr_carea' id='block_1_28' title="bbox 254 2140 1851 2226">
    <p class='ocr_par' dir='ltr' id='par_1_28' title="bbox 254 2140 1851 2226">
     <span class='ocr_line' id='line_1_29' title="bbox 254 2140 1851 2226; baseline -0.009 -19"><span class='ocrx_word' id='word_1_165' title='bbox 254 2152 519 2226; x_wconf 80' lang='lat' dir='ltr'><strong>Superius</strong></span> <span class='ocrx_word' id='word_1_166' title='bbox 538 2164 675 2226; x_wconf 84' lang='lat' dir='ltr'><strong>_ver_o</strong></span> <span class='ocrx_word' id='word_1_167' title='bbox 719 2148 852 2201; x_wconf 89' lang='lat' dir='ltr'><strong>alias</strong></span> <span class='ocrx_word' id='word_1_168' title='bbox 879 2146 1237 2226; x_wconf 66' lang='lat' dir='ltr'><strong>descripserat</strong></span> <span class='ocrx_word' id='word_1_169' title='bbox 1265 2143 1514 2226; x_wconf 48' lang='lat' dir='ltr'><strong>lucem-as</strong></span> <span class='ocrx_word' id='word_1_170' title='bbox 1557 2140 1702 2195; x_wconf 90' lang='lat' dir='ltr'><strong>nocti</strong></span> <span class='ocrx_word' id='word_1_171' title='bbox 1732 2140 1851 2194; x_wconf 87' lang='lat' dir='ltr'><strong>illu-</strong></span> 
     </span>
    </p>
   </div>
   <div class='ocr_carea' id='block_1_29' title="bbox 256 2212 1850 2278">
    <p class='ocr_par' dir='ltr' id='par_1_29' title="bbox 256 2212 1850 2278">
     <span class='ocr_line' id='line_1_30' title="bbox 256 2212 1850 2278; baseline -0.009 -1"><span class='ocrx_word' id='word_1_172' title='bbox 256 2212 494 2278; x_wconf 66' lang='lat' dir='ltr'><strong>strandae</strong></span> <span class='ocrx_word' id='word_1_173' title='bbox 521 2218 831 2273; x_wconf 88' lang='lat' dir='ltr'><strong>destinatas.</strong></span> <span class='ocrx_word' id='word_1_174' title='bbox 865 2216 932 2267; x_wconf 82' lang='lat' dir='ltr'><strong>At</strong></span> <span class='ocrx_word' id='word_1_175' title='bbox 959 2212 1135 2268; x_wconf 87' lang='lat' dir='ltr'><strong>Ottius</strong></span> <span class='ocrx_word' id='word_1_176' title='bbox 1173 2214 1418 2267; x_wconf 87' lang='lat' dir='ltr'><strong>lucernas</strong></span> <span class='ocrx_word' id='word_1_177' title='bbox 1445 2212 1605 2265; x_wconf 92' lang='lat' dir='ltr'><strong>hasce</strong></span> <span class='ocrx_word' id='word_1_178' title='bbox 1628 2220 1850 2265; x_wconf 82' lang='lat' dir='ltr'><strong>noctur-</strong></span> 
     </span>
    </p>
   </div>
   <div class='ocr_carea' id='block_1_30' title="bbox 260 2280 1853 2348">
    <p class='ocr_par' dir='ltr' id='par_1_30' title="bbox 260 2280 1853 2348">
     <span class='ocr_line' id='line_1_31' title="bbox 260 2280 1853 2348; baseline -0.009 -1"><span class='ocrx_word' id='word_1_179' title='bbox 260 2309 361 2348; x_wconf 88' lang='lat' dir='ltr'><strong>nas</strong></span> <span class='ocrx_word' id='word_1_180' title='bbox 392 2288 695 2345; x_wconf 88' lang='lat' dir='ltr'><strong>necessitati</strong></span> <span class='ocrx_word' id='word_1_181' title='bbox 725 2300 879 2340; x_wconf 90' lang='lat' dir='ltr'><strong>sacra</strong></span> <span class='ocrx_word' id='word_1_182' title='bbox 911 2285 1216 2338; x_wconf 89' lang='lat' dir='ltr'><strong>facientium</strong></span> <span class='ocrx_word' id='word_1_183' title='bbox 1242 2282 1515 2339; x_wconf 86' lang='lat' dir='ltr'><strong>adscribit,</strong></span> <span class='ocrx_word' id='word_1_184' title='bbox 1543 2295 1651 2333; x_wconf 91' lang='lat' dir='ltr'><strong>non</strong></span> <span class='ocrx_word' id='word_1_185' title='bbox 1676 2280 1853 2334; x_wconf 81' lang='lat' dir='ltr'><strong>eccle-</strong></span> 
     </span>
    </p>
   </div>
   <div class='ocr_carea' id='block_1_31' title="bbox 258 2349 1852 2419">
    <p class='ocr_par' dir='ltr' id='par_1_31' title="bbox 258 2349 1852 2419">
     <span class='ocr_line' id='line_1_32' title="bbox 258 2349 1852 2419; baseline -0.009 -2"><span class='ocrx_word' id='word_1_186' title='bbox 258 2364 357 2418; x_wconf 66' lang='lat' dir='ltr'><strong>sia:</strong></span> <span class='ocrx_word' id='word_1_187' title='bbox 402 2360 589 2415; x_wconf 90' lang='lat' dir='ltr'><strong>cultui.</strong></span> <span class='ocrx_word' id='word_1_188' title='bbox 643 2356 1013 2409; x_wconf 79' lang='lat' dir='ltr'><strong>Hallucinatur</strong></span> <span class='ocrx_word' id='word_1_189' title='bbox 1058 2354 1371 2414; x_wconf 89' lang='lat' dir='ltr'><strong>Calvinista,</strong></span> <span class='ocrx_word' id='word_1_190' title='bbox 1419 2349 1852 2419; x_wconf 86' lang='lat' dir='ltr'><strong>quandoquidem</strong></span> 
     </span>
    </p>
   </div>
   <div class='ocr_carea' id='block_1_32' title="bbox 260 2418 1855 2503">
    <p class='ocr_par' dir='ltr' id='par_1_32' title="bbox 260 2418 1855 2503">
     <span class='ocr_line' id='line_1_33' title="bbox 260 2418 1855 2503; baseline -0.008 -17"><span class='ocrx_word' id='word_1_191' title='bbox 260 2447 433 2503; x_wconf 88' lang='lat' dir='ltr'><strong>quum</strong></span> <span class='ocrx_word' id='word_1_192' title='bbox 472 2430 608 2503; x_wconf 79' lang='lat' dir='ltr'><strong>latro</strong></span> <span class='ocrx_word' id='word_1_193' title='bbox 639 2427 725 2480; x_wconf 87' lang='lat' dir='ltr'><strong>hic</strong></span> <span class='ocrx_word' id='word_1_194' title='bbox 754 2425 822 2478; x_wconf 93' lang='lat' dir='ltr'><strong>ad</strong></span> <span class='ocrx_word' id='word_1_195' title='bbox 859 2424 1005 2503; x_wconf 74' lang='lat' dir='ltr'><strong>furta</strong></span> <span class='ocrx_word' id='word_1_196' title='bbox 1028 2425 1275 2484; x_wconf 87' lang='lat' dir='ltr'><strong>accessit,</strong></span> <span class='ocrx_word' id='word_1_197' title='bbox 1328 2422 1532 2503; x_wconf 74' lang='lat' dir='ltr'><strong>lampas</strong></span> <span class='ocrx_word' id='word_1_198' title='bbox 1578 2418 1671 2500; x_wconf 38' lang='lat' dir='ltr'><strong>illa.</strong></span> <span class='ocrx_word' id='word_1_199' title='bbox 1698 2418 1855 2473; x_wconf 89' lang='lat' dir='ltr'><strong>nullis</strong></span> 
     </span>
    </p>
   </div>
   <div class='ocr_carea' id='block_1_33' title="bbox 262 2491 1852 2564">
    <p class='ocr_par' dir='ltr' id='par_1_33' title="bbox 262 2491 1852 2564">
     <span class='ocr_line' id='line_1_34' title="bbox 262 2491 1852 2564; baseline -0.008 -9"><span class='ocrx_word' id='word_1_200' title='bbox 262 2491 382 2555; x_wconf 61' lang='lat' dir='ltr'><strong>t&#39;nm</strong></span> <span class='ocrx_word' id='word_1_201' title='bbox 424 2499 591 2553; x_wconf 86' lang='lat' dir='ltr'><strong>sacris</strong></span> <span class='ocrx_word' id='word_1_202' title='bbox 634 2494 951 2564; x_wconf 78' lang='lat' dir='ltr'><strong>peragendis</strong></span> <span class='ocrx_word' id='word_1_203' title='bbox 994 2493 1170 2564; x_wconf 88' lang='lat' dir='ltr'><strong>lumen</strong></span> <span class='ocrx_word' id='word_1_204' title='bbox 1220 2491 1521 2561; x_wconf 73' lang='lat' dir='ltr'><strong>pra3bebat;</strong></span> <span class='ocrx_word' id='word_1_205' title='bbox 1585 2491 1712 2559; x_wconf 90' lang='lat' dir='ltr'><strong>quin</strong></span> <span class='ocrx_word' id='word_1_206' title='bbox 1754 2504 1852 2542; x_wconf 84' lang='lat' dir='ltr'><strong>cx-</strong></span> 
     </span>
    </p>
   </div>
   <div class='ocr_carea' id='block_1_34' title="bbox 303 2563 1852 2634">
    <p class='ocr_par' dir='ltr' id='par_1_34' title="bbox 303 2563 1852 2634">
     <span class='ocr_line' id='line_1_35' title="bbox 303 2563 1852 2634; baseline -0.01 -9"><span class='ocrx_word' id='word_1_207' title='bbox 303 2586 455 2625; x_wconf 90' lang='lat' dir='ltr'><strong>ressc</strong></span> <span class='ocrx_word' id='word_1_208' title='bbox 484 2563 842 2634; x_wconf 28' lang='lat' dir='ltr'><strong>illam’quavis</strong></span> <span class='ocrx_word' id='word_1_209' title='bbox 869 2572 1058 2634; x_wconf 86' lang='lat' dir='ltr'><strong>nocte,</strong></span> <span class='ocrx_word' id='word_1_210' title='bbox 1105 2563 1213 2615; x_wconf 91' lang='lat' dir='ltr'><strong>imo</strong></span> <span class='ocrx_word' id='word_1_211' title='bbox 1262 2577 1357 2634; x_wconf 82' lang='lat' dir='ltr'><strong>per</strong></span> <span class='ocrx_word' id='word_1_212' title='bbox 1399 2569 1590 2634; x_wconf 82' lang='lat' dir='ltr'><strong>totam_</strong></span> <span class='ocrx_word' id='word_1_213' title='bbox 1616 2566 1852 2634; x_wconf 84' lang='lat' dir='ltr'><strong>noctem,</strong></span> 
     </span>
    </p>
   </div>
   <div class='ocr_carea' id='block_1_35' title="bbox 288 2627 1858 2701">
    <p class='ocr_par' dir='ltr' id='par_1_35' title="bbox 288 2627 1858 2701">
     <span class='ocr_line' id='line_1_36' title="bbox 288 2627 1858 2701; baseline -0.008 -6"><span class='ocrx_word' id='word_1_214' title='bbox 288 2654 453 2695; x_wconf 87' lang='lat' dir='ltr'><strong>ucere</strong></span> <span class='ocrx_word' id='word_1_215' title='bbox 475 2627 819 2692; x_wconf 57' lang='lat' dir='ltr'><strong>consue&#39;visse</strong></span> <span class='ocrx_word' id='word_1_216' title='bbox 848 2633 1240 2701; x_wconf 83' lang='lat' dir='ltr'><strong>dignoscimus;</strong></span> <span class='ocrx_word' id='word_1_217' title='bbox 1263 2627 1359 2684; x_wconf 48' lang='lat' dir='ltr'><strong>&#39;ait</strong></span> <span class='ocrx_word' id='word_1_218' title='bbox 1386 2630 1529 2685; x_wconf 87' lang='lat' dir='ltr'><strong>enim</strong></span> <span class='ocrx_word' id='word_1_219' title='bbox 1559 2627 1629 2683; x_wconf 89' lang='lat' dir='ltr'><strong>de</strong></span> <span class='ocrx_word' id='word_1_220' title='bbox 1654 2628 1858 2699; x_wconf 87' lang='lat' dir='ltr'><strong>scypho</strong></span> 
     </span>
    </p>
   </div>
   <div class='ocr_carea' id='block_1_36' title="bbox 270 2712 549 2778">
    <p class='ocr_par' dir='ltr' id='par_1_36' title="bbox 270 2712 549 2778">
     <span class='ocr_line' id='line_1_37' title="bbox 270 2712 549 2778; baseline -0.025 -11"><span class='ocrx_word' id='word_1_221' title='bbox 270 2712 507 2778; x_wconf 85' lang='lat' dir='ltr'><strong>loquens</strong></span> <span class='ocrx_word' id='word_1_222' title='bbox 536 2725 549 2760; x_wconf 91' lang='lat'>:</span> 
     </span>
    </p>
   </div>
   <div class='ocr_carea' id='block_1_37' title="bbox 368 2779 1592 2847">
    <p class='ocr_par' dir='ltr' id='par_1_37' title="bbox 368 2779 1592 2847">
     <span class='ocr_line' id='line_1_38' title="bbox 368 2779 1592 2847; baseline -0.011 -9"><span class='ocrx_word' id='word_1_223' title='bbox 368 2789 508 2838; x_wconf 80' lang='lat' dir='ltr'><strong>Hunc</strong></span> <span class='ocrx_word' id='word_1_224' title='bbox 530 2787 803 2847; x_wconf 89' lang='lat' dir='ltr'><strong>importuno</strong></span> <span class='ocrx_word' id='word_1_225' title='bbox 825 2782 918 2847; x_wconf 80' lang='lat' dir='ltr'><strong>sibi</strong></span> <span class='ocrx_word' id='word_1_226' title='bbox 937 2780 1123 2829; x_wconf 90' lang='lat' dir='ltr'><strong>lumine</strong></span> <span class='ocrx_word' id='word_1_227' title='bbox 1148 2779 1313 2847; x_wconf 84' lang='lat' dir='ltr'><strong>pr_:edo</strong></span> <span class='ocrx_word' id='word_1_228' title='bbox 1335 2780 1592 2827; x_wconf 89' lang='lat' dir='ltr'><strong>micantem</strong></span> 
     </span>
    </p>
   </div>
   <div class='ocr_carea' id='block_1_38' title="bbox 369 2838 1818 2904">
    <p class='ocr_par' dir='ltr' id='par_1_38' title="bbox 369 2838 1818 2904">
     <span class='ocr_line' id='line_1_39' title="bbox 369 2838 1818 2904; baseline -0.008 -7"><span class='ocrx_word' id='word_1_229' title='bbox 369 2838 908 2904; x_wconf 45' lang='lat' dir='ltr'><strong>Protinus-exstinguit,</strong></span> <span class='ocrx_word' id='word_1_230' title='bbox 936 2838 1211 2904; x_wconf 76' lang='lat' dir='ltr'><strong>namqueid</strong></span> <span class='ocrx_word' id='word_1_231' title='bbox 1236 2853 1432 2904; x_wconf 83' lang='lat' dir='ltr'><strong>quoque</strong></span> <span class='ocrx_word' id='word_1_232' title='bbox 1460 2844 1662 2904; x_wconf 79' lang='lat' dir='ltr'><strong>noverat</strong></span> <span class='ocrx_word' id='word_1_233' title='bbox 1686 2838 1818 2889; x_wconf 89' lang='lat' dir='ltr'><strong>idem</strong></span> 
     </span>
    </p>
   </div>
   <div class='ocr_carea' id='block_1_39' title="bbox 369 2901 1663 2971">
    <p class='ocr_par' dir='ltr' id='par_1_39' title="bbox 369 2901 1663 2971">
     <span class='ocr_line' id='line_1_40' title="bbox 369 2901 1663 2971; baseline -0.008 -13"><span class='ocrx_word' id='word_1_234' title='bbox 369 2911 516 2971; x_wconf 76' lang='lat' dir='ltr'><strong>Sa-pe</strong></span> <span class='ocrx_word' id='word_1_235' title='bbox 538 2908 700 2957; x_wconf 84' lang='lat' dir='ltr'><strong>solere</strong></span> <span class='ocrx_word' id='word_1_236' title='bbox 725 2901 866 2965; x_wconf 48' lang='lat' dir='ltr'><strong>miri,</strong></span> <span class='ocrx_word' id='word_1_237' title='bbox 894 2901 1002 2953; x_wconf 83' lang='lat' dir='ltr'><strong>cum</strong></span> <span class='ocrx_word' id='word_1_238' title='bbox 1024 2901 1444 2971; x_wconf 65' lang='lat' dir='ltr'><strong>stuppaperarida</strong></span> <span class='ocrx_word' id='word_1_239' title='bbox 1471 2901 1663 2962; x_wconf 80' lang='lat' dir='ltr'><strong>longam</strong></span> 
     </span>
    </p>
   </div>
   <div class='ocr_carea' id='block_1_40' title="bbox 372 2962 1522 3020">
    <p class='ocr_par' dir='ltr' id='par_1_40' title="bbox 372 2962 1522 3020">
     <span class='ocr_line' id='line_1_41' title="bbox 372 2962 1522 3020; baseline -0.007 0"><span class='ocrx_word' id='word_1_240' title='bbox 372 2962 616 3020; x_wconf 70' lang='lat' dir='ltr'><strong>Conderet</strong></span> <span class='ocrx_word' id='word_1_241' title='bbox 640 2971 689 3019; x_wconf 91' lang='lat' dir='ltr'><strong>in</strong></span> <span class='ocrx_word' id='word_1_242' title='bbox 716 2962 906 3016; x_wconf 74' lang='lat' dir='ltr'><strong>noctem</strong></span> <span class='ocrx_word' id='word_1_243' title='bbox 928 2962 1179 3015; x_wconf 79' lang='lat' dir='ltr'><strong>consumto</strong></span> <span class='ocrx_word' id='word_1_244' title='bbox 1199 2964 1363 3012; x_wconf 91' lang='lat' dir='ltr'><strong>lumen</strong></span> <span class='ocrx_word' id='word_1_245' title='bbox 1381 2962 1522 3012; x_wconf 71' lang='lat' dir='ltr'><strong>olivo.</strong></span> 
     </span>
    </p>
   </div>
   <div class='ocr_carea' id='block_1_41' title="bbox 270 3044 1865 3124">
    <p class='ocr_par' dir='ltr' id='par_1_41' title="bbox 270 3044 1865 3124">
     <span class='ocr_line' id='line_1_42' title="bbox 270 3044 1865 3124; baseline -0.007 -15"><span class='ocrx_word' id='word_1_246' title='bbox 270 3055 449 3124; x_wconf 84' lang='lat' dir='ltr'><strong>igitur</strong></span> <span class='ocrx_word' id='word_1_247' title='bbox 476 3053 529 3107; x_wconf 91' lang='lat' dir='ltr'><strong>in</strong></span> <span class='ocrx_word' id='word_1_248' title='bbox 559 3052 703 3121; x_wconf 92' lang='lat' dir='ltr'><strong>pium</strong></span> <span class='ocrx_word' id='word_1_249' title='bbox 729 3049 1005 3124; x_wconf 75' lang='lat' dir='ltr'><strong>religionis</strong></span> <span class='ocrx_word' id='word_1_250' title='bbox 1029 3061 1302 3124; x_wconf 64' lang='lat' dir='ltr'><strong>sacraeque</strong></span> <span class='ocrx_word' id='word_1_251' title='bbox 1322 3044 1673 3124; x_wconf 67' lang='lat' dir='ltr'><strong>(ediscultum</strong></span> <span class='ocrx_word' id='word_1_252' title='bbox 1701 3050 1865 3124; x_wconf 76' lang='lat' dir='ltr'><strong>noctu</strong></span> 
     </span>
    </p>
   </div>
   <div class='ocr_carea' id='block_1_42' title="bbox 1923 455 3504 534">
    <p class='ocr_par' dir='ltr' id='par_1_42' title="bbox 1923 455 3504 534">
     <span class='ocr_line' id='line_1_43' title="bbox 1923 455 3504 534; baseline -0.01 -12"><span class='ocrx_word' id='word_1_253' title='bbox 1923 455 1966 522; x_wconf 72' lang='lat' dir='ltr'><strong>si</strong></span> <span class='ocrx_word' id='word_1_254' title='bbox 1993 455 2155 534; x_wconf 75' lang='lat' dir='ltr'><strong>quum</strong></span> <span class='ocrx_word' id='word_1_255' title='bbox 2184 455 2447 531; x_wconf 73' lang='lat' dir='ltr'><strong>nusquam</strong></span> <span class='ocrx_word' id='word_1_256' title='bbox 2487 462 2537 516; x_wconf 91' lang='lat' dir='ltr'><strong>id</strong></span> <span class='ocrx_word' id='word_1_257' title='bbox 2569 460 2735 534; x_wconf 81' lang='lat' dir='ltr'><strong>moris</strong></span> <span class='ocrx_word' id='word_1_258' title='bbox 2773 456 3168 534; x_wconf 79' lang='lat' dir='ltr'><strong>c_oI_n_periisset,_</strong></span> <span class='ocrx_word' id='word_1_259' title='bbox 3216 455 3390 508; x_wconf 91' lang='lat' dir='ltr'><strong>adhuc</strong></span> <span class='ocrx_word' id='word_1_260' title='bbox 3418 455 3504 507; x_wconf 85' lang='lat' dir='ltr'><strong>in-</strong></span> 
     </span>
    </p>
   </div>
   <div class='ocr_carea' id='block_1_43' title="bbox 1925 525 3510 600">
    <p class='ocr_par' dir='ltr' id='par_1_43' title="bbox 1925 525 3510 600">
     <span class='ocr_line' id='line_1_44' title="bbox 1925 525 3510 600; baseline -0.008 -11"><span class='ocrx_word' id='word_1_261' title='bbox 1925 525 2063 589; x_wconf 51' lang='lat' dir='ltr'><strong>ﬂat-is</strong></span> <span class='ocrx_word' id='word_1_262' title='bbox 2091 535 2273 588; x_wconf 83' lang='lat' dir='ltr'><strong>buccis</strong></span> <span class='ocrx_word' id='word_1_263' title='bbox 2297 525 2409 586; x_wconf 72' lang='lat' dir='ltr'><strong>lucc</strong></span> <span class='ocrx_word' id='word_1_264' title='bbox 2433 530 2771 600; x_wconf 83' lang='lat' dir='ltr'><strong>protulisset:</strong></span> <span class='ocrx_word' id='word_1_265' title='bbox 2795 526 3044 600; x_wconf 48' lang='lat' dir='ltr'><strong>Videmus</strong></span> <span class='ocrx_word' id='word_1_266' title='bbox 3066 525 3510 600; x_wconf 70' lang='lat' dir='ltr'><strong>molescereorum</strong></span> 
     </span>
    </p>
   </div>
   <div class='ocr_carea' id='block_1_44' title="bbox 1924 594 3510 675">
    <p class='ocr_par' dir='ltr' id='par_1_44' title="bbox 1924 594 3510 675">
     <span class='ocr_line' id='line_1_45' title="bbox 1924 594 3510 675; baseline -0.006 -16"><span class='ocrx_word' id='word_1_267' title='bbox 1924 606 2032 661; x_wconf 88' lang='lat' dir='ltr'><strong>sole</strong></span> <span class='ocrx_word' id='word_1_268' title='bbox 2058 604 2284 675; x_wconf 72' lang='lat' dir='ltr'><strong>fulgente</strong></span> <span class='ocrx_word' id='word_1_269' title='bbox 2321 594 2565 675; x_wconf 31' lang='lat' dir='ltr'><strong>accendit</strong></span> <span class='ocrx_word' id='word_1_270' title='bbox 2682 598 2911 675; x_wconf 75' lang='lat' dir='ltr'><strong>Cyrillus</strong></span> <span class='ocrx_word' id='word_1_271' title='bbox 2939 596 3145 675; x_wconf 66' lang='lat' dir='ltr'><strong>Hieros.</strong></span> <span class='ocrx_word' id='word_1_272' title='bbox 3170 594 3510 675; x_wconf 45' lang='lat' dir='ltr'><strong>.Hierouymu</strong></span> 
     </span>
    </p>
   </div>
   <div class='ocr_carea' id='block_1_45' title="bbox 1926 664 3509 743">
    <p class='ocr_par' dir='ltr' id='par_1_45' title="bbox 1926 664 3509 743">
     <span class='ocr_line' id='line_1_46' title="bbox 1926 664 3509 743; baseline -0.006 -15"><span class='ocrx_word' id='word_1_273' title='bbox 1926 664 2291 743; x_wconf 18' lang='lat' dir='ltr'><strong>antiquioriin</strong></span> <span class='ocrx_word' id='word_1_274' title='bbox 2322 671 2470 741; x_wconf 63' lang='lat' dir='ltr'><strong>praef.</strong></span> <span class='ocrx_word' id='word_1_275' title='bbox 2503 670 2569 724; x_wconf 91' lang='lat' dir='ltr'><strong>ad</strong></span> <span class='ocrx_word' id='word_1_276' title='bbox 2595 664 2934 743; x_wconf 74' lang='lat' dir='ltr'><strong>Catecheses,</strong></span> <span class='ocrx_word' id='word_1_277' title='bbox 2982 674 3037 720; x_wconf 91' lang='lat' dir='ltr'><strong>et</strong></span> <span class='ocrx_word' id='word_1_278' title='bbox 3060 664 3310 743; x_wconf 41' lang='grc' dir='ltr'><strong>διψῇ-ξ.</strong></span> <span class='ocrx_word' id='word_1_279' title='bbox 3344 664 3509 733; x_wconf 66' lang='grc' dir='ltr'><strong>(ἶνες.</strong></span> 
     </span>
    </p>
   </div>
   <div class='ocr_carea' id='block_1_46' title="bbox 1926 734 3511 811">
    <p class='ocr_par' dir='ltr' id='par_1_46' title="bbox 1926 734 3511 811">
     <span class='ocr_line' id='line_1_47' title="bbox 1926 734 3511 811; baseline -0.007 -12"><span class='ocrx_word' id='word_1_280' title='bbox 1926 734 2175 800; x_wconf 72' lang='lat' dir='ltr'><strong>Nazianz.</strong></span> <span class='ocrx_word' id='word_1_281' title='bbox 2212 734 2543 811; x_wconf 76' lang='lat' dir='ltr'><strong>Hieronymo</strong></span> <span class='ocrx_word' id='word_1_282' title='bbox 2568 755 2779 811; x_wconf 69' lang='lat' dir='ltr'><strong>cozevus</strong></span> <span class='ocrx_word' id='word_1_283' title='bbox 2804 738 2878 811; x_wconf 90' lang='lat' dir='ltr'><strong>_iu</strong></span> <span class='ocrx_word' id='word_1_284' title='bbox 2906 745 3047 811; x_wconf 71' lang='lat' dir='ltr'><strong>erat.</strong></span> <span class='ocrx_word' id='word_1_285' title='bbox 3192 734 3390 811; x_wconf 77' lang='lat' dir='ltr'><strong>aliique</strong></span> <span class='ocrx_word' id='word_1_286' title='bbox 3427 744 3511 811; x_wconf 59' lang='lat' dir='ltr'><strong>te:</strong></span> 
     </span>
    </p>
   </div>
   <div class='ocr_carea' id='block_1_47' title="bbox 1927 804 3515 880">
    <p class='ocr_par' dir='ltr' id='par_1_47' title="bbox 1927 804 3515 880">
     <span class='ocr_line' id='line_1_48' title="bbox 1927 804 3515 880; baseline -0.008 -11"><span class='ocrx_word' id='word_1_287' title='bbox 1927 822 2139 869; x_wconf 86' lang='lat' dir='ltr'><strong>stantur</strong></span> <span class='ocrx_word' id='word_1_288' title='bbox 2169 812 2220 865; x_wconf 91' lang='lat' dir='ltr'><strong>in</strong></span> <span class='ocrx_word' id='word_1_289' title='bbox 2272 804 2596 880; x_wconf 77' lang='lat' dir='ltr'><strong>baptismate</strong></span> <span class='ocrx_word' id='word_1_290' title='bbox 2624 807 2957 863; x_wconf 89' lang='lat' dir='ltr'><strong>conliciendo</strong></span> <span class='ocrx_word' id='word_1_291' title='bbox 2988 804 3270 880; x_wconf 80' lang='lat' dir='ltr'><strong>luminaria</strong></span> <span class='ocrx_word' id='word_1_292' title='bbox 3302 804 3515 859; x_wconf 91' lang='lat' dir='ltr'><strong>incendi</strong></span> 
     </span>
    </p>
   </div>
   <div class='ocr_carea' id='block_1_48' title="bbox 1930 875 3517 949">
    <p class='ocr_par' dir='ltr' id='par_1_48' title="bbox 1930 875 3517 949">
     <span class='ocr_line' id='line_1_49' title="bbox 1930 875 3517 949; baseline -0.008 -10"><span class='ocrx_word' id='word_1_293' title='bbox 1930 885 2111 939; x_wconf 88' lang='lat' dir='ltr'><strong>solita.</strong></span> <span class='ocrx_word' id='word_1_294' title='bbox 2161 881 2326 949; x_wconf 87' lang='lat' dir='ltr'><strong>Igitur</strong></span> <span class='ocrx_word' id='word_1_295' title='bbox 2348 875 2572 933; x_wconf 71' lang='lat' dir='ltr'><strong>iliurnus</strong></span> <span class='ocrx_word' id='word_1_296' title='bbox 2599 894 2878 933; x_wconf 90' lang='lat' dir='ltr'><strong>cereorum</strong></span> <span class='ocrx_word' id='word_1_297' title='bbox 2906 891 3035 949; x_wconf 81' lang='lat' dir='ltr'><strong>usus</strong></span> <span class='ocrx_word' id='word_1_298' title='bbox 3071 875 3253 949; x_wconf 67' lang='lat' dir='ltr'><strong>negari</strong></span> <span class='ocrx_word' id='word_1_299' title='bbox 3274 889 3517 949; x_wconf 71' lang='lat' dir='ltr'><strong>nonpo-</strong></span> 
     </span>
    </p>
   </div>
   <div class='ocr_carea' id='block_1_49' title="bbox 1934 944 3518 1017">
    <p class='ocr_par' dir='ltr' id='par_1_49' title="bbox 1934 944 3518 1017">
     <span class='ocr_line' id='line_1_50' title="bbox 1934 944 3518 1017; baseline -0.008 -9"><span class='ocrx_word' id='word_1_300' title='bbox 1934 961 2091 1008; x_wconf 90' lang='lat' dir='ltr'><strong>terat.</strong></span> <span class='ocrx_word' id='word_1_301' title='bbox 2144 944 2317 1006; x_wconf 73' lang='lat' dir='ltr'><strong>causa</strong></span> <span class='ocrx_word' id='word_1_302' title='bbox 2359 950 2537 1017; x_wconf 88' lang='lat' dir='ltr'><strong>itaque</strong></span> <span class='ocrx_word' id='word_1_303' title='bbox 2586 964 2683 1002; x_wconf 90' lang='lat' dir='ltr'><strong>cur</strong></span> <span class='ocrx_word' id='word_1_304' title='bbox 2729 947 3142 1017; x_wconf 84' lang='lat' dir='ltr'><strong>incenderentur</strong></span> <span class='ocrx_word' id='word_1_305' title='bbox 3171 944 3518 1017; x_wconf 73' lang='lat' dir='ltr'><strong>Vigilantiam</strong></span> 
     </span>
    </p>
   </div>
   <div class='ocr_carea' id='block_1_50' title="bbox 1933 1014 3519 1082">
    <p class='ocr_par' dir='ltr' id='par_1_50' title="bbox 1933 1014 3519 1082">
     <span class='ocr_line' id='line_1_51' title="bbox 1933 1014 3519 1082; baseline -0.007 -5"><span class='ocrx_word' id='word_1_306' title='bbox 1933 1024 1998 1077; x_wconf 90' lang='lat' dir='ltr'><strong>ad</strong></span> <span class='ocrx_word' id='word_1_307' title='bbox 2027 1021 2347 1075; x_wconf 70' lang='lat' dir='ltr'><strong>calumniam</strong></span> <span class='ocrx_word' id='word_1_308' title='bbox 2375 1014 2655 1072; x_wconf 84' lang='lat' dir='ltr'><strong>catholicis</strong></span> <span class='ocrx_word' id='word_1_309' title='bbox 2686 1016 3023 1082; x_wconf 84' lang='lat' dir='ltr'><strong>inlligendam</strong></span> <span class='ocrx_word' id='word_1_310' title='bbox 3051 1022 3325 1078; x_wconf 82' lang='lat' dir='ltr'><strong>moverat;</strong></span> <span class='ocrx_word' id='word_1_311' title='bbox 3373 1014 3519 1067; x_wconf 89' lang='lat' dir='ltr'><strong>arbi-</strong></span> 
     </span>
    </p>
   </div>
   <div class='ocr_carea' id='block_1_51' title="bbox 1934 1084 3521 1154">
    <p class='ocr_par' dir='ltr' id='par_1_51' title="bbox 1934 1084 3521 1154">
     <span class='ocr_line' id='line_1_52' title="bbox 1934 1084 3521 1154; baseline -0.006 -8"><span class='ocrx_word' id='word_1_312' title='bbox 1934 1093 2178 1147; x_wconf 89' lang='lat' dir='ltr'><strong>trabatur</strong></span> <span class='ocrx_word' id='word_1_313' title='bbox 2205 1091 2346 1143; x_wconf 89' lang='lat' dir='ltr'><strong>enim</strong></span> <span class='ocrx_word' id='word_1_314' title='bbox 2379 1090 2431 1142; x_wconf 91' lang='lat' dir='ltr'><strong>id</strong></span> <span class='ocrx_word' id='word_1_315' title='bbox 2459 1105 2488 1141; x_wconf 90' lang='lat' dir='ltr'><strong>a</strong></span> <span class='ocrx_word' id='word_1_316' title='bbox 2520 1088 2784 1153; x_wconf 88' lang='lat' dir='ltr'><strong>religiosis</strong></span> <span class='ocrx_word' id='word_1_317' title='bbox 2812 1086 3022 1154; x_wconf 77' lang='lat' dir='ltr'><strong>pupulis</strong></span> <span class='ocrx_word' id='word_1_318' title='bbox 3046 1084 3179 1145; x_wconf 78' lang='lat' dir='ltr'><strong>fieri,</strong></span> <span class='ocrx_word' id='word_1_319' title='bbox 3202 1084 3353 1153; x_wconf 89' lang='lat' dir='ltr'><strong>quasi</strong></span> <span class='ocrx_word' id='word_1_320' title='bbox 3378 1099 3521 1137; x_wconf 89' lang='lat' dir='ltr'><strong>mar-</strong></span> 
     </span>
    </p>
   </div>
   <div class='ocr_carea' id='block_1_52' title="bbox 1938 1154 3517 1232">
    <p class='ocr_par' dir='ltr' id='par_1_52' title="bbox 1938 1154 3517 1232">
     <span class='ocr_line' id='line_1_53' title="bbox 1938 1154 3517 1232; baseline -0.006 -17"><span class='ocrx_word' id='word_1_321' title='bbox 1938 1172 2081 1232; x_wconf 86' lang='lat' dir='ltr'><strong>tyres</strong></span> <span class='ocrx_word' id='word_1_322' title='bbox 2100 1161 2277 1232; x_wconf 81' lang='lat' dir='ltr'><strong>aliqua</strong></span> <span class='ocrx_word' id='word_1_323' title='bbox 2294 1158 2649 1232; x_wconf 89' lang='lat' dir='ltr'><strong>illust_r_atione</strong></span> <span class='ocrx_word' id='word_1_324' title='bbox 2678 1167 2733 1232; x_wconf 80' lang='lat' dir='ltr'><strong>et</strong></span> <span class='ocrx_word' id='word_1_325' title='bbox 2763 1156 2961 1232; x_wconf 78' lang='lat' dir='ltr'><strong>lumine</strong></span> <span class='ocrx_word' id='word_1_326' title='bbox 2976 1154 3323 1232; x_wconf 87' lang='lat' dir='ltr'><strong>crederentur</strong></span> <span class='ocrx_word' id='word_1_327' title='bbox 3336 1166 3517 1232; x_wconf 69' lang='lat' dir='ltr'><strong>egere,</strong></span> 
     </span>
    </p>
   </div>
   <div class='ocr_carea' id='block_1_53' title="bbox 1939 1223 3520 1291">
    <p class='ocr_par' dir='ltr' id='par_1_53' title="bbox 1939 1223 3520 1291">
     <span class='ocr_line' id='line_1_54' title="bbox 1939 1223 3520 1291; baseline -0.007 -6"><span class='ocrx_word' id='word_1_328' title='bbox 1939 1223 1997 1285; x_wconf 76' lang='lat' dir='ltr'><strong>ut</strong></span> <span class='ocrx_word' id='word_1_329' title='bbox 2018 1231 2156 1284; x_wconf 86' lang='lat' dir='ltr'><strong>beati</strong></span> <span class='ocrx_word' id='word_1_330' title='bbox 2187 1223 2387 1283; x_wconf 77' lang='lat' dir='ltr'><strong>essent.</strong></span> <span class='ocrx_word' id='word_1_331' title='bbox 2431 1227 2548 1281; x_wconf 81' lang='lat' dir='ltr'><strong>Non</strong></span> <span class='ocrx_word' id='word_1_332' title='bbox 2578 1227 2753 1280; x_wconf 86' lang='lat' dir='ltr'><strong>vendo</strong></span> <span class='ocrx_word' id='word_1_333' title='bbox 2792 1224 3156 1291; x_wconf 89' lang='lat' dir='ltr'><strong>conjecturam</strong></span> <span class='ocrx_word' id='word_1_334' title='bbox 3187 1239 3379 1285; x_wconf 87' lang='lat' dir='ltr'><strong>meam,</strong></span> <span class='ocrx_word' id='word_1_335' title='bbox 3428 1223 3520 1276; x_wconf 88' lang='lat' dir='ltr'><strong>sed</strong></span> 
     </span>
    </p>
   </div>
   <div class='ocr_carea' id='block_1_54' title="bbox 1938 1292 3523 1369">
    <p class='ocr_par' dir='ltr' id='par_1_54' title="bbox 1938 1292 3523 1369">
     <span class='ocr_line' id='line_1_55' title="bbox 1938 1292 3523 1369; baseline -0.006 -15"><span class='ocrx_word' id='word_1_336' title='bbox 1938 1301 2107 1369; x_wconf 84' lang='lat' dir='ltr'><strong>ipsam</strong></span> <span class='ocrx_word' id='word_1_337' title='bbox 2141 1298 2407 1365; x_wconf 80' lang='lat' dir='ltr'><strong>Vigilantii</strong></span> <span class='ocrx_word' id='word_1_338' title='bbox 2439 1297 2782 1369; x_wconf 83' lang='lat' dir='ltr'><strong>calumniam.</strong></span> <span class='ocrx_word' id='word_1_339' title='bbox 2834 1294 2991 1369; x_wconf 84' lang='lat' dir='ltr'><strong>Sunt_</strong></span> <span class='ocrx_word' id='word_1_340' title='bbox 3017 1292 3263 1369; x_wconf 71' lang='lat' dir='ltr'><strong>ejusdem</strong></span> <span class='ocrx_word' id='word_1_341' title='bbox 3286 1293 3523 1369; x_wconf 62' lang='lat' dir='ltr'><strong>hieretici</strong></span> 
     </span>
    </p>
   </div>
   <div class='ocr_carea' id='block_1_55' title="bbox 1938 1362 3525 1437">
    <p class='ocr_par' dir='ltr' id='par_1_55' title="bbox 1938 1362 3525 1437">
     <span class='ocr_line' id='line_1_56' title="bbox 1938 1362 3525 1437; baseline -0.006 -14"><span class='ocrx_word' id='word_1_342' title='bbox 1938 1362 2099 1423; x_wconf 70' lang='lat' dir='ltr'><strong>verba</strong></span> <span class='ocrx_word' id='word_1_343' title='bbox 2127 1387 2139 1420; x_wconf 92' lang='lat'>:</span> <span class='ocrx_word' id='word_1_344' title='bbox 2177 1362 2226 1420; x_wconf 67' lang='lat' dir='ltr'><strong>bl</strong></span> <span class='ocrx_word' id='word_1_345' title='bbox 2234 1384 2425 1437; x_wconf 85' lang='lat' dir='ltr'><strong>agnum</strong></span> <span class='ocrx_word' id='word_1_346' title='bbox 2448 1368 2692 1419; x_wconf 81' lang='lat' dir='ltr'><strong>honorem</strong></span> <span class='ocrx_word' id='word_1_347' title='bbox 2720 1365 2951 1434; x_wconf 77' lang='lat' dir='ltr'><strong>prtebent</strong></span> <span class='ocrx_word' id='word_1_348' title='bbox 2973 1362 3265 1437; x_wconf 60' lang='lat' dir='ltr'><strong>hujusrnodi</strong></span> <span class='ocrx_word' id='word_1_349' title='bbox 3288 1362 3525 1437; x_wconf 74' lang='lat' dir='ltr'><strong>homines</strong></span> 
     </span>
    </p>
   </div>
   <div class='ocr_carea' id='block_1_56' title="bbox 1940 1430 3528 1506">
    <p class='ocr_par' dir='ltr' id='par_1_56' title="bbox 1940 1430 3528 1506">
     <span class='ocr_line' id='line_1_57' title="bbox 1940 1430 3528 1506; baseline -0.005 -14"><span class='ocrx_word' id='word_1_350' title='bbox 1940 1439 2249 1491; x_wconf 86' lang='lat' dir='ltr'><strong>beatissimis</strong></span> <span class='ocrx_word' id='word_1_351' title='bbox 2270 1430 2609 1506; x_wconf 64' lang='lat' dir='ltr'><strong>nwrtyribus,</strong></span> <span class='ocrx_word' id='word_1_352' title='bbox 2632 1430 2755 1505; x_wconf 83' lang='lat' dir='ltr'><strong>quos</strong></span> <span class='ocrx_word' id='word_1_353' title='bbox 2782 1442 2963 1503; x_wconf 87' lang='lat' dir='ltr'><strong>putant</strong></span> <span class='ocrx_word' id='word_1_354' title='bbox 2986 1430 3048 1484; x_wconf 81' lang='lat' dir='ltr'><strong>de</strong></span> <span class='ocrx_word' id='word_1_355' title='bbox 3068 1430 3326 1506; x_wconf 59' lang='lat' dir='ltr'><strong>vilissimis</strong></span> <span class='ocrx_word' id='word_1_356' title='bbox 3356 1446 3528 1506; x_wconf 41' lang='lat' dir='ltr'><strong>cerea:</strong></span> 
     </span>
    </p>
   </div>
   <div class='ocr_carea' id='block_1_57' title="bbox 1942 1502 3527 1575">
    <p class='ocr_par' dir='ltr' id='par_1_57' title="bbox 1942 1502 3527 1575">
     <span class='ocr_line' id='line_1_58' title="bbox 1942 1502 3527 1575; baseline -0.006 -13"><span class='ocrx_word' id='word_1_357' title='bbox 1942 1511 2007 1563; x_wconf 90' lang='lat' dir='ltr'><strong>lis</strong></span> <span class='ocrx_word' id='word_1_358' title='bbox 2036 1502 2552 1575; x_wconf 39' lang='lat' dir='ltr'><strong>illustrandosfquos</strong></span> <span class='ocrx_word' id='word_1_359' title='bbox 2580 1502 2787 1573; x_wconf 82' lang='lat' dir='ltr'><strong>Agnus,</strong></span> <span class='ocrx_word' id='word_1_360' title='bbox 2827 1506 2913 1574; x_wconf 89' lang='lat' dir='ltr'><strong>qui</strong></span> <span class='ocrx_word' id='word_1_361' title='bbox 2952 1513 3028 1575; x_wconf 81' lang='lat' dir='ltr'><strong>est</strong></span> <span class='ocrx_word' id='word_1_362' title='bbox 3063 1504 3118 1555; x_wconf 90' lang='lat' dir='ltr'><strong>in</strong></span> <span class='ocrx_word' id='word_1_363' title='bbox 3149 1502 3315 1575; x_wconf 61' lang='lat' dir='ltr'><strong>medio</strong></span> <span class='ocrx_word' id='word_1_364' title='bbox 3356 1502 3527 1575; x_wconf 77' lang='lat' dir='ltr'><strong>thruni</strong></span> 
     </span>
    </p>
   </div>
   <div class='ocr_carea' id='block_1_58' title="bbox 1943 1570 3530 1646">
    <p class='ocr_par' dir='ltr' id='par_1_58' title="bbox 1943 1570 3530 1646">
     <span class='ocr_line' id='line_1_59' title="bbox 1943 1570 3530 1646; baseline -0.004 -16"><span class='ocrx_word' id='word_1_365' title='bbox 1943 1595 2055 1630; x_wconf 89' lang='lat' dir='ltr'><strong>cum</strong></span> <span class='ocrx_word' id='word_1_366' title='bbox 2091 1577 2232 1630; x_wconf 89' lang='lat' dir='ltr'><strong>omni</strong></span> <span class='ocrx_word' id='word_1_367' title='bbox 2262 1570 2461 1646; x_wconf 76' lang='lat' dir='ltr'><strong>fulgore</strong></span> <span class='ocrx_word' id='word_1_368' title='bbox 2490 1570 2777 1646; x_wconf 76' lang='lat' dir='ltr'><strong>majestatis</strong></span> <span class='ocrx_word' id='word_1_369' title='bbox 2804 1570 2913 1646; x_wconf 75' lang='lat' dir='ltr'><strong>sua:</strong></span> <span class='ocrx_word' id='word_1_370' title='bbox 2940 1570 3530 1646; x_wconf 78' lang='lat' dir='ltr'><strong>illustrat.__Responde_t</strong></span> 
     </span>
    </p>
   </div>
   <div class='ocr_carea' id='block_1_59' title="bbox 1945 1640 3530 1715">
    <p class='ocr_par' dir='ltr' id='par_1_59' title="bbox 1945 1640 3530 1715">
     <span class='ocr_line' id='line_1_60' title="bbox 1945 1640 3530 1715; baseline -0.004 -15"><span class='ocrx_word' id='word_1_371' title='bbox 1945 1661 2074 1715; x_wconf 84' lang='lat' dir='ltr'><strong>ergo</strong></span> <span class='ocrx_word' id='word_1_372' title='bbox 2102 1640 2481 1715; x_wconf 76' lang='lat' dir='ltr'><strong>Hieronymus,</strong></span> <span class='ocrx_word' id='word_1_373' title='bbox 2529 1640 2633 1698; x_wconf 79' lang='lat' dir='ltr'><strong>non</strong></span> <span class='ocrx_word' id='word_1_374' title='bbox 2665 1644 2817 1715; x_wconf 85' lang='lat' dir='ltr'><strong>clara</strong></span> <span class='ocrx_word' id='word_1_375' title='bbox 2841 1644 2979 1715; x_wconf 89' lang='lat' dir='ltr'><strong>lucc_</strong></span> <span class='ocrx_word' id='word_1_376' title='bbox 3000 1641 3435 1715; x_wconf 77' lang='lat' dir='ltr'><strong>accendicereos</strong></span> <span class='ocrx_word' id='word_1_377' title='bbox 3460 1640 3530 1693; x_wconf 90' lang='lat' dir='ltr'><strong>ab</strong></span> 
     </span>
    </p>
   </div>
   <div class='ocr_carea' id='block_1_60' title="bbox 1948 1710 3529 1777">
    <p class='ocr_par' dir='ltr' id='par_1_60' title="bbox 1948 1710 3529 1777">
     <span class='ocr_line' id='line_1_61' title="bbox 1948 1710 3529 1777; baseline -0.005 -8"><span class='ocrx_word' id='word_1_378' title='bbox 1948 1710 2254 1770; x_wconf 65' lang='lat' dir='ltr'><strong>hoininibus</strong></span> <span class='ocrx_word' id='word_1_379' title='bbox 2271 1710 2369 1769; x_wconf 81' lang='lat' dir='ltr'><strong>hac</strong></span> <span class='ocrx_word' id='word_1_380' title='bbox 2386 1716 2595 1769; x_wconf 90' lang='lat' dir='ltr'><strong>ratione</strong></span> <span class='ocrx_word' id='word_1_381' title='bbox 2610 1714 2870 1775; x_wconf 74' lang='lat' dir='ltr'><strong>adductis,</strong></span> <span class='ocrx_word' id='word_1_382' title='bbox 2889 1712 2983 1767; x_wconf 91' lang='lat' dir='ltr'><strong>sed</strong></span> <span class='ocrx_word' id='word_1_383' title='bbox 2999 1712 3066 1765; x_wconf 90' lang='lat' dir='ltr'><strong>ad</strong></span> <span class='ocrx_word' id='word_1_384' title='bbox 3085 1711 3282 1764; x_wconf 60' lang='lat' dir='ltr'><strong>laetitiae</strong></span> <span class='ocrx_word' id='word_1_385' title='bbox 3294 1710 3503 1777; x_wconf 89' lang='lat' dir='ltr'><strong>signum</strong></span> <span class='ocrx_word' id='word_1_386' title='bbox 3514 1752 3529 1775; x_wconf 92' lang='lat'><strong>,</strong></span> 
     </span>
    </p>
   </div>
   <div class='ocr_carea' id='block_1_61' title="bbox 1950 1780 3533 1852">
    <p class='ocr_par' dir='ltr' id='par_1_61' title="bbox 1950 1780 3533 1852">
     <span class='ocr_line' id='line_1_62' title="bbox 1950 1780 3533 1852; baseline -0.004 -13"><span class='ocrx_word' id='word_1_387' title='bbox 1950 1796 2005 1839; x_wconf 93' lang='lat' dir='ltr'><strong>ut</strong></span> <span class='ocrx_word' id='word_1_388' title='bbox 2033 1785 2171 1839; x_wconf 83' lang='lat' dir='ltr'><strong>intra</strong></span> <span class='ocrx_word' id='word_1_389' title='bbox 2199 1785 2521 1851; x_wconf 81' lang='lat' dir='ltr'><strong>evangelicis</strong></span> <span class='ocrx_word' id='word_1_390' title='bbox 2546 1784 2807 1852; x_wconf 82' lang='lat' dir='ltr'><strong>exemplis</strong></span> <span class='ocrx_word' id='word_1_391' title='bbox 2832 1782 3051 1851; x_wconf 87' lang='lat' dir='ltr'><strong>probat;</strong></span> <span class='ocrx_word' id='word_1_392' title='bbox 3096 1795 3279 1852; x_wconf 85' lang='lat' dir='ltr'><strong>neque</strong></span> <span class='ocrx_word' id='word_1_393' title='bbox 3306 1781 3406 1852; x_wconf 85' lang='lat' dir='ltr'><strong>sub</strong></span> <span class='ocrx_word' id='word_1_394' title='bbox 3432 1780 3533 1852; x_wconf 82' lang='lat' dir='ltr'><strong>hac</strong></span> 
     </span>
    </p>
   </div>
   <div class='ocr_carea' id='block_1_62' title="bbox 1948 1850 3533 1936">
    <p class='ocr_par' dir='ltr' id='par_1_62' title="bbox 1948 1850 3533 1936">
     <span class='ocr_line' id='line_1_63' title="bbox 1948 1850 3533 1936; baseline -0.004 -27"><span class='ocrx_word' id='word_1_395' title='bbox 1948 1850 2396 1936; x_wconf 75' lang='lat' dir='ltr'><strong>prava_npini_oue</strong></span> <span class='ocrx_word' id='word_1_396' title='bbox 2441 1850 2721 1936; x_wconf 79' lang='lat' dir='ltr'><strong>nocturno</strong></span> <span class='ocrx_word' id='word_1_397' title='bbox 2737 1850 2980 1936; x_wconf 70' lang='lat' dir='ltr'><strong>temppre</strong></span> <span class='ocrx_word' id='word_1_398' title='bbox 3028 1850 3533 1936; x_wconf 38' lang='lat' dir='ltr'><strong>sciere-luminaria</strong></span> 
     </span>
    </p>
   </div>
   <div class='ocr_carea' id='block_1_63' title="bbox 1949 1921 3534 1989">
    <p class='ocr_par' dir='ltr' id='par_1_63' title="bbox 1949 1921 3534 1989">
     <span class='ocr_line' id='line_1_64' title="bbox 1949 1921 3534 1989; baseline -0.004 -10"><span class='ocrx_word' id='word_1_399' title='bbox 1949 1921 2194 1989; x_wconf 68' lang='lat' dir='ltr'><strong>incendi,</strong></span> <span class='ocrx_word' id='word_1_400' title='bbox 2211 1924 2306 1979; x_wconf 91' lang='lat' dir='ltr'><strong>sed</strong></span> <span class='ocrx_word' id='word_1_401' title='bbox 2336 1932 2394 1977; x_wconf 91' lang='lat' dir='ltr'><strong>ut</strong></span> <span class='ocrx_word' id='word_1_402' title='bbox 2423 1924 2596 1978; x_wconf 89' lang='lat' dir='ltr'><strong>noctis</strong></span> <span class='ocrx_word' id='word_1_403' title='bbox 2617 1923 2852 1977; x_wconf 77' lang='lat' dir='ltr'><strong>tenebra:</strong></span> <span class='ocrx_word' id='word_1_404' title='bbox 2882 1922 2988 1976; x_wconf 92' lang='lat' dir='ltr'><strong>hoc</strong></span> <span class='ocrx_word' id='word_1_405' title='bbox 3007 1921 3205 1976; x_wconf 88' lang='lat' dir='ltr'><strong>solatio</strong></span> <span class='ocrx_word' id='word_1_406' title='bbox 3228 1927 3534 1989; x_wconf 75' lang='lat' dir='ltr'><strong>temperen-</strong></span> 
     </span>
    </p>
   </div>
   <div class='ocr_carea' id='block_1_64' title="bbox 1951 1989 3531 2059">
    <p class='ocr_par' dir='ltr' id='par_1_64' title="bbox 1951 1989 3531 2059">
     <span class='ocr_line' id='line_1_65' title="bbox 1951 1989 3531 2059; baseline -0.004 -10"><span class='ocrx_word' id='word_1_407' title='bbox 1951 2004 2056 2059; x_wconf 88' lang='lat' dir='ltr'><strong>tur,</strong></span> <span class='ocrx_word' id='word_1_408' title='bbox 2108 2010 2175 2049; x_wconf 91' lang='lat' dir='ltr'><strong>ne</strong></span> <span class='ocrx_word' id='word_1_409' title='bbox 2211 1994 2340 2049; x_wconf 64' lang='lat' dir='ltr'><strong>caeci</strong></span> <span class='ocrx_word' id='word_1_410' title='bbox 2385 2009 2507 2048; x_wconf 92' lang='lat' dir='ltr'><strong>cum</strong></span> <span class='ocrx_word' id='word_1_411' title='bbox 2533 1992 2817 2059; x_wconf 84' lang='lat' dir='ltr'><strong>Vigilantio</strong></span> <span class='ocrx_word' id='word_1_412' title='bbox 2866 1993 2919 2045; x_wconf 89' lang='lat' dir='ltr'><strong>in</strong></span> <span class='ocrx_word' id='word_1_413' title='bbox 2966 1990 3204 2046; x_wconf 88' lang='lat' dir='ltr'><strong>tenebris</strong></span> <span class='ocrx_word' id='word_1_414' title='bbox 3243 1989 3531 2044; x_wconf 88' lang='lat' dir='ltr'><strong>dormiant.</strong></span> 
     </span>
    </p>
   </div>
   <div class='ocr_carea' id='block_1_65' title="bbox 1951 2060 3535 2143">
    <p class='ocr_par' dir='ltr' id='par_1_65' title="bbox 1951 2060 3535 2143">
     <span class='ocr_line' id='line_1_66' title="bbox 1951 2060 3535 2143; baseline -0.005 -25"><span class='ocrx_word' id='word_1_415' title='bbox 1951 2065 2097 2143; x_wconf 60' lang='lat' dir='ltr'><strong>:I‘unr</strong></span> <span class='ocrx_word' id='word_1_416' title='bbox 2124 2064 2466 2143; x_wconf 73' lang='lat' dir='ltr'><strong>subsequitur</strong></span> <span class='ocrx_word' id='word_1_417' title='bbox 2503 2081 2515 2115; x_wconf 87' lang='lat'><strong>:</strong></span> <span class='ocrx_word' id='word_1_418' title='bbox 2554 2078 2617 2116; x_wconf 84' lang='lat' dir='ltr'><strong>ac</strong></span> <span class='ocrx_word' id='word_1_419' title='bbox 2646 2063 2697 2143; x_wconf 43' lang='lat' dir='ltr'><strong>si.</strong></span> <span class='ocrx_word' id='word_1_420' title='bbox 2720 2064 2811 2143; x_wconf 88' lang='lat' dir='ltr'><strong>qui</strong></span> <span class='ocrx_word' id='word_1_421' title='bbox 2855 2061 3220 2143; x_wconf 43' lang='lat' dir='ltr'><strong>lorent_intenr</strong></span> <span class='ocrx_word' id='word_1_422' title='bbox 3264 2060 3535 2143; x_wconf 67' lang='lat' dir='ltr'><strong>seculares</strong></span> 
     </span>
    </p>
   </div>
   <div class='ocr_carea' id='block_1_66' title="bbox 1952 2129 3535 2201">
    <p class='ocr_par' dir='ltr' id='par_1_66' title="bbox 1952 2129 3535 2201">
     <span class='ocr_line' id='line_1_67' title="bbox 1952 2129 3535 2201; baseline -0.004 -14"><span class='ocrx_word' id='word_1_423' title='bbox 1952 2134 2217 2197; x_wconf 84' lang='lat' dir='ltr'><strong>homines,</strong></span> <span class='ocrx_word' id='word_1_424' title='bbox 2247 2129 2577 2201; x_wconf 81' lang='lat' dir='ltr'><strong>feminasque</strong></span> <span class='ocrx_word' id='word_1_425' title='bbox 2604 2129 2900 2201; x_wconf 85' lang='lat' dir='ltr'><strong>religiosas,</strong></span> <span class='ocrx_word' id='word_1_426' title='bbox 2928 2132 3021 2201; x_wconf 91' lang='lat' dir='ltr'><strong>qui</strong></span> <span class='ocrx_word' id='word_1_427' title='bbox 3050 2131 3155 2184; x_wconf 92' lang='lat' dir='ltr'><strong>hoc</strong></span> <span class='ocrx_word' id='word_1_428' title='bbox 3178 2130 3419 2183; x_wconf 86' lang='lat' dir='ltr'><strong>facerent</strong></span> <span class='ocrx_word' id='word_1_429' title='bbox 3436 2129 3535 2183; x_wconf 91' lang='lat' dir='ltr'><strong>sub</strong></span> 
     </span>
    </p>
   </div>
   <div class='ocr_carea' id='block_1_67' title="bbox 1953 2203 3538 2271">
    <p class='ocr_par' dir='ltr' id='par_1_67' title="bbox 1953 2203 3538 2271">
     <span class='ocr_line' id='line_1_68' title="bbox 1953 2203 3538 2271; baseline -0.004 -13"><span class='ocrx_word' id='word_1_430' title='bbox 1953 2220 2016 2258; x_wconf 93' lang='lat' dir='ltr'><strong>ea</strong></span> <span class='ocrx_word' id='word_1_431' title='bbox 2074 2204 2280 2257; x_wconf 87' lang='lat' dir='ltr'><strong>ratione</strong></span> <span class='ocrx_word' id='word_1_432' title='bbox 2325 2218 2444 2271; x_wconf 65' lang='lat' dir='ltr'><strong>qua:</strong></span> <span class='ocrx_word' id='word_1_433' title='bbox 2470 2203 2759 2270; x_wconf 79' lang='lat' dir='ltr'><strong>Vigilantio</strong></span> <span class='ocrx_word' id='word_1_434' title='bbox 2799 2203 2850 2255; x_wconf 91' lang='lat' dir='ltr'><strong>in</strong></span> <span class='ocrx_word' id='word_1_435' title='bbox 2884 2209 3121 2256; x_wconf 88' lang='lat' dir='ltr'><strong>mentem</strong></span> <span class='ocrx_word' id='word_1_436' title='bbox 3148 2208 3391 2271; x_wconf 78' lang='lat' dir='ltr'><strong>venerat,</strong></span> <span class='ocrx_word' id='word_1_437' title='bbox 3442 2214 3538 2252; x_wconf 85' lang='lat' dir='ltr'><strong>eos</strong></span> 
     </span>
    </p>
   </div>
   <div class='ocr_carea' id='block_1_68' title="bbox 1954 2268 3537 2338">
    <p class='ocr_par' dir='ltr' id='par_1_68' title="bbox 1954 2268 3537 2338">
     <span class='ocr_line' id='line_1_69' title="bbox 1954 2268 3537 2338; baseline -0.004 -11"><span class='ocrx_word' id='word_1_438' title='bbox 1954 2281 2197 2336; x_wconf 83' lang='lat' dir='ltr'><strong>excusat,</strong></span> <span class='ocrx_word' id='word_1_439' title='bbox 2247 2281 2303 2327; x_wconf 90' lang='lat' dir='ltr'><strong>et</strong></span> <span class='ocrx_word' id='word_1_440' title='bbox 2345 2268 2465 2327; x_wconf 60' lang='lat' dir='ltr'><strong>seio</strong></span> <span class='ocrx_word' id='word_1_441' title='bbox 2495 2268 2590 2327; x_wconf 84' lang='lat' dir='ltr'><strong>Dei</strong></span> <span class='ocrx_word' id='word_1_442' title='bbox 2635 2286 2699 2327; x_wconf 89' lang='lat' dir='ltr'><strong>ac</strong></span> <span class='ocrx_word' id='word_1_443' title='bbox 2735 2273 2851 2327; x_wconf 87' lang='lat' dir='ltr'><strong>sine</strong></span> <span class='ocrx_word' id='word_1_444' title='bbox 2902 2271 3127 2327; x_wconf 91' lang='lat' dir='ltr'><strong>crimine</strong></span> <span class='ocrx_word' id='word_1_445' title='bbox 3177 2268 3232 2324; x_wconf 91' lang='lat' dir='ltr'><strong>id</strong></span> <span class='ocrx_word' id='word_1_446' title='bbox 3262 2278 3537 2338; x_wconf 85' lang='lat' dir='ltr'><strong>peractum</strong></span> 
     </span>
    </p>
   </div>
   <div class='ocr_carea' id='block_1_69' title="bbox 1955 2338 3539 2414">
    <p class='ocr_par' dir='ltr' id='par_1_69' title="bbox 1955 2338 3539 2414">
     <span class='ocr_line' id='line_1_70' title="bbox 1955 2338 3539 2414; baseline -0.005 -17"><span class='ocrx_word' id='word_1_447' title='bbox 1955 2344 2172 2398; x_wconf 88' lang='lat' dir='ltr'><strong>evincit.</strong></span> <span class='ocrx_word' id='word_1_448' title='bbox 2193 2344 2251 2396; x_wconf 91' lang='lat' dir='ltr'><strong>Si</strong></span> <span class='ocrx_word' id='word_1_449' title='bbox 2276 2344 2493 2412; x_wconf 77' lang='lat' dir='ltr'><strong>faciunt,</strong></span> <span class='ocrx_word' id='word_1_450' title='bbox 2525 2344 2618 2405; x_wconf 85' lang='lat' dir='ltr'><strong>ait,</strong></span> <span class='ocrx_word' id='word_1_451' title='bbox 2652 2344 2773 2414; x_wconf 87' lang='lat' dir='ltr'><strong>quid</strong></span> <span class='ocrx_word' id='word_1_452' title='bbox 2800 2344 2920 2414; x_wconf 88' lang='lat' dir='ltr'><strong>inde</strong></span> <span class='ocrx_word' id='word_1_453' title='bbox 2945 2340 3155 2411; x_wconf 88' lang='lat' dir='ltr'><strong>perdis?</strong></span> <span class='ocrx_word' id='word_1_454' title='bbox 3182 2338 3539 2414; x_wconf 72' lang='lat' dir='ltr'><strong>Causabautur</strong></span> 
     </span>
    </p>
   </div>
   <div class='ocr_carea' id='block_1_70' title="bbox 1956 2407 3540 2485">
    <p class='ocr_par' dir='ltr' id='par_1_70' title="bbox 1956 2407 3540 2485">
     <span class='ocr_line' id='line_1_71' title="bbox 1956 2407 3540 2485; baseline -0.004 -19"><span class='ocrx_word' id='word_1_455' title='bbox 1956 2414 2215 2485; x_wconf 85' lang='lat' dir='ltr'><strong>quondam</strong></span> <span class='ocrx_word' id='word_1_456' title='bbox 2241 2407 2289 2465; x_wconf 82' lang='lat' dir='ltr'><strong>et</strong></span> <span class='ocrx_word' id='word_1_457' title='bbox 2313 2414 2554 2485; x_wconf 75' lang='lat' dir='ltr'><strong>apostoli,</strong></span> <span class='ocrx_word' id='word_1_458' title='bbox 2587 2407 2723 2484; x_wconf 79' lang='lat' dir='ltr'><strong>quod</strong></span> <span class='ocrx_word' id='word_1_459' title='bbox 2749 2407 3294 2485; x_wconf 45' lang='lat' dir='ltr'><strong>periret&#39;unguentum,</strong></span> <span class='ocrx_word' id='word_1_460' title='bbox 3324 2408 3415 2485; x_wconf 80' lang='lat' dir='ltr'><strong>sed</strong></span> <span class='ocrx_word' id='word_1_461' title='bbox 3435 2407 3540 2485; x_wconf 55' lang='lat' dir='ltr'><strong>lio-</strong></span> 
     </span>
    </p>
   </div>
   <div class='ocr_carea' id='block_1_71' title="bbox 1958 2477 3541 2553">
    <p class='ocr_par' dir='ltr' id='par_1_71' title="bbox 1958 2477 3541 2553">
     <span class='ocr_line' id='line_1_72' title="bbox 1958 2477 3541 2553; baseline -0.005 -16"><span class='ocrx_word' id='word_1_462' title='bbox 1958 2477 2084 2537; x_wconf 80' lang='lat' dir='ltr'><strong>mini</strong></span> <span class='ocrx_word' id='word_1_463' title='bbox 2108 2498 2225 2537; x_wconf 84' lang='lat' dir='ltr'><strong>voce</strong></span> <span class='ocrx_word' id='word_1_464' title='bbox 2245 2477 2467 2551; x_wconf 75' lang='lat' dir='ltr'><strong>correpti</strong></span> <span class='ocrx_word' id='word_1_465' title='bbox 2487 2477 2608 2535; x_wconf 78' lang='lat' dir='ltr'><strong>sani</strong></span> <span class='ocrx_word' id='word_1_466' title='bbox 2621 2500 2638 2545; x_wconf 91' lang='lat'><em>;</em></span> <span class='ocrx_word' id='word_1_467' title='bbox 2664 2477 2824 2553; x_wconf 78' lang='lat' dir='ltr'><strong>neque</strong></span> <span class='ocrx_word' id='word_1_468' title='bbox 2851 2484 2989 2535; x_wconf 89' lang='lat' dir='ltr'><strong>enim</strong></span> <span class='ocrx_word' id='word_1_469' title='bbox 3019 2477 3279 2553; x_wconf 79' lang='lat' dir='ltr'><strong>Christus_</strong></span> <span class='ocrx_word' id='word_1_470' title='bbox 3280 2477 3541 2553; x_wconf 82' lang='lat' dir='ltr'><strong>indigebat</strong></span> 
     </span>
    </p>
   </div>
   <div class='ocr_carea' id='block_1_72' title="bbox 1958 2548 3541 2623">
    <p class='ocr_par' dir='ltr' id='par_1_72' title="bbox 1958 2548 3541 2623">
     <span class='ocr_line' id='line_1_73' title="bbox 1958 2548 3541 2623; baseline -0.003 -18"><span class='ocrx_word' id='word_1_471' title='bbox 1958 2564 2240 2623; x_wconf 86' lang='lat' dir='ltr'><strong>unguento,</strong></span> <span class='ocrx_word' id='word_1_472' title='bbox 2283 2569 2377 2605; x_wconf 91' lang='lat' dir='ltr'><strong>nec</strong></span> <span class='ocrx_word' id='word_1_473' title='bbox 2395 2548 2656 2622; x_wconf 78' lang='lat' dir='ltr'><strong>martyres</strong></span> <span class='ocrx_word' id='word_1_474' title='bbox 2688 2548 2878 2623; x_wconf 72' lang='lat' dir='ltr'><strong>lumine</strong></span> <span class='ocrx_word' id='word_1_475' title='bbox 2906 2566 3187 2623; x_wconf 72' lang='lat' dir='ltr'><strong>cereorum.</strong></span> <span class='ocrx_word' id='word_1_476' title='bbox 3238 2548 3318 2602; x_wconf 86' lang='grc' dir='ltr'>Ειι</span> <span class='ocrx_word' id='word_1_477' title='bbox 3349 2548 3541 2623; x_wconf 73' lang='lat' dir='ltr'><strong>iterum</strong></span> 
     </span>
    </p>
   </div>
   <div class='ocr_carea' id='block_1_73' title="bbox 1961 2617 3544 2691">
    <p class='ocr_par' dir='ltr' id='par_1_73' title="bbox 1961 2617 3544 2691">
     <span class='ocr_line' id='line_1_74' title="bbox 1961 2617 3544 2691; baseline -0.004 -15"><span class='ocrx_word' id='word_1_478' title='bbox 1961 2617 2232 2690; x_wconf 75' lang='lat' dir='ltr'><strong>Vigilantii</strong></span> <span class='ocrx_word' id='word_1_479' title='bbox 2260 2637 2411 2676; x_wconf 89' lang='lat' dir='ltr'><strong>mens</strong></span> <span class='ocrx_word' id='word_1_480' title='bbox 2439 2617 2710 2691; x_wconf 72' lang='lat' dir='ltr'><strong>expressa.</strong></span> <span class='ocrx_word' id='word_1_481' title='bbox 2745 2621 3014 2691; x_wconf 87' lang='lat' dir='ltr'><strong>Credebat</strong></span> <span class='ocrx_word' id='word_1_482' title='bbox 3050 2620 3139 2674; x_wconf 90' lang='lat' dir='ltr'><strong>ille</strong></span> <span class='ocrx_word' id='word_1_483' title='bbox 3179 2633 3367 2691; x_wconf 83' lang='lat' dir='ltr'><strong>cereos</strong></span> <span class='ocrx_word' id='word_1_484' title='bbox 3416 2617 3544 2691; x_wconf 83' lang='lat' dir='ltr'><strong>ideo</strong></span> 
     </span>
    </p>
   </div>
   <div class='ocr_carea' id='block_1_74' title="bbox 1964 2688 3546 2761">
    <p class='ocr_par' dir='ltr' id='par_1_74' title="bbox 1964 2688 3546 2761">
     <span class='ocr_line' id='line_1_75' title="bbox 1964 2688 3546 2761; baseline -0.003 -16"><span class='ocrx_word' id='word_1_485' title='bbox 1964 2688 2175 2747; x_wconf 81' lang='lat' dir='ltr'><strong>incendi</strong></span> <span class='ocrx_word' id='word_1_486' title='bbox 2214 2708 2243 2745; x_wconf 89' lang='lat' dir='ltr'><strong>a</strong></span> <span class='ocrx_word' id='word_1_487' title='bbox 2278 2688 2540 2751; x_wconf 77' lang='lat' dir='ltr'><strong>ﬁdelibus,</strong></span> <span class='ocrx_word' id='word_1_488' title='bbox 2571 2692 2695 2760; x_wconf 88' lang='lat' dir='ltr'><strong>quia</strong></span> <span class='ocrx_word' id='word_1_489' title='bbox 2721 2691 2921 2746; x_wconf 89' lang='lat' dir='ltr'><strong>lumine</strong></span> <span class='ocrx_word' id='word_1_490' title='bbox 2944 2690 3034 2744; x_wconf 89' lang='lat' dir='ltr'><strong>illo</strong></span> <span class='ocrx_word' id='word_1_491' title='bbox 3057 2697 3321 2761; x_wconf 83' lang='lat' dir='ltr'><strong>martyres</strong></span> <span class='ocrx_word' id='word_1_492' title='bbox 3342 2688 3546 2761; x_wconf 85' lang='lat' dir='ltr'><strong>indige-</strong></span> 
     </span>
    </p>
   </div>
   <div class='ocr_carea' id='block_1_75' title="bbox 1966 2758 3546 2832">
    <p class='ocr_par' dir='ltr' id='par_1_75' title="bbox 1966 2758 3546 2832">
     <span class='ocr_line' id='line_1_76' title="bbox 1966 2758 3546 2832; baseline -0.004 -16"><span class='ocrx_word' id='word_1_493' title='bbox 1966 2763 2315 2832; x_wconf 82' lang='lat' dir='ltr'><strong>rent,ethinc</strong></span> <span class='ocrx_word' id='word_1_494' title='bbox 2342 2761 2488 2814; x_wconf 91' lang='lat' dir='ltr'><strong>illum</strong></span> <span class='ocrx_word' id='word_1_495' title='bbox 2514 2758 2869 2832; x_wconf 84' lang='lat' dir='ltr'><strong>Hieronymus</strong></span> <span class='ocrx_word' id='word_1_496' title='bbox 2884 2761 3093 2832; x_wconf 86' lang='lat' dir='ltr'><strong>prolato</strong></span> <span class='ocrx_word' id='word_1_497' title='bbox 3108 2758 3357 2832; x_wconf 84' lang='lat' dir='ltr'><strong>exemplo</strong></span> <span class='ocrx_word' id='word_1_498' title='bbox 3375 2758 3546 2832; x_wconf 77' lang='lat' dir='ltr'><strong>incre-</strong></span> 
     </span>
    </p>
   </div>
   <div class='ocr_carea' id='block_1_76' title="bbox 1966 2828 3547 2902">
    <p class='ocr_par' dir='ltr' id='par_1_76' title="bbox 1966 2828 3547 2902">
     <span class='ocr_line' id='line_1_77' title="bbox 1966 2828 3547 2902; baseline -0.002 -17"><span class='ocrx_word' id='word_1_499' title='bbox 1966 2839 2079 2902; x_wconf 92' lang='lat' dir='ltr'><strong>pat.</strong></span> <span class='ocrx_word' id='word_1_500' title='bbox 2096 2830 2152 2885; x_wconf 88' lang='lat' dir='ltr'><strong>Si</strong></span> <span class='ocrx_word' id='word_1_501' title='bbox 2168 2831 2431 2896; x_wconf 82' lang='lat' dir='ltr'><strong>Christus,</strong></span> <span class='ocrx_word' id='word_1_502' title='bbox 2456 2832 2541 2902; x_wconf 86' lang='lat' dir='ltr'><strong>cui</strong></span> <span class='ocrx_word' id='word_1_503' title='bbox 2564 2828 2821 2898; x_wconf 79' lang='lat' dir='ltr'><strong>unguenti</strong></span> <span class='ocrx_word' id='word_1_504' title='bbox 2844 2828 2989 2885; x_wconf 80' lang='lat' dir='ltr'><strong>nulla</strong></span> <span class='ocrx_word' id='word_1_505' title='bbox 3010 2838 3127 2902; x_wconf 76' lang='lat' dir='ltr'><strong>er_a_t</strong></span> <span class='ocrx_word' id='word_1_506' title='bbox 3151 2828 3460 2902; x_wconf 81' lang='lat' dir='ltr'><strong>necessitas,</strong></span> <span class='ocrx_word' id='word_1_507' title='bbox 3481 2828 3547 2882; x_wconf 85' lang='lat' dir='ltr'><strong>fe-</strong></span> 
     </span>
    </p>
   </div>
   <div class='ocr_carea' id='block_1_77' title="bbox 1965 2896 3543 2970">
    <p class='ocr_par' dir='ltr' id='par_1_77' title="bbox 1965 2896 3543 2970">
     <span class='ocr_line' id='line_1_78' title="bbox 1965 2896 3543 2970; baseline -0.004 -14"><span class='ocrx_word' id='word_1_508' title='bbox 1965 2896 2165 2956; x_wconf 79' lang='lat' dir='ltr'><strong>minam</strong></span> <span class='ocrx_word' id='word_1_509' title='bbox 2191 2910 2476 2970; x_wconf 89' lang='lat' dir='ltr'><strong>ungentem</strong></span> <span class='ocrx_word' id='word_1_510' title='bbox 2494 2896 2748 2965; x_wconf 81' lang='lat' dir='ltr'><strong>laudavit,</strong></span> <span class='ocrx_word' id='word_1_511' title='bbox 2762 2916 2859 2955; x_wconf 91' lang='lat' dir='ltr'><strong>cur</strong></span> <span class='ocrx_word' id='word_1_512' title='bbox 2872 2909 2927 2955; x_wconf 88' lang='lat' dir='ltr'><strong>et</strong></span> <span class='ocrx_word' id='word_1_513' title='bbox 2940 2914 3039 2970; x_wconf 85' lang='lat' dir='ltr'><strong>nos</strong></span> <span class='ocrx_word' id='word_1_514' title='bbox 3049 2896 3410 2970; x_wconf 83' lang='lat' dir='ltr'><strong>Christianum</strong></span> <span class='ocrx_word' id='word_1_515' title='bbox 3436 2913 3543 2950; x_wconf 90' lang='lat' dir='ltr'><strong>non</strong></span> 
     </span>
    </p>
   </div>
   <div class='ocr_carea' id='block_1_78' title="bbox 1968 2968 3547 3040">
    <p class='ocr_par' dir='ltr' id='par_1_78' title="bbox 1968 2968 3547 3040">
     <span class='ocr_line' id='line_1_79' title="bbox 1968 2968 3547 3040; baseline -0.004 -14"><span class='ocrx_word' id='word_1_516' title='bbox 1968 2968 2428 3033; x_wconf 84' lang='lat' dir='ltr'><strong>commendemus,</strong></span> <span class='ocrx_word' id='word_1_517' title='bbox 2447 2972 2538 3040; x_wconf 93' lang='lat' dir='ltr'><strong>qui</strong></span> <span class='ocrx_word' id='word_1_518' title='bbox 2561 2970 2881 3040; x_wconf 81' lang='lat' dir='ltr'><strong>martyribus</strong></span> <span class='ocrx_word' id='word_1_519' title='bbox 2910 2969 3110 3024; x_wconf 90' lang='lat' dir='ltr'><strong>lumine</strong></span> <span class='ocrx_word' id='word_1_520' title='bbox 3138 2968 3547 3040; x_wconf 81' lang='lat' dir='ltr'><strong>haudquaquam</strong></span> 
     </span>
    </p>
   </div>
   <div class='ocr_carea' id='block_1_79' title="bbox 1967 3036 3549 3112">
    <p class='ocr_par' dir='ltr' id='par_1_79' title="bbox 1967 3036 3549 3112">
     <span class='ocr_line' id='line_1_80' title="bbox 1967 3036 3549 3112; baseline -0.005 -15"><span class='ocrx_word' id='word_1_521' title='bbox 1967 3044 2129 3112; x_wconf 79' lang='lat'><strong>837</strong></span> <span class='ocrx_word' id='word_1_522' title='bbox 2156 3041 2437 3112; x_wconf 80' lang='lat' dir='ltr'><strong>egentibus</strong></span> <span class='ocrx_word' id='word_1_523' title='bbox 2451 3036 2639 3112; x_wconf 79' lang='lat' dir='ltr'><strong>cereos</strong></span> <span class='ocrx_word' id='word_1_524' title='bbox 2661 3036 2944 3112; x_wconf 78' lang='lat' dir='ltr'><strong>accendit?</strong></span> <span class='ocrx_word' id='word_1_525' title='bbox 2970 3040 3038 3093; x_wconf 83' lang='lat' dir='ltr'><strong>At</strong></span> <span class='ocrx_word' id='word_1_526' title='bbox 3064 3038 3359 3095; x_wconf 89' lang='lat' dir='ltr'><strong>secundum</strong></span> <span class='ocrx_word' id='word_1_527' title='bbox 3384 3036 3549 3112; x_wconf 81' lang='lat' dir='ltr'><strong>scien-</strong></span> 
     </span>
    </p>
   </div>
   <div class='ocr_carea' id='block_1_80' title="bbox 272 3108 3550 3192">
    <p class='ocr_par' dir='ltr' id='par_1_80' title="bbox 272 3108 3550 3192">
     <span class='ocr_line' id='line_1_81' title="bbox 272 3108 3550 3192; baseline -0.006 -13"><span class='ocrx_word' id='word_1_528' title='bbox 272 3108 401 3180; x_wconf 59' lang='grc' dir='ltr'><strong>ἤδη</strong></span> <span class='ocrx_word' id='word_1_529' title='bbox 420 3108 595 3177; x_wconf 74' lang='grc' dir='ltr'>ιιιὶιιιιέ</span> <span class='ocrx_word' id='word_1_530' title='bbox 614 3136 774 3190; x_wconf 85' lang='lat' dir='ltr'><strong>quam</strong></span> <span class='ocrx_word' id='word_1_531' title='bbox 791 3108 1571 3192; x_wconf 46' lang='lat' dir='ltr'><strong>invterdiulampades_adhiberi</strong></span> <span class='ocrx_word' id='word_1_532' title='bbox 1595 3114 1861 3192; x_wconf 77' lang='lat' dir='ltr'><strong>solebant.</strong></span> <span class='ocrx_word' id='word_1_533' title='bbox 1896 3129 1941 3192; x_wconf 72' lang='grc' dir='ltr'><strong>ρ</strong></span> <span class='ocrx_word' id='word_1_534' title='bbox 1973 3108 2111 3167; x_wconf 66' lang='lat' dir='ltr'><strong>tiam</strong></span> <span class='ocrx_word' id='word_1_535' title='bbox 2112 3189 2117 3192; x_wconf 16' lang='grc' dir='ltr'><strong>Δ</strong></span> <span class='ocrx_word' id='word_1_536' title='bbox 2133 3108 2239 3165; x_wconf 89' lang='lat' dir='ltr'><strong>non</strong></span> <span class='ocrx_word' id='word_1_537' title='bbox 2268 3110 2491 3192; x_wconf 71' lang='lat' dir='ltr'><strong>faciunt.</strong></span> <span class='ocrx_word' id='word_1_538' title='bbox 2531 3110 2700 3192; x_wconf 40' lang='lat' dir='ltr'><strong>illud.</strong></span> <span class='ocrx_word' id='word_1_539' title='bbox 2723 3125 2912 3192; x_wconf 71' lang='lat' dir='ltr'><strong>yerum</strong></span> <span class='ocrx_word' id='word_1_540' title='bbox 2937 3124 3135 3192; x_wconf 65' lang='lat' dir='ltr'><strong>omne;</strong></span> <span class='ocrx_word' id='word_1_541' title='bbox 3163 3118 3355 3192; x_wconf 68' lang='lat' dir='ltr'><strong>neque</strong></span> <span class='ocrx_word' id='word_1_542' title='bbox 3407 3108 3550 3192; x_wconf 71' lang='lat' dir='ltr'><strong>enim</strong></span> 
     </span>
    </p>
   </div>
   <div class='ocr_carea' id='block_1_81' title="bbox 273 3183 1868 3262">
    <p class='ocr_par' dir='ltr' id='par_1_81' title="bbox 273 3183 1868 3262">
     <span class='ocr_line' id='line_1_82' title="bbox 273 3183 1868 3262; baseline -0.007 -14"><span class='ocrx_word' id='word_1_543' title='bbox 273 3195 401 3262; x_wconf 84' lang='lat' dir='ltr'><strong>Quo</strong></span> <span class='ocrx_word' id='word_1_544' title='bbox 447 3207 579 3262; x_wconf 80' lang='lat' dir='ltr'><strong>sane</strong></span> <span class='ocrx_word' id='word_1_545' title='bbox 625 3183 932 3262; x_wconf 55' lang='lat' dir='ltr'><strong>expressius</strong></span> <span class='ocrx_word' id='word_1_546' title='bbox 970 3186 1103 3262; x_wconf 83' lang='lat' dir='ltr'><strong>nihil</strong></span> <span class='ocrx_word' id='word_1_547' title='bbox 1145 3183 1376 3262; x_wconf 76' lang='lat' dir='ltr'><strong>reperiri</strong></span> <span class='ocrx_word' id='word_1_548' title='bbox 1418 3192 1626 3262; x_wconf 64' lang='lat' dir='ltr'><strong>potest_1</strong></span> <span class='ocrx_word' id='word_1_549' title='bbox 1664 3183 1868 3262; x_wconf 71' lang='lat' dir='ltr'><strong>Addam</strong></span> 
     </span>
    </p>
   </div>
   <div class='ocr_carea' id='block_1_82' title="bbox 274 3252 1869 3336">
    <p class='ocr_par' dir='ltr' id='par_1_82' title="bbox 274 3252 1869 3336">
     <span class='ocr_line' id='line_1_83' title="bbox 274 3252 1869 3336; baseline -0.008 -17"><span class='ocrx_word' id='word_1_550' title='bbox 274 3252 449 3336; x_wconf 56' lang='lat' dir='ltr'><strong>Etiam</strong></span> <span class='ocrx_word' id='word_1_551' title='bbox 494 3252 739 3336; x_wconf 57' lang='lat' dir='ltr'><strong>Yenant&#39;ii</strong></span> <span class='ocrx_word' id='word_1_552' title='bbox 780 3257 1079 3336; x_wconf 78' lang='lat' dir='ltr'><strong>Fortunati,</strong></span> <span class='ocrx_word' id='word_1_553' title='bbox 1129 3252 1229 3336; x_wconf 73' lang='lat' dir='ltr'><strong>qui</strong></span> <span class='ocrx_word' id='word_1_554' title='bbox 1268 3272 1388 3336; x_wconf 68' lang='lat' dir='ltr'><strong>uno</strong></span> <span class='ocrx_word' id='word_1_555' title='bbox 1418 3252 1572 3336; x_wconf 39' lang='grc' dir='ltr'><strong>ᾔρει..</strong></span> <span class='ocrx_word' id='word_1_556' title='bbox 1589 3252 1869 3309; x_wconf 84' lang='lat' dir='ltr'><strong>Paulinum</strong></span> 
     </span>
    </p>
   </div>
   <div class='ocr_carea' id='block_1_83' title="bbox 275 3324 1866 3393">
    <p class='ocr_par' dir='ltr' id='par_1_83' title="bbox 275 3324 1866 3393">
     <span class='ocr_line' id='line_1_84' title="bbox 275 3324 1866 3393; baseline -0.006 -6"><span class='ocrx_word' id='word_1_557' title='bbox 275 3332 468 3387; x_wconf 85' lang='lat' dir='ltr'><strong>seculo</strong></span> <span class='ocrx_word' id='word_1_558' title='bbox 491 3328 689 3393; x_wconf 82' lang='lat' dir='ltr'><strong>ﬂoruit,</strong></span> <span class='ocrx_word' id='word_1_559' title='bbox 720 3328 1105 3382; x_wconf 89' lang='lat' dir='ltr'><strong>testimonium.</strong></span> <span class='ocrx_word' id='word_1_560' title='bbox 1134 3324 1396 3379; x_wconf 83' lang='lat' dir='ltr'><strong>Describit</strong></span> <span class='ocrx_word' id='word_1_561' title='bbox 1418 3324 1505 3379; x_wconf 93' lang='lat' dir='ltr'><strong>ille</strong></span> <span class='ocrx_word' id='word_1_562' title='bbox 1521 3324 1613 3377; x_wconf 92' lang='lat' dir='ltr'><strong>lib.</strong></span> <span class='ocrx_word' id='word_1_563' title='bbox 1631 3340 1682 3387; x_wconf 86' lang='lat' dir='ltr'><strong>v,</strong></span> <span class='ocrx_word' id='word_1_564' title='bbox 1702 3340 1866 3378; x_wconf 92' lang='lat' dir='ltr'><strong>carm.</strong></span> 
     </span>
    </p>
   </div>
   <div class='ocr_carea' id='block_1_84' title="bbox 276 3393 1871 3465">
    <p class='ocr_par' dir='ltr' id='par_1_84' title="bbox 276 3393 1871 3465">
     <span class='ocr_line' id='line_1_85' title="bbox 276 3393 1871 3465; baseline -0.003 -10"><span class='ocrx_word' id='word_1_565' title='bbox 276 3401 334 3465; x_wconf 85' lang='lat'><strong>5,</strong></span> <span class='ocrx_word' id='word_1_566' title='bbox 370 3402 516 3455; x_wconf 91' lang='lat' dir='ltr'><strong>diem</strong></span> <span class='ocrx_word' id='word_1_567' title='bbox 541 3398 730 3453; x_wconf 89' lang='lat' dir='ltr'><strong>festum</strong></span> <span class='ocrx_word' id='word_1_568' title='bbox 754 3397 1117 3461; x_wconf 83' lang='lat' dir='ltr'><strong>Ascensionis,</strong></span> <span class='ocrx_word' id='word_1_569' title='bbox 1148 3394 1580 3465; x_wconf 87' lang='lat' dir='ltr'><strong>populorumque</strong></span> <span class='ocrx_word' id='word_1_570' title='bbox 1605 3393 1674 3448; x_wconf 89' lang='lat' dir='ltr'><strong>ad</strong></span> <span class='ocrx_word' id='word_1_571' title='bbox 1704 3395 1871 3450; x_wconf 84' lang='lat' dir='ltr'><strong>eccle-</strong></span> 
     </span>
    </p>
   </div>
   <div class='ocr_carea' id='block_1_85' title="bbox 278 3468 1013 3531">
    <p class='ocr_par' dir='ltr' id='par_1_85' title="bbox 278 3468 1013 3531">
     <span class='ocr_line' id='line_1_86' title="bbox 278 3468 1013 3531; baseline -0.012 -3"><span class='ocrx_word' id='word_1_572' title='bbox 278 3472 423 3527; x_wconf 84' lang='lat' dir='ltr'><strong>siam</strong></span> <span class='ocrx_word' id='word_1_573' title='bbox 451 3483 795 3531; x_wconf 87' lang='lat' dir='ltr'><strong>concursum,</strong></span> <span class='ocrx_word' id='word_1_574' title='bbox 828 3474 883 3521; x_wconf 90' lang='lat' dir='ltr'><strong>et</strong></span> <span class='ocrx_word' id='word_1_575' title='bbox 902 3468 1013 3521; x_wconf 92' lang='lat' dir='ltr'><strong>ait:</strong></span> 
     </span>
    </p>
   </div>
   <div class='ocr_carea' id='block_1_86' title="bbox 413 3554 1665 3618">
    <p class='ocr_par' dir='ltr' id='par_1_86' title="bbox 413 3554 1665 3618">
     <span class='ocr_line' id='line_1_87' title="bbox 413 3554 1665 3618; baseline -0.005 -10"><span class='ocrx_word' id='word_1_576' title='bbox 413 3558 643 3617; x_wconf 86' lang='lat' dir='ltr'><strong>Undique</strong></span> <span class='ocrx_word' id='word_1_577' title='bbox 664 3562 798 3618; x_wconf 86' lang='lat' dir='ltr'><strong>rapta</strong></span> <span class='ocrx_word' id='word_1_578' title='bbox 823 3569 966 3618; x_wconf 86' lang='lat' dir='ltr'><strong>manu</strong></span> <span class='ocrx_word' id='word_1_579' title='bbox 991 3554 1072 3603; x_wconf 79' lang='lat' dir='ltr'><strong>lux</strong></span> <span class='ocrx_word' id='word_1_580' title='bbox 1097 3567 1245 3618; x_wconf 82' lang='lat' dir='ltr'><strong>cerea</strong></span> <span class='ocrx_word' id='word_1_581' title='bbox 1265 3561 1495 3616; x_wconf 83' lang='lat' dir='ltr'><strong>provocat</strong></span> <span class='ocrx_word' id='word_1_582' title='bbox 1515 3558 1665 3613; x_wconf 74' lang='lat' dir='ltr'><strong>astra,</strong></span> 
     </span>
    </p>
   </div>
   <div class='ocr_carea' id='block_1_87' title="bbox 477 3614 1467 3670">
    <p class='ocr_par' dir='ltr' id='par_1_87' title="bbox 477 3614 1467 3670">
     <span class='ocr_line' id='line_1_88' title="bbox 477 3614 1467 3670; baseline -0.009 0"><span class='ocrx_word' id='word_1_583' title='bbox 477 3614 659 3670; x_wconf 78' lang='lat' dir='ltr'><strong>Credas</strong></span> <span class='ocrx_word' id='word_1_584' title='bbox 676 3614 732 3668; x_wconf 84' lang='lat' dir='ltr'><strong>ut</strong></span> <span class='ocrx_word' id='word_1_585' title='bbox 751 3617 909 3667; x_wconf 81' lang='lat' dir='ltr'><strong>stellis</strong></span> <span class='ocrx_word' id='word_1_586' title='bbox 932 3620 1005 3665; x_wconf 89' lang='lat' dir='ltr'><strong>ire</strong></span> <span class='ocrx_word' id='word_1_587' title='bbox 1029 3614 1278 3665; x_wconf 80' lang='lat' dir='ltr'><strong>trahendo</strong></span> <span class='ocrx_word' id='word_1_588' title='bbox 1288 3628 1467 3665; x_wconf 85' lang='lat' dir='ltr'><strong>comas.</strong></span> 
     </span>
    </p>
   </div>
   <div class='ocr_carea' id='block_1_88' title="bbox 415 3674 1741 3738">
    <p class='ocr_par' dir='ltr' id='par_1_88' title="bbox 415 3674 1741 3738">
     <span class='ocr_line' id='line_1_89' title="bbox 415 3674 1741 3738; baseline -0.007 -6"><span class='ocrx_word' id='word_1_589' title='bbox 415 3681 629 3732; x_wconf 84' lang='lat' dir='ltr'><strong>Lacteus</strong></span> <span class='ocrx_word' id='word_1_590' title='bbox 652 3682 761 3728; x_wconf 84' lang='lat' dir='ltr'><strong>hinc</strong></span> <span class='ocrx_word' id='word_1_591' title='bbox 784 3681 908 3728; x_wconf 86' lang='lat' dir='ltr'><strong>vesti</strong></span> <span class='ocrx_word' id='word_1_592' title='bbox 930 3679 1063 3726; x_wconf 86' lang='lat' dir='ltr'><strong>rolor</strong></span> <span class='ocrx_word' id='word_1_593' title='bbox 1084 3684 1177 3736; x_wconf 82' lang='lat' dir='ltr'><strong>est,</strong></span> <span class='ocrx_word' id='word_1_594' title='bbox 1202 3676 1554 3738; x_wconf 85' lang='lat' dir='ltr'><strong>hinclampade</strong></span> <span class='ocrx_word' id='word_1_595' title='bbox 1581 3674 1741 3738; x_wconf 78' lang='lat' dir='ltr'><strong>fulgor</strong></span> 
     </span>
    </p>
   </div>
   <div class='ocr_carea' id='block_1_89' title="bbox 478 3736 1420 3801">
    <p class='ocr_par' dir='ltr' id='par_1_89' title="bbox 478 3736 1420 3801">
     <span class='ocr_line' id='line_1_90' title="bbox 478 3736 1420 3801; baseline -0.008 -9"><span class='ocrx_word' id='word_1_596' title='bbox 478 3742 698 3799; x_wconf 90' lang='lat' dir='ltr'><strong>Ducitur,</strong></span> <span class='ocrx_word' id='word_1_597' title='bbox 726 3748 777 3790; x_wconf 89' lang='lat' dir='ltr'><strong>et</strong></span> <span class='ocrx_word' id='word_1_598' title='bbox 800 3742 933 3791; x_wconf 90' lang='lat' dir='ltr'><strong>vario</strong></span> <span class='ocrx_word' id='word_1_599' title='bbox 951 3740 1130 3801; x_wconf 89' lang='lat' dir='ltr'><strong>lumine</strong></span> <span class='ocrx_word' id='word_1_600' title='bbox 1157 3738 1279 3801; x_wconf 89' lang='lat' dir='ltr'><strong>picta</strong></span> <span class='ocrx_word' id='word_1_601' title='bbox 1299 3736 1420 3785; x_wconf 90' lang='lat' dir='ltr'><strong>dies.</strong></span> 
     </span>
    </p>
   </div>
   <div class='ocr_carea' id='block_1_90' title="bbox 414 3799 1598 3860">
    <p class='ocr_par' dir='ltr' id='par_1_90' title="bbox 414 3799 1598 3860">
     <span class='ocr_line' id='line_1_91' title="bbox 414 3799 1598 3860; baseline -0.006 -7"><span class='ocrx_word' id='word_1_602' title='bbox 414 3803 553 3854; x_wconf 80' lang='lat' dir='ltr'><strong>Inter</strong></span> <span class='ocrx_word' id='word_1_603' title='bbox 575 3802 891 3852; x_wconf 86' lang='lat' dir='ltr'><strong>candelabros</strong></span> <span class='ocrx_word' id='word_1_604' title='bbox 915 3800 1130 3849; x_wconf 82' lang='lat' dir='ltr'><strong>radiabat</strong></span> <span class='ocrx_word' id='word_1_605' title='bbox 1150 3799 1202 3849; x_wconf 84' lang='lat' dir='ltr'><strong>et</strong></span> <span class='ocrx_word' id='word_1_606' title='bbox 1225 3800 1328 3860; x_wconf 88' lang='lat' dir='ltr'><strong>ipse</strong></span> <span class='ocrx_word' id='word_1_607' title='bbox 1351 3799 1598 3848; x_wconf 85' lang='lat' dir='ltr'><strong>sacerdos.</strong></span> 
     </span>
    </p>
   </div>
   <div class='ocr_carea' id='block_1_91' title="bbox 287 3878 1877 3950">
    <p class='ocr_par' dir='ltr' id='par_1_91' title="bbox 287 3878 1877 3950">
     <span class='ocr_line' id='line_1_92' title="bbox 287 3878 1877 3950; baseline -0.006 -7"><span class='ocrx_word' id='word_1_608' title='bbox 287 3888 447 3943; x_wconf 86' lang='lat' dir='ltr'><strong>Nunc</strong></span> <span class='ocrx_word' id='word_1_609' title='bbox 476 3884 639 3939; x_wconf 89' lang='lat' dir='ltr'><strong>armis</strong></span> <span class='ocrx_word' id='word_1_610' title='bbox 665 3882 881 3936; x_wconf 85' lang='lat' dir='ltr'><strong>Baronii</strong></span> <span class='ocrx_word' id='word_1_611' title='bbox 905 3896 1018 3936; x_wconf 91' lang='lat' dir='ltr'><strong>rem</strong></span> <span class='ocrx_word' id='word_1_612' title='bbox 1049 3893 1223 3950; x_wconf 85' lang='lat' dir='ltr'><strong>agam.</strong></span> <span class='ocrx_word' id='word_1_613' title='bbox 1256 3878 1465 3950; x_wconf 88' lang='lat' dir='ltr'><strong>Laudat</strong></span> <span class='ocrx_word' id='word_1_614' title='bbox 1488 3879 1576 3935; x_wconf 89' lang='lat' dir='ltr'><strong>ille</strong></span> <span class='ocrx_word' id='word_1_615' title='bbox 1597 3879 1877 3950; x_wconf 84' lang='lat' dir='ltr'><strong>Epiphanii</strong></span> 
     </span>
    </p>
   </div>
   <div class='ocr_carea' id='block_1_92' title="bbox 288 3893 1879 4039">
    <p class='ocr_par' dir='ltr' id='par_1_92' title="bbox 288 3893 1879 4039">
     <span class='ocr_line' id='line_1_93' title="bbox 288 3893 1877 4003; baseline -0.006 -60"><span class='ocrx_word' id='word_1_616' title='bbox 288 3893 447 3943; x_wconf 82' lang='lat' dir='ltr'><strong>Nunc</strong></span> <span class='ocrx_word' id='word_1_617' title='bbox 476 3893 639 3939; x_wconf 86' lang='lat' dir='ltr'><strong>armis</strong></span> <span class='ocrx_word' id='word_1_618' title='bbox 668 3893 881 3936; x_wconf 76' lang='lat' dir='ltr'><strong>Baronn</strong></span> <span class='ocrx_word' id='word_1_619' title='bbox 905 3896 1018 3936; x_wconf 91' lang='lat' dir='ltr'><strong>rem</strong></span> <span class='ocrx_word' id='word_1_620' title='bbox 1049 3893 1223 4003; x_wconf 54' lang='lat' dir='ltr'><strong>agam.</strong></span> <span class='ocrx_word' id='word_1_621' title='bbox 1256 3893 1465 3934; x_wconf 79' lang='lat' dir='ltr'><strong>Laudat</strong></span> <span class='ocrx_word' id='word_1_622' title='bbox 1488 3893 1576 3935; x_wconf 85' lang='lat' dir='ltr'><strong>me</strong></span> <span class='ocrx_word' id='word_1_623' title='bbox 1598 3893 1877 3950; x_wconf 67' lang='lat' dir='ltr'><strong>bpipnann</strong></span> 
     </span>
     <span class='ocr_line' id='line_1_94' title="bbox 288 3949 1879 4039; baseline -0.001 1"><span class='ocrx_word' id='word_1_624' title='bbox 288 3956 581 4039; x_wconf 53' lang='lat' dir='ltr'><strong>erisnam</strong></span> <span class='ocrx_word' id='word_1_625' title='bbox 612 3953 679 4007; x_wconf 66' lang='lat' dir='ltr'><strong>ad</strong></span> <span class='ocrx_word' id='word_1_626' title='bbox 719 3951 1019 4039; x_wconf 59' lang='grc' dir='ltr'><strong>ἔοιιθηηειη</strong></span> <span class='ocrx_word' id='word_1_627' title='bbox 1044 3949 1333 4039; x_wconf 25' lang='grc' dir='ltr'><strong>,ηίετοίξφὲ</strong></span> <span class='ocrx_word' id='word_1_628' title='bbox 1365 3951 1538 4039; x_wconf 60' lang='grc' dir='ltr'><strong>βὲβ</strong></span> <span class='ocrx_word' id='word_1_629' title='bbox 1582 3951 1747 4039; x_wconf 51' lang='lat' dir='ltr'><strong>sese</strong></span> <span class='ocrx_word' id='word_1_630' title='bbox 1768 3950 1879 4039; x_wconf 60' lang='grc' dir='ltr'><strong>,ιω</strong></span> 
     </span>
    </p>
   </div>
   <div class='ocr_carea' id='block_1_93' title="bbox 291 4020 1874 4090">
    <p class='ocr_par' dir='ltr' id='par_1_93' title="bbox 291 4020 1874 4090">
     <span class='ocr_line' id='line_1_95' title="bbox 291 4020 1874 4090; baseline -0.004 -11"><span class='ocrx_word' id='word_1_631' title='bbox 291 4020 370 4080; x_wconf 75' lang='lat' dir='ltr'><strong>ait</strong></span> <span class='ocrx_word' id='word_1_632' title='bbox 399 4043 411 4075; x_wconf 87' lang='lat'>:</span> <span class='ocrx_word' id='word_1_633' title='bbox 439 4022 607 4088; x_wconf 83' lang='lat' dir='ltr'><strong>Quum</strong></span> <span class='ocrx_word' id='word_1_634' title='bbox 636 4025 884 4076; x_wconf 75' lang='lat' dir='ltr'><strong>venissem</strong></span> <span class='ocrx_word' id='word_1_635' title='bbox 926 4022 979 4074; x_wconf 90' lang='lat' dir='ltr'><strong>in</strong></span> <span class='ocrx_word' id='word_1_636' title='bbox 1010 4021 1183 4073; x_wconf 64' lang='lat' dir='ltr'><strong>uillam</strong></span> <span class='ocrx_word' id='word_1_637' title='bbox 1213 4036 1325 4090; x_wconf 76' lang='lat' dir='ltr'><strong>qua:</strong></span> <span class='ocrx_word' id='word_1_638' title='bbox 1353 4020 1540 4090; x_wconf 85' lang='lat' dir='ltr'><strong>dicitur</strong></span> <span class='ocrx_word' id='word_1_639' title='bbox 1570 4020 1874 4085; x_wconf 86' lang='lat' dir='ltr'><strong>Arablatha,</strong></span> 
     </span>
    </p>
   </div>
   <div class='ocr_carea' id='block_1_94' title="bbox 290 4089 1879 4163">
    <p class='ocr_par' dir='ltr' id='par_1_94' title="bbox 290 4089 1879 4163">
     <span class='ocr_line' id='line_1_96' title="bbox 290 4089 1879 4163; baseline -0.004 -15"><span class='ocrx_word' id='word_1_640' title='bbox 290 4096 635 4163; x_wconf 79' lang='lat' dir='ltr'><strong>vidissemque</strong></span> <span class='ocrx_word' id='word_1_641' title='bbox 662 4094 960 4162; x_wconf 75' lang='lat' dir='ltr'><strong>prteteriens</strong></span> <span class='ocrx_word' id='word_1_642' title='bbox 988 4089 1059 4143; x_wconf 92' lang='lat' dir='ltr'><strong>ibi</strong></span> <span class='ocrx_word' id='word_1_643' title='bbox 1089 4089 1351 4163; x_wconf 73' lang='lat' dir='ltr'><strong>lucernam</strong></span> <span class='ocrx_word' id='word_1_644' title='bbox 1380 4089 1667 4155; x_wconf 75' lang='lat' dir='ltr'><strong>ardentem,</strong></span> <span class='ocrx_word' id='word_1_645' title='bbox 1712 4092 1879 4163; x_wconf 86' lang='lat' dir='ltr'><strong>inter-</strong></span> 
     </span>
    </p>
   </div>
   <div class='ocr_carea' id='block_1_95' title="bbox 294 4159 1881 4236">
    <p class='ocr_par' dir='ltr' id='par_1_95' title="bbox 294 4159 1881 4236">
     <span class='ocr_line' id='line_1_97' title="bbox 294 4159 1881 4236; baseline -0.003 -19"><span class='ocrx_word' id='word_1_646' title='bbox 294 4159 794 4236; x_wconf 44' lang='lat' dir='ltr'><strong>rogassemque&#39;qnis</strong></span> <span class='ocrx_word' id='word_1_647' title='bbox 817 4164 957 4236; x_wconf 78' lang='lat' dir='ltr'><strong>locus</strong></span> <span class='ocrx_word' id='word_1_648' title='bbox 974 4168 1136 4236; x_wconf 72' lang='lat' dir='ltr'><strong>esset,</strong></span> <span class='ocrx_word' id='word_1_649' title='bbox 1158 4159 1547 4236; x_wconf 55' lang='lat' dir='ltr'><strong>didicissemque</strong></span> <span class='ocrx_word' id='word_1_650' title='bbox 1578 4176 1690 4236; x_wconf 81' lang='lat' dir='ltr'><strong>esse</strong></span> <span class='ocrx_word' id='word_1_651' title='bbox 1718 4160 1881 4236; x_wconf 72' lang='lat' dir='ltr'><strong>eccle-</strong></span> 
     </span>
    </p>
   </div>
   <div class='ocr_carea' id='block_1_96' title="bbox 294 4228 1875 4300">
    <p class='ocr_par' dir='ltr' id='par_1_96' title="bbox 294 4228 1875 4300">
     <span class='ocr_line' id='line_1_98' title="bbox 294 4228 1875 4300; baseline -0.004 -13"><span class='ocrx_word' id='word_1_652' title='bbox 294 4228 452 4295; x_wconf 65' lang='lat' dir='ltr'><strong>sidm,</strong></span> <span class='ocrx_word' id='word_1_653' title='bbox 478 4228 802 4285; x_wconf 51' lang='lat' dir='ltr'><strong>ethAcc&#39;idit</strong></span> <span class='ocrx_word' id='word_1_654' title='bbox 830 4231 884 4283; x_wconf 90' lang='lat' dir='ltr'><strong>id</strong></span> <span class='ocrx_word' id='word_1_655' title='bbox 902 4230 1124 4300; x_wconf 85' lang='lat' dir='ltr'><strong>quidem,</strong></span> <span class='ocrx_word' id='word_1_656' title='bbox 1153 4238 1211 4282; x_wconf 93' lang='lat' dir='ltr'><strong>ut</strong></span> <span class='ocrx_word' id='word_1_657' title='bbox 1237 4229 1312 4300; x_wconf 83' lang='lat' dir='ltr'><strong>ait</strong></span> <span class='ocrx_word' id='word_1_658' title='bbox 1330 4228 1607 4300; x_wconf 79' lang='lat' dir='ltr'><strong>Baronius,</strong></span> <span class='ocrx_word' id='word_1_659' title='bbox 1629 4229 1875 4300; x_wconf 79' lang='lat' dir='ltr'><strong>interdiu,</strong></span> 
     </span>
    </p>
   </div>
   <div class='ocr_carea' id='block_1_97' title="bbox 295 4298 1875 4368">
    <p class='ocr_par' dir='ltr' id='par_1_97' title="bbox 295 4298 1875 4368">
     <span class='ocr_line' id='line_1_99' title="bbox 295 4298 1875 4368; baseline -0.003 -12"><span class='ocrx_word' id='word_1_660' title='bbox 295 4320 422 4356; x_wconf 88' lang='lat' dir='ltr'><strong>nam</strong></span> <span class='ocrx_word' id='word_1_661' title='bbox 454 4311 604 4355; x_wconf 86' lang='lat' dir='ltr'><strong>noctu</strong></span> <span class='ocrx_word' id='word_1_662' title='bbox 640 4317 742 4355; x_wconf 90' lang='lat' dir='ltr'><strong>non</strong></span> <span class='ocrx_word' id='word_1_663' title='bbox 771 4298 955 4353; x_wconf 82' lang='lat' dir='ltr'><strong>mirum</strong></span> <span class='ocrx_word' id='word_1_664' title='bbox 988 4299 1175 4351; x_wconf 88' lang='lat' dir='ltr'><strong>multas</strong></span> <span class='ocrx_word' id='word_1_665' title='bbox 1201 4299 1385 4351; x_wconf 87' lang='lat' dir='ltr'><strong>vidisse</strong></span> <span class='ocrx_word' id='word_1_666' title='bbox 1407 4298 1589 4368; x_wconf 80' lang='lat' dir='ltr'><strong>ubique</strong></span> <span class='ocrx_word' id='word_1_667' title='bbox 1619 4298 1875 4352; x_wconf 86' lang='lat' dir='ltr'><strong>lucernas.</strong></span> 
     </span>
    </p>
   </div>
   <div class='ocr_carea' id='block_1_98' title="bbox 294 4366 1880 4438">
    <p class='ocr_par' dir='ltr' id='par_1_98' title="bbox 294 4366 1880 4438">
     <span class='ocr_line' id='line_1_100' title="bbox 294 4366 1880 4438; baseline -0.003 -12"><span class='ocrx_word' id='word_1_668' title='bbox 294 4373 525 4426; x_wconf 87' lang='lat' dir='ltr'><strong>Constat</strong></span> <span class='ocrx_word' id='word_1_669' title='bbox 553 4379 730 4423; x_wconf 90' lang='lat' dir='ltr'><strong>autem</strong></span> <span class='ocrx_word' id='word_1_670' title='bbox 776 4384 841 4423; x_wconf 86' lang='lat' dir='ltr'><strong>ex</strong></span> <span class='ocrx_word' id='word_1_671' title='bbox 871 4369 1111 4437; x_wconf 90' lang='lat' dir='ltr'><strong>pluribus</strong></span> <span class='ocrx_word' id='word_1_672' title='bbox 1154 4369 1388 4438; x_wconf 86' lang='lat' dir='ltr'><strong>antiquis</strong></span> <span class='ocrx_word' id='word_1_673' title='bbox 1418 4366 1663 4423; x_wconf 85' lang='lat' dir='ltr'><strong>Patribus</strong></span> <span class='ocrx_word' id='word_1_674' title='bbox 1692 4383 1880 4438; x_wconf 58' lang='lat' dir='ltr'><strong>eereos</strong></span> 
     </span>
    </p>
   </div>
   <div class='ocr_carea' id='block_1_99' title="bbox 297 4436 1877 4506">
    <p class='ocr_par' dir='ltr' id='par_1_99' title="bbox 297 4436 1877 4506">
     <span class='ocr_line' id='line_1_101' title="bbox 297 4436 1877 4506; baseline -0.002 -12"><span class='ocrx_word' id='word_1_675' title='bbox 297 4439 553 4495; x_wconf 85' lang='lat' dir='ltr'><strong>laudabili</strong></span> <span class='ocrx_word' id='word_1_676' title='bbox 594 4455 693 4493; x_wconf 91' lang='lat' dir='ltr'><strong>usu</strong></span> <span class='ocrx_word' id='word_1_677' title='bbox 733 4440 785 4491; x_wconf 91' lang='lat' dir='ltr'><strong>iu</strong></span> <span class='ocrx_word' id='word_1_678' title='bbox 814 4436 1026 4505; x_wconf 88' lang='lat' dir='ltr'><strong>templis</strong></span> <span class='ocrx_word' id='word_1_679' title='bbox 1048 4436 1528 4501; x_wconf 83' lang='lat' dir='ltr'><strong>cnmburisolitos,</strong></span> <span class='ocrx_word' id='word_1_680' title='bbox 1577 4436 1877 4506; x_wconf 20' lang='lat' dir='ltr'><strong>quodiproo</strong></span> 
     </span>
    </p>
   </div>
   <div class='ocr_carea' id='block_1_100' title="bbox 1971 3177 3551 3248">
    <p class='ocr_par' dir='ltr' id='par_1_100' title="bbox 1971 3177 3551 3248">
     <span class='ocr_line' id='line_1_102' title="bbox 1971 3177 3551 3248; baseline -0.004 -13"><span class='ocrx_word' id='word_1_681' title='bbox 1971 3189 2281 3236; x_wconf 91' lang='lat' dir='ltr'><strong>sanctorum</strong></span> <span class='ocrx_word' id='word_1_682' title='bbox 2321 3181 2565 3235; x_wconf 90' lang='lat' dir='ltr'><strong>beatitati</strong></span> <span class='ocrx_word' id='word_1_683' title='bbox 2612 3180 2905 3248; x_wconf 87' lang='lat' dir='ltr'><strong>quidquam</strong></span> <span class='ocrx_word' id='word_1_684' title='bbox 2930 3178 3137 3235; x_wconf 80' lang='lat' dir='ltr'><strong>confert</strong></span> <span class='ocrx_word' id='word_1_685' title='bbox 3160 3186 3431 3233; x_wconf 88' lang='lat' dir='ltr'><strong>terrenum</strong></span> <span class='ocrx_word' id='word_1_686' title='bbox 3476 3177 3551 3230; x_wconf 84' lang='lat' dir='ltr'><strong>lu-</strong></span> 
     </span>
    </p>
   </div>
   <div class='ocr_carea' id='block_1_101' title="bbox 1971 3248 3551 3319">
    <p class='ocr_par' dir='ltr' id='par_1_101' title="bbox 1971 3248 3551 3319">
     <span class='ocr_line' id='line_1_103' title="bbox 1971 3248 3551 3319; baseline -0.004 -14"><span class='ocrx_word' id='word_1_687' title='bbox 1971 3267 2115 3306; x_wconf 89' lang='lat' dir='ltr'><strong>men.</strong></span> <span class='ocrx_word' id='word_1_688' title='bbox 2146 3250 2252 3305; x_wconf 89' lang='lat' dir='ltr'><strong>Sed</strong></span> <span class='ocrx_word' id='word_1_689' title='bbox 2300 3251 2430 3319; x_wconf 90' lang='lat' dir='ltr'><strong>quid</strong></span> <span class='ocrx_word' id='word_1_690' title='bbox 2459 3251 2621 3305; x_wconf 79' lang='lat' dir='ltr'><strong>inde?</strong></span> <span class='ocrx_word' id='word_1_691' title='bbox 2649 3250 2807 3304; x_wconf 88' lang='lat' dir='ltr'><strong>Fides</strong></span> <span class='ocrx_word' id='word_1_692' title='bbox 2843 3250 3259 3306; x_wconf 88' lang='lat' dir='ltr'><strong>accendentibus</strong></span> <span class='ocrx_word' id='word_1_693' title='bbox 3308 3248 3551 3319; x_wconf 89' lang='lat' dir='ltr'><strong>prodest.</strong></span> 
     </span>
    </p>
   </div>
   <div class='ocr_carea' id='block_1_102' title="bbox 1974 3318 3550 3391">
    <p class='ocr_par' dir='ltr' id='par_1_102' title="bbox 1974 3318 3550 3391">
     <span class='ocr_line' id='line_1_104' title="bbox 1974 3318 3550 3391; baseline -0.003 -16"><span class='ocrx_word' id='word_1_694' title='bbox 1974 3318 2417 3391; x_wconf 29' lang='lat' dir='ltr'><strong>Quicumque,’ait</strong></span> <span class='ocrx_word' id='word_1_695' title='bbox 2440 3320 2575 3374; x_wconf 88' lang='lat' dir='ltr'><strong>infra</strong></span> <span class='ocrx_word' id='word_1_696' title='bbox 2605 3321 2851 3388; x_wconf 87' lang='lat' dir='ltr'><strong>egregius</strong></span> <span class='ocrx_word' id='word_1_697' title='bbox 2897 3321 3109 3384; x_wconf 92' lang='lat' dir='ltr'><strong>doctor,</strong></span> <span class='ocrx_word' id='word_1_698' title='bbox 3140 3318 3425 3391; x_wconf 82' lang='lat' dir='ltr'><strong>accendunt</strong></span> <span class='ocrx_word' id='word_1_699' title='bbox 3475 3335 3550 3371; x_wconf 84' lang='lat' dir='ltr'><strong>ce-</strong></span> 
     </span>
    </p>
   </div>
   <div class='ocr_carea' id='block_1_103' title="bbox 1972 3389 3555 3460">
    <p class='ocr_par' dir='ltr' id='par_1_103' title="bbox 1972 3389 3555 3460">
     <span class='ocr_line' id='line_1_105' title="bbox 1972 3389 3555 3460; baseline -0.004 -14"><span class='ocrx_word' id='word_1_700' title='bbox 1972 3408 2106 3455; x_wconf 89' lang='lat' dir='ltr'><strong>reos,</strong></span> <span class='ocrx_word' id='word_1_701' title='bbox 2138 3389 2418 3445; x_wconf 85' lang='lat' dir='ltr'><strong>secundum</strong></span> <span class='ocrx_word' id='word_1_702' title='bbox 2464 3392 2620 3460; x_wconf 81' lang='lat' dir='ltr'><strong>ﬁdem</strong></span> <span class='ocrx_word' id='word_1_703' title='bbox 2648 3407 2795 3444; x_wconf 90' lang='lat' dir='ltr'><strong>suam</strong></span> <span class='ocrx_word' id='word_1_704' title='bbox 2822 3391 3008 3444; x_wconf 82' lang='lat' dir='ltr'><strong>habent</strong></span> <span class='ocrx_word' id='word_1_705' title='bbox 3029 3389 3555 3460; x_wconf 82' lang='lat' dir='ltr'><strong>mercedem,_dicente</strong></span> 
     </span>
    </p>
   </div>
   <div class='ocr_carea' id='block_1_104' title="bbox 1973 3458 3557 3531">
    <p class='ocr_par' dir='ltr' id='par_1_104' title="bbox 1973 3458 3557 3531">
     <span class='ocr_line' id='line_1_106' title="bbox 1973 3458 3557 3531; baseline -0.003 -17"><span class='ocrx_word' id='word_1_706' title='bbox 1973 3462 2220 3531; x_wconf 78' lang='lat' dir='ltr'><strong>Apostolo</strong></span> <span class='ocrx_word' id='word_1_707' title='bbox 2251 3475 2266 3512; x_wconf 73' lang='grc' dir='ltr'><strong><em>τ</em></strong></span> <span class='ocrx_word' id='word_1_708' title='bbox 2302 3458 2658 3530; x_wconf 72' lang='lat' dir='ltr'><strong>Unusquisque</strong></span> <span class='ocrx_word' id='word_1_709' title='bbox 2678 3462 2731 3513; x_wconf 85' lang='lat' dir='ltr'><strong>in</strong></span> <span class='ocrx_word' id='word_1_710' title='bbox 2756 3477 2849 3514; x_wconf 87' lang='lat' dir='ltr'><strong>suo</strong></span> <span class='ocrx_word' id='word_1_711' title='bbox 2871 3478 3025 3531; x_wconf 83' lang='lat' dir='ltr'><strong>sensu</strong></span> <span class='ocrx_word' id='word_1_712' title='bbox 3043 3460 3290 3513; x_wconf 86' lang='lat' dir='ltr'><strong>abundat.</strong></span> <span class='ocrx_word' id='word_1_713' title='bbox 3323 3458 3557 3531; x_wconf 64' lang='lat' dir='ltr'><strong>Idolola-</strong></span> 
     </span>
    </p>
   </div>
   <div class='ocr_carea' id='block_1_105' title="bbox 1975 3529 3557 3601">
    <p class='ocr_par' dir='ltr' id='par_1_105' title="bbox 1975 3529 3557 3601">
     <span class='ocr_line' id='line_1_107' title="bbox 1975 3529 3557 3601; baseline -0.003 -17"><span class='ocrx_word' id='word_1_714' title='bbox 1975 3529 2084 3584; x_wconf 82' lang='lat' dir='ltr'><strong>tras</strong></span> <span class='ocrx_word' id='word_1_715' title='bbox 2106 3531 2336 3601; x_wconf 79' lang='lat' dir='ltr'><strong>appellas</strong></span> <span class='ocrx_word' id='word_1_716' title='bbox 2365 3529 2660 3601; x_wconf 85' lang='lat' dir='ltr'><strong>hujusmodi</strong></span> <span class='ocrx_word' id='word_1_717' title='bbox 2683 3532 2949 3583; x_wconf 82' lang='lat' dir='ltr'><strong>homines?</strong></span> <span class='ocrx_word' id='word_1_718' title='bbox 2975 3530 3121 3585; x_wconf 85' lang='lat' dir='ltr'><strong>Idem</strong></span> <span class='ocrx_word' id='word_1_719' title='bbox 3137 3532 3297 3601; x_wconf 83' lang='lat' dir='ltr'><strong>etiam</strong></span> <span class='ocrx_word' id='word_1_720' title='bbox 3320 3529 3372 3581; x_wconf 90' lang='lat' dir='ltr'><strong>in</strong></span> <span class='ocrx_word' id='word_1_721' title='bbox 3400 3530 3557 3595; x_wconf 57' lang='lat' dir='ltr'><strong>epist.</strong></span> 
     </span>
    </p>
   </div>
   <div class='ocr_carea' id='block_1_106' title="bbox 1975 3599 3560 3669">
    <p class='ocr_par' dir='ltr' id='par_1_106' title="bbox 1975 3599 3560 3669">
     <span class='ocr_line' id='line_1_108' title="bbox 1975 3599 3560 3669; baseline -0.003 -16"><span class='ocrx_word' id='word_1_722' title='bbox 1975 3602 2042 3654; x_wconf 90' lang='lat' dir='ltr'><strong>ad</strong></span> <span class='ocrx_word' id='word_1_723' title='bbox 2066 3599 2337 3669; x_wconf 83' lang='lat' dir='ltr'><strong>Riparium</strong></span> <span class='ocrx_word' id='word_1_724' title='bbox 2368 3599 2579 3669; x_wconf 80' lang='lat' dir='ltr'><strong>dixerat</strong></span> <span class='ocrx_word' id='word_1_725' title='bbox 2612 3618 2624 3650; x_wconf 89' lang='lat'><strong>:</strong></span> <span class='ocrx_word' id='word_1_726' title='bbox 2657 3600 2941 3653; x_wconf 81' lang='lat' dir='ltr'><strong>Accensine</strong></span> <span class='ocrx_word' id='word_1_727' title='bbox 2969 3611 3090 3669; x_wconf 76' lang='lat' dir='ltr'><strong>ante</strong></span> <span class='ocrx_word' id='word_1_728' title='bbox 3118 3599 3339 3669; x_wconf 86' lang='lat' dir='ltr'><strong>tumulos</strong></span> <span class='ocrx_word' id='word_1_729' title='bbox 3360 3606 3560 3669; x_wconf 74' lang='lat' dir='ltr'><strong>marty-</strong></span> 
     </span>
    </p>
   </div>
   <div class='ocr_carea' id='block_1_107' title="bbox 1976 3666 3561 3739">
    <p class='ocr_par' dir='ltr' id='par_1_107' title="bbox 1976 3666 3561 3739">
     <span class='ocr_line' id='line_1_109' title="bbox 1976 3666 3561 3739; baseline -0.003 -16"><span class='ocrx_word' id='word_1_730' title='bbox 1976 3686 2093 3723; x_wconf 87' lang='lat' dir='ltr'><strong>rum</strong></span> <span class='ocrx_word' id='word_1_731' title='bbox 2111 3666 2241 3723; x_wconf 80' lang='lat' dir='ltr'><strong>cerei</strong></span> <span class='ocrx_word' id='word_1_732' title='bbox 2261 3668 2577 3739; x_wconf 73' lang='lat' dir='ltr'><strong>idolglatriae</strong></span> <span class='ocrx_word' id='word_1_733' title='bbox 2601 3670 2830 3739; x_wconf 86' lang='lat' dir='ltr'><strong>insignia</strong></span> <span class='ocrx_word' id='word_1_734' title='bbox 2856 3670 3013 3721; x_wconf 87' lang='lat' dir='ltr'><strong>sunt?</strong></span> <span class='ocrx_word' id='word_1_735' title='bbox 3041 3668 3221 3736; x_wconf 84' lang='lat' dir='ltr'><strong>Pergit</strong></span> <span class='ocrx_word' id='word_1_736' title='bbox 3261 3683 3424 3739; x_wconf 80' lang='lat' dir='ltr'><strong>porro</strong></span> <span class='ocrx_word' id='word_1_737' title='bbox 3446 3666 3561 3739; x_wconf 19' lang='grc' dir='ltr'><strong>Αυιη</strong></span> 
     </span>
    </p>
   </div>
   <div class='ocr_carea' id='block_1_108' title="bbox 1976 3737 3559 3805">
    <p class='ocr_par' dir='ltr' id='par_1_108' title="bbox 1976 3737 3559 3805">
     <span class='ocr_line' id='line_1_110' title="bbox 1976 3737 3559 3805; baseline -0.003 -13"><span class='ocrx_word' id='word_1_738' title='bbox 1976 3740 2105 3801; x_wconf 90' lang='lat' dir='ltr'><strong>tius,</strong></span> <span class='ocrx_word' id='word_1_739' title='bbox 2149 3747 2204 3792; x_wconf 90' lang='lat' dir='ltr'><strong>et</strong></span> <span class='ocrx_word' id='word_1_740' title='bbox 2233 3739 2349 3792; x_wconf 61' lang='lat' dir='ltr'><strong>hinc</strong></span> <span class='ocrx_word' id='word_1_741' title='bbox 2374 3737 2636 3791; x_wconf 87' lang='lat' dir='ltr'><strong>Lactantii</strong></span> <span class='ocrx_word' id='word_1_742' title='bbox 2668 3737 2827 3791; x_wconf 83' lang='lat' dir='ltr'><strong>verba</strong></span> <span class='ocrx_word' id='word_1_743' title='bbox 2874 3739 2966 3792; x_wconf 92' lang='lat' dir='ltr'><strong>lib.</strong></span> <span class='ocrx_word' id='word_1_744' title='bbox 3000 3754 3070 3802; x_wconf 83' lang='grc' dir='ltr'><strong>νι,</strong></span> <span class='ocrx_word' id='word_1_745' title='bbox 3103 3752 3224 3805; x_wconf 90' lang='lat' dir='ltr'><strong>cap.</strong></span> <span class='ocrx_word' id='word_1_746' title='bbox 3254 3737 3308 3790; x_wconf 72' lang='grc'><strong>2.</strong></span> <span class='ocrx_word' id='word_1_747' title='bbox 3336 3737 3518 3791; x_wconf 90' lang='lat' dir='ltr'><strong>laudat</strong></span> <span class='ocrx_word' id='word_1_748' title='bbox 3550 3778 3559 3788; x_wconf 90' lang='lat'><strong>.</strong></span> 
     </span>
    </p>
   </div>
   <div class='ocr_carea' id='block_1_109' title="bbox 1980 3806 3564 3878">
    <p class='ocr_par' dir='ltr' id='par_1_109' title="bbox 1980 3806 3564 3878">
     <span class='ocr_line' id='line_1_111' title="bbox 1980 3806 3564 3878; baseline -0.001 -17"><span class='ocrx_word' id='word_1_749' title='bbox 1980 3806 2123 3861; x_wconf 88' lang='lat' dir='ltr'><strong>Num</strong></span> <span class='ocrx_word' id='word_1_750' title='bbox 2144 3808 2301 3878; x_wconf 85' lang='lat' dir='ltr'><strong>igitur</strong></span> <span class='ocrx_word' id='word_1_751' title='bbox 2329 3808 2513 3878; x_wconf 83' lang='lat' dir='ltr'><strong>mentis</strong></span> <span class='ocrx_word' id='word_1_752' title='bbox 2549 3824 2656 3861; x_wconf 70' lang='lat' dir='ltr'><strong>sure</strong></span> <span class='ocrx_word' id='word_1_753' title='bbox 2683 3824 2891 3876; x_wconf 90' lang='lat' dir='ltr'><strong>compos</strong></span> <span class='ocrx_word' id='word_1_754' title='bbox 2944 3807 3203 3877; x_wconf 88' lang='lat' dir='ltr'><strong>putandus</strong></span> <span class='ocrx_word' id='word_1_755' title='bbox 3233 3816 3325 3869; x_wconf 87' lang='lat' dir='ltr'><strong>est,</strong></span> <span class='ocrx_word' id='word_1_756' title='bbox 3359 3809 3443 3877; x_wconf 86' lang='lat' dir='ltr'><strong>qui</strong></span> <span class='ocrx_word' id='word_1_757' title='bbox 3472 3823 3564 3859; x_wconf 86' lang='lat' dir='ltr'><strong>au-</strong></span> 
     </span>
    </p>
   </div>
   <div class='ocr_carea' id='block_1_110' title="bbox 1979 3876 3565 3932">
    <p class='ocr_par' dir='ltr' id='par_1_110' title="bbox 1979 3876 3565 3932">
     <span class='ocr_line' id='line_1_112' title="bbox 1979 3876 3565 3932; baseline -0.001 -1"><span class='ocrx_word' id='word_1_758' title='bbox 1979 3879 2111 3932; x_wconf 86' lang='lat' dir='ltr'><strong>ctori</strong></span> <span class='ocrx_word' id='word_1_759' title='bbox 2164 3876 2213 3930; x_wconf 85' lang='lat' dir='ltr'><strong>et</strong></span> <span class='ocrx_word' id='word_1_760' title='bbox 2255 3878 2425 3930; x_wconf 89' lang='lat' dir='ltr'><strong>datori</strong></span> <span class='ocrx_word' id='word_1_761' title='bbox 2454 3876 2662 3931; x_wconf 86' lang='lat' dir='ltr'><strong>luminis</strong></span> <span class='ocrx_word' id='word_1_762' title='bbox 2709 3876 2953 3931; x_wconf 84' lang='lat' dir='ltr'><strong>candelas</strong></span> <span class='ocrx_word' id='word_1_763' title='bbox 3009 3894 3069 3930; x_wconf 90' lang='lat' dir='ltr'><strong>ac</strong></span> <span class='ocrx_word' id='word_1_764' title='bbox 3098 3876 3565 3930; x_wconf 36' lang='lat' dir='ltr'><strong>cereorum&#39;lumen</strong></span> 
     </span>
    </p>
   </div>
   <div class='ocr_carea' id='block_1_111' title="bbox 1979 3946 3567 4017">
    <p class='ocr_par' dir='ltr' id='par_1_111' title="bbox 1979 3946 3567 4017">
     <span class='ocr_line' id='line_1_113' title="bbox 1979 3946 3567 4017; baseline -0.002 -15"><span class='ocrx_word' id='word_1_765' title='bbox 1979 3948 2131 4017; x_wconf 71' lang='lat' dir='ltr'><strong>offert</strong></span> <span class='ocrx_word' id='word_1_766' title='bbox 2158 3963 2253 4015; x_wconf 87' lang='lat' dir='ltr'><strong>pro</strong></span> <span class='ocrx_word' id='word_1_767' title='bbox 2280 3948 2528 4000; x_wconf 86' lang='lat' dir='ltr'><strong>munere?</strong></span> <span class='ocrx_word' id='word_1_768' title='bbox 2550 3948 2733 4015; x_wconf 87' lang='lat' dir='ltr'><strong>aitque</strong></span> <span class='ocrx_word' id='word_1_769' title='bbox 2766 3948 2837 4001; x_wconf 89' lang='lat' dir='ltr'><strong>ita</strong></span> <span class='ocrx_word' id='word_1_770' title='bbox 2869 3947 3092 4017; x_wconf 90' lang='lat' dir='ltr'><strong>papistis</strong></span> <span class='ocrx_word' id='word_1_771' title='bbox 3117 3946 3477 4015; x_wconf 87' lang='lat' dir='ltr'><strong>displicuisse,</strong></span> <span class='ocrx_word' id='word_1_772' title='bbox 3508 3957 3567 3999; x_wconf 89' lang='lat' dir='ltr'><strong>nt</strong></span> 
     </span>
    </p>
   </div>
   <div class='ocr_carea' id='block_1_112' title="bbox 1981 4017 3569 4086">
    <p class='ocr_par' dir='ltr' id='par_1_112' title="bbox 1981 4017 3569 4086">
     <span class='ocr_line' id='line_1_114' title="bbox 1981 4017 3569 4086; baseline -0.003 -14"><span class='ocrx_word' id='word_1_773' title='bbox 1981 4018 2119 4072; x_wconf 88' lang='lat' dir='ltr'><strong>hanc</strong></span> <span class='ocrx_word' id='word_1_774' title='bbox 2148 4017 2570 4086; x_wconf 85' lang='lat' dir='ltr'><strong>propositionem</strong></span> <span class='ocrx_word' id='word_1_775' title='bbox 2613 4020 2752 4072; x_wconf 87' lang='lat' dir='ltr'><strong>inter</strong></span> <span class='ocrx_word' id='word_1_776' title='bbox 2778 4017 3043 4072; x_wconf 88' lang='lat' dir='ltr'><strong>Lactantii</strong></span> <span class='ocrx_word' id='word_1_777' title='bbox 3075 4032 3289 4072; x_wconf 90' lang='lat' dir='ltr'><strong>errores</strong></span> <span class='ocrx_word' id='word_1_778' title='bbox 3319 4032 3569 4070; x_wconf 83' lang='lat' dir='ltr'><strong>numera-</strong></span> 
     </span>
    </p>
   </div>
   <div class='ocr_carea' id='block_1_113' title="bbox 1981 4086 3570 4155">
    <p class='ocr_par' dir='ltr' id='par_1_113' title="bbox 1981 4086 3570 4155">
     <span class='ocr_line' id='line_1_115' title="bbox 1981 4086 3570 4155; baseline -0.002 -13"><span class='ocrx_word' id='word_1_779' title='bbox 1981 4089 2109 4155; x_wconf 89' lang='lat' dir='ltr'><strong>rint,</strong></span> <span class='ocrx_word' id='word_1_780' title='bbox 2139 4101 2463 4155; x_wconf 88' lang='lat' dir='ltr'><strong>causamque</strong></span> <span class='ocrx_word' id='word_1_781' title='bbox 2491 4086 2766 4153; x_wconf 85' lang='lat' dir='ltr'><strong>gentilium</strong></span> <span class='ocrx_word' id='word_1_782' title='bbox 2797 4096 2984 4142; x_wconf 88' lang='lat' dir='ltr'><strong>contra</strong></span> <span class='ocrx_word' id='word_1_783' title='bbox 3013 4087 3290 4142; x_wconf 90' lang='lat' dir='ltr'><strong>doctorem</strong></span> <span class='ocrx_word' id='word_1_784' title='bbox 3310 4086 3570 4142; x_wconf 88' lang='lat' dir='ltr'><strong>Christia-</strong></span> 
     </span>
    </p>
   </div>
   <div class='ocr_carea' id='block_1_114' title="bbox 1981 4155 3569 4224">
    <p class='ocr_par' dir='ltr' id='par_1_114' title="bbox 1981 4155 3569 4224">
     <span class='ocr_line' id='line_1_116' title="bbox 1981 4155 3569 4224; baseline -0.002 -12"><span class='ocrx_word' id='word_1_785' title='bbox 1981 4174 2107 4212; x_wconf 91' lang='lat' dir='ltr'><strong>num</strong></span> <span class='ocrx_word' id='word_1_786' title='bbox 2156 4156 2461 4212; x_wconf 85' lang='lat' dir='ltr'><strong>defendant.</strong></span> <span class='ocrx_word' id='word_1_787' title='bbox 2494 4157 2633 4211; x_wconf 88' lang='lat' dir='ltr'><strong>Sunt</strong></span> <span class='ocrx_word' id='word_1_788' title='bbox 2679 4158 2913 4213; x_wconf 89' lang='lat' dir='ltr'><strong>illustres</strong></span> <span class='ocrx_word' id='word_1_789' title='bbox 2967 4157 3250 4213; x_wconf 69' lang='lat' dir='ltr'><strong>calumnia:</strong></span> <span class='ocrx_word' id='word_1_790' title='bbox 3299 4157 3487 4224; x_wconf 86' lang='lat' dir='ltr'><strong>ignaro</strong></span> <span class='ocrx_word' id='word_1_791' title='bbox 3515 4155 3569 4209; x_wconf 92' lang='lat' dir='ltr'><strong>in</strong></span> 
     </span>
    </p>
   </div>
   <div class='ocr_carea' id='block_1_115' title="bbox 1983 4226 3571 4297">
    <p class='ocr_par' dir='ltr' id='par_1_115' title="bbox 1983 4226 3571 4297">
     <span class='ocr_line' id='line_1_117' title="bbox 1983 4226 3571 4297; baseline -0.001 -16"><span class='ocrx_word' id='word_1_792' title='bbox 1983 4242 2082 4281; x_wconf 93' lang='lat' dir='ltr'><strong>nos</strong></span> <span class='ocrx_word' id='word_1_793' title='bbox 2130 4228 2350 4282; x_wconf 90' lang='lat' dir='ltr'><strong>brachio</strong></span> <span class='ocrx_word' id='word_1_794' title='bbox 2380 4228 2612 4281; x_wconf 67' lang='grc' dir='ltr'>ἤπιοι-ιω.</span> <span class='ocrx_word' id='word_1_795' title='bbox 2646 4228 2815 4283; x_wconf 88' lang='lat' dir='ltr'><strong>Nemo</strong></span> <span class='ocrx_word' id='word_1_796' title='bbox 2852 4230 2993 4283; x_wconf 91' lang='lat' dir='ltr'><strong>inter</strong></span> <span class='ocrx_word' id='word_1_797' title='bbox 3030 4228 3176 4297; x_wconf 88' lang='lat' dir='ltr'><strong>ipsos</strong></span> <span class='ocrx_word' id='word_1_798' title='bbox 3208 4226 3571 4282; x_wconf 83' lang='lat' dir='ltr'><strong>heterodoxos</strong></span> 
     </span>
    </p>
   </div>
   <div class='ocr_carea' id='block_1_116' title="bbox 1982 4297 3572 4367">
    <p class='ocr_par' dir='ltr' id='par_1_116' title="bbox 1982 4297 3572 4367">
     <span class='ocr_line' id='line_1_118' title="bbox 1982 4297 3572 4367; baseline -0.002 -15"><span class='ocrx_word' id='word_1_799' title='bbox 1982 4298 2209 4367; x_wconf 82' lang='lat' dir='ltr'><strong>habetur</strong></span> <span class='ocrx_word' id='word_1_800' title='bbox 2251 4298 2343 4367; x_wconf 89' lang='lat' dir='ltr'><strong>qui</strong></span> <span class='ocrx_word' id='word_1_801' title='bbox 2382 4297 2563 4367; x_wconf 89' lang='lat' dir='ltr'><strong>plures</strong></span> <span class='ocrx_word' id='word_1_802' title='bbox 2593 4298 2645 4351; x_wconf 93' lang='lat' dir='ltr'><strong>in</strong></span> <span class='ocrx_word' id='word_1_803' title='bbox 2678 4297 2958 4354; x_wconf 89' lang='lat' dir='ltr'><strong>Lactantio</strong></span> <span class='ocrx_word' id='word_1_804' title='bbox 3005 4312 3186 4353; x_wconf 75' lang='lat' dir='ltr'><strong>nzevos</strong></span> <span class='ocrx_word' id='word_1_805' title='bbox 3229 4312 3336 4351; x_wconf 89' lang='lat' dir='ltr'><strong>non</strong></span> <span class='ocrx_word' id='word_1_806' title='bbox 3377 4310 3572 4365; x_wconf 86' lang='lat' dir='ltr'><strong>agnos-</strong></span> 
     </span>
    </p>
   </div>
   <div class='ocr_carea' id='block_1_117' title="bbox 1982 4365 3571 4437">
    <p class='ocr_par' dir='ltr' id='par_1_117' title="bbox 1982 4365 3571 4437">
     <span class='ocr_line' id='line_1_119' title="bbox 1982 4365 3571 4437; baseline -0.002 -15"><span class='ocrx_word' id='word_1_807' title='bbox 1982 4375 2091 4422; x_wconf 91' lang='lat' dir='ltr'><strong>cat.</strong></span> <span class='ocrx_word' id='word_1_808' title='bbox 2134 4365 2234 4432; x_wconf 88' lang='lat' dir='ltr'><strong>Qui</strong></span> <span class='ocrx_word' id='word_1_809' title='bbox 2263 4365 2537 4433; x_wconf 78' lang='lat' dir='ltr'><strong>graviores</strong></span> <span class='ocrx_word' id='word_1_810' title='bbox 2557 4368 2739 4437; x_wconf 88' lang='lat' dir='ltr'><strong>lapsus</strong></span> <span class='ocrx_word' id='word_1_811' title='bbox 2768 4378 2851 4423; x_wconf 90' lang='lat' dir='ltr'><strong>est</strong></span> <span class='ocrx_word' id='word_1_812' title='bbox 2878 4370 2928 4422; x_wconf 92' lang='lat' dir='ltr'><strong>in</strong></span> <span class='ocrx_word' id='word_1_813' title='bbox 2959 4383 3193 4431; x_wconf 89' lang='lat' dir='ltr'><strong>errores,</strong></span> <span class='ocrx_word' id='word_1_814' title='bbox 3227 4367 3281 4421; x_wconf 91' lang='lat' dir='ltr'><strong>in</strong></span> <span class='ocrx_word' id='word_1_815' title='bbox 3306 4368 3571 4437; x_wconf 80' lang='lat' dir='ltr'><strong>minorem</strong></span> 
     </span>
    </p>
   </div>
   <div class='ocr_carea' id='block_1_118' title="bbox 1987 4436 3571 4508">
    <p class='ocr_par' dir='ltr' id='par_1_118' title="bbox 1987 4436 3571 4508">
     <span class='ocr_line' id='line_1_120' title="bbox 1987 4436 3571 4508; baseline -0.001 -16"><span class='ocrx_word' id='word_1_816' title='bbox 1987 4439 2130 4492; x_wconf 92' lang='lat' dir='ltr'><strong>hunc</strong></span> <span class='ocrx_word' id='word_1_817' title='bbox 2145 4452 2313 4508; x_wconf 84' lang='lat' dir='ltr'><strong>ruere</strong></span> <span class='ocrx_word' id='word_1_818' title='bbox 2338 4438 2530 4505; x_wconf 91' lang='lat' dir='ltr'><strong>potuit.</strong></span> <span class='ocrx_word' id='word_1_819' title='bbox 2562 4436 2666 4492; x_wconf 72' lang='lat' dir='ltr'><strong>sed</strong></span> <span class='ocrx_word' id='word_1_820' title='bbox 2690 4453 2865 4508; x_wconf 83' lang='lat' dir='ltr'><strong>neque</strong></span> <span class='ocrx_word' id='word_1_821' title='bbox 2889 4454 3114 4493; x_wconf 89' lang='lat' dir='ltr'><strong>censura</strong></span> <span class='ocrx_word' id='word_1_822' title='bbox 3138 4438 3224 4492; x_wconf 91' lang='lat' dir='ltr'><strong>hic</strong></span> <span class='ocrx_word' id='word_1_823' title='bbox 3252 4438 3443 4505; x_wconf 85' lang='lat' dir='ltr'><strong>dignus</strong></span> <span class='ocrx_word' id='word_1_824' title='bbox 3468 4436 3571 4490; x_wconf 91' lang='lat' dir='ltr'><strong>La-</strong></span> 
     </span>
    </p>
   </div>
   <div class='ocr_carea' id='block_1_119' title="bbox 297 4499 3573 4578">
    <p class='ocr_par' dir='ltr' id='par_1_119' title="bbox 297 4499 3573 4578">
     <span class='ocr_line' id='line_1_121' title="bbox 297 4499 3573 4578; baseline -0.001 -14"><span class='ocrx_word' id='word_1_825' title='bbox 297 4512 434 4564; x_wconf 84' lang='lat' dir='ltr'><strong>bare</strong></span> <span class='ocrx_word' id='word_1_826' title='bbox 456 4522 844 4578; x_wconf 86' lang='lat' dir='ltr'><strong>supervacuum</strong></span> <span class='ocrx_word' id='word_1_827' title='bbox 871 4499 1029 4561; x_wconf 80' lang='lat' dir='ltr'><strong>foret.</strong></span> <span class='ocrx_word' id='word_1_828' title='bbox 1057 4506 1268 4578; x_wconf 77' lang='lat' dir='ltr'><strong>Repetit</strong></span> <span class='ocrx_word' id='word_1_829' title='bbox 1291 4515 1467 4560; x_wconf 90' lang='lat' dir='ltr'><strong>tamen</strong></span> <span class='ocrx_word' id='word_1_830' title='bbox 1489 4499 1663 4578; x_wconf 60' lang='lat' dir='ltr'><strong>Otti&#39;us</strong></span> <span class='ocrx_word' id='word_1_831' title='bbox 1690 4499 1885 4578; x_wconf 10' lang='lat' dir='ltr'><strong>fﬂi&#39;ero-</strong></span> <span class='ocrx_word' id='word_1_832' title='bbox 1918 4499 1963 4558; x_wconf 84' lang='grc' dir='ltr'><strong>Ι)</strong></span> <span class='ocrx_word' id='word_1_833' title='bbox 1987 4507 2254 4578; x_wconf 72' lang='lat' dir='ltr'><strong>ctantius,</strong></span> <span class='ocrx_word' id='word_1_834' title='bbox 2297 4499 2357 4560; x_wconf 80' lang='lat' dir='ltr'><strong>ut</strong></span> <span class='ocrx_word' id='word_1_835' title='bbox 2391 4522 2620 4578; x_wconf 81' lang='lat' dir='ltr'><strong>mecum</strong></span> <span class='ocrx_word' id='word_1_836' title='bbox 2664 4499 2855 4563; x_wconf 77' lang='lat' dir='ltr'><strong>omnes</strong></span> <span class='ocrx_word' id='word_1_837' title='bbox 2900 4508 3244 4563; x_wconf 89' lang='lat' dir='ltr'><strong>consentient</strong></span> <span class='ocrx_word' id='word_1_838' title='bbox 3298 4499 3573 4578; x_wconf 69' lang='lat' dir='ltr'><strong>catholici,</strong></span> 
     </span>
    </p>
   </div>
   <div class='ocr_carea' id='block_1_120' title="bbox 298 4576 1884 4651">
    <p class='ocr_par' dir='ltr' id='par_1_120' title="bbox 298 4576 1884 4651">
     <span class='ocr_line' id='line_1_122' title="bbox 298 4576 1884 4651; baseline -0.003 -18"><span class='ocrx_word' id='word_1_839' title='bbox 298 4580 449 4651; x_wconf 82' lang='lat' dir='ltr'><strong>nymi</strong></span> <span class='ocrx_word' id='word_1_840' title='bbox 482 4576 826 4632; x_wconf 85' lang='lat' dir='ltr'><strong>autoritatem</strong></span> <span class='ocrx_word' id='word_1_841' title='bbox 853 4577 1233 4651; x_wconf 73' lang='lat' dir='ltr'><strong>abApnalium</strong></span> <span class='ocrx_word' id='word_1_842' title='bbox 1276 4585 1499 4651; x_wconf 73' lang='lat' dir='ltr'><strong>parente</strong></span> <span class='ocrx_word' id='word_1_843' title='bbox 1527 4576 1657 4631; x_wconf 82' lang='lat' dir='ltr'><strong>satis</strong></span> <span class='ocrx_word' id='word_1_844' title='bbox 1686 4576 1884 4651; x_wconf 78' lang='lat' dir='ltr'><strong>ibidem</strong></span> 
     </span>
    </p>
   </div>
   <div class='ocr_carea' id='block_1_121' title="bbox 300 4645 1883 4719">
    <p class='ocr_par' dir='ltr' id='par_1_121' title="bbox 300 4645 1883 4719">
     <span class='ocr_line' id='line_1_123' title="bbox 300 4645 1883 4719; baseline -0.003 -16"><span class='ocrx_word' id='word_1_845' title='bbox 300 4645 659 4719; x_wconf 62' lang='lat' dir='ltr'><strong>explicatam,</strong></span> <span class='ocrx_word' id='word_1_846' title='bbox 698 4654 859 4715; x_wconf 89' lang='lat' dir='ltr'><strong>atque</strong></span> <span class='ocrx_word' id='word_1_847' title='bbox 889 4646 975 4719; x_wconf 83' lang='lat' dir='ltr'><strong>hic</strong></span> <span class='ocrx_word' id='word_1_848' title='bbox 1000 4646 1259 4719; x_wconf 72' lang='lat' dir='ltr'><strong>integram</strong></span> <span class='ocrx_word' id='word_1_849' title='bbox 1283 4645 1519 4719; x_wconf 59' lang='lat' dir='ltr'><strong>victoriae</strong></span> <span class='ocrx_word' id='word_1_850' title='bbox 1547 4662 1697 4715; x_wconf 90' lang='lat' dir='ltr'><strong>spem</strong></span> <span class='ocrx_word' id='word_1_851' title='bbox 1725 4646 1883 4719; x_wconf 80' lang='lat' dir='ltr'><strong>sistit.</strong></span> 
     </span>
    </p>
   </div>
   <div class='ocr_carea' id='block_1_122' title="bbox 302 4710 1886 4787">
    <p class='ocr_par' dir='ltr' id='par_1_122' title="bbox 302 4710 1886 4787">
     <span class='ocr_line' id='line_1_124' title="bbox 302 4710 1886 4787; baseline -0.003 -14"><span class='ocrx_word' id='word_1_852' title='bbox 302 4710 489 4787; x_wconf 79' lang='lat' dir='ltr'><strong>lnquit</strong></span> <span class='ocrx_word' id='word_1_853' title='bbox 541 4716 598 4771; x_wconf 89' lang='lat' dir='ltr'><strong>S.</strong></span> <span class='ocrx_word' id='word_1_854' title='bbox 631 4710 821 4770; x_wconf 81' lang='lat' dir='ltr'><strong>doctor</strong></span> <span class='ocrx_word' id='word_1_855' title='bbox 850 4716 1057 4769; x_wconf 87' lang='lat' dir='ltr'><strong>advers.</strong></span> <span class='ocrx_word' id='word_1_856' title='bbox 1092 4710 1341 4787; x_wconf 82' lang='lat' dir='ltr'><strong>Vigilant.</strong></span> <span class='ocrx_word' id='word_1_857' title='bbox 1402 4710 1591 4770; x_wconf 67' lang='lat' dir='ltr'><strong>(Tereos</strong></span> <span class='ocrx_word' id='word_1_858' title='bbox 1615 4733 1719 4787; x_wconf 82' lang='lat' dir='ltr'><strong>non</strong></span> <span class='ocrx_word' id='word_1_859' title='bbox 1743 4710 1886 4769; x_wconf 86' lang='lat' dir='ltr'><strong>clara</strong></span> 
     </span>
    </p>
   </div>
   <div class='ocr_carea' id='block_1_123' title="bbox 302 4784 1885 4867">
    <p class='ocr_par' dir='ltr' id='par_1_123' title="bbox 302 4784 1885 4867">
     <span class='ocr_line' id='line_1_125' title="bbox 302 4784 1885 4867; baseline -0.002 -25"><span class='ocrx_word' id='word_1_860' title='bbox 302 4784 417 4867; x_wconf 78' lang='lat' dir='ltr'><strong>luce</strong></span> <span class='ocrx_word' id='word_1_861' title='bbox 446 4786 790 4867; x_wconf 68' lang='lat' dir='ltr'><strong>accendimus,</strong></span> <span class='ocrx_word' id='word_1_862' title='bbox 832 4790 963 4867; x_wconf 76' lang='lat' dir='ltr'><strong>sicut</strong></span> <span class='ocrx_word' id='word_1_863' title='bbox 985 4787 1182 4867; x_wconf 74' lang='lat' dir='ltr'><strong>[rustra</strong></span> <span class='ocrx_word' id='word_1_864' title='bbox 1209 4784 1573 4867; x_wconf 62' lang='lat' dir='ltr'><strong>calumniaris,</strong></span> <span class='ocrx_word' id='word_1_865' title='bbox 1599 4785 1691 4867; x_wconf 71' lang='lat' dir='ltr'><strong>sed</strong></span> <span class='ocrx_word' id='word_1_866' title='bbox 1710 4794 1763 4837; x_wconf 91' lang='lat' dir='ltr'><strong>ut</strong></span> <span class='ocrx_word' id='word_1_867' title='bbox 1787 4802 1885 4867; x_wconf 54' lang='lat' dir='ltr'><strong>no:</strong></span> 
     </span>
    </p>
   </div>
   <div class='ocr_carea' id='block_1_124' title="bbox 303 4854 1885 4925">
    <p class='ocr_par' dir='ltr' id='par_1_124' title="bbox 303 4854 1885 4925">
     <span class='ocr_line' id='line_1_126' title="bbox 303 4854 1885 4925; baseline -0.004 -13"><span class='ocrx_word' id='word_1_868' title='bbox 303 4859 403 4912; x_wconf 80' lang='lat' dir='ltr'><strong>etis</strong></span> <span class='ocrx_word' id='word_1_869' title='bbox 446 4855 679 4911; x_wconf 88' lang='lat' dir='ltr'><strong>tenebras</strong></span> <span class='ocrx_word' id='word_1_870' title='bbox 715 4857 810 4908; x_wconf 89' lang='lat' dir='ltr'><strong>hoc</strong></span> <span class='ocrx_word' id='word_1_871' title='bbox 843 4854 1029 4910; x_wconf 86' lang='lat' dir='ltr'><strong>solatio</strong></span> <span class='ocrx_word' id='word_1_872' title='bbox 1053 4865 1408 4923; x_wconf 87' lang='lat' dir='ltr'><strong>temperemus,</strong></span> <span class='ocrx_word' id='word_1_873' title='bbox 1437 4863 1487 4909; x_wconf 89' lang='lat' dir='ltr'><strong>et</strong></span> <span class='ocrx_word' id='word_1_874' title='bbox 1526 4855 1789 4925; x_wconf 76' lang='lat' dir='ltr'><strong>vigilemus</strong></span> <span class='ocrx_word' id='word_1_875' title='bbox 1808 4854 1885 4925; x_wconf 86' lang='lat' dir='ltr'><strong>ad</strong></span> 
     </span>
    </p>
   </div>
   <div class='ocr_carea' id='block_1_125' title="bbox 302 4924 1887 4991">
    <p class='ocr_par' dir='ltr' id='par_1_125' title="bbox 302 4924 1887 4991">
     <span class='ocr_line' id='line_1_127' title="bbox 302 4924 1887 4991; baseline -0.003 -10"><span class='ocrx_word' id='word_1_876' title='bbox 302 4930 501 4991; x_wconf 79' lang='lat' dir='ltr'><strong>lumen,</strong></span> <span class='ocrx_word' id='word_1_877' title='bbox 525 4942 589 4979; x_wconf 91' lang='lat' dir='ltr'><strong>ne</strong></span> <span class='ocrx_word' id='word_1_878' title='bbox 617 4925 740 4979; x_wconf 68' lang='lat' dir='ltr'><strong>caeci</strong></span> <span class='ocrx_word' id='word_1_879' title='bbox 772 4934 933 4977; x_wconf 88' lang='lat' dir='ltr'><strong>tecum</strong></span> <span class='ocrx_word' id='word_1_880' title='bbox 958 4925 1273 4977; x_wconf 87' lang='lat' dir='ltr'><strong>dormiamus</strong></span> <span class='ocrx_word' id='word_1_881' title='bbox 1302 4926 1355 4977; x_wconf 90' lang='lat' dir='ltr'><strong>in</strong></span> <span class='ocrx_word' id='word_1_882' title='bbox 1378 4925 1616 4978; x_wconf 87' lang='lat' dir='ltr'><strong>tenebris.</strong></span> <span class='ocrx_word' id='word_1_883' title='bbox 1665 4924 1815 4988; x_wconf 86' lang='lat' dir='ltr'><strong>Quod</strong></span> <span class='ocrx_word' id='word_1_884' title='bbox 1843 4925 1887 4978; x_wconf 87' lang='lat' dir='ltr'><strong>si</strong></span> 
     </span>
    </p>
   </div>
   <div class='ocr_carea' id='block_1_126' title="bbox 306 4994 1887 5067">
    <p class='ocr_par' dir='ltr' id='par_1_126' title="bbox 306 4994 1887 5067">
     <span class='ocr_line' id='line_1_128' title="bbox 306 4994 1887 5067; baseline -0.003 -16"><span class='ocrx_word' id='word_1_885' title='bbox 306 4998 491 5067; x_wconf 84' lang='lat' dir='ltr'><strong>aliqui,</strong></span> <span class='ocrx_word' id='word_1_886' title='bbox 524 5005 729 5067; x_wconf 87' lang='lat' dir='ltr'><strong>propter</strong></span> <span class='ocrx_word' id='word_1_887' title='bbox 747 4996 1060 5067; x_wconf 86' lang='lat' dir='ltr'><strong>imperitiam</strong></span> <span class='ocrx_word' id='word_1_888' title='bbox 1089 5001 1139 5047; x_wconf 89' lang='lat' dir='ltr'><strong>et</strong></span> <span class='ocrx_word' id='word_1_889' title='bbox 1158 4994 1539 5067; x_wconf 79' lang='lat' dir='ltr'><strong>simplicitatem</strong></span> <span class='ocrx_word' id='word_1_890' title='bbox 1579 4996 1887 5067; x_wconf 83' lang='lat' dir='ltr'><strong>secularium</strong></span> 
     </span>
    </p>
   </div>
   <div class='ocr_carea' id='block_1_127' title="bbox 308 5065 1891 5135">
    <p class='ocr_par' dir='ltr' id='par_1_127' title="bbox 308 5065 1891 5135">
     <span class='ocr_line' id='line_1_129' title="bbox 308 5065 1891 5135; baseline -0.002 -16"><span class='ocrx_word' id='word_1_891' title='bbox 308 5065 597 5131; x_wconf 80' lang='lat' dir='ltr'><strong>hominum,</strong></span> <span class='ocrx_word' id='word_1_892' title='bbox 626 5066 702 5118; x_wconf 80' lang='lat' dir='ltr'><strong>vel</strong></span> <span class='ocrx_word' id='word_1_893' title='bbox 724 5074 859 5135; x_wconf 86' lang='lat' dir='ltr'><strong>certe</strong></span> <span class='ocrx_word' id='word_1_894' title='bbox 887 5066 1248 5135; x_wconf 86' lang='lat' dir='ltr'><strong>religiosarum</strong></span> <span class='ocrx_word' id='word_1_895' title='bbox 1277 5065 1603 5135; x_wconf 72' lang='lat' dir='ltr'><strong>feminarum,</strong></span> <span class='ocrx_word' id='word_1_896' title='bbox 1628 5065 1691 5118; x_wconf 90' lang='lat' dir='ltr'><strong>de</strong></span> <span class='ocrx_word' id='word_1_897' title='bbox 1710 5065 1891 5135; x_wconf 84' lang='lat' dir='ltr'><strong>quibus</strong></span> 
     </span>
    </p>
   </div>
   <div class='ocr_carea' id='block_1_128' title="bbox 308 5133 1891 5206">
    <p class='ocr_par' dir='ltr' id='par_1_128' title="bbox 308 5133 1891 5206">
     <span class='ocr_line' id='line_1_130' title="bbox 308 5133 1891 5206; baseline -0.002 -17"><span class='ocrx_word' id='word_1_898' title='bbox 308 5153 428 5189; x_wconf 81' lang='lat' dir='ltr'><strong>vere</strong></span> <span class='ocrx_word' id='word_1_899' title='bbox 474 5152 751 5206; x_wconf 82' lang='lat' dir='ltr'><strong>possumus</strong></span> <span class='ocrx_word' id='word_1_900' title='bbox 782 5134 954 5188; x_wconf 89' lang='lat' dir='ltr'><strong>dicere</strong></span> <span class='ocrx_word' id='word_1_901' title='bbox 980 5133 1000 5187; x_wconf 74' lang='grc' dir='ltr'><em>Ξ</em></span> <span class='ocrx_word' id='word_1_902' title='bbox 1031 5133 1311 5206; x_wconf 70' lang='lat' dir='ltr'><strong>Conﬁteor,</strong></span> <span class='ocrx_word' id='word_1_903' title='bbox 1356 5136 1520 5188; x_wconf 78' lang='lat' dir='ltr'><strong>selum</strong></span> <span class='ocrx_word' id='word_1_904' title='bbox 1558 5133 1654 5188; x_wconf 87' lang='lat' dir='ltr'><strong>Dei</strong></span> <span class='ocrx_word' id='word_1_905' title='bbox 1682 5133 1891 5198; x_wconf 85' lang='lat' dir='ltr'><strong>habent,</strong></span> 
     </span>
    </p>
   </div>
   <div class='ocr_carea' id='block_1_129' title="bbox 310 5204 1894 5273">
    <p class='ocr_par' dir='ltr' id='par_1_129' title="bbox 310 5204 1894 5273">
     <span class='ocr_line' id='line_1_131' title="bbox 310 5204 1894 5273; baseline -0.002 -15"><span class='ocrx_word' id='word_1_906' title='bbox 310 5206 405 5258; x_wconf 86' lang='lat' dir='ltr'><strong>sed</strong></span> <span class='ocrx_word' id='word_1_907' title='bbox 438 5204 539 5259; x_wconf 88' lang='lat' dir='ltr'><strong>non</strong></span> <span class='ocrx_word' id='word_1_908' title='bbox 561 5204 840 5257; x_wconf 88' lang='lat' dir='ltr'><strong>secundum</strong></span> <span class='ocrx_word' id='word_1_909' title='bbox 869 5205 1158 5258; x_wconf 88' lang='lat' dir='ltr'><strong>scientiam.</strong></span> <span class='ocrx_word' id='word_1_910' title='bbox 1190 5204 1303 5257; x_wconf 85' lang='lat' dir='ltr'><strong>Iloc</strong></span> <span class='ocrx_word' id='word_1_911' title='bbox 1332 5220 1425 5272; x_wconf 86' lang='lat' dir='ltr'><strong>pro</strong></span> <span class='ocrx_word' id='word_1_912' title='bbox 1468 5206 1660 5258; x_wconf 86' lang='lat' dir='ltr'><strong>honore</strong></span> <span class='ocrx_word' id='word_1_913' title='bbox 1698 5214 1894 5273; x_wconf 84' lang='lat' dir='ltr'><strong>marty-</strong></span> 
     </span>
    </p>
   </div>
   <div class='ocr_carea' id='block_1_130' title="bbox 310 5273 1893 5345">
    <p class='ocr_par' dir='ltr' id='par_1_130' title="bbox 310 5273 1893 5345">
     <span class='ocr_line' id='line_1_132' title="bbox 310 5273 1893 5345; baseline -0.001 -18"><span class='ocrx_word' id='word_1_914' title='bbox 310 5292 432 5328; x_wconf 84' lang='lat' dir='ltr'><strong>rum</strong></span> <span class='ocrx_word' id='word_1_915' title='bbox 462 5276 677 5345; x_wconf 75' lang='lat' dir='ltr'><strong>faciunt,</strong></span> <span class='ocrx_word' id='word_1_916' title='bbox 716 5274 839 5343; x_wconf 87' lang='lat' dir='ltr'><strong>quid</strong></span> <span class='ocrx_word' id='word_1_917' title='bbox 884 5275 1005 5345; x_wconf 80' lang='lat' dir='ltr'><strong>iude</strong></span> <span class='ocrx_word' id='word_1_918' title='bbox 1050 5274 1263 5343; x_wconf 85' lang='lat' dir='ltr'><strong>perdis?</strong></span> <span class='ocrx_word' id='word_1_919' title='bbox 1310 5273 1508 5327; x_wconf 85' lang='lat' dir='ltr'><strong>Verum</strong></span> <span class='ocrx_word' id='word_1_920' title='bbox 1537 5274 1624 5345; x_wconf 85' lang='lat' dir='ltr'><strong>hic</strong></span> <span class='ocrx_word' id='word_1_921' title='bbox 1651 5273 1893 5345; x_wconf 87' lang='lat' dir='ltr'><strong>animad-</strong></span> 
     </span>
    </p>
   </div>
   <div class='ocr_carea' id='block_1_131' title="bbox 314 5342 1896 5413">
    <p class='ocr_par' dir='ltr' id='par_1_131' title="bbox 314 5342 1896 5413">
     <span class='ocr_line' id='line_1_133' title="bbox 314 5342 1896 5413; baseline -0.001 -17"><span class='ocrx_word' id='word_1_922' title='bbox 314 5342 637 5399; x_wconf 76' lang='lat' dir='ltr'><strong>vertendum</strong></span> <span class='ocrx_word' id='word_1_923' title='bbox 680 5342 877 5411; x_wconf 87' lang='lat' dir='ltr'><strong>negare</strong></span> <span class='ocrx_word' id='word_1_924' title='bbox 918 5342 1299 5413; x_wconf 75' lang='lat' dir='ltr'><strong>Hieronymum</strong></span> <span class='ocrx_word' id='word_1_925' title='bbox 1331 5359 1436 5398; x_wconf 92' lang='lat' dir='ltr'><strong>non</strong></span> <span class='ocrx_word' id='word_1_926' title='bbox 1466 5343 1701 5413; x_wconf 82' lang='lat' dir='ltr'><strong>potuisse</strong></span> <span class='ocrx_word' id='word_1_927' title='bbox 1747 5344 1896 5397; x_wconf 90' lang='lat' dir='ltr'><strong>diur-</strong></span> 
     </span>
    </p>
   </div>
   <div class='ocr_carea' id='block_1_132' title="bbox 317 5411 1896 5481">
    <p class='ocr_par' dir='ltr' id='par_1_132' title="bbox 317 5411 1896 5481">
     <span class='ocr_line' id='line_1_134' title="bbox 317 5411 1896 5481; baseline -0.001 -13"><span class='ocrx_word' id='word_1_928' title='bbox 317 5430 446 5468; x_wconf 91' lang='lat' dir='ltr'><strong>nam</strong></span> <span class='ocrx_word' id='word_1_929' title='bbox 476 5428 754 5468; x_wconf 90' lang='lat' dir='ltr'><strong>cereorum</strong></span> <span class='ocrx_word' id='word_1_930' title='bbox 778 5411 1172 5478; x_wconf 85' lang='lat' dir='ltr'><strong>accensionem,</strong></span> <span class='ocrx_word' id='word_1_931' title='bbox 1202 5427 1365 5481; x_wconf 91' lang='lat' dir='ltr'><strong>quum</strong></span> <span class='ocrx_word' id='word_1_932' title='bbox 1396 5413 1446 5465; x_wconf 90' lang='lat' dir='ltr'><strong>id</strong></span> <span class='ocrx_word' id='word_1_933' title='bbox 1466 5421 1522 5466; x_wconf 92' lang='lat' dir='ltr'><strong>et</strong></span> <span class='ocrx_word' id='word_1_934' title='bbox 1542 5412 1592 5466; x_wconf 93' lang='lat' dir='ltr'><strong>in</strong></span> <span class='ocrx_word' id='word_1_935' title='bbox 1609 5411 1896 5467; x_wconf 85' lang='lat' dir='ltr'><strong>Occidente</strong></span> 
     </span>
    </p>
   </div>
   <div class='ocr_carea' id='block_1_133' title="bbox 317 5481 1895 5554">
    <p class='ocr_par' dir='ltr' id='par_1_133' title="bbox 317 5481 1895 5554">
     <span class='ocr_line' id='line_1_135' title="bbox 317 5481 1895 5554; baseline -0.002 -17"><span class='ocrx_word' id='word_1_936' title='bbox 317 5493 375 5537; x_wconf 88' lang='lat' dir='ltr'><strong>et</strong></span> <span class='ocrx_word' id='word_1_937' title='bbox 404 5482 787 5554; x_wconf 83' lang='lat' dir='ltr'><strong>Hierosolymis</strong></span> <span class='ocrx_word' id='word_1_938' title='bbox 816 5483 868 5554; x_wconf 81' lang='lat' dir='ltr'><strong>in</strong></span> <span class='ocrx_word' id='word_1_939' title='bbox 898 5500 996 5554; x_wconf 85' lang='lat' dir='ltr'><strong>usu</strong></span> <span class='ocrx_word' id='word_1_940' title='bbox 1020 5484 1180 5537; x_wconf 85' lang='lat' dir='ltr'><strong>fuisse</strong></span> <span class='ocrx_word' id='word_1_941' title='bbox 1201 5497 1368 5554; x_wconf 87' lang='lat' dir='ltr'><strong>supra</strong></span> <span class='ocrx_word' id='word_1_942' title='bbox 1402 5482 1735 5554; x_wconf 73' lang='lat' dir='ltr'><strong>exploratum</strong></span> <span class='ocrx_word' id='word_1_943' title='bbox 1755 5481 1895 5554; x_wconf 10' lang='lat' dir='ltr'><strong>elici--</strong></span> 
     </span>
    </p>
   </div>
   <div class='ocr_carea' id='block_1_134' title="bbox 318 5550 1899 5621">
    <p class='ocr_par' dir='ltr' id='par_1_134' title="bbox 318 5550 1899 5621">
     <span class='ocr_line' id='line_1_136' title="bbox 318 5550 1899 5621; baseline 0 -16"><span class='ocrx_word' id='word_1_944' title='bbox 318 5554 574 5617; x_wconf 84' lang='lat' dir='ltr'><strong>cerimus,</strong></span> <span class='ocrx_word' id='word_1_945' title='bbox 608 5550 667 5606; x_wconf 78' lang='lat' dir='ltr'><strong>et</strong></span> <span class='ocrx_word' id='word_1_946' title='bbox 690 5554 804 5621; x_wconf 90' lang='lat' dir='ltr'><strong>ipse</strong></span> <span class='ocrx_word' id='word_1_947' title='bbox 834 5552 1029 5606; x_wconf 89' lang='lat' dir='ltr'><strong>ibidem</strong></span> <span class='ocrx_word' id='word_1_948' title='bbox 1060 5555 1171 5606; x_wconf 77' lang='lat' dir='ltr'><strong>lucc</strong></span> <span class='ocrx_word' id='word_1_949' title='bbox 1197 5551 1655 5606; x_wconf 78' lang='lat' dir='ltr'><strong>habetzPertotas</strong></span> <span class='ocrx_word' id='word_1_950' title='bbox 1674 5550 1899 5605; x_wconf 82' lang='lat' dir='ltr'><strong>Orientis</strong></span> 
     </span>
    </p>
   </div>
   <div class='ocr_carea' id='block_1_135' title="bbox 321 5621 1902 5694">
    <p class='ocr_par' dir='ltr' id='par_1_135' title="bbox 321 5621 1902 5694">
     <span class='ocr_line' id='line_1_137' title="bbox 321 5621 1902 5694; baseline 0.001 -20"><span class='ocrx_word' id='word_1_951' title='bbox 321 5623 588 5687; x_wconf 85' lang='lat' dir='ltr'><strong>ecclesias,</strong></span> <span class='ocrx_word' id='word_1_952' title='bbox 620 5623 825 5694; x_wconf 82' lang='lat' dir='ltr'><strong>quando</strong></span> <span class='ocrx_word' id='word_1_953' title='bbox 856 5622 1121 5692; x_wconf 87' lang='lat' dir='ltr'><strong>legendum</strong></span> <span class='ocrx_word' id='word_1_954' title='bbox 1151 5630 1224 5676; x_wconf 86' lang='lat' dir='ltr'><strong>est</strong></span> <span class='ocrx_word' id='word_1_955' title='bbox 1250 5622 1587 5694; x_wconf 82' lang='lat' dir='ltr'><strong>evangelium,</strong></span> <span class='ocrx_word' id='word_1_956' title='bbox 1612 5621 1902 5694; x_wconf 83' lang='lat' dir='ltr'><strong>accendun-</strong></span> 
     </span>
    </p>
   </div>
   <div class='ocr_carea' id='block_1_136' title="bbox 327 5691 1902 5761">
    <p class='ocr_par' dir='ltr' id='par_1_136' title="bbox 327 5691 1902 5761">
     <span class='ocr_line' id='line_1_138' title="bbox 327 5691 1902 5761; baseline -0.001 -16"><span class='ocrx_word' id='word_1_957' title='bbox 327 5700 414 5761; x_wconf 74' lang='lat' dir='ltr'><strong>tur</strong></span> <span class='ocrx_word' id='word_1_958' title='bbox 437 5691 712 5745; x_wconf 82' lang='lat' dir='ltr'><strong>luminaria</strong></span> <span class='ocrx_word' id='word_1_959' title='bbox 734 5692 850 5761; x_wconf 87' lang='lat' dir='ltr'><strong>jam</strong></span> <span class='ocrx_word' id='word_1_960' title='bbox 875 5691 981 5745; x_wconf 78' lang='lat' dir='ltr'><strong>sele</strong></span> <span class='ocrx_word' id='word_1_961' title='bbox 1002 5694 1261 5750; x_wconf 83' lang='lat' dir='ltr'><strong>rutilante,</strong></span> <span class='ocrx_word' id='word_1_962' title='bbox 1294 5708 1396 5744; x_wconf 91' lang='lat' dir='ltr'><strong>non</strong></span> <span class='ocrx_word' id='word_1_963' title='bbox 1417 5693 1586 5761; x_wconf 86' lang='lat' dir='ltr'><strong>utique</strong></span> <span class='ocrx_word' id='word_1_964' title='bbox 1612 5691 1681 5742; x_wconf 89' lang='lat' dir='ltr'><strong>ad</strong></span> <span class='ocrx_word' id='word_1_965' title='bbox 1711 5693 1902 5761; x_wconf 75' lang='lat' dir='ltr'><strong>fugan-</strong></span> 
     </span>
    </p>
   </div>
   <div class='ocr_carea' id='block_1_137' title="bbox 330 5760 1901 5833">
    <p class='ocr_par' dir='ltr' id='par_1_137' title="bbox 330 5760 1901 5833">
     <span class='ocr_line' id='line_1_139' title="bbox 330 5760 1901 5833; baseline 0.001 -21"><span class='ocrx_word' id='word_1_966' title='bbox 330 5760 431 5813; x_wconf 80' lang='lat' dir='ltr'><strong>das</strong></span> <span class='ocrx_word' id='word_1_967' title='bbox 464 5762 714 5827; x_wconf 85' lang='lat' dir='ltr'><strong>tenebras,</strong></span> <span class='ocrx_word' id='word_1_968' title='bbox 738 5760 850 5815; x_wconf 81' lang='lat' dir='ltr'><strong>sed</strong></span> <span class='ocrx_word' id='word_1_969' title='bbox 878 5763 947 5814; x_wconf 90' lang='lat' dir='ltr'><strong>ad</strong></span> <span class='ocrx_word' id='word_1_970' title='bbox 974 5764 1175 5833; x_wconf 86' lang='lat' dir='ltr'><strong>signum</strong></span> <span class='ocrx_word' id='word_1_971' title='bbox 1205 5762 1398 5818; x_wconf 77' lang='lat' dir='ltr'><strong>lwlitla:</strong></span> <span class='ocrx_word' id='word_1_972' title='bbox 1426 5760 1901 5817; x_wconf 78' lang='lat' dir='ltr'><strong>demonstrandum.</strong></span> 
     </span>
    </p>
   </div>
   <div class='ocr_carea' id='block_1_138' title="bbox 558 5853 1025 5919">
    <p class='ocr_par' dir='ltr' id='par_1_138' title="bbox 558 5853 1025 5919">
     <span class='ocr_line' id='line_1_140' title="bbox 558 5853 1025 5919; baseline -0.002 -6"><span class='ocrx_word' id='word_1_973' title='bbox 558 5853 827 5919; x_wconf 73' lang='lat' dir='ltr'><strong>PATROL.</strong></span> <span class='ocrx_word' id='word_1_974' title='bbox 879 5856 1025 5916; x_wconf 78' lang='lat' dir='ltr'><strong>LXI.</strong></span> 
     </span>
    </p>
   </div>
   <div class='ocr_carea' id='block_1_139' title="bbox 1989 4576 3575 4647">
    <p class='ocr_par' dir='ltr' id='par_1_139' title="bbox 1989 4576 3575 4647">
     <span class='ocr_line' id='line_1_141' title="bbox 1989 4576 3575 4647; baseline 0.001 -18"><span class='ocrx_word' id='word_1_975' title='bbox 1989 4577 2118 4645; x_wconf 90' lang='lat' dir='ltr'><strong>quin</strong></span> <span class='ocrx_word' id='word_1_976' title='bbox 2148 4577 2327 4646; x_wconf 90' lang='lat' dir='ltr'><strong>potius</strong></span> <span class='ocrx_word' id='word_1_977' title='bbox 2353 4576 2468 4644; x_wconf 88' lang='lat' dir='ltr'><strong>ejus</strong></span> <span class='ocrx_word' id='word_1_978' title='bbox 2493 4592 2746 4633; x_wconf 88' lang='lat' dir='ltr'><strong>censores</strong></span> <span class='ocrx_word' id='word_1_979' title='bbox 2774 4578 3088 4645; x_wconf 84' lang='lat' dir='ltr'><strong>castigandi.</strong></span> <span class='ocrx_word' id='word_1_980' title='bbox 3116 4578 3239 4647; x_wconf 86' lang='lat' dir='ltr'><strong>Agit</strong></span> <span class='ocrx_word' id='word_1_981' title='bbox 3260 4577 3349 4631; x_wconf 91' lang='lat' dir='ltr'><strong>ille</strong></span> <span class='ocrx_word' id='word_1_982' title='bbox 3373 4578 3425 4630; x_wconf 92' lang='lat' dir='ltr'><strong>in</strong></span> <span class='ocrx_word' id='word_1_983' title='bbox 3454 4579 3575 4631; x_wconf 89' lang='lat' dir='ltr'><strong>eth-</strong></span> 
     </span>
    </p>
   </div>
   <div class='ocr_carea' id='block_1_140' title="bbox 1990 4647 3575 4717">
    <p class='ocr_par' dir='ltr' id='par_1_140' title="bbox 1990 4647 3575 4717">
     <span class='ocr_line' id='line_1_142' title="bbox 1990 4647 3575 4717; baseline 0.001 -18"><span class='ocrx_word' id='word_1_984' title='bbox 1990 4649 2165 4713; x_wconf 89' lang='lat' dir='ltr'><strong>nicos,</strong></span> <span class='ocrx_word' id='word_1_985' title='bbox 2196 4661 2489 4715; x_wconf 89' lang='lat' dir='ltr'><strong>eorumque</strong></span> <span class='ocrx_word' id='word_1_986' title='bbox 2516 4648 2810 4717; x_wconf 57' lang='lat' dir='ltr'><strong>caecitatem</strong></span> <span class='ocrx_word' id='word_1_987' title='bbox 2838 4647 3027 4701; x_wconf 88' lang='lat' dir='ltr'><strong>validis</strong></span> <span class='ocrx_word' id='word_1_988' title='bbox 3056 4648 3256 4717; x_wconf 85' lang='lat' dir='ltr'><strong>excipit</strong></span> <span class='ocrx_word' id='word_1_989' title='bbox 3285 4662 3575 4716; x_wconf 83' lang='lat' dir='ltr'><strong>argumen-</strong></span> 
     </span>
    </p>
   </div>
   <div class='ocr_carea' id='block_1_141' title="bbox 1992 4716 3571 4787">
    <p class='ocr_par' dir='ltr' id='par_1_141' title="bbox 1992 4716 3571 4787">
     <span class='ocr_line' id='line_1_143' title="bbox 1992 4716 3571 4787; baseline 0 -17"><span class='ocrx_word' id='word_1_990' title='bbox 1992 4718 2091 4779; x_wconf 91' lang='lat' dir='ltr'><strong>tis;</strong></span> <span class='ocrx_word' id='word_1_991' title='bbox 2116 4732 2180 4770; x_wconf 91' lang='lat' dir='ltr'><strong>ea</strong></span> <span class='ocrx_word' id='word_1_992' title='bbox 2203 4717 2345 4771; x_wconf 91' lang='lat' dir='ltr'><strong>enim</strong></span> <span class='ocrx_word' id='word_1_993' title='bbox 2370 4717 2515 4787; x_wconf 89' lang='lat' dir='ltr'><strong>ducti</strong></span> <span class='ocrx_word' id='word_1_994' title='bbox 2548 4716 2657 4787; x_wconf 91' lang='lat' dir='ltr'><strong>Deo</strong></span> <span class='ocrx_word' id='word_1_995' title='bbox 2680 4726 2951 4786; x_wconf 89' lang='lat' dir='ltr'><strong>tamquam</strong></span> <span class='ocrx_word' id='word_1_996' title='bbox 2983 4718 3037 4771; x_wconf 94' lang='lat' dir='ltr'><strong>in</strong></span> <span class='ocrx_word' id='word_1_997' title='bbox 3072 4716 3305 4787; x_wconf 88' lang='lat' dir='ltr'><strong>caligine</strong></span> <span class='ocrx_word' id='word_1_998' title='bbox 3316 4718 3432 4787; x_wconf 83' lang='lat' dir='ltr'><strong>sito</strong></span> <span class='ocrx_word' id='word_1_999' title='bbox 3487 4718 3571 4770; x_wconf 90' lang='lat' dir='ltr'><strong>lu—</strong></span> 
     </span>
    </p>
   </div>
   <div class='ocr_carea' id='block_1_142' title="bbox 1992 4786 3571 4856">
    <p class='ocr_par' dir='ltr' id='par_1_142' title="bbox 1992 4786 3571 4856">
     <span class='ocr_line' id='line_1_144' title="bbox 1992 4786 3571 4856; baseline 0.001 -17"><span class='ocrx_word' id='word_1_1000' title='bbox 1992 4786 2331 4856; x_wconf 83' lang='lat' dir='ltr'><strong>minibusque</strong></span> <span class='ocrx_word' id='word_1_1001' title='bbox 2385 4786 2641 4855; x_wconf 90' lang='lat' dir='ltr'><strong>indigenti</strong></span> <span class='ocrx_word' id='word_1_1002' title='bbox 2689 4803 2971 4842; x_wconf 90' lang='lat' dir='ltr'><strong>cereorum</strong></span> <span class='ocrx_word' id='word_1_1003' title='bbox 3020 4786 3200 4841; x_wconf 86' lang='lat' dir='ltr'><strong>lumen</strong></span> <span class='ocrx_word' id='word_1_1004' title='bbox 3250 4786 3571 4843; x_wconf 77' lang='lat' dir='ltr'><strong>offerebant.</strong></span> 
     </span>
    </p>
   </div>
   <div class='ocr_carea' id='block_1_143' title="bbox 1992 4855 3578 4928">
    <p class='ocr_par' dir='ltr' id='par_1_143' title="bbox 1992 4855 3578 4928">
     <span class='ocr_line' id='line_1_145' title="bbox 1992 4855 3578 4928; baseline 0 -19"><span class='ocrx_word' id='word_1_1005' title='bbox 1992 4855 2069 4909; x_wconf 89' lang='grc' dir='ltr'>Ειι</span> <span class='ocrx_word' id='word_1_1006' title='bbox 2091 4864 2276 4928; x_wconf 79' lang='lat' dir='ltr'><strong>aperta</strong></span> <span class='ocrx_word' id='word_1_1007' title='bbox 2308 4855 2570 4928; x_wconf 73' lang='lat' dir='ltr'><strong>Lactantii</strong></span> <span class='ocrx_word' id='word_1_1008' title='bbox 2600 4858 2763 4911; x_wconf 86' lang='lat' dir='ltr'><strong>verba</strong></span> <span class='ocrx_word' id='word_1_1009' title='bbox 2789 4875 2803 4910; x_wconf 91' lang='lat'><strong>:</strong></span> <span class='ocrx_word' id='word_1_1010' title='bbox 2834 4856 3072 4910; x_wconf 80' lang='lat' dir='ltr'><strong>Mactant</strong></span> <span class='ocrx_word' id='word_1_1011' title='bbox 3110 4858 3269 4928; x_wconf 84' lang='lat' dir='ltr'><strong>igitur</strong></span> <span class='ocrx_word' id='word_1_1012' title='bbox 3289 4860 3488 4927; x_wconf 87' lang='lat' dir='ltr'><strong>opimas</strong></span> <span class='ocrx_word' id='word_1_1013' title='bbox 3516 4875 3578 4910; x_wconf 90' lang='lat' dir='ltr'><strong>ac</strong></span> 
     </span>
    </p>
   </div>
   <div class='ocr_carea' id='block_1_144' title="bbox 1993 4925 3581 4999">
    <p class='ocr_par' dir='ltr' id='par_1_144' title="bbox 1993 4925 3581 4999">
     <span class='ocr_line' id='line_1_146' title="bbox 1993 4925 3581 4999; baseline 0.001 -21"><span class='ocrx_word' id='word_1_1014' title='bbox 1993 4930 2207 4995; x_wconf 79' lang='lat' dir='ltr'><strong>pingues</strong></span> <span class='ocrx_word' id='word_1_1015' title='bbox 2230 4926 2423 4999; x_wconf 78' lang='lat' dir='ltr'><strong>hostias</strong></span> <span class='ocrx_word' id='word_1_1016' title='bbox 2463 4925 2581 4999; x_wconf 78' lang='lat' dir='ltr'><strong>Deo</strong></span> <span class='ocrx_word' id='word_1_1017' title='bbox 2611 4930 2756 4999; x_wconf 88' lang='lat' dir='ltr'><strong>quasi</strong></span> <span class='ocrx_word' id='word_1_1018' title='bbox 2805 4929 3079 4999; x_wconf 87' lang='lat' dir='ltr'><strong>esurienti;</strong></span> <span class='ocrx_word' id='word_1_1019' title='bbox 3112 4925 3434 4999; x_wconf 76' lang='lat' dir='ltr'><strong>profundunt</strong></span> <span class='ocrx_word' id='word_1_1020' title='bbox 3461 4930 3581 4999; x_wconf 74' lang='lat' dir='ltr'><strong>uina</strong></span> 
     </span>
    </p>
   </div>
   <div class='ocr_carea' id='block_1_145' title="bbox 1993 4996 3580 5065">
    <p class='ocr_par' dir='ltr' id='par_1_145' title="bbox 1993 4996 3580 5065">
     <span class='ocr_line' id='line_1_147' title="bbox 1993 4996 3580 5065; baseline 0.001 -17"><span class='ocrx_word' id='word_1_1021' title='bbox 1993 5005 2251 5065; x_wconf 88' lang='lat' dir='ltr'><strong>tamquam</strong></span> <span class='ocrx_word' id='word_1_1022' title='bbox 2276 4996 2507 5059; x_wconf 85' lang='lat' dir='ltr'><strong>sitienti;</strong></span> <span class='ocrx_word' id='word_1_1023' title='bbox 2556 4996 2845 5050; x_wconf 80' lang='lat' dir='ltr'><strong>accendunt</strong></span> <span class='ocrx_word' id='word_1_1024' title='bbox 2886 4998 3083 5051; x_wconf 87' lang='lat' dir='ltr'><strong>lumina</strong></span> <span class='ocrx_word' id='word_1_1025' title='bbox 3104 4996 3237 5051; x_wconf 80' lang='lat' dir='ltr'><strong>velut</strong></span> <span class='ocrx_word' id='word_1_1026' title='bbox 3264 4999 3318 5051; x_wconf 90' lang='lat' dir='ltr'><strong>in</strong></span> <span class='ocrx_word' id='word_1_1027' title='bbox 3354 4997 3580 5051; x_wconf 83' lang='lat' dir='ltr'><strong>tenebris</strong></span> 
     </span>
    </p>
   </div>
   <div class='ocr_carea' id='block_1_146' title="bbox 1991 5065 3578 5148">
    <p class='ocr_par' dir='ltr' id='par_1_146' title="bbox 1991 5065 3578 5148">
     <span class='ocr_line' id='line_1_148' title="bbox 1991 5065 3578 5148; baseline 0 -29"><span class='ocrx_word' id='word_1_1028' title='bbox 1991 5067 2195 5148; x_wconf 36' lang='lat' dir='ltr'><strong>egenti;</strong></span> <span class='ocrx_word' id='word_1_1029' title='bbox 2215 5065 2280 5148; x_wconf 29' lang='lat' dir='ltr'><strong>ld‘</strong></span> <span class='ocrx_word' id='word_1_1030' title='bbox 2308 5066 2468 5148; x_wconf 66' lang='lat' dir='ltr'><strong>etiam</strong></span> <span class='ocrx_word' id='word_1_1031' title='bbox 2501 5067 2618 5148; x_wconf 66' lang='lat' dir='ltr'><strong>aliis</strong></span> <span class='ocrx_word' id='word_1_1032' title='bbox 2639 5068 2887 5148; x_wconf 79' lang='lat' dir='ltr'><strong>inculcat,</strong></span> <span class='ocrx_word' id='word_1_1033' title='bbox 2912 5083 3032 5137; x_wconf 70' lang='lat' dir='ltr'><strong>quae</strong></span> <span class='ocrx_word' id='word_1_1034' title='bbox 3049 5067 3197 5148; x_wconf 80' lang='lat' dir='ltr'><strong>apud</strong></span> <span class='ocrx_word' id='word_1_1035' title='bbox 3213 5069 3473 5148; x_wconf 70' lang='lat' dir='ltr'><strong>eumdem</strong></span> <span class='ocrx_word' id='word_1_1036' title='bbox 3498 5070 3578 5120; x_wconf 85' lang='lat' dir='ltr'><strong>vi-</strong></span> 
     </span>
    </p>
   </div>
   <div class='ocr_carea' id='block_1_147' title="bbox 1992 5135 3583 5206">
    <p class='ocr_par' dir='ltr' id='par_1_147' title="bbox 1992 5135 3583 5206">
     <span class='ocr_line' id='line_1_149' title="bbox 1992 5135 3583 5206; baseline 0 -17"><span class='ocrx_word' id='word_1_1037' title='bbox 1992 5135 2121 5189; x_wconf 91' lang='lat' dir='ltr'><strong>dcre</strong></span> <span class='ocrx_word' id='word_1_1038' title='bbox 2164 5135 2307 5206; x_wconf 79' lang='lat' dir='ltr'><strong>licet.</strong></span> <span class='ocrx_word' id='word_1_1039' title='bbox 2354 5135 2410 5189; x_wconf 93' lang='lat' dir='ltr'><strong>Si</strong></span> <span class='ocrx_word' id='word_1_1040' title='bbox 2441 5151 2470 5188; x_wconf 92' lang='lat' dir='ltr'><strong>a</strong></span> <span class='ocrx_word' id='word_1_1041' title='bbox 2511 5138 2830 5206; x_wconf 90' lang='lat' dir='ltr'><strong>quibusdam</strong></span> <span class='ocrx_word' id='word_1_1042' title='bbox 2879 5135 3138 5192; x_wconf 55' lang='lat' dir='ltr'><strong>e&#39;nostris</strong></span> <span class='ocrx_word' id='word_1_1043' title='bbox 3173 5137 3259 5191; x_wconf 91' lang='lat' dir='ltr'><strong>hic</strong></span> <span class='ocrx_word' id='word_1_1044' title='bbox 3281 5137 3583 5191; x_wconf 84' lang='lat' dir='ltr'><strong>Firmianus</strong></span> 
     </span>
    </p>
   </div>
   <div class='ocr_carea' id='block_1_148' title="bbox 1994 5204 3583 5287">
    <p class='ocr_par' dir='ltr' id='par_1_148' title="bbox 1994 5204 3583 5287">
     <span class='ocr_line' id='line_1_150' title="bbox 1994 5204 3583 5287; baseline 0 -28"><span class='ocrx_word' id='word_1_1045' title='bbox 1994 5206 2255 5287; x_wconf 69' lang='lat' dir='ltr'><strong>carpitur,</strong></span> <span class='ocrx_word' id='word_1_1046' title='bbox 2288 5204 2376 5259; x_wconf 89' lang='lat' dir='ltr'><strong>hic</strong></span> <span class='ocrx_word' id='word_1_1047' title='bbox 2421 5204 2787 5287; x_wconf 32' lang='lat' dir='ltr'><strong>ipsi‘consnra</strong></span> <span class='ocrx_word' id='word_1_1048' title='bbox 2817 5222 2876 5262; x_wconf 91' lang='lat' dir='ltr'><strong>se</strong></span> <span class='ocrx_word' id='word_1_1049' title='bbox 2916 5207 3416 5287; x_wconf 38' lang='lat' dir='ltr'><strong>exhibent-dignos,</strong></span> <span class='ocrx_word' id='word_1_1050' title='bbox 3444 5216 3503 5287; x_wconf 76' lang='lat' dir='ltr'><strong>ut</strong></span> <span class='ocrx_word' id='word_1_1051' title='bbox 3530 5208 3583 5286; x_wconf 64' lang='grc' dir='ltr'>ιη</span> 
     </span>
    </p>
   </div>
   <div class='ocr_carea' id='block_1_149' title="bbox 1998 5276 3582 5344">
    <p class='ocr_par' dir='ltr' id='par_1_149' title="bbox 1998 5276 3582 5344">
     <span class='ocr_line' id='line_1_151' title="bbox 1998 5276 3582 5344; baseline 0.003 -17"><span class='ocrx_word' id='word_1_1052' title='bbox 1998 5276 2116 5328; x_wconf 86' lang='lat' dir='ltr'><strong>aliis</strong></span> <span class='ocrx_word' id='word_1_1053' title='bbox 2146 5291 2252 5328; x_wconf 91' lang='lat' dir='ltr'><strong>non</strong></span> <span class='ocrx_word' id='word_1_1054' title='bbox 2282 5277 2464 5344; x_wconf 90' lang='lat' dir='ltr'><strong>paucis</strong></span> <span class='ocrx_word' id='word_1_1055' title='bbox 2492 5292 2550 5330; x_wconf 86' lang='lat' dir='ltr'><strong>se</strong></span> <span class='ocrx_word' id='word_1_1056' title='bbox 2591 5278 2883 5332; x_wconf 88' lang='lat' dir='ltr'><strong>exhibuere</strong></span> <span class='ocrx_word' id='word_1_1057' title='bbox 2931 5279 3239 5333; x_wconf 88' lang='lat' dir='ltr'><strong>testimonio</strong></span> <span class='ocrx_word' id='word_1_1058' title='bbox 3279 5276 3582 5331; x_wconf 90' lang='lat' dir='ltr'><strong>Possevini.</strong></span> 
     </span>
    </p>
   </div>
   <div class='ocr_carea' id='block_1_150' title="bbox 1998 5344 3589 5415">
    <p class='ocr_par' dir='ltr' id='par_1_150' title="bbox 1998 5344 3589 5415">
     <span class='ocr_line' id='line_1_152' title="bbox 1998 5344 3589 5415; baseline 0 -17"><span class='ocrx_word' id='word_1_1059' title='bbox 1998 5344 2115 5398; x_wconf 86' lang='lat' dir='ltr'><strong>Non</strong></span> <span class='ocrx_word' id='word_1_1060' title='bbox 2144 5344 2378 5399; x_wconf 82' lang='lat' dir='ltr'><strong>dil‘liteor</strong></span> <span class='ocrx_word' id='word_1_1061' title='bbox 2399 5355 2576 5400; x_wconf 90' lang='lat' dir='ltr'><strong>tamen</strong></span> <span class='ocrx_word' id='word_1_1062' title='bbox 2610 5348 2732 5401; x_wconf 91' lang='lat' dir='ltr'><strong>hinc</strong></span> <span class='ocrx_word' id='word_1_1063' title='bbox 2759 5348 2915 5403; x_wconf 90' lang='lat' dir='ltr'><strong>alicui</strong></span> <span class='ocrx_word' id='word_1_1064' title='bbox 2940 5348 3195 5401; x_wconf 80' lang='lat' dir='ltr'><strong>haeretica</strong></span> <span class='ocrx_word' id='word_1_1065' title='bbox 3225 5361 3414 5400; x_wconf 89' lang='lat' dir='ltr'><strong>ansam</strong></span> <span class='ocrx_word' id='word_1_1066' title='bbox 3455 5362 3589 5415; x_wconf 67' lang='lat' dir='ltr'><strong>pra:-</strong></span> 
     </span>
    </p>
   </div>
   <div class='ocr_carea' id='block_1_151' title="bbox 2000 5414 3585 5496">
    <p class='ocr_par' dir='ltr' id='par_1_151' title="bbox 2000 5414 3585 5496">
     <span class='ocr_line' id='line_1_153' title="bbox 2000 5414 3585 5496; baseline 0 -27"><span class='ocrx_word' id='word_1_1067' title='bbox 2000 5414 2115 5496; x_wconf 63' lang='lat' dir='ltr'><strong>beri</strong></span> <span class='ocrx_word' id='word_1_1068' title='bbox 2156 5430 2338 5496; x_wconf 72' lang='lat' dir='ltr'><strong>posse</strong></span> <span class='ocrx_word' id='word_1_1069' title='bbox 2359 5416 2688 5496; x_wconf 71' lang='lat' dir='ltr'><strong>catholicum</strong></span> <span class='ocrx_word' id='word_1_1070' title='bbox 2732 5432 3012 5496; x_wconf 80' lang='lat' dir='ltr'><strong>cereorum</strong></span> <span class='ocrx_word' id='word_1_1071' title='bbox 3054 5432 3240 5496; x_wconf 83' lang='lat' dir='ltr'><strong>usnm__</strong></span> <span class='ocrx_word' id='word_1_1072' title='bbox 3267 5414 3585 5486; x_wconf 88' lang='lat' dir='ltr'><strong>impetendi.</strong></span> 
     </span>
    </p>
   </div>
   <div class='ocr_carea' id='block_1_152' title="bbox 2004 5483 3591 5553">
    <p class='ocr_par' dir='ltr' id='par_1_152' title="bbox 2004 5483 3591 5553">
     <span class='ocr_line' id='line_1_154' title="bbox 2004 5483 3591 5553; baseline 0 -14"><span class='ocrx_word' id='word_1_1073' title='bbox 2004 5483 2113 5539; x_wconf 91' lang='lat' dir='ltr'><strong>Sed</strong></span> <span class='ocrx_word' id='word_1_1074' title='bbox 2132 5483 2429 5540; x_wconf 87' lang='lat' dir='ltr'><strong>vidcantilli</strong></span> <span class='ocrx_word' id='word_1_1075' title='bbox 2445 5502 2511 5540; x_wconf 91' lang='lat' dir='ltr'><strong>an</strong></span> <span class='ocrx_word' id='word_1_1076' title='bbox 2535 5486 2739 5543; x_wconf 90' lang='lat' dir='ltr'><strong>eisdem</strong></span> <span class='ocrx_word' id='word_1_1077' title='bbox 2764 5489 2815 5541; x_wconf 92' lang='lat' dir='ltr'><strong>in</strong></span> <span class='ocrx_word' id='word_1_1078' title='bbox 2843 5504 2943 5543; x_wconf 92' lang='lat' dir='ltr'><strong>nos</strong></span> <span class='ocrx_word' id='word_1_1079' title='bbox 2976 5487 3328 5543; x_wconf 89' lang='lat' dir='ltr'><strong>mucronibus</strong></span> <span class='ocrx_word' id='word_1_1080' title='bbox 3345 5483 3591 5553; x_wconf 84' lang='lat' dir='ltr'><strong>pugnent</strong></span> 
     </span>
    </p>
   </div>
   <div class='ocr_carea' id='block_1_153' title="bbox 2005 5504 3587 5635">
    <p class='ocr_par' dir='ltr' id='par_1_153' title="bbox 2005 5504 3587 5635">
     <span class='ocr_line' id='line_1_155' title="bbox 2005 5504 3587 5553; baseline 0 -14"><span class='ocrx_word' id='word_1_1081' title='bbox 2005 5504 2113 5539; x_wconf 67' lang='lat' dir='ltr'><strong>aeu</strong></span> <span class='ocrx_word' id='word_1_1082' title='bbox 2132 5504 2511 5540; x_wconf 79' lang='lat' dir='ltr'><strong>vmcantnnan</strong></span> <span class='ocrx_word' id='word_1_1083' title='bbox 2535 5504 2739 5543; x_wconf 78' lang='lat' dir='ltr'><strong>eisaem</strong></span> <span class='ocrx_word' id='word_1_1084' title='bbox 2764 5504 2815 5541; x_wconf 94' lang='lat' dir='ltr'><strong>m</strong></span> <span class='ocrx_word' id='word_1_1085' title='bbox 2843 5504 2943 5543; x_wconf 92' lang='lat' dir='ltr'><strong>nos</strong></span> <span class='ocrx_word' id='word_1_1086' title='bbox 2976 5504 3328 5543; x_wconf 89' lang='lat' dir='ltr'><strong>mucronmus</strong></span> <span class='ocrx_word' id='word_1_1087' title='bbox 3385 5504 3587 5553; x_wconf 86' lang='lat' dir='ltr'><strong>ugnem</strong></span> 
     </span>
     <span class='ocr_line' id='line_1_156' title="bbox 2005 5504 3587 5635; baseline 0.002 -30"><span class='ocrx_word' id='word_1_1088' title='bbox 2005 5554 2199 5634; x_wconf 79' lang='lat' dir='ltr'><strong>quibus</strong></span> <span class='ocrx_word' id='word_1_1089' title='bbox 2222 5554 2274 5607; x_wconf 92' lang='lat' dir='ltr'><strong>in</strong></span> <span class='ocrx_word' id='word_1_1090' title='bbox 2294 5556 2520 5635; x_wconf 76' lang='lat' dir='ltr'><strong>gentiles</strong></span> <span class='ocrx_word' id='word_1_1091' title='bbox 2542 5556 2813 5635; x_wconf 68' lang='lat' dir='ltr'><strong>ferebatur</strong></span> <span class='ocrx_word' id='word_1_1092' title='bbox 2837 5557 3169 5635; x_wconf 77' lang='lat' dir='ltr'><strong>Lactantius.</strong></span> <span class='ocrx_word' id='word_1_1093' title='bbox 3204 5556 3311 5610; x_wconf 84' lang='lat' dir='ltr'><strong>Nos</strong></span> <span class='ocrx_word' id='word_1_1094' title='bbox 3340 5504 3470 5635; x_wconf 58' lang='lat' dir='ltr'><strong>Ben,</strong></span> <span class='ocrx_word' id='word_1_1095' title='bbox 3501 5555 3587 5609; x_wconf 86' lang='lat' dir='ltr'><strong>ln-</strong></span> 
     </span>
    </p>
   </div>
   <div class='ocr_carea' id='block_1_154' title="bbox 2008 5626 3588 5703">
    <p class='ocr_par' dir='ltr' id='par_1_154' title="bbox 2008 5626 3588 5703">
     <span class='ocr_line' id='line_1_157' title="bbox 2008 5626 3588 5703; baseline 0.003 -27"><span class='ocrx_word' id='word_1_1096' title='bbox 2008 5626 2399 5703; x_wconf 54' lang='lat' dir='ltr'><strong>iuintnnyatri,</strong></span> <span class='ocrx_word' id='word_1_1097' title='bbox 2432 5626 2939 5703; x_wconf 59' lang='lat' dir='ltr'><strong>luminaoﬂ‘erimus</strong></span> <span class='ocrx_word' id='word_1_1098' title='bbox 2967 5629 3193 5703; x_wconf 78' lang='lat' dir='ltr'><strong>honoris</strong></span> <span class='ocrx_word' id='word_1_1099' title='bbox 3240 5626 3433 5703; x_wconf 76' lang='lat' dir='ltr'><strong>gratia,</strong></span> <span class='ocrx_word' id='word_1_1100' title='bbox 3479 5642 3588 5703; x_wconf 78' lang='lat' dir='ltr'><strong>non</strong></span> 
     </span>
    </p>
   </div>
   <div class='ocr_carea' id='block_1_155' title="bbox 2011 5693 3584 5774">
    <p class='ocr_par' dir='ltr' id='par_1_155' title="bbox 2011 5693 3584 5774">
     <span class='ocr_line' id='line_1_158' title="bbox 2011 5693 3584 5774; baseline 0.001 -27"><span class='ocrx_word' id='word_1_1101' title='bbox 2011 5701 2071 5774; x_wconf 82' lang='lat' dir='ltr'><strong>ut</strong></span> <span class='ocrx_word' id='word_1_1102' title='bbox 2101 5693 2303 5774; x_wconf 73' lang='lat' dir='ltr'><strong>abejus</strong></span> <span class='ocrx_word' id='word_1_1103' title='bbox 2329 5696 2500 5774; x_wconf 74' lang='lat' dir='ltr'><strong>oculis</strong></span> <span class='ocrx_word' id='word_1_1104' title='bbox 2551 5698 2832 5774; x_wconf 81' lang='lat' dir='ltr'><strong>caliginem</strong></span> <span class='ocrx_word' id='word_1_1105' title='bbox 2877 5698 3228 5766; x_wconf 90' lang='lat' dir='ltr'><strong>depellamus.</strong></span> <span class='ocrx_word' id='word_1_1106' title='bbox 3250 5693 3369 5774; x_wconf 13' lang='lat' dir='ltr'><strong>illoc</strong></span> <span class='ocrx_word' id='word_1_1107' title='bbox 3394 5697 3445 5750; x_wconf 92' lang='lat' dir='ltr'><strong>in</strong></span> <span class='ocrx_word' id='word_1_1108' title='bbox 3483 5696 3584 5774; x_wconf 43' lang='lat' dir='ltr'><strong>La:</strong></span> 
     </span>
    </p>
   </div>
   <div class='ocr_carea' id='block_1_156' title="bbox 2014 5765 3589 5837">
    <p class='ocr_par' dir='ltr' id='par_1_156' title="bbox 2014 5765 3589 5837">
     <span class='ocr_line' id='line_1_159' title="bbox 2014 5765 3589 5837; baseline 0.002 -19"><span class='ocrx_word' id='word_1_1109' title='bbox 2014 5765 2213 5819; x_wconf 87' lang='lat' dir='ltr'><strong>ctantio</strong></span> <span class='ocrx_word' id='word_1_1110' title='bbox 2260 5765 2439 5836; x_wconf 83' lang='lat' dir='ltr'><strong>potius</strong></span> <span class='ocrx_word' id='word_1_1111' title='bbox 2494 5766 2857 5823; x_wconf 86' lang='lat' dir='ltr'><strong>excusandum</strong></span> <span class='ocrx_word' id='word_1_1112' title='bbox 2904 5765 3066 5837; x_wconf 88' lang='lat' dir='ltr'><strong>quam</strong></span> <span class='ocrx_word' id='word_1_1113' title='bbox 3116 5766 3469 5835; x_wconf 81' lang='lat' dir='ltr'><strong>arguendum,</strong></span> <span class='ocrx_word' id='word_1_1114' title='bbox 3497 5766 3589 5837; x_wconf 87' lang='lat' dir='ltr'><strong>qui</strong></span> 
     </span>
    </p>
   </div>
   <div class='ocr_carea' id='block_1_157' title="bbox 3136 5861 3210 5921">
    <p class='ocr_par' dir='ltr' id='par_1_157' title="bbox 3136 5861 3210 5921">
     <span class='ocr_line' id='line_1_160' title="bbox 3136 5861 3210 5921; baseline 0 0"><span class='ocrx_word' id='word_1_1115' title='bbox 3136 5861 3210 5921; x_wconf 75' lang='grc'>26</span> 
     </span>
    </p>
   </div>
  </div>
