4024 6186
434 280 541 336 825

1520 277 1857 335 APPENDIX
1895 276 2175 337 OPERUM
2216 279 2273 337 8.
2314 279 2605 339 PAULINI.

431 400 690 515 praeterea
734 389 791 445 S.
822 386 1005 471 Cletus
1026 388 1117 470 odie
1146 386 1214 439 26
1246 387 1394 455 Apr.,
1427 387 1484 441 S.
1520 391 1804 445 Anacletus
1831 392 1917 445 die
1950 391 2014 472 15
2046 401 2088 455 Α

468 462 562 515 ιιΙ..
591 460 647 514 8.
683 460 959 514 Evartstus
987 458 1072 513 dte
1098 456 1166 509 26
1186 455 1428 515 Octobr..
1460 457 1517 512 8.
1552 460 1910 515 Telesohorus
1926 462 2013 515 dte

468 462 562 529 ιιι..
591 460 647 514 8.
683 460 959 514 Evaristus
987 458 1072 513 die
1098 456 1166 509 26
1180 455 1428 529 ρριοὺιο.,
1460 457 1517 512 8.
1552 460 1910 529 Telesphorus
1926 462 2013 517 die

432 530 466 583 5
495 528 697 585 Januar
722 569 739 594 ,
769 530 826 584 S.
857 530 1017 583 Soter
1057 528 1146 582 die
1171 526 1241 578 22
1269 528 1422 596 Apr.,
1461 537 1517 582 et
1560 530 1613 582 in
1644 526 1745 585 hoc
1765 532 1852 585 die
1879 533 2014 585 assi-

432 600 643 665 gnando
687 598 1069 669 martyrologia
1118 598 1295 652 onmia
1350 613 1471 669 eum
1499 601 1667 654 veteri
1701 599 2013 669 pontificum

433 671 691 725 cbronico
731 666 1101 732 consentiunt;
1132 675 1187 721 et
1210 666 1452 721 eamdem
1484 670 1648 723 nihilo
1688 666 1864 725 secius
1884 686 2005 725 can

436 741 653 794 tilenam
682 738 877 809 Pagius
897 737 1121 807 repetit,
1147 737 1400 791 videlicet
1434 738 1497 793 iis
1540 739 1728 794 diebus
1754 755 1860 794 non
1889 756 2009 796 ere.

434 811 665 863 dendum
695 810 885 863 horum
914 816 1221 879 sanctorum
1250 818 1499 879 mortem,
1534 810 1628 863 sed
1656 810 1887 879 aliquam
1912 826 1982 879 po
2006 842 2014 850 .

436 880 539 934 tius
569 879 972 934 translationem
1000 878 1309 947 contigisse.
1334 876 1439 947 sed
1469 888 1657 947 parcat
1684 876 1765 933 vir
1788 876 1943 944 clari,
1967 880 2014 935 si

434 964 691 1020 expressit
744 948 1012 1004 lubentius
1076 946 1327 1020 Ecclesia:
1372 945 2015 1020 Romanaraliorumque

433 1016 754 1088 scriptoriun
829 1017 1134 1074 testimonio
1186 1030 1345 1083 quam
1388 1016 1547 1071 nuda:
1587 1019 1727 1073 illius
1772 1016 2013 1087 opinioni

434 1087 593 1143 ﬁdem
649 1089 948 1143 habendam
989 1102 1106 1142 esse
1161 1094 1347 1154 aperte
1390 1090 1820 1155 pronuntiamus.
1860 1087 2013 1145 Enim

432 1174 561 1213 vero
602 1160 816 1213 cuinam
856 1159 1041 1227 magis,
1100 1156 1227 1227 dum
1281 1158 1631 1227 emortualem
1682 1174 2011 1213 summorum

431 1228 746 1298 pontiﬁcum
789 1226 1349 1298 diemr’perquirimus,
1404 1242 1566 1296 quam
1607 1226 1858 1283 Ecclesiae
1904 1229 2014 1285 Ro-

432 1297 606 1353 mana:
633 1297 1040 1353 auscultandum
1069 1304 1170 1358 est,
1218 1309 1339 1363 quae
1384 1310 1620 1364 praesens
1665 1298 1792 1352 olim
1822 1314 2012 1354 eorum

430 1384 632 1439 agones
674 1369 934 1439 inspexit,
980 1366 1254 1421 adnotavit
1273 1406 1300 1439 ,‘
1333 1373 1501 1439 atque
1541 1368 1609 1421 ad
1659 1376 1908 1437 posteros
1958 1370 2013 1424 in

431 1434 827 1519 itiartyrologiis
854 1437 1054 1492 relatos
1069 1434 1412 1518 _transmisit?
1433 1435 1631 1519 _Place_t
1662 1434 1803 1493 sane
1833 1439 2011 1508 philo-

430 1505 614 1577 sophis
642 1509 810 1577 pluris
839 1522 957 1563 esse
992 1508 1171 1572 unius,
1190 1521 1296 1559 non
1324 1505 1484 1560 modo
1505 1508 1817 1573 multorum,
1836 1505 2015 1563 asser-

432 1579 651 1639 tionem,
685 1578 1034 1648 quam‘unius
1063 1585 1291 1648 tantum,
1327 1583 1382 1629 et
1428 1578 1642 1648 quidem
1683 1579 1807 1648 sine
1833 1580 2013 1648 aliquo

429 1656 744 1715 argumento
782 1646 1065 1702 inficiantis
1108 1646 1436 1714 opinionem.
1494 1646 1698 1715 Ecquid
1745 1650 1886 1702 enim
1924 1646 2015 1704 ille

429 1719 624 1783 vincet,
656 1719 746 1787 qui
774 1718 827 1771 id
857 1720 1027 1787 ipsum
1056 1716 1198 1787 quod
1227 1719 1278 1788 in
1307 1716 1603 1788 quaestione
1635 1727 1874 1772 versatur
1911 1735 2010 1788 pro

427 1789 638 1842 ratione
674 1784 1101 1855 argumentoque
1148 1784 1407 1856 profert?
1435 1786 1657 1856 Reliqua
1711 1784 2006 1843 videamus.

426 1858 523 1911 SS.
558 1857 747 1912 Petrus
773 1873 836 1912 ac
859 1854 1053 1911 Paulus
1076 1854 1161 1910 die
1182 1856 1250 1908 29
1272 1854 1441 1919 Junii,
1466 1855 1522 1909 S.
1555 1854 1805 1912 Clemens
1831 1860 1918 1913 die
1944 1859 2015 1913 25

425 1927 739 1998 Nov_embr.,
780 1929 838 1982 8.
883 1926 1192 1998 Alexander
1212 1926 1300 1998 die
1392 1925 1542 1998 Maii,
1574 1926 1630 1981 S.
1662 1927 1899 1998 Hyginus
1926 1931 2013 1984 die

427 1998 486 2049 ll
523 1996 767 2062 Januar.,
800 1998 856 2052 S.
892 1997 1016 2051 Pius
1057 1995 1145 2049 die
1174 1995 1232 2047 11
1274 1995 1404 2059 Jul.,
1446 1995 1503 2050 S.
1551 1995 1803 2052 Anicetus
1830 2000 1916 2053 die
1945 1999 2012 2051 l7

424 2069 614 2137 April.,
666 2067 723 2121 8.
778 2068 1027 2123 Callistus
1056 2068 1141 2137 die
1176 2065 1238 2137 l_4
1274 2064 1514 2137 Octobr.,
1564 2068 1622 2121 8.
1656 2067 1898 2123 Urbanus
1926 2070 2013 2123 die

422 2135 493 2190 25
520 2136 664 2203 Maii,
692 2138 748 2192 S.
782 2138 1046 2193 Fabianus
1070 2135 1139 2189 20
1167 2135 1388 2189 Januar.
1411 2178 1423 2195 .
1457 2136 1511 2190 8.
1530 2137 1724 2191 Lucius
1751 2138 1784 2190 4
1813 2140 2009 2200 Martii,

422 2206 479 2261 8.
530 2208 836 2277 Stephanus
891 2209 977 2277 die
1022 2207 1057 2259 2
1118 2206 1373 2273 Augusti,
1424 2208 1479 2259 S.
1534 2208 1716 2261 Sixtus
1757 2207 1797 2261 ll
1842 2211 1929 2263 die
1977 2210 2010 2262 6

421 2276 659 2345 ejusdem
690 2280 907 2344 mensis,
940 2276 997 2331 S.
1034 2277 1313 2347 Dionysius
1362 2277 1430 2347 26
1460 2277 1777 2347 Decembr..
1808 2278 1862 2331 8.
1898 2280 2004 2333 Eu-

423 2348 703 2418 tychiauus
724 2348 757 2400 8
778 2349 1017 2417 ejusdem
1048 2347 1267 2407 mensis,
1284 2353 1337 2418 et
1360 2346 1415 2399 8.
1441 2346 1705 2418 Caiusdie
1728 2348 1796 2400 22
1817 2351 2007 2417 April.,

421 2416 473 2470 in
504 2419 729 2486 publicis
758 2416 952 2473 tabulis
993 2418 1270 2480 coluntur;
1318 2416 1541 2484 istisque
1588 2416 1777 2470 diebus
1821 2416 2009 2474 eorum

420 2490 732 2561 martyrium
770 2487 1502 2561 sepulturamvecontigisse
1550 2503 1657 2561 non
1708 2487 2007 2544 Rornanum

423 2555 583 2609 modo
613 2555 1080 2627 marty'rologium,
1114 2556 1207 2610 sed
1253 2555 1750 2627 ﬂieronymianum,
1805 2566 1860 2611 ut
1907 2576 2006 2614 vo-

419 2636 563 2688 cant,
595 2626 730 2694 Ado,
757 2624 1230 2693 BedaJNotkerus,
1252 2624 1684 2689 Wandelbertus,
1712 2629 2006 2684 chronicon

423 2706 661 2750 veterum
708 2697 1017 2767 pontiﬁcum
1050 2738 1064 2761 ,
1116 2696 1429 2749 Anastasius
1480 2704 1535 2749 et
1581 2697 1669 2750 alii
1727 2700 2007 2767 explorate

418 2775 702 2823 testantur.
733 2766 909 2833 Quare
940 2774 1018 2821 tot
1047 2768 1388 2835 antiquorum
1418 2768 1699 2820 consensui
1731 2768 1781 2821 iu
1802 2766 2004 2825 borum

420 2836 731 2906 pontificum
763 2838 924 2891 natali
970 2839 1058 2891 die
1098 2836 1419 2905 assignando
1463 2837 1629 2891 victas
1658 2853 1848 2893 manus
1876 2840 2006 2896 dare

417 2916 637 2962 coactus
663 2917 744 2963 est
765 2907 978 2977 Pagius.
1012 2907 1125 2974 Qua
1156 2908 1317 2975 igitur
1344 2907 1553 2961 ratione
1581 2908 1748 2961 fretus
1783 2910 1833 2961 iu
1861 2910 2001 2964 illam

416 2979 738 3032 sententiam
768 2980 846 3033 ire
882 2981 965 3033 vir
1010 2978 1349 3049 doctissimus
1387 2979 1579 3047 potuit,
1615 2989 1671 3032 ut
1711 2980 1846 3033 adeo
1870 2996 2005 3049 pau-

417 3064 512 3102 cos
542 3050 726 3103 beatos
755 3050 871 3119 ipso
892 3050 1069 3104 obitus
1099 3049 1185 3102 die
1224 3048 1539 3119 solemniter
1566 3050 1669 3102 coli
1712 3048 1997 3117 assereret,

2045 1767 2087 1826 Β

3594 286 3704 339 828

2116 407 2221 512 ?ue
2250 392 2570 447 electionem
2608 392 2807 447 nullum
2852 398 2935 465 (ut
2978 396 3193 466 vocant)
3224 395 3703 465 interpmttillcium

2140 462 2249 512 uit?
2272 463 2414 512 Sane
2443 463 2723 512 Anastasio
2762 465 2988 512 aliismm
3025 467 3251 512 testibus
3286 466 3353 512 27
3390 467 3507 512 dies
3544 467 3703 512 inter-

2140 462 2249 514 uit?
2272 463 2429 533 Sane,
2443 463 2723 533 Anastasio
2762 462 2988 533 aliisque
3025 462 3251 521 testibus
3286 462 3507 520 27'dies
3543 467 3706 520 inter-

2115 546 2376 604 cessere:
2393 532 2463 604 Et
2510 548 2606 586 cur
2647 532 2746 587 hos
2771 532 2988 603 quoque
3030 536 3082 588 in
3110 551 3329 591 censum
3366 536 3563 604 Pagius
3591 553 3702 590 non

2114 601 2317 675 refert?
2347 600 2401 655 Si
2430 603 2658 675 demum
2672 618 2760 656 an.
2790 600 3063 668 'Chfll6,
3098 606 3215 675 ipso
3238 606 3325 661 die
3353 606 3387 659 ὅ
3416 600 3564 669 Maii,
3593 622 3706 674 quo

2115 668 2173 723 S.
2205 670 2505 725 Alexander
2534 671 2600 743 ad
2627 670 2864 743 superos
2890 668 3143 743 evolavit",
3174 675 3356 731 Sixtus
3385 668 3708 743 pontiﬁcatu

2115 748 2198 794 est
2226 752 2435 807 auctus,
2464 756 2562 795 cur
2590 742 2641 795 in
2674 742 2888 798 Damasi
2926 742 3195 800 Chronico
3221 762 3328 800 non
3350 742 3418 801 ab
3446 764 3537 801 an.
3579 744 3708 806 510.

2115 811 2210 884 sed
2233 826 2268 884 a_
2295 812 2583 884 consulatu
2611 811 2766 884 Nigri
2811 823 2867 867 et
2912 815 3238 883 Aproniani,
3272 818 3361 884 qui
3402 818 3456 870 in
3498 831 3704 884 annum

2114 877 2214 933 Ch.
2249 879 2350 932 117
2374 882 2535 946 cadit,
2573 877 2711 948 ejus“
2729 877 3081 938 numerantur
3118 877 3494 942 anni?'Dicam
3532 883 3707 940 conti-

2115 948 2308 1003 denter
2327 966 2447 1019 qua:
2474 952 2649 1006 sentio
2675 969 2687 1005 :
2715 953 3008 1007 chronicon
3051 954 3262 1010 Damasi
3295 958 3537 1011 omnium
3566 971 3705 1009 con-

2114 1034 2275 1094 sensu
2296 1030 2576 1075 auctorem
2603 1022 2867 1094 incertum
2908 1024 3086 1094 habet,
3131 1025 3480 1094 pluribusque
3508 1024 3712 1079 errori-

2113 1087 2215 1162 bus
2240 1099 2429 1153 scatet,
2462 1106 2599 1159 quos
2629 1092 2743 1161 ipse
2773 1090 2968 1162 Pagius
2988 1087 3183 1161 aliique
3205 1087 3496 1149 identidem
3525 1110 3707 1148 emew

2115 1158 2245 1231 dent
2289 1158 2540 1227 oportet,
2594 1158 2665 1215 ω’
2698 1162 2822 1216 inde
2855 1158 2993 1231 'quid
3048 1158 3285 1218 referant
3327 1165 3709 1219 emolumenti.

2116 1226 2369 1299 Quaenam
2402 1230 2560 1296 igitur
2585 1232 2745 1285 toties
2773 1226 3015 1299 pecéanti
3045 1234 3174 1287 fides
3203 1233 3485 1288 habenda?
3511 1234 3706 1287 Oleum

2115 1296 2273 1373 facile
2297 1314 2628 1373 operamque
2646 1296 2869 1373 perdere
2893 1304 3125 1373 arbitror
3163 1318 3531 1373 quoscumque
3577 1304 3707 1358 huic

2116 1369 2207 1442 uni
2243 1366 2406 1442 fidere
2436 1366 2689 1442 scriptori
2716 1372 2766 1424 in
2795 1371 3066 1439 pontificia
3100 1366 3456 1442 chronologia
3484 1374 3703 1441 conspi-

2116 1439 2223 1491 cio.
2254 1438 2424 1511 Ipsius
2452 1440 2614 1493 etiam
2662 1438 2809 1509 Pagii
2846 1443 3182 1511 confessione
3220 1444 3286 1496 ad
3318 1438 3407 1501 an.
3440 1444 3540 1499 Ch.
3576 1438 3702 1505 130.

2117 1523 2265 1583 num.
2301 1508 2371 1583 _5,
2421 1508 3171 1583 patet,ginlerpontilici0rum
3224 1523 3433 1583 tempus
3480 1515 3706 1569 omnino

2115 1578 2557 1653 nobisignotum.
2589 1578 2882 1653 Anuototur
2918 1583 3151 1653 quidem,
3184 1592 3241 1637 ut
3268 1578 3347 1637 ait
3369 1585 3543 1648 idem,
3573 1585 3707 1637 illud

2119 1654 2222 1699 tam
2267 1650 2321 1701 in
2351 1647 2481 1701 libro
2515 1648 2833 1719 Pontiﬁcali,
2892 1647 3045 1719 quam
3088 1655 3144 1706 in
3193 1654 3433 1708 chronica
3477 1647 3703 1708 auctiori

2116 1726 2338 1794 ueterum
2357 1719 2657 1788 pontiﬁcum
2678 1738 2697 1774 :
2722 1722 2814 1775 sed
2832 1731 3175 1789 praeterquam
3200 1725 3334 1794 quod
3361 1726 3498 1778 inter
3518 1727 3707 1778 horum

2115 1786 2365 1840 librorum
2403 1797 2612 1841 autores
2658 1807 2759 1845 non
2805 1786 3058 1858 convenit,
3099 1786 3297 1847 vardtio
3334 1795 3471 1847 sedis
3506 1810 3610 1847 non
3639 1810 3707 1846 ex

2114 1860 2266 1931 certis
2296 1861 2656 1931 monumentis,
2694 1862 2785 1915 sed
2822 1878 2888 1915 ex
2924 1864 3135 1931 proprio
3165 1864 3362 1918 calculo
3385 1864 3447 1916 ab
3474 1864 3581 1917 illis
3609 1863 3706 1917 de-

2112 1928 2325 2000 scripta.
2349 1926 2459 2000 Cur
2487 1945 2615 1997 ergo
2648 1940 2855 1985 tantum
2885 1926 3047 1999 Pagio
3074 1933 3368 2000 laboratur,
3398 1942 3458 1988 ut
3480 1934 3709 1987 electio-

2116 2013 2241 2066 nmn
2271 1998 2556 2066 obitusque
2576 2000 2691 2053 dies
2718 2017 2784 2055 ex
2816 2002 2877 2054 iis
2900 1998 3026 2066 ipsis
3054 2004 3330 2057 autoribus
3352 1998 3707 2057 hauriantur?

2112 2064 2220 2145 Cur
2247 2076 2365 2145 tam
2384 2064 2596 2145 promte
2623 2071 2879 2145 adversus
2899 2064 3126 2145 Romani
3151 2074 3518 2145 martyrologii
3544 2074 3705 2127 tidem

2111 2134 2318 2211 fertur?
2347 2134 2533 2211 Itaque
2562 2139 2617 2193 8.
2650 2140 2861 2194 Sixtum
2903 2142 2988 2196 die
3029 2142 3062 2195 6
3102 2144 3230 2211 Apr.
3262 2134 3354 2197 a'ut
3387 2134 3585 2197 obiisse
3608 2152 3707 2195 aut

2111 2207 2402 2281 sepultura;
2428 2210 2675 2263 traditum
2697 2212 2825 2265 mihi
2855 2213 3075 2275 suadeo,
3105 2207 3164 2266 et
3187 2213 3254 2267 ab
3276 2213 3578 2281 bujusmodi
3605 2212 3705 2267 die

2111 2274 2185 2349 ξς
2219 2280 2490 2345 poutilicis
2547 2288 2788 2349 tempora
2840 2292 2964 2335 sunt
3010 2274 3156 2335 retro
3210 2274 3559 2336 numeranda.
3615 2282 3704 2337 Ad

2111 2345 2459 2401 Eleutherum
2492 2345 2683 2418 papam
2714 2360 2947 2406 transeo.
2966 2350 3116 2406 Hunc
3132 2352 3324 2418 Pagius
3351 2353 3439 2407 die
3458 2352 3529 2406 26
3551 2353 3701 2418 Maii,

2108 2429 2217 2491 quo
2239 2432 2267 2469 a
2298 2418 2535 2491 ltoinaua
2569 2420 2805 2476 Ecclesia
2834 2422 3045 2486 colitur,
3078 2424 3343 2491 sepultum
3377 2439 3485 2477 non
3515 2435 3700 2491 negat,

2109 2484 2234 2539 licet
2272 2490 2625 2555 quorumdam
2685 2493 2991 2546 testimonia
3034 2484 3101 2546 in
3140 2484 3321 2546 'aliam
3375 2484 3702 2548 sententiam

2108 2568 2350 2630 vergant.
2377 2559 2531 2625 Quod
2573 2570 2656 2615 est
2694 2563 2759 2615 ad
2792 2563 2846 2615 8.
2884 2562 3172 2625 Victorem,
3205 2562 3397 2630 l’agius
3424 2578 3548 2617 eum
3574 2564 3703 2617 obi—

2109 2626 2214 2681 isse
2242 2629 2383 2700 diem
2431 2644 2538 2682 non
2580 2631 2837 2686 dillitetur
2879 2633 2967 2686 die
2994 2632 3063 2685 28
3105 2632 3207 2686 Jul.
3253 2626 3360 2700 quo
3390 2632 3582 2686 eodem
3608 2633 3704 2689 die

2106 2699 2547 2768 martyrologium
2596 2700 2918 2768 Romanum,
2966 2699 3495 2757 clu'oniconauetius
3539 2713 3695 2757 vele-

2105 2780 2222 2820 rum
2273 2770 2604 2840 pontilicum.
2648 2772 2853 2839 antiqui
2906 2772 3155 2840 catalogi,
3208 2772 3545 2839 Anastasius,
3590 2773 3703 2828 alia

2105 2839 2486 2908 tuarlyrologia
2556 2850 2612 2894 et
2650 2840 3018 2896 llenschenius
3074 2839 3197 2896 eum
3256 2842 3360 2896 coli
3408 2851 3699 2897 testantur.

2103 2905 2219 2983 Non
2249 2905 2497 2983 audiatur
2524 2925 2659 2983 ergo,
2684 2910 3156 2983 llieronymianum
3184 2911 3350 2983 854
3369 2912 3701 2983 martyrolo-

2101 2978 2280 3045 gium,
2312 2977 2731 3049 ‘Papebrocbius
2780 2982 2831 3034 in
2880 2977 3089 3037 Conatu
3141 2977 3591 3049 Cimbrico-hist,
3642 2990 3703 3038 et

2106 3047 2343 3119 nonnulli
2376 3047 2527 3118 pauci
2559 3052 2651 3119 qui
2691 3052 2743 3105 in
2774 3053 2934 3105 alium
2964 3053 3108 3106 diem
3139 3052 3379 3106 referunt
3398 3047 3703 3107 sanctibu—

417 3120 467 3202 si
494 3134 559 3171 ex
615 3120 742 3202 ipsis
777 3116 996 3202 tantam
1046 3119 1301 3202 Romanis
1333 3118 1674 3202 pontificibus
1700 3128 1783 3201 tot
1811 3116 2000 3202 eodem
2031 3127 2077 3190 ο
2102 3116 2189 3185 jus
2218 3116 2443 3172 obitum.
2477 3116 2944 3202 Zephyrinusﬁejus
2972 3138 3249 3202 successor
3292 3124 3536 3202 martyrii
3580 3125 3702 3192 pal-

416 3189 503 3259 die
533 3190 876 3259 recoluntur?
906 3189 1073 3241 Immo
1112 3196 1167 3259 et
1208 3189 1367 3259 hisce
1395 3190 1482 3242 ille
1510 3190 1712 3242 moveri
1740 3192 2003 3259 exemplis

418 3258 622 3319 debuit,
659 3268 716 3310 ut
761 3259 806 3312 si
846 3258 912 3311 de
959 3258 1225 3326 aliquibus
1271 3258 1457 3312 diebus
1486 3259 1635 3312 festis
1664 3276 1768 3312 non
1800 3258 2003 3316 temere

419 3326 653 3380 dubitari
677 3342 836 3399 posse
864 3328 964 3381 sibi
992 3327 1287 3399 videbatur,
1313 3343 1407 3399 eos
1429 3329 1607 3397 potius
1637 3344 1701 3381 ex
1724 3340 2003 3399 comperto

419 3397 791 3469 martyrologii
822 3412 972 3469 more
992 3437 1005 3457 ,
1040 3414 1146 3451 non
1173 3398 1275 3450 levi
1299 3397 1490 3469 ductus
1519 3399 1795 3467 opinione,
1827 3397 2001 3469 expli-

414 3466 737 3539 caretQSed
766 3476 823 3522 et
851 3468 1112 3535 attingere
1128 3484 1249 3539 non
1288 3466 1490 3539 pigebit
1538 3466 1656 3536 qua:
1704 3471 1803 3538 ipsi
1848 3466 2004 3539 plane

414 3535 783 3611 difﬁcultatem
810 3554 1088 3611 peperere.
1122 3536 1176 3611 S_.
1210 3535 1566 3611 Sixt_i_’obitu_s’
1598 3540 1649 3611 in
1681 3535 2002 3611 niarty'rolo-

412 3608 513 3672 giis
545 3604 1284 3680 Romano;Hieronymiano,
1319 3604 1573 3680 Usuardi,
1616 3604 1839 3668 Adonis:
1866 3610 2003 3666 lies-

414 3678 605 3748 weydi,
638 3678 1023 3745 Wandelberti,
1052 3678 1392 3747 aliorumque
1427 3679 1720 3732 multorum
1765 3682 1830 3733 ad
1859 3682 2001 3736 diem

413 3749 671 3820 GAprilis
718 3748 974 3813 refertur;
1030 3751 1097 3803 ab
1152 3750 1433 3803 Ana~tasio
1487 3757 1692 3817 tamen,
1740 3766 1769 3803 a
1818 3750 1999 3820 Floro,

412 3819 636 3889 aliisque
675 3822 859 3889 paucis
900 3820 1094 3875 intima:
1124 3828 1264 3889 nota:
1293 3820 1645 3888 scriptoribus
1684 3820 1772 3875 die
1800 3822 1832 3875 5
1859 3821 2002 3888 ejus-

412 3889 536 3943 dem
552 3888 765 3944 "mensis
793 3903 1141 3945 memoratur.
1175 3888 1367 3957 Pagius
1401 3906 1531 3945 vero
1581 3899 1827 3945 neutrum
1857 3892 2000 3946 diem

412 3959 646 4031 adSixti
675 3970 901 4014 mortem
932 3971 1179 4030 spectare
1224 3960 1316 4023 ait,
1358 3961 1521 4031 853
1556 3962 1753 4029 quippe
1782 3961 1834 4015 in
1856 3962 1998 4016 diem

411 4028 445 4081 3
469 4028 614 4094 Julii,
638 4034 679 4084 si
711 4047 883 4084 annos
909 4028 1250 4099 pontiﬁcatus
1282 4028 1827 4099 numeraverisejus
1856 4047 2000 4086 mar-

410 4101 606 4169 tyrium
650 4101 843 4155 cadere
885 4097 1277 4152 animadvertit.
1309 4097 1417 4151 Sed
1444 4114 1622 4169 quam
1667 4097 1882 4154 lubricis
1911 4102 2001 4157 ille

409 4168 616 4240 nitatur
644 4170 1023 4232 lundamentis,
1057 4176 1382 4240 quantumve
1405 4168 1519 4234 ejus
1548 4170 1746 4235 regula:
1777 4171 1828 4223 in
1859 4187 1997 4240 pon-

410 4239 612 4293 tiﬁcum
644 4240 989 4309 chironologia
1022 4246 1230 4301 nutent,
1263 4238 1365 4291 mei
1384 4254 1499 4309 non
1523 4248 1604 4309 est
1624 4238 1997 4309 instituti'pers

408 4310 665 4379 pendere.
701 4308 874 4363 Pauca
895 4316 1219 4380 tamen,_ut
1254 4308 1395 4380 quod
1426 4312 1491 4361 ad
1521 4308 1728 4363 Sixtum
1766 4308 2001 4380 pertinet

409 4376 739 4443 absolvatur,
773 4379 1085 4446 producam.
1116 4376 1440 4439 Chronicon,
1462 4387 1519 4432 ut
1539 4376 1996 4446 vocant,’Damasi

408 4450 525 4503 hinc
553 4450 619 4503 de
650 4450 739 4503 illo
766 4448 929 4503 habet
958 4467 970 4502 :
1004 4450 1181 4502 hirtus
1204 4450 1357 4501 annis
1384 4448 1582 4513 decem,
1610 4450 1866 4504 mensibus
1898 4452 1993 4504 tri-

408 4520 521 4579 bus,
570 4520 959 4591 diebusviginli
987 4536 1107 4573 uno.
1159 4518 1282 4571 Fuit
1323 4520 1628 4591 temporibus
1670 4519 1934 4574 Hadriani
1963 4538 1996 4574 a

406 4589 676 4662 consulatu
708 4588 864 4662 Nigri
893 4599 943 4645 et
981 4591 1267 4662 Aproniani
1288 4606 1445 4662 usque
1480 4588 1612 4662 Vero
1658 4606 1713 4643 Ill
1744 4600 1792 4643 et
1816 4591 1996 4644 Ambi-

408 4659 547 4715 bulo.
574 4660 652 4713 Ad
678 4659 1010 4730 haec'Pagius
1028 4659 1046 4713 ἐ
1075 4660 1179 4713 Sed
1217 4677 1363 4713 error
1404 4661 1610 4730 irrepsit
1639 4661 1693 4713 in
1732 4676 1991 4730 numeros,

406 4730 772 4802 legendumque
800 4729 1072 4785 mensibus
1098 4731 1305 4783 duobus
1330 4730 1417 4802 die
1459 4729 1586 4798 uno,
1622 4740 1676 4783 ut
1700 4729 1912 4802 habetur
1941 4734 1995 4784 in

406 4802 624 4871 auctiori
662 4801 900 4855 chronica
929 4812 1152 4855 veterum
1181 4801 1501 4871 pontiﬁcum,
1535 4802 1589 4854 in
1623 4802 1861 4871 catalogo
1888 4801 1996 4854 Pa-

406 4869 589 4935 latino,
641 4879 689 4923 et
737 4874 791 4924 in
839 4872 1035 4925 duobus
1082 4872 1332 4937 catalogis
1373 4869 1993 4937 Corbeiensibuszuum

403 4954 556 5005 vero,
587 4949 723 4993 teste
747 4942 937 4995 eodem
969 4941 1180 4995 Damasi
1224 4940 1499 5005 chronico,
1524 4940 1609 4995 die
1633 4942 1667 4995 5
1697 4940 1821 4995 Maii
1851 4958 1995 4997 anno

403 5008 505 5081 Ch.
541 5010 641 5061 116
671 5012 981 5081 martyrium
1020 5011 1243 5065 subierit
1269 5010 1335 5081 S1
1359 5009 1688 5075 Alexander,
1719 5009 1995 5081 quiSﬁixto

403 5078 459 5133 in
490 5078 1123 5150 pontilicatu'przeccssit,
1152 5081 1276 5134 hinc
1307 5078 1498 5148 Pagius
1526 5082 1592 5135 ad
1628 5078 1767 5135 diem
1799 5080 1832 5133 5
1868 5080 1993 5136 Julii

404 5150 532 5202 anui
578 5150 679 5203 126
719 5149 1033 5221 trahendum
1073 5150 1208 5203 Sixti
1245 5151 1447 5204 obitum
1479 5160 1679 5206 censet.
1730 5150 1839 5221 Sed
1884 5154 1992 5221 pri-

402 5236 551 5291 {num
592 5221 644 5274 in
693 5220 1052 5291 producendis
1092 5230 1330 5274 veterum
1381 5220 1909 5291 testimoniismajor
1938 5224 1990 5275 in

406 5288 571 5358 l’agio
600 5288 870 5362 diligentia
892 5290 1255 5354 desideratur;
1290 5306 1409 5344 nam
1440 5292 1667 5359 calalogi
1699 5290 1992 5345 Corbeien-

402 5376 510 5431 ses,
541 5378 677 5431 quos
706 5363 792 5417 ille
815 5376 912 5431 pro
935 5376 1028 5431 sua
1051 5363 1386 5415 correctione
1411 5362 1601 5421 adfert,
1626 5362 1825 5429 quique
1847 5362 1987 5431 apud

405 5428 831 5499 l‘apebrochium
879 5432 929 5485 in
976 5430 1183 5484 Conatu
1236 5431 1493 5485 ehronico
1551 5428 1808 5485 historico
1867 5428 1990 5500 post

495 5500 689 5557 Felicis
725 5501 791 5556 lV
826 5502 1000 5556 Vitam
1049 5501 1424 5565 inveniuntur,
1464 5501 1622 5554 aliter
1668 5515 1726 5554 se
1768 5499 1988 5569 habent,

404 5569 724 5641 Sixtumque
766 5572 847 5625 his
894 5571 1129 5641 produnt
1165 5571 1344 5624 verbis
1370 5612 1381 5622 .
1411 5570 1594 5624 Sixtus
1621 5587 1709 5623 an.
1740 5569 1810 5641 Χ.
1839 5588 1907 5625 m.
1933 5571 1986 5623 5.

404 5639 563 5693 (1.22.
593 5639 683 5696 vni
711 5642 786 5696 id.
814 5639 939 5710 Apr.
965 5639 1038 5693 En
1071 5649 1127 5693 ut
1157 5641 1189 5693 ii
1211 5642 1368 5694 etiam
1397 5641 1447 5693 in
1471 5640 1792 5709 assignando
1818 5656 1995 5695 emor-

405 5710 533 5763 tuali
561 5713 645 5767 die
673 5713 727 5765 8.
762 5712 898 5766 Sixti
922 5728 1041 5765 cum
1075 5711 1315 5764 Romano
1346 5713 1733 5780 martyrologio
1762 5727 1993 5765 consen-

406 5779 564 5833 tiunt.
596 5782 795 5839 Deinde
830 5799 897 5837 an
937 5785 1076 5839 inter
1115 5780 1171 5837 S.
1230 5779 1516 5839 Alexandri
1560 5792 1786 5837 mortem
1830 5781 1995 5836 Sisti-

2025 4500 2073 4559 D

2106 3201 2639 3263 mam_consequutus
2665 3193 2751 3246 die
2772 3192 2841 3245 26
2871 3194 3004 3259 Aug.
3041 3193 3092 3246 in
3115 3192 3509 3263 martyrologiis
3554 3208 3699 3261 pm:-

2107 3266 2190 3311 ter
2231 3257 2704 3332 llieronyniianum
2746 3257 3005 3317 universis
3034 3270 3089 3317 et
3117 3257 3441 3332 reliquorum
3471 3257 3701 3332 scripto-

2104 3344 2222 3382 rum
2244 3330 2583 3401 documentis
2601 3332 2813 3386 dicitur.
2846 3333 3044 3387 Verum
3072 3348 3139 3387 ex
3176 3330 3330 3387 ﬂuxis
3370 3330 3700 3401 incertisque

2144 3400 2449 3454 ontilicatus
2486 3402 2641 3455 annis
2686 3402 2831 3456 illum
2875 3404 2962 3457 die
3003 3402 3071 3455 12
3103 3402 3208 3456 Jul.
3241 3405 3349 3456 vita
3379 3400 3698 3457 defunctum

2128 3468 2299 3536 ’agius
2322 3470 2628 3524 arbitratur.
2672 3471 2754 3525 Nil
2803 3481 2980 3527 tamen
3010 3474 3093 3526 vir
3117 3474 3458 3527 doctissimus
3499 3481 3694 3527 contra

2105 3547 2185 3592 tot
2207 3550 2674 3612 monumentorum
2706 3559 3023 3597 consensum
3053 3543 3280 3604 evincet,
3314 3544 3367 3596 ni
3404 3544 3553 3612 prius
3573 3559 3698 3598 cer-

2103 3616 2215 3662 tum
2246 3610 2475 3683 aliquem
2507 3610 2745 3683 proferat
2766 3622 3029 3677 autorem,
3055 3614 3145 3681 qui
3167 3622 3275 3666 tum
3297 3610 3695 3683 pontiﬁcatum,

2104 3687 2215 3732 tum
2268 3681 2801 3748 interpontiliciorum
2850 3692 3091 3751 tempora
3128 3681 3349 3737 securus
3386 3686 3588 3738 erroris
3613 3686 3698 3738 si-

2102 3759 2255 3823 gnet._
2290 3752 2448 3804 Certe
2494 3752 2599 3823 hoc
2648 3752 2715 3807 ab
2755 3753 2847 3807 illo
2876 3754 3118 3822 przestari
3162 3769 3267 3806 non
3312 3754 3531 3823 poterit,
3564 3755 3698 3808 dum

2103 3820 2315 3873 interim
2344 3822 2532 3892 certi,
2586 3836 2650 3877 ac
2688 3824 2723 3877 ii
2779 3820 2990 3892 quidem
3039 3838 3261 3877 numero
3300 3820 3356 3876 et
3399 3826 3701 3880 autoritate

2102 3890 2687 3962 prtecipui,scriptores
2716 3890 2814 3962 pro
2831 3894 2983 3947 nobis
3003 3900 3260 3962 pugnent.
3286 3894 3460 3960 Quum
3491 3896 3545 3948 in
3568 3895 3697 3949 Sar-

2102 3960 2243 4013 dinia
2271 3962 2394 4014 exul
2424 3962 2620 4016 obierit
2649 3960 2731 4017 Sf
2759 3960 3072 4027 Pontianus,
3122 3965 3314 4016 mirum
3372 3980 3478 4019 non
3520 3974 3606 4019 est
3646 3967 3698 4020 si

2101 4029 2215 4097 ejus
2235 4031 2414 4085 obitus
2442 4032 2507 4085 ad
2537 4034 2716 4087 varios
2744 4033 2859 4087 dies
2887 4034 3010 4088 hinc
3032 4034 3154 4087 inde
3184 4035 3449 4088 trahatur.
3481 4034 3539 4088 8.
3563 4034 3701 4089 Cor-

2102 4100 2299 4174 nelium
2329 4117 2581 4174 unacum
2611 4103 2670 4157 8.
2700 4103 2968 4174 Cypriane
3002 4104 3089 4157 die
3120 4103 3187 4155 M
3222 4103 3522 4171 Septembr.
3550 4106 3701 4159 inter

2099 4171 2399 4246 vivosesse
2419 4173 2659 4236 desiisse,
2690 4171 3015 4246 quoeodem
3043 4174 3129 4227 die
3154 4175 3207 4227 in
3235 4175 3455 4246 singulis
3483 4185 3698 4246 marty-

2100 4241 2581 4312 rulogiis_mortem
2611 4243 2901 4312 Oppctiisse
2931 4243 3208 4307 dicuntur,
3244 4243 3435 4310 l’agius
3471 4241 3699 4312 quoque

2100 4309 2287 4380 contra
2331 4309 2752 4380 Papebrochium
2782 4314 2989 4367 erudite
3031 4315 3285 4368 ostendit.
3331 4314 3389 4367 S.
3422 4309 3572 4369 Felix
3602 4309 3699 4371 die

2099 4379 2178 4452 29‘
2198 4380 2319 4435 Maii
2350 4379 2420 4436 ab
2446 4384 2697 4452 omnibus
2723 4398 2878 4452 paene
2905 4383 3159 4449 refertur;
3191 4384 3286 4438 sed
3326 4400 3546 4437 suorum
3577 4386 3697 4438 cal-

2098 4450 2361 4524 culorum,
2406 4467 2468 4524 ac
2507 4450 2916 4524 llieronymiani
2964 4454 3326 4524 martyrologii
3376 4454 3697 4509 testimonio

2098 4520 2266 4574 fretus
2294 4522 2380 4576 die
2408 4521 2478 4573 22
2505 4521 2635 4577 Dec.
2672 4520 2966 4577 extinctum
2999 4520 3191 4591 Pagius
3220 4520 3470 4577 affirmat.
3508 4524 3695 4589 Quum

2100 4591 2445 4662 nihilomimis
2492 4593 2632 4647 inter
2677 4608 2735 4647 se
2781 4594 3032 4648 chronica
3079 4603 3134 4647 et
3181 4595 3410 4662 catalogi
3443 4594 3602 4660 longe
3633 4594 3694 4648 in

2097 4661 2414 4727 assignanda
2436 4663 2774 4731 pontificatus
2794 4664 3197 4718 continuatione
3223 4664 3517 4717 dissideant
3543 4704 3558 4722 ,
3590 4679 3697 4718 ne-

2100 4732 2211 4785 scio
2238 4746 2398 4797 quam
2428 4732 2652 4786 multum
2685 4732 2803 4786 fidei
2838 4733 2937 4787 sibi
2967 4744 3129 4801 queat
3157 4734 3465 4787 conciliare.
3485 4732 3698 4787 llucus-

2097 4816 2202 4870 que
2232 4802 2409 4868 igitur,
2434 4802 2627 4856 Marsili
2650 4803 2975 4864 doctissime,
3000 4819 3096 4871 per
3120 4805 3215 4857 tria
3241 4806 3460 4871 epoclue
3488 4812 3697 4858 nostra:

2118 4873 2279 4943 priora
2323 4873 2501 4926 secula
2546 4874 2854 4942 complures
2880 4874 3109 4926 vidimus
3156 4873 3253 4928 88.
3286 4874 3570 4943 pontiﬁces
3616 4890 3694 4928 ex

2118 4888 2279 4924 mora
2323 4888 2501 4926 secuta
2546 4888 2854 4942 complures
2880 4888 3109 4926 vnuuuus
3156 4888 3253 4928 88.
3286 4888 3570 4943 ponttltccs
3616 4890 3693 4928 ex

2098 4888 2244 5010 l’agii
2267 4957 2532 5013 consensu
2556 4943 2683 5011 ipsis
2716 4944 2904 4997 diebus
2945 4944 3096 5012 queis
3133 4946 3383 4997 coluntur
3440 4946 3693 5013 martyrii

2096 5026 2296 5065 corona
2324 5012 2569 5065 donatos.
2604 5013 2736 5065 Dum
2760 5029 2889 5066 vero
2931 5029 3221 5083 paucorum
3260 5014 3547 5069 admodum
3589 5012 3693 5081 qui

2096 5090 2384 5150 supersunt
2428 5091 2656 5135 mortem
2687 5084 2804 5135 aliis
2842 5085 3130 5149 contigisse
3158 5084 3343 5135 diebus
3381 5099 3545 5150 quam
3574 5086 3698 5149 qni-

2094 5151 2194 5204 bus
2254 5152 2506 5205 coluntur
2578 5152 2739 5205 nullis
2793 5153 3021 5220 probare
3094 5153 3277 5205 solidis
3349 5157 3695 5217 argumentis

2092 5228 2273 5290 queat,
2301 5223 2602 5289 proximum
2629 5230 2713 5275 est
2754 5231 2811 5274 ut
2857 5238 2955 5275 nos
2982 5238 3196 5275 omnem
3229 5221 3475 5275 Romano
3506 5222 3695 5289 potius

2093 5292 2476 5360 martyrologio
2539 5308 2699 5359 quam
2775 5292 3056 5345 levissimis
3104 5292 3327 5345 aliorum
3384 5292 3695 5346 rationibus

2092 5361 2248 5413 fidem
2280 5362 2593 5414 habeamus.
2618 5361 2978 5427 Quamobrem
3012 5370 3211 5415 tactam
3249 5370 3375 5414 ante
3404 5363 3689 5429 querelam

2090 5447 2233 5485 nunc
2272 5438 2485 5499 repeto,
2518 5447 2611 5485 cur
2656 5431 3057 5500 l‘apebrochius
3087 5440 3141 5485 et
3173 5430 3367 5500 Pagius
3389 5433 3526 5484 adeo
3548 5447 3690 5499 pau-

2092 5516 2187 5554 cos
2206 5502 2394 5555 beatos
2423 5500 2510 5555 die
2538 5516 2725 5556 eorum
2754 5504 3036 5555 emortuali
3068 5518 3211 5555 nunc
3240 5503 3292 5555 in
3315 5501 3559 5555 Ecclesia
3588 5500 3690 5553 Dei

2096 5570 2345 5642 honorari
2363 5572 2795 5639 pronuntiarunt,
2815 5572 2860 5624 si
2882 5580 2964 5642 tot
2977 5587 3042 5625 ex
3069 5572 3198 5642 ipsis
3209 5572 3691 5641 dumtaxatponti-

2098 5641 2283 5694 licibus
2338 5649 2523 5693 contra
2580 5642 2769 5694 horum
2825 5641 3133 5709 opinionem
3205 5645 3275 5697 ita
3333 5644 3691 5701 recoluntur?

2099 5714 2432 5778 Quatnquam
2472 5718 2527 5762 et
2570 5711 2709 5764 hanc
2752 5727 3009 5781 nuperam
3050 5716 3371 5770 sententiam
3422 5717 3689 5781 exetnptis

2100 5781 2341 5848 pluribus
2367 5780 2651 5850 proﬂigare
2688 5780 2912 5836 arduum
2953 5798 3062 5837 non
3100 5782 3268 5852 foret,
3310 5786 3355 5839 si
3387 5800 3484 5857 per
3511 5780 3687 5842 otium
