4024 6186
301 307 401 363 8‘25

1248 302 1691 359 DISSERTATIO
1730 302 1840 356 XX.
1883 302 1974 356 Al)
2014 301 2243 357 POEMA
2282 302 2618 359 ULTIMUM.

3455 308 3560 363 $9.6

292 422 495 490 liceret.
524 415 859 490 Nuncunum
903 417 1359 490 animadvertisse
1380 417 1875 490 suﬂiciathempe
1902 422 1949 478 Α
1978 425 2064 469 rat
2091 415 2279 490 eadem
2303 428 2596 490 martyrum
2626 426 2743 490 acta
2780 418 3081 490 seculorum
3119 433 3261 486 s'epe
3289 422 3557 487 posterio-

293 487 574 558 Eusebiuin
604 487 656 558 in
687 487 777 558 lib.
805 487 873 541 de
900 487 1115 558 Martyr.
1153 487 1469 558 Palmstinze,
1497 488 1586 554 qui
1619 488 1871 558 librorvm

289 550 425 611 llist.
457 555 645 625 subjici
672 557 826 619 solet,
868 528 1096 625 pluriuin
1137 558 1389 626 martyria
1431 528 1679 624 die'mque
1706 557 1867 609 etiam

289 627 529 694 martyrii
558 624 829 680 memorize
859 624 1157 680 tradidisse.
1188 624 1253 679 lii
1280 624 1470 680 autem
1511 626 1630 680 dies
1655 640 1873 694 prorsus

288 713 407 751 cum
432 694 658 764 Romani
689 695 1052 764 martyrologii
1094 694 1194 750 ﬁde
1222 696 1582 750 consentiunt.
1613 695 1875 749 Coluntur

286 765 373 819 die
402 764 466 816 l7
496 763 631 818 Nov.
660 764 757 819 SS.
788 763 1037 833 Alphazus
1063 774 1118 820 et
1138 766 1418 831 Zachteus;
1450 764 1711 820 Eusebius
1742 781 1872 820 vero

295 835 409 890 haec
456 835 525 888 de
579 835 685 889 illis
716 835 877 890 habet
903 852 914 886 :
941 840 1056 906 Δίου
1104 838 1260 906 μηνὸς
1290 835 1690 906 έπτᾳκαιδεκάτῃ
1723 836 1872 906 (αὺτῄ

285 907 429 979 rapui
469 909 732 979 Ῥῳμαίοᾳς
758 908 789 963 ἡ
820 907 921 979 πρὸ
958 897 1505 979 δικατξῇτεῇκαλανδῶξδ
1534 897 1870 979 Δεηεῤϐῥίων)

285 974 383 1046 τάξ
422 974 639 1046 υφαὶἀς
676 974 1043 1046 imm-iugantur
1074 992 1087 1027 :
1118 974 1182 1026 l7
1210 975 1294 1046 die
1328 977 1519 1046 mensis
1547 976 1632 1046 qui
1665 974 1874 1046 uocatur

283 1043 441 1112 Dius,
474 1043 567 1099 hoc
594 1054 672 1098 est
693 1043 851 1115 apud;
863 1044 1127 1098 Romanos
1153 1044 1222 1098 ad
1248 1060 1314 1097 xv
1340 1045 1448 1099 kal.
1481 1043 1748 1115 Decerne,
1780 1061 1865 1096 ca-

213 1172 220 1183 .
282 1115 389 1184 pite
414 1116 699 1184 privamur.
727 1112 789 1169 ’S.
822 1112 1071 1183 Procopii
1101 1114 1357 1168 memoria
1387 1116 1440 1168 in
1469 1114 1556 1167 die
1583 1112 1616 1167 8
1643 1113 1766 1168 Julii
1789 1128 1876 1168 ca-

280 1185 382 1254 dit,
414 1199 523 1252 quo
551 1183 881 1254 sepulturam
911 1184 968 1237 Β.
1001 1192 1205 1254 martyr
1245 1192 1328 1238 est
1368 1193 1575 1249 nactus,
1626 1184 1873 1253 apposite

282 1253 534 1308 videlicet
561 1252 629 1308 ad
659 1269 722 1307 ea
746 1268 865 1322 qua:
893 1254 1056 1307 tradit
1085 1252 1375 1318 Eusebius,
1405 1254 1533 1307 dum
1574 1252 1747 1308 Δεσίὸυ
1771 1276 1870 1323 μη-

280 1326 363 1398 νρς
407 1323 556 1397 ὀγδόῃ
579 1325 681 1398 πρὸ
722 1324 1016 1398 ἕπῖα-ιὶδῶν
1036 1325 1272 1398 Ἰουλίωνἱ
1476 1325 1665 1398 mensis
1693 1332 1872 1398 octaua

279 1392 394 1474 die,
418 1385 540 1474 qua!
560 1385 635 1446 esi
669 1394 806 1474 apud
835 1392 1097 1474 Iiemanos
1116 1409 1188 1474 vn
1217 1385 1291 1446 id.
1321 1392 1470 1474 gilii,
1502 1392 1875 1474 iiiummasserit

279 1479 312 1534 e
342 1461 481 1517 vivis
509 1461 822 1518 excessisse.
864 1462 952 1534 Sic
981 1473 1305 1534 sanctorum;
1330 1461 1868 1534 Dionysii,_:l‘imolai,

280 1532 495 1603 égapii,
545 1533 831 1603 Apphiani,
889 1532 1224 1603 Theodosiie,
1283 1530 1535 1603 Sylvani,
1590 1530 1870 1603 Hadriani,

278 1600 501 1667 Eubuli,
531 1600 865 1670 aliorumque
894 1602 1123 1670 plurium
1155 1600 1479 1657 emortuales
1507 1602 1622 1657 dies
1657 1603 1723 1654 ab
1764 1600 1871 1653 Eu-

277 1672 436 1725 sebio
466 1672 664 1737 traditi,
696 1686 816 1728 cum
842 1672 1114 1727 hodiernis
1139 1688 1324 1727 eorum
1348 1671 1495 1727 festis
1522 1671 1870 1737 concordant,

278 1741 361 1813 uti
396 1741 691 1796 Romanum
718 1741 875 1796 docet
900 1742 1359 1813 martyrologium.
1377 1740 1528 1807 Quod
1544 1746 1585 1795 si
1617 1755 1870 1813 germana

278 1812 577 1865 etiamnum
621 1819 895 1866 exstarent
938 1810 1232 1879 martyrum
1279 1820 1419 1876 acta,
1460 1826 1686 1879 eamque
1716 1810 1874 1863 ﬁdem

276 1896 444 1948 quam
473 1881 730 1953 Eusebius
755 1883 989 1953 scriptor
1014 1881 1393 1937 celeberrimus
1418 1882 1580 1953 855
1599 1894 1872 1953 mereren-

277 1960 373 2003 tur
401 1992 432 2023 ,ί
448 1953 632 2020 utique
658 1952 710 2023 in
736 1952 1122 2023 martyrologio
1162 1960 1465 2005 sanctorum
1493 1951 1702 2023 natales
1724 1958 1875 2023 recte

277 2022 633 2091 consignatos
660 2020 773 2077 fere
794 2020 1007 2092 semper
1049 2022 1378 2091 legeremus;
1409 2035 1533 2074 nam
1564 2021 1684 2089 quis
1720 2020 1875 2090 igno-

285 2153 429 2166 -η

1975 502 2094 539 rum
2126 486 2283 541 ﬁetus
2307 485 2408 542 ﬁde
2435 485 2542 542 non
2570 504 2694 542 raro
2724 489 2932 543 inﬁrma
2974 503 3109 551 esse,
3159 485 3320 557 atque
3360 490 3561 544 ideirco

1974 572 2096 628 cum
2125 558 2524 628 martyrologiis
2552 558 2864 615 certissimis
2905 559 3123 613 minime
3151 560 3560 628 componenda?

1974 624 2044 697 At
2074 624 2360 697 vereor'ne
2389 624 2508 697 plus
2553 644 2710 697 atquo
2747 629 2966 683 auribus
3006 628 3111 682 tuis
3139 666 3155 691 ,
3205 624 3404 684 Narsili
3445 631 3561 685 cla-

1971 696 2211 782 rissime,-
2235 696 2534 751 molestiam
2564 696 2879 782 creaverim,
2911 713 3073 780 quum
3103 714 3166 753 ea
3195 699 3261 782 ad
3282 708 3344 780 ,ιθ
3374 708 3561 782 periu-

1972 765 2127 835 lerim
2182 766 2506 821 documenta
2559 783 2678 835 qua:
2716 770 2811 823 tibi
2859 765 3067 823 eximize
3104 765 3419 824 eruditionis
3445 770 3562 824 viro

1972 834 2111 888 levia
2132 835 2298 889 videri
2321 834 2711 908 _possunt,’4aut
2729 880 2744 905 ,
2765 839 2909 906 quod
2947 854 3211 894 summum
3240 848 3351 908 est,
3380 840 3561 907 ignota

1974 920 2081 958 non
2110 912 2287 959 erunt.
2312 905 2527 960 Scilicet
2550 906 2617 960 ad
2642 908 2747 961 hoc
2771 905 2933 961 unum
2959 908 3321 963 doctissimam
3339 905 3561 963 'in'abdi—

1975 973 2078 1028 bus
2100 977 2203 1028 tuis
2227 976 2557 1030 academiam
2584 977 2879 1041 instituisti,
2898 986 2956 1030 ut
2983 977 3368 1034 Ecclesiasticze
3390 977 3564 1032 Histo-

1973 1044 2066 1097 riae
2092 1060 2477 1114 sacrorumque
2504 1060 2771 1099 canonum
2800 1056 2854 1100 et
2889 1048 3087 1101 rituum
3115 1049 3404 1102 secretiora
3436 1049 3561 1103 illu-

1973 1122 2195 1186 strares,
2224 1113 2457 1186 illudque
2486 1130 2620 1184 opus
2644 1115 2778 1186 adeo
2801 1115 3027 1171 feliciter
3052 1119 3428 1186 sapienterque
3454 1134 3482 1171 a
3506 1126 3563 1172 te

1973 1184 2270 1252 priestitum
2301 1182 2421 1247 fuit,
2464 1182 2537 1237 ut‘
2569 1192 2624 1238 te
2663 1184 2875 1239 Felsina
2925 1182 3405 1253 nostra-venerari,
3446 1196 3560 1241 tota

1970 1268 2101 1327 vero
2127 1252 2481 1327 litteratorum
2512 1254 3099 1327 respublicagdcmirari
3126 1265 3376 1327 nequeat
3409 1258 3558 1311 satis.

1972 1321 2042 1375 Et
2070 1321 2773 1397 ut_inam_aliquando'nobis
2805 1325 3005 1397 liceret,
3014 1321 3242 1397 publicis
3255 1328 3392 1397 typis
3412 1340 3562 1382 com.

1975 1392 2254 1463 mendatas
2283 1393 2477 1463 intueri
2502 1394 2968 1461 pnestantissimas
2994 1392 3112 1449 illas
3138 1392 3561 1463 dissertationes,

1973 1462 2165 1530 quibus
2193 1462 2474 1530 praecipua:
2504 1477 2601 1530 per
2616 1470 2669 1517 te
2690 1464 3011 1517 dirimuntur
3039 1465 3414 1520 ecclesiasticze
3433 1482 3564 1520 con-

1976 1532 2277 1604 troversia};
2310 1540 2438 1604 tunc
2460 1532 2603 1586 enim
2634 1549 2740 1604 non
2762 1542 2872 1604 tam
2902 1534 3001 1588 sibi
3032 1534 3101 1588 de
3130 1534 3278 1589 lucro
3305 1552 3403 1590 suo
3430 1550 3563 1604 gau—

1973 1600 2127 1654 deret
2148 1600 2407 1666 Ecclesia,
2438 1616 2599 1670 quam
2621 1602 2716 1655 tibi
2744 1603 2811 1657 de
2840 1612 2987 1657 tanta
3015 1604 3376 1658 doctrinarum
3408 1600 3565 1659 uber-

1972 1677 2085 1742 tat_e
2100 1672 2478 1742 gratularetur.
2504 1670 2570 1723 Et
2590 1674 2862 1740 quamdiu,
2880 1688 3083 1742 qnteso,
3114 1673 3442 1728 eruditorum
3468 1674 3565 1728 de—

1977 1740 2171 1793 sideria
2202 1748 2462 1809 mox-artua
2494 1742 2696 1809 patiere
2719 1740 3281 1809 torqueri?Modesti:e
3308 1752 3410 1797 tute
3433 1760 3565 1799 con-

1908 1789 1948 1849 θ
1977 1789 2198 1864 siliis‘ut
2227 1808 2462 1863 tamdem
2494 1789 2781 1865 Irenunties
2809 1789 2986 1865 ictis"
3009 1789 3280 1880 poscimus
3315 1789 3557 1879 iiei'a‘iis',

1975 1888 2137 1950 atque
2183 1894 2284 1946 ego
2332 1880 2545 1934 interim
2597 1888 2655 1934 ut
2710 1880 3042 1935 humanitate
3086 1898 3192 1950 qua
3234 1882 3377 1936 soles
3419 1883 3562 1937 hanc

1975 1948 2409 2004 dissertationem
2460 1950 2699 2020 excipias
2731 1959 2783 2005 te
2828 1951 3016 2006 sedulo
3054 1948 3244 2020 rogare
3271 1967 3379 2007 non
3416 1952 3563 2007 desi-

1976 2034 2121 2072 nam.

1219 2237 1999 2329 DISSERTATIO
2075 2240 2673 2324 VICESIMA.

1273 2386 1376 2432 AD
1413 2384 1469 2433 Β.
1510 2382 1804 2431 PAULI!“
1838 2379 2095 2430 POEMA
2132 2377 2607 2427 POSTREMUM.

408 2493 468 2549 S.
505 2491 717 2547 Paulini
745 2493 807 2547 de
834 2492 1095 2547 elementis
1123 2492 1375 2545 sententia
1402 2490 1753 2561 perpenditur.

350 2587 439 2641 Ad
474 2586 940 2655 praeclarissimum
984 2584 1461 2655 doetissimumque
1497 2582 1691 2655 virunr
1717 2579 1875 2635 Jose-

280 2651 789 2728 phumrFerrarium
816 2671 923 2728 em.
953 2654 1241 2728 cardinalis
1270 2652 1511 2728 Ifederici
1539 2651 1761 2728 (Iacche,
1790 2666 1877 2704 ar-

279 2722 620 2796 chiepiscopi
650 2725 1060 2779 Mediolanensis
1087 2723 1393 2793 generalem
1421 2722 1697 2776 vicarium.

348 2816 500 2871 Male
522 2815 591 2869 de
616 2815 861 2883 Paulino,
893 2814 1101 2869 Ferrari
1137 2814 1405 2867 Musarum
1428 2813 1666 2867 omnium
1688 2811 1871 2883 decus,

278 2889 515 2943 meritus
540 2886 665 2939 mihi
697 2882 925 2952 viderer,
961 2886 1005 2938 si
1050 2884 1373 2951 singularem
1403 2883 1642 2950 ejusdem
1666 2882 1733 2936 de
1759 2883 1873 2936 ele-

278 2957 487 3013 mentis
509 2956 815 3024 opinionem
838 2955 1178 3008 insalutatam
1196 2954 1547 3023 prmterirem,
1563 2967 1735 3023 eoque
1755 2966 1878 3017 gra-

281 3030 403 3083 vius
419 3029 474 3079 in
489 3026 888 3096 pnesentiarum
902 3026 1004 3096 m_ei
1019 3040 1105 3078 me
1132 3024 1329 3096 silentii
1358 3024 1663 3092 pmniteret,
1686 3025 1726 3077 si
1746 3030 1877 3075 tem-

283 3114 386 3168 pus
408 3094 633 3151 oninino
652 3094 1117 3168 accommodatum
1141 3094 1207 3168 ad
1225 3108 1400 3147 meum
1422 3107 1547 3160 erga
1569 3100 1623 3146 te
1652 3105 1875 3168 tuasque

285 3161 541 3245 virtutes
566 3163 897 3245 prodendum
946 3164 1507 3245 obsequiumpaterer
1555 3171 1661 3215 tam
1717 3161 1873 3217 facile

284 3237 420 3292 mihi
441 3234 600 3290 elabi.
622 3235 879 3288 Nimirum
896 3235 962 3288 ad
984 3234 1041 3288 S.
1066 3234 1318 3287 antistitis
1331 3234 1577 3300 gloriam,
1594 3248 1877 3300 meamque

285 3309 338 3362 in
358 3316 418 3360 te
431 3305 825 3359 observantiam
842 3305 1124 3373 plurimum
1141 3304 1443 3359 conducere
1455 3304 1650 3369 sentio,
1664 3303 1707 3356 si
1730 3304 1876 3356 illum

285 3388 339 3431 et
371 3378 430 3430 in
464 3375 845 3444 philosophicis
873 3373 1168 3443 disciplinis
1197 3391 1303 3428 non
1334 3373 1548 3427 ultimas
1575 3375 1757 3427 tulisse
1786 3373 1880 3427 de-

287 3443 594 3501 monstrem
624 3462 636 3496 :
670 3452 726 3497 et
752 3445 898 3508 viro,
930 3454 1041 3497 tum
1080 3444 1433 3513 philosophia:
1455 3482 1470 3505 ,
1514 3451 1622 3495 tum
1652 3443 1876 3496 aliarum

286 3520 493 3571 artium
519 3530 636 3582 qme
658 3515 893 3568 animum
911 3512 1151 3569 nostrum
1180 3512 1465 3567 informare
1479 3520 1700 3580 queunt,
1722 3512 1881 3567 laude

309 3586 597 3651 mnstanti,
618 3585 753 3638 hanc
780 3599 995 3653 quoque
1035 3583 1237 3653 Paulini
1276 3584 1529 3653 virtutem
1558 3598 1877 3653 proponam.

334 3666 356 3711 t
385 3655 608 3725 quidem
626 3695 642 3720 ,
664 3661 724 3707 ut
751 3650 924 3725 aiebat
952 3653 1117 3725 B_oyle
1147 3652 1357 3725 in_Dub.
1382 3661 1435 3705 et
1457 3650 1717 3725 Paradox.
1747 3653 1880 3725 chy,-

288 3721 655 3795 adeo-phys,
704 3732 846 3795 part.
897 3722 919 3775 1
960 3721 1129 3795 _Dial.,
1159 3721 1466 3795 ΔΟρὶηὶοηεδ
1514 3722 1577 3773 de
1622 3722 1883 3795 elementis

289 3796 430 3851 tanti
461 3792 579 3847 sunt
607 3796 738 3846 inter
766 3792 1103 3863 physiologia:
1133 3792 1373 3862 dogmata
1390 3793 1641 3863 momenii
1659 3833 1672 3855 ,
1705 3792 1884 3861 quanti

289 3869 550 3921 elementa
575 3865 687 3931 ipsa
726 3862 850 3915 sunt
890 3864 1024 3915 inter
1060 3878 1274 3931 corpora
1310 3862 1550 3915 universi.
1588 3862 1698 3914 Cur
1726 3864 1885 3928 igitur

293 3935 609 3997 Paulinum,
637 3948 793 4000 quem
825 3934 875 3985 in
905 3932 1126 3999 reliquis
1172 3941 1428 3999 sequutus
1466 3947 1614 3994 sum,
1649 3948 1788 3984 nunc
1817 3932 1884 3985 de

292 4005 587 4061 elementis
614 4002 1019 4072 proloquentem
1052 4003 1103 4054 in
1133 4002 1391 4055 concione
1412 4001 1735 4072 destituam?
1759 4001 1883 4053 Pul-

294 4070 801 4142 cherrimam'856
821 4071 977 4142 plane
1004 4071 1057 4123 in
1080 4080 1350 4142 postremo
1376 4070 1615 4142 ejusdem
1638 4078 1886 4142 poemate

295 4140 1095 4213 qumstionemlaniinadvertas,
1128 4140 1389 4213 siquidem
1434 4141 1505 4194 ibi
1537 4156 1641 4193 non
1683 4140 1882 4213 ignem,

296 4208 394 4268 sed
419 4212 618 4267 ccelum
653 4210 709 4264 S.
753 4211 946 4264 doctor
992 4211 1133 4264 inter
1160 4208 1424 4264 elementa
1446 4210 1740 4277 componit.
1775 4208 1888 4263 Hoc

298 4285 392 4338 ubi
426 4281 867 4361 philosophorum
922 4280 1110 4361 vulgus
1155 4280 1529 4361 audierit,‘ita
1572 4294 1657 4361 me
1704 4287 1888 4332 ament

300 4348 507 4422 superi,
556 4348 657 4405 sibi
700 4351 789 4422 vi}
823 4364 861 4422 _a
906 4351 1227 4422 risu,_eerte_
1262 4350 1327 4403 ab
1374 4348 1748 4422 admiratione,
1783 4365 1887 4402 non

302 4418 704 4491 temperabunt.
735 4419 985 4491 Vulgaria
1012 4420 1106 4491 illi
1150 4418 1321 4471 solum
1352 4429 1583 4487 quatuor
1622 4419 1884 4491 elementa

1982 2483 2351 2563 imaginariam
2382 2483 2525 2563 illam
2547 2483 2684 2552 ignis
2710 2485 3007 2553 splizeram,
3041 2500 3202 2555 quam
3249 2484 3568 2543 Aristoteles

1983 2569 2151 2625 supra
2172 2568 2314 2625 aeris
2340 2566 2611 2620 regionem
2658 2564 2997 2610 commentus
3022 2564 3123 2619 est,
3140 2570 3434 2625 quomque,
3450 2574 3567 2610 om-

1984 2639 2080 2678 nes
2106 2623 2378 2685 discimus,
2438 2638 2598 2677 nemo
2651 2639 2720 2678 ex
2777 2626 3000 2680 eruditis
3047 2623 3190 2680 nunc
3235 2623 3425 2691 credit,
3463 2628 3565 2682 sibi

1981 2707 2319 2765 nequaquam
2350 2693 2591 2765 arrisisse
2620 2701 2730 2765 tum
2760 2693 3013 2765 Paulinus
3039 2697 3213 2765 palam
3236 2695 3382 2761 facit,
3400 2712 3566 2765 quum

1981 2764 2048 2817 de
2078 2762 2264 2834 illane
2290 2762 2515 2834 verbum
2553 2764 2787 2834 quidem.
2828 2763 2933 2834 Sed
2962 2762 3154 2834 quibus
3194 2762 3431 2820 calculis
3454 2766 3565 2821 fre-

1981 2842 2067 2905 tus
2088 2834 2141 2905 in
2160 2830 2811 2905 hujusmodiopinionem
2846 2830 3099 2890 Paulinus
3126 2837 3427 2890 concessit?
3452 2836 3567 2905 Ego

1982 2902 2209 2958 subinde
2224 2918 2339 2973 pro
2358 2902 2496 2955 virili
2525 2902 2885 2970 investigabo,
2929 2912 2985 2957 et
3024 2906 3077 2959 in
3106 2905 3319 2973 primis,
3348 2906 3474 2959 dum
3498 2902 3567 2960 de

1982 2972 2265 3027 elementis
2291 2971 2735 3041 disceptationem
2767 2973 3017 3038 instituo,
3063 2971 3149 3027 me
3187 2975 3330 3028 nolle
3370 2976 3564 3030 adver-

1979 3058 2073 3097 sus
2120 3041 2347 3095 aliorum
2393 3042 2706 3106 sententias,
2756 3043 3033 3111 multoque
3078 3043 3254 3097 minus
3307 3043 3565 3099 adversus

1903 3135 1948 3198 ρ
1978 3111 2497 3198 peripateticos,__in_
2521 3126 2743 3198 arenam
2768 3112 3110 3198 descendere
3157 3114 3345 3198 iubens
3367 3111 3564 3181 fateor,

2019 3198 2142 3236 uum
2170 3190 2226 3236 ct
2252 3182 2530 3253 brevitatis
2556 3183 2627 3253 sit
2651 3183 2781 3253 mihi
2810 3184 2948 3237 ratio
2978 3184 3241 3248 habenda,
3270 3199 3566 3253 eorumque

2019 3199 2142 3236 uum
2170 3199 2226 3236 et
2252 3199 2530 3235 nrevuaus
2556 3199 2627 3235 su
2651 3199 2781 3235 mlnl
2810 3199 2948 3237 ratio
2979 3199 3241 3248 nanenaa,
3270 3199 3566 3253 eorumque

1978 3199 2229 3321 ﬂogmata
2269 3252 2399 3305 satis
2440 3251 2646 3306 erudite
2694 3252 2747 3305 in
2778 3268 3004 3307 examen
3033 3253 3354 3308 adduxerint
3396 3254 3569 3308 diser-

1981 3323 2171 3377 tissimi
2202 3330 2505 3391 temporum
2534 3331 2837 3393 nostrorum
2865 3324 3185 3393 philosophi,
3205 3339 3270 3379 ae
3291 3325 3430 3378 inter
3450 3324 3570 3378 illos

2019 3390 2330 3448 otissimuin’
2388 3393 2659 3447 emineant
2722 3390 3096 3459 Helmontius,
3162 3393 3471 3449 Gassendus
3515 3402 3571 3449 et

2019 3410 2317 3448 oussimum
2388 3410 2659 3447 emineant
2722 3410 3096 3459 neimonuus,
3162 3410 3471 3449 uassenuus
3515 3410 3568 3449 et

1980 3410 2396 3534 Boyle,geximia
2442 3464 2628 3531 procul
2670 3463 2831 3517 dubio
2872 3465 3105 3531 ingenia.
3150 3463 3320 3517 Unam
3368 3465 3568 3520 idcirco

1982 3532 2191 3585 Paulini
2212 3533 2534 3586 sententiam
2564 3547 2982 3600 prosequemur;
3032 3541 3087 3587 et
3130 3534 3308 3595 illam,
3352 3536 3405 3588 ni
3446 3549 3567 3587 mea

1983 3617 2070 3655 me
2109 3602 2243 3654 fallit
2270 3602 2471 3670 opinio,
2524 3616 2795 3654 sacrarum
2838 3602 3234 3670 Scripturarum
3280 3606 3571 3657 autoritate

1984 3672 2081 3725 niti
2109 3673 2268 3739 plane
2297 3668 2537 3733 afﬁrmo;
2578 3685 2761 3722 earum
2809 3668 3302 3725 enim'testimonio
3350 3673 3484 3737 ignis
3514 3674 3567 3725 in

1982 3738 2372 3808 elementorum
2400 3753 2619 3808 censum
2652 3738 3055 3808 haudquaquam
3095 3738 3339 3794 refertur.
3379 3740 3436 3795 S.
3470 3739 3572 3795 Pe-

1986 3818 2098 3863 trus
2127 3810 2178 3861 in
2211 3807 2378 3880 Epist.
2403 3807 2472 3880 _ll,
2500 3823 2621 3875 cap.
2651 3823 2704 3880 in
2732 3825 2744 3880 :_
2776 3807 3140 3880 Expectant“,
3173 3811 3362 3877 inquit,
3386 3821 3435 3863 et
3455 3828 3571 3880 pro-

1984 3887 2222 3950 perantes
2254 3878 2307 3950 in
2343 3877 2615 3929 adventum
2643 3878 2745 3950 diei
2786 3877 3017 3950 Domini,
3047 3895 3137 3947 per
3176 3897 3323 3949 quem
3345 3877 3569 3933 crrli'ar-

1987 3947 2164 4001 dentes
2193 3947 2479 4007 solventur,
2512 3956 2560 3999 et
2605 3947 2851 4000 elementa
2891 3949 3026 4017 ignis
3067 3947 3253 4003 ardere
3288 3949 3568 4003 tabescent.

1986 4017 2124 4071 Ecce
2165 4019 2231 4071 ab
2275 4018 2395 4083 igne
2438 4017 2703 4071 elementa
2745 4016 3024 4087 distinguit
3069 4019 3363 4087 apostolus,
3407 4034 3571 4087 quum

1986 4103 2081 4156 per
2109 4087 2253 4140 illum
2285 4088 2399 4140 hzec
2427 4096 2519 4139 aut
2546 4086 2902 4141 consumenda
2941 4096 3032 4142 aut
3072 4086 3123 4141 in
3168 4088 3356 4145 melius
3398 4086 3570 4143 refor-

1988 4155 2181 4211 manda
2216 4172 2314 4210 nos
2354 4157 2530 4210 docet.
2564 4155 2669 4210 Sed
2697 4166 2752 4210 et
2785 4157 3000 4224 caelum,
3050 4159 3295 4225 urgebis,
3344 4159 3410 4213 ab
3457 4159 3572 4213 ele-

1988 4227 2182 4281 mentis
2217 4227 2347 4280 inibi
2376 4226 2649 4280 diversum
2691 4227 3039 4294 dignoscitur.
3078 4228 3192 4296 Ego
3239 4245 3344 4281 non
3395 4229 3571 4282 video.

1988 4297 2160 4365 Supra
2190 4311 2418 4363 namque
2444 4297 2517 4349 ita
2547 4296 2864 4365 loquebatur
2886 4296 3076 4351 Petrus
3102 4317 3112 4350 :
3138 4299 3380 4350 Adveniet
3405 4309 3575 4351 autem

1993 4367 2103 4418 dies
2128 4364 2337 4419 Domini
2363 4376 2419 4418 ut
2436 4369 2540 4438 fur,
2563 4364 2733 4438 inquo
2754 4368 2864 4420 εινιὶ
2886 4385 3074 4438 magno
3090 4370 3278 4437 impetu
3301 4371 3572 4431 transient,

1990 4438 2240 4510 elementa
2268 4453 2384 4489 vero
2406 4436 2577 4489 calore
2603 4437 2879 4510 soluentur,
2923 4436 3058 4510 terra
3084 4449 3272 4510 autem,
3304 4447 3353 4490 et
3380 4454 3493 4510 qua:
3520 4440 3576 4491 in

302 4488 632 4575 agnoscunt,
651 4488 1149 4575 'terlr'amjvidelicct,
1170 4504 1384 4567 aquam,
1407 4503 1583 4540 aerem
1603 4495 1656 4542 et
1680 4490 1878 4568 ignem;

1995 4488 2309 4575 ipsursunt,
2342 4488 2603 4560 emeretur.
2636 4488 2955 4560 Vidistin'et
3180 4488 3576 4562 'eiéniéiiui'r'uni

304 4558 564 4629 quicquid
617 4558 812 4629 abhis
860 4558 1448 4629 diversumﬂoccurrit,
1504 4559 1894 4626 pmoccupatis

303 4626 497 4683 eorum
519 4627 743 4695 ingeniis
771 4637 863 4680 aut
889 4642 1102 4680 crucem
1136 4626 1275 4690 ﬁgit,
1316 4635 1407 4678 aut
1448 4637 1709 4681 assertum
1743 4644 1893 4680 mon-

304 4708 424 4752 stro
450 4698 631 4767 potius
668 4711 827 4765 quam
867 4711 998 4751 vero
1040 4697 1387 4767 simillimum
1413 4696 1639 4767 videtur.
1697 4696 1895 4761 Quam-

307 4765 501 4821 otirein
537 4782 713 4835 opera:
757 4774 987 4835 pretium
1021 4766 1147 4819 duxi
1195 4781 1301 4819 non
1339 4765 1549 4835 obviam
1579 4767 1895 4833 cuicumque

308 4836 522 4891 Paulini
551 4834 861 4905 opinionem
887 4836 1174 4901 illustrare,
1199 4851 1267 4889 ne
1292 4836 1423 4888 tanti
1463 4834 1636 4889 Patris
1664 4836 1894 4890 eruditio

308 4908 491 4960 minus
520 4922 550 4960 a
578 4906 890 4973 quibusdam
921 4906 1191 4959 intellecta
1222 4914 1313 4957 aut
1348 4905 1488 4958 male
1534 4906 1755 4971 audiat,
1802 4913 1896 4958 aut

309 4978 476 5030 etiam
507 4975 835 5029 cxsibiletur.
869 4974 993 5043 Ejus
1017 4976 1179 5029 verba
1205 4976 1381 5044 primo
1412 4976 1749 5029 intueamur:

439 5067 797 5128 Distribuitque
823 5066 941 5115 locis
964 5080 1115 5127 mare,
1143 5075 1313 5125 terras,
1339 5079 1470 5127 aera,
1495 5083 1689 5127 (ιυειυκ,

441 5130 661 5184 Quatuor
680 5129 782 5175 lucc
809 5128 964 5176 hausit
984 5129 1130 5177 variis
1150 5129 1346 5175 exordia
1372 5130 1532 5176 rebus.

439 5189 563 5237 Sunt
585 5190 807 5237 homines
828 5190 998 5248 terris,
1023 5195 1137 5237 sunt
1157 5190 1314 5236 addita
1338 5192 1496 5237 sidera
1521 5202 1677 5249 conm,

441 5250 573 5298 Aere
604 5250 781 5310 pendet
805 5252 922 5309 avis,
950 5249 1135 5307 liquido
1157 5258 1284 5298 natat
1305 5263 1502 5312 :equore
1528 5252 1670 5312 piSCls
1697 5263 1711 5297 :

439 5312 523 5359 Sic
548 5326 795 5359 unum“
817 5313 919 5359 suis
936 5311 1186 5359 decoravit
1206 5311 1397 5369 singula
1422 5311 1605 5360 formis.

316 5394 722 5450 Elementorum
768 5393 1172 5464 compaginem,
1215 5392 1484 5461 situmque
1522 5392 1659 5446 infra
1703 5393 1906 5447 deseri-

316 5466 397 5519 b“
422 5502 632 5592 .Claudit
659 5542 789 5591 enim
815 5542 1041 5591 Oceanus
1054 5550 1234 5591 terram
1251 5552 1420 5605 ;_mare
1443 5540 1707 5605 clauditur;
1736 5544 1840 5605 ipse

447 5606 552 5654 Axe
577 5604 666 5652 sub
690 5605 911 5652 aethereo
931 5604 1123 5652 medius
1143 5601 1446 5649 concluditur
1470 5616 1572 5652 aer.

319 5686 451 5741 llaec
472 5685 731 5754 profecto,
774 5690 830 5737 et
865 5700 972 5737 nou
1003 5685 1103 5737 alia
1134 5682 1337 5737 Paulini
1364 5685 1647 5737 sententia.
1693 5684 1899 5740 Caelum

322 5760 372 5814 is
401 5773 506 5812 non
531 5771 663 5812 vero
691 5755 865 5825 ignem
894 5755 1033 5810 inter
1059 5755 1324 5811 elementa
1354 5762 1618 5809 recenset.
1656 5754 1824 5811 humo
1848 5766 1903 5813 et

1995 4577 2135 4630 serie
2172 4575 2475 4629 distinctam
2517 4578 2749 4629 terram?
2804 4576 2975 4641 Quum
3028 4592 3155 4630 vero
3206 4577 3331 4630 hinc
3376 4586 3577 4632 terram

1996 4646 2318 4716 elementum
2350 4662 2455 4699 non
2487 4660 2605 4699 esse
2628 4647 2776 4716 argui
2807 4654 3056 4713 nequeat,
3100 4646 3237 4699 idem
3267 4661 3483 4716 quoque
3507 4649 3577 4702 de

1996 4715 2147 4769 cmlis
2173 4716 2439 4768 afﬁrmare
2468 4714 2753 4768 absurdum
2787 4732 2890 4770 non
2916 4717 3036 4769 erit.
3056 4716 3187 4770 Caeli
3213 4719 3378 4781 enim,
3399 4714 3580 4772 terric-

1996 4799 2101 4852 que
2132 4786 2295 4845 vices,
2325 4800 2443 4853 qua:
2485 4799 2791 4853 supremum
2813 4784 2993 4852 judicii
3024 4787 3162 4840 diem
3191 4787 3391 4841 instare
3411 4789 3576 4841 doce-

1998 4855 2150 4919 bunt,
2181 4855 2251 4907 ita
2278 4853 2334 4906 S.
2368 4852 2563 4908 Petrus
2609 4864 2888 4918 memorat,
2945 4864 3001 4907 ut
3047 4872 3151 4908 non
3195 4856 3262 4909 ab
3298 4857 3577 4911 elementis

1995 4924 2321 4995 distinguere
2340 4924 2500 4995 ,wsed
2545 4923 2850 4992 singillatim
2907 4925 3150 4978 elarioris
3204 4927 3578 4995 explicationis

1996 5007 2126 5064 ergo
2181 4993 2505 5064 describere
2578 4996 2840 5047 videatur.
2903 4995 3040 5060 Quid
3105 4993 3372 5064 quod’et
3441 4998 3576 5049 alios

1994 5062 2310 5116 Christianae
2377 5063 2496 5116 ﬁdei
2575 5071 2869 5118 sectatores
2943 5081 2971 5117 a
3051 5062 3257 5117 Paulini
3312 5066 3576 5119 sententia

1996 5133 2216 5201 minime
2266 5132 2608 5186 abhorruisse
2652 5142 2983 5201 compertum
3027 5134 3234 5188 habeo?
3271 5134 3576 5189 Gennadius

1998 5200 2339 5272 Massiliensis
2359 5203 2640 5272 presbyter
2680 5202 2731 5257 in
2764 5200 2941 5257 libello
2966 5203 3033 5257 de
3067 5204 3269 5258 Eccles.
3304 5204 3570 5272 Dogmat.,

1997 5285 2115 5337 cap.
2176 5269 2263 5335 69,
2316 5269 2429 5325 hinc
2481 5269 2644 5325 habet
2693 5290 2705 5324 :
2762 5272 3050 5338 Elementa,
3103 5275 3263 5395 εἴ]
3288 5275 3343 5327 id
3364 5269 3437 5326 est
3468 5290 3572 5326 ca:-

2003 5339 2110 5391 lum
2161 5350 2210 5393 et
2261 5349 2484 5395 terram.
2522 5358 2626 5394 non
2676 5342 2938 5395 credamus
2985 5343 3163 5395 abolen
3204 5360 3345 5395 aner
3384 5344 3570 5395 ianem.

2003 5339 2110 5413 lum
2144 5350 2210 5413 _et
2261 5349 2484 5413 terram,
2522 5358 2626 5394 non
2676 5342 2938 5413 credamus
2985 5339 3345 5413 abolenda—per
3384 5344 3570 5411 ignem,

2004 5409 2096 5482 sed
2137 5411 2191 5462 in
2237 5411 2419 5482 melius
2475 5412 2857 5482 commutanda.
2918 5409 3573 5482 Ρ11ἰ1ειειισίυεέρὶδὸοιιιιε

2006 5478 2175 5543 Brix.,
2216 5480 2298 5533 vir
2342 5481 2628 5535 sanctitate
2690 5496 2753 5536 ac
2813 5483 3111 5536 eruditione
3165 5478 3577 5535 inter'veteres

2007 5546 2194 5620 Patres
2229 5557 2453 5620 Anotus,
2506 5551 2595 5604 lib.
2646 5550 2714 5605 de
2768 5550 2999 5615 llaircs.,
3056 5566 3174 5620 cap.
3230 5550 3332 5615 46,
3380 5552 3572 5605 caelum

2005 5618 2146 5689 inter
2193 5618 2455 5673 elementa
2509 5620 2829 5674 numeravit.
2886 5618 3186 5689 Scriptura,
3241 5621 3414 5689 inquit
3459 5622 3569 5683 ille.

2004 5688 2058 5759 in
2084 5690 2250 5754 primo
2275 5690 2358 5759 die
2402 5691 2580 5743 calum
2614 5698 2662 5743 et
2697 5698 2886 5742 terram
2910 5692 3045 5759 facta
3075 5700 3301 5743 aecmrat
3322 5688 3433 5745 duo
3462 5693 3571 5745 ἠως

2003 5758 2271 5814 elementa.
2312 5758 2791 5830 Eloquentissimus
2815 5773 3030 5829 quoque
3060 5760 3289 5831 scriptor
3318 5760 3569 5818 Theodo-
