4024 6186
436 312 532 367 851

438 439 551 477 rum
579 421 707 486 Tan,
738 429 918 475 nostra
964 429 1135 473 autem
1176 418 1238 487 Τ,
1286 419 1479 486 species
1516 416 1704 471 crucis.
1766 414 2012 472 Dirutum
2042 426 2093 483 Α

436 492 708 561 Serapidis
752 488 1158 561 templummfuit
1182 530 1197 554 ,
1242 487 1557 561 Theodosio
1590 487 1661 539 Μ.
1686 486 2013 561 imperante,

438 554 638 632 ibique,
661 570 721 615 ut
748 554 1099 632 Bullinuslib.
1131 575 1206 622 xl,
1227 574 1347 627 cap.
1377 556 1473 632 29,-
1495 554 1655 632 IIist.,
1683 554 2016 632 Soiomenus

438 626 653 693 libfvu.
686 646 807 699 cap.
839 631 927 696 15,
973 628 1226 699 Socrates
1280 626 1343 699 ac
1370 626 1576 699 Suidas
1618 628 2016 699 testan_tur.'lit-

440 709 568 755 term
621 695 997 781 Egyption
1039 697 1461 781 Hieroglyphicte
1494 697 1749 781 inventi:
1776 695 2010 781 fuerpnt,

435 787 554 840 qua:
600 762 785 840 crucis:
818 769 1101 840 imaginem
1149 762 1272 840 prie
1293 762 1353 840 se
1381 766 1642 840 ferebant.
1672 762 2007 840 _E_aru_mdem

439 835 620 909 t'ypum
660 838 863 907 profert
906 835 1197 909 Kireherus
1230 837 1289 909 in
1331 836 1556 904 Iuterpr.
1599 837 1763 905 862
1792 835 2013 909 obelisc_i

437 899 679 979 Egypt;
732 908 984 979 hierogl._
1006 906 1060 971 5,
1106 907 1269 979 signis
1313 899 1531 979 prorsus
1578 899 1931 979 curn—nostro
1969 905 2011 959 Τ

434 973 905 1033 convenientibus;
946 973 1173 1031 Crucem
1199 973 1358 1029 etiam
1398 973 1721 1041 hujusmodi,
1752 974 1804 1027 ni
1833 973 2009 1038 fallor,

433 1049 737 1103 deformare
782 1047 993 1100 videtur
1042 1046 1080 1099 I.
1135 1045 1393 1098 Firmicus
1429 1044 1822 1097 vetustissimus
1856 1052 2016 1097 autor

433 1118 528 1172 lib.
579 1118 646 1171 dc
684 1116 911 1170 Profana
964 1116 1156 1181 Relig.,
1182 1129 1346 1183 quum
1385 1113 1499 1165 ait:
1534 1112 1738 1183 Cornua
1763 1113 1839 1183 nil
1866 1112 2012 1165 aliud

434 1189 535 1240 nisi
557 1186 900 1239 venerandum
929 1186 1093 1237 crucis
1116 1181 1317 1254 signum
1340 1191 1645 1254 monstrant.
1682 1181 1853 1251 Hujus
1875 1184 2012 1251 signi

431 1273 535 1311 uno
562 1265 769 1308 extenso
804 1271 865 1307 ac
893 1255 1087 1307 directo
1111 1252 1269 1307 cornu
1291 1252 1511 1305 mundus
1537 1259 1873 1315 sustentatur,
1904 1262 2009 1304 ter-

432 1342 493 1378 ra
542 1325 928 1393 constringitur,
968 1334 1016 1376 et
1046 1340 1075 1376 e
1106 1323 1321 1376 duorum
1374 1336 1486 1393 qua:
1518 1322 1779 1393 per_latus
1823 1322 2013 1393 vadunt

429 1396 733 1464 compagine
760 1390 929 1446 oriens
961 1393 1207 1464 tangitur,
1247 1390 1485 1464 occidens
1514 1390 1827 1464 sublevatur,
1854 1400 1910 1443 ut
1938 1391 2013 1443 sic

434 1456 566 1517 totu's
589 1456 726 1517 orbis
754 1464 1015 1532 tripartita
1038 1456 1318 1515 s'tabilitate
1331 1463 1566 1530 ﬁrmatus
1583 1500 1598 1525 ,
1621 1466 1728 1513 etc.
1760 1456 2016 1532 Propter-

428 1549 494 1587 ea
540 1549 742 1586 crucem
786 1529 969 1585 baculo
1003 1540 1172 1585 stante
1206 1529 1466 1584 bicornem
1499 1545 1662 1598 supra
1687 1529 2015 1598 nuncupavit

431 1600 722 1666 Paulinus,
768 1604 955 1672 eisque
1001 1601 1179 1672 verbis
1226 1616 1385 1672 unam
1427 1614 1645 1654 crucem
1683 1599 2013 1653 commissam

431 1673 714 1741 expressit,
742 1669 883 1741 quae;
915 1679 974 1725 ut
1001 1670 1047 1725 is
1076 1669 1211 1724 infra
1240 1670 1404 1737 addit,

1104 1761 1282 1823 Stipite
1307 1760 1470 1823 ﬁgitur
1492 1773 1607 1819 uno,

551 1822 755 1884 Quaque
778 1833 1009 1871 cacumen
1034 1819 1213 1885 habet,
1234 1819 1512 1873 transverso
1536 1827 1679 1873 vecte
1700 1819 1913 1884 iugatur.

428 1906 524 1961 [Iis
567 1906 636 1960 de
683 1921 845 1961 cruce
888 1908 1165 1960 commissa
1210 1907 1629 1969 animadversis,
1668 1906 1842 1961 crucis
1870 1905 2009 1960 illius

425 1992 591 2049 quam
615 1990 646 2029 e
674 1975 878 2049 Nolana
921 1976 1139 2049 basilica
1176 1977 1571 2049 perditissimus
1597 1976 1744 2049 latro
1786 1976 2004 2040 amovit,

427 2045 522 2098 {eu
556 2045 739 2117 m_onili
782 2046 1023 2117 orbavit,
1070 2045 1485 2117 deseriptionem
1525 2061 1558 2100 a
1595 2045 1819 2100 Paulino
1856 2053 2010 2115 peta-

428 2130 563 2169 mus.
593 2114 729 2168 Sunt
748 2114 866 2183 ejus
894 2115 1058 2169 verba
1083 2132 1097 2167 :

552 2202 677 2260 Ergo
702 2205 872 2251 eadem
897 2205 1090 2265 species
1112 2203 1309 2253 formam
1333 2207 1491 2254 crucis
1514 2204 1677 2254 exerit
1702 2204 1852 2264 illam,

554 2265 673 2322 Qua:
700 2266 924 2311 trutinam
949 2272 1142 2327 aequato
1174 2265 1394 2315 libratam
1417 2268 1625 2315 stamine
1650 2266 1824 2327 signat.

549 2328 890 2387 Subrertoque
910 2326 1082 2387 jugum
1102 2340 1304 2377 concors
1322 2337 1520 2377 temone
1545 2326 1740 2389 ﬁgurat,

1529 303 1868 359 APPENDIX
1902 302 2184 361 OPERUM
2222 302 2281 360 S.
2323 301 2614 359 PAULINI.

2040 1791 2087 1852 B

3592 307 3701 364 83‘)

2229 418 2357 482 ‘Sive
2372 421 2651 481 superciliis
2671 432 2697 468 a
2717 419 2876 482 fronte
2890 420 3107 482 jugantia
3132 418 3316 469 vultum

2245 480 2447 530 Lumina
2468 483 2757 532 transversis
2781 480 2998 531 imitatur
3015 483 3243 530 cornibus
3263 483 3427 531 arbor.

2116 571 2252 627 I'Iinc
2277 588 2440 643 porro
2486 588 2700 628 crucem
2748 572 3013 643 Nolanam,
3048 574 3336 643 commissae
3362 572 3705 629 consimilem

2115 643 2446 696 elaboratam
2488 643 2653 698 fuisse
2698 643 2915 711 colligo.
2962 642 3182 711 Singula
3229 642 3600 711 dispiciamus.
3643 643 3703 697 Si

2114 713 2348 781 stipitem
2393 712 2568 779 erigas
2591 753 2607 777 ,
2655 712 2878 781 ejusque
2923 713 3188 767 cacumini
3232 712 3489 766 trutinam
3530 713 3705 781 aaquis

2114 781 2239 837 hinc
2266 781 2390 836 inde
2418 782 2659 852 lancibus
2679 781 3000 852 pendentem
3022 782 3284 852 imponas,
3314 782 3503 852 utique
3521 782 3703 836 crucis

2112 860 2423 905 memorata:
2446 850 2866 905 formam‘fueris
2895 850 3112 914 nactusi
3141 866 3263 905 nam
3292 851 3461 919 stipes
3515 860 3702 905 rectus

2114 922 2432 990 trutinzeque
2466 921 2682 975 brachia
2712 921 2947 974 litteram
2988 920 3031 973 Τ
3062 920 3391 975 intuentibus
3416 919 3698 990 exhibent.

2118 989 2318 1044 Rursus
2344 988 2389 1043 si
2416 998 2621 1043 rectum
2648 1005 2839 1044 currus
2863 989 3089 1057 alicujus
3116 999 3387 1044 temonem
3414 988 3549 1058 jugo
3578 1005 3702 1044 ver-

2113 1060 2204 1114 tici
2235 1060 2483 1127 imposito
2513 1060 2850 1123 consideres,
2884 1059 3127 1114 eamdem
3154 1059 3339 1113 itidem
3368 1060 3547 1113 crucis
3575 1058 3701 1112 elli-

2111 1130 2253 1195 giem
2282 1130 2473 1183 littcrze
2506 1127 2549 1181 T
2584 1128 2907 1182 simillimam
2946 1131 3012 1182 ab
3041 1128 3134 1182 illo
3171 1128 3436 1196 designari
3464 1128 3698 1183 videbis.

2113 1198 2353 1269 Denique
2400 1199 2445 1253 si
2485 1198 2662 1269 vultus
2710 1201 2971 1269 humanos
3000 1198 3359 1269 inspicias,ret
3383 1199 3699 1266 supercilia,

2114 1267 2337 1336 nasique
2363 1277 2421 1322 et
2452 1268 2563 1321 oris
2583 1267 2991 1336 dispositionem
3021 1268 3472 1336 contemplemur,
3515 1283 3701 1323 nonne

2113 1337 2351 1402 ejusdem
2382 1337 2557 1392 crucis
2587 1336 2753 1404 ligura
2779 1338 2976 1392 nostris
3005 1337 3239 1391 occurrit
3262 1337 3467 1391 oculis?
3493 1336 3699 1391 Fateor

2113 1407 2457 1461 nihilominus
2480 1423 2586 1461 non
2615 1407 2686 1459 ita
2716 1421 2816 1475 pro
2857 1414 3006 1461 certo
3042 1406 3206 1460 statui
3242 1418 3401 1475 posse
3444 1419 3698 1474 quamam

2112 1477 2184 1531 sit
2210 1476 2416 1530 Paulini
2465 1491 2617 1529 mens
2662 1477 2831 1530 hocce
2877 1476 2930 1529 in
2966 1476 3117 1545 loco,
3146 1475 3583 1545 quandoquidem
3613 1485 3698 1530 te-

2112 1562 2332 1601 monum
2372 1562 2495 1601 cum
2526 1545 2656 1613 jugo
2689 1545 3034 1614 superaddito
3062 1544 3233 1599 forma
3270 1560 3486 1600 crucem
3516 1546 3699 1613 potius

2111 1617 2398 1671 immissum
2444 1630 2604 1688 quam
2648 1616 2977 1688 commissam
3022 1623 3203 1688 nostra
3245 1615 3344 1688 hac
3371 1622 3700 1688 tempestate

2112 1682 2481 1755 repnesentatl
2555 1688 2755 1745 Contra
2811 1685 2974 1745 facies
3029 1685 3263 1755 animalia
3306 1682 3699 1755 huius'potius

2111 1754 2273 1826 quam
2303 1758 2442 1812 illius
2468 1757 2691 1826 ﬁguram
2720 1758 2960 1828 praefert,
2988 1754 3186 1815 etenim
3213 1767 3386 1828 snpra
3410 1754 3698 1828 oculorum

2113 1822 2395 1898 supercilia
2445 1822 2647 1882 nullum
2693 1822 2955 1883 attollitur
2989 1831 3043 1885 in
3073 1829 3248 1885 fronte
3273 1822 3389 1883 [ἱενί
3433 1837 3499 1883 ac
3532 1822 3696 1898 plana

2112 1897 2341 1965 signum,
2371 1911 2479 1965 quo
2508 1899 2721 1953 tertium
2748 1900 2924 1953 crucis
2953 1914 3123 1954 comu
3151 1900 3390 1953 eminere
3419 1897 3692 1954 videatur.

2113 1964 2196 2020 Sit
2223 1964 2417 2037 hacde
2463 1983 2523 2022 re
2569 1968 2793 2023 aliorum
2816 1968 3071 2037 judicium
3089 2007 3104 2031 ,
3136 1984 3257 2023 mea
3282 1984 3424 2023 nunc
3451 1977 3547 2037 est
3563 1983 3695 2021 sen—

2114 2037 2302 2099 tentia,
2328 2036 2586 2091 Nolanam
2607 2036 2827 2093 crucem
2851 2041 3140 2093 commissa:
3162 2038 3498 2093 consimilem
3529 2036 3697 2092 fuisse

2112 2106 2468 2171 cll‘ormatam,
2499 2116 2555 2162 et
2575 2107 2814 2161 fortassis
2837 2109 2902 2163 ad
2932 2108 3124 2163 Labari
3144 2107 3570 2171 similitudinem,
3590 2122 3694 2161 cu-

2107 2175 2195 2244 jus
2222 2174 2448 2242 elllgiem
2478 2178 2693 2231 exhibet
2718 2186 2913 2245 prmter
2938 2178 3225 2232 Baronium
3253 2178 3444 2233 Bosius
3468 2176 3561 2230 lib.
3592 2184 3692 2239 vit,

2106 2260 2226 2326 cap.
2257 2247 2341 2326 l5,
2357 2246 2424 2300 de
2448 2245 2621 2301 Cruce
2636 2248 2894 2326 triumph.
2911 2246 3019 2303 Sed
3041 2250 3439 2304 accuratiorem
3460 2246 3695 2303 aliorum

2108 2317 2435 2371 sententiam
2463 2317 2698 2386 opperiri
2724 2324 2959 2386 pra-stat.

424 2418 3681 2446 _——.—_——_———-———————_—-————-

1040 2515 1802 2598 DISSERTATIO
1878 2516 2435 2598 VICESIMA
2509 2514 3084 2600 SECUNDA.

1122 2655 1583 2704 SPICILEGIUM
1618 2657 1714 2705 EX
1750 2655 2106 2705 OPEBIBUS
2144 2655 2201 2704 8.
2231 2654 2523 2703 PAULINI
2559 2654 3011 2706 DEPEBDITIS.

496 2766 671 2839 8637
704 2763 1011 2839 Gennadius
1056 2763 1125 2819 de
1165 2763 1424 2839 Scriptor.
1475 2764 1668 2839 eccles.
1712 2764 1769 2839 ξ.
1800 2762 2008 2839 Paulini

429 2832 598 2907 ορέιεῖ
617 2832 705 2891 his
734 2836 910 2889 verbis
939 2842 1187 2889 recenset
1212 2852 1223 2887 :
1260 2832 1514 2907 Paulinus
1535 2832 1690 2907 Nola:
1710 2833 2009 2907 Campanae

429 2903 695 2989 cpi-scapus
738 2906 1206 2989 composuithrerlsu
1253 2903 1442 2986 brevia,
1485 2905 1588 2989 sed.
1620 2903 2008 2989 multalletmd

428 2972 630 3031 Celsum
657 2972 925 3047 quemdam
954 2976 1204 3045 epitaphii
1227 2976 1331 3047 rice
1350 2975 1758 3047 consolatoriam
1780 2972 2008 3047 libellum

432 3064 586 3117 super
609 3042 773 3100 morte
799 3042 1115 3117 Christiani
1139 3053 1186 3117 et
1221 3043 1706 3117 baptizatiinfantis
1734 3059 1824 3117 spe
1851 3042 2002 3117 Chri-_

426 3112 608 3207 :55}:sz
627 3118 916 3200 munitum;
958 3125 1025 3207 et.
1042 3115 1112 3166 ad
1146 3112 1389 3207 Severum
1425 3113 1593 3195 plures
1608 3114 1905 3207 “epistolas;
1935 3112 2005 3165 ad
2034 3145 2079 3207 C

431 3186 773 3238 Theodosium
807 3186 1171 3253 imperatorem
1207 3193 1328 3235 ante
1361 3185 1710 3252 episcopatum
1739 3199 1891 3251 prosa
1912 3199 2007 3253 pa:

429 3257 724 3321 neggricum
751 3252 903 3320 super
923 3254 1137 3305 victoria
1164 3261 1522 3319 tyrannorum,
1552 3268 1610 3304 eo
1639 3254 1861 3321 maxime
1874 3252 2008 3321 quod

429 3273 493 3306 ne
530 3273 724 3321 yrtcum
751 3273 903 3320 super
923 3273 1137 3305 mcwrm
1164 3273 1522 3319 tyrannorum,
1552 3273 1610 3304 eo
1639 3273 1861 3304 maxime
1874 3273 2007 3321 quoa

429 3273 534 3392 [ida
570 3332 620 3374 et
663 3322 896 3392 oratione
938 3321 1235 3392 plus_guam
1270 3321 1430 3372 armis
1458 3320 1777 3392 viceritagEst
1805 3321 1891 3392 hic
1921 3321 2010 3374 ille

429 3386 802 3461 panegyricus,
832 3388 899 3461 de
924 3386 1032 3461 quo
1061 3386 1414 3461 Hieronymus
1441 3389 1507 3461 ad
1534 3386 1811 3461 Paulinum
1836 3391 2009 3461 ipsum

430 3456 691 3522 scribens,
720 3474 805 3528 cp.
836 3457 920 3521 15,
953 3456 1280 3510 incredibilia
1305 3457 1356 3510 in
1387 3457 1597 3510 Iaudem
1628 3459 1744 3524 ejus
1766 3456 2006 3527 protulit,

431 3532 554 3583 nobi
626 3544 691 3582 ue
721 3537 1004 3597 propterea
1035 3527 1370 3581 intolerabile
1398 3528 1539 3581 illius
1566 3528 1889 3581 desiderium
1930 3530 2011 3582 in-

431 3544 861 3651 iecitqueuuitur
887 3596 1231 3651 Gennadius:
1281 3596 1427 3651 Fecit
1458 3608 1507 3651 et
1526 3599 2005 3651 sacramentarium.

427 3598 575 3668 jecit.
608 3596 861 3668 Sequitur
887 3596 1231 3652 Gennadius:
1281 3596 1427 3651 Fecit
1458 3608 1507 3651 et
1526 3599 2005 3663 sacramentarium,

427 3678 477 3723 et
500 3670 843 3738 hymnarium.
875 3668 956 3720 Ad
978 3684 1207 3721 sororem
1233 3684 1428 3738 quoque
1455 3668 1698 3737 epistolas
1732 3668 1917 3721 multas
1945 3670 2009 3722 de

429 3748 688 3791 contemtu
709 3738 888 3790 mundi
919 3739 1079 3802 dedit,
1126 3747 1176 3790 et
1214 3738 1278 3791 de
1322 3738 1536 3792 diversis
1575 3738 1744 3792 causis
1770 3738 2008 3807 disputa-

430 3810 567 3861 tione
591 3809 791 3862 diversa
814 3814 1066 3878 tractatus
1094 3807 1272 3878 edidit.
1330 3808 1657 3878 l’rweipuum
1688 3818 1855 3878 tamen
1877 3825 2008 3877 opu-

427 3878 685 3930 sculorum
708 3878 819 3947 ejus
845 3885 921 3931 est
942 3877 1072 3930 liber
1100 3878 1162 3929 de
1196 3876 1511 3947 Ptenittmtia
1540 3887 1590 3930 et
1624 3878 1688 3931 de
1709 3876 1887 3931 Laude
1912 3876 2007 3947 ge-

429 3949 595 4000 nerali
634 3944 863 4001 omnium
892 3955 1194 4016 martyrum.
1247 3944 1292 3999 Ο
1321 3947 1586 4015 jacturam
1615 3964 1723 4001 non
1752 3949 1883 4002 satis
1913 3944 2009 4002 de-

429 4016 775 4085 plorandam!
819 4016 1097 4070 Po‘strema
1135 4016 1595 4085 hicciamisimus,
1638 4024 1694 4070 ct
1725 4019 1906 4072 nescio
1937 4033 2006 4072 an

428 4084 680 4155 umquam
718 4099 969 4154 reparare
994 4084 1207 4155 licebit.
1247 4084 1431 4155 Exstat
1468 4088 1518 4138 in
1548 4086 1897 4140 Ambrosiana
1926 4087 2007 4141 bi-

427 4153 696 4210 bliotheca
736 4153 1125 4209 vetustissimus
1162 4154 1360 4219 codex,
1393 4170 1553 4223 quem
1589 4155 1772 4209 seculo
1814 4165 2007 4213 octavo

428 4234 591 4295 atque
616 4223 1029 4295 etiamseptimo
1057 4231 1332 4295 exaratum
1359 4222 1672 4279 crediderim
1690 4266 1705 4291 ,
1730 4224 2007 4281 characte-

428 4292 519 4349 res
547 4295 613 4349 ad
658 4293 823 4363 seculi
870 4292 1215 4363 Merovingici
1261 4295 1579 4362 scripturam
1625 4296 1923 4363 accedunt,
1951 4304 2007 4351 et

427 4379 536 4417 non
586 4364 715 4434 nihil
755 4362 1036 4434 Sasonicze
1062 4360 1385 4434 pncferunt,
1435 4364 1730 4434 cujusmodi
1758 4360 2003 4434 exempla

428 4434 586 4488 nobis
629 4433 871 4487 exhibuit
916 4432 1253 4486 Mabillonius
1306 4432 1369 4487 V.
1420 4433 1483 4488 C.
1536 4434 1590 4488 in
1635 4432 2003 4489 laudatissimo

2113 2760 2367 2832 Paulinus
2388 2761 2525 2832 inter
2548 2759 2926 2832 Hierosolyma:
2945 2759 3209 2832 excidium
3234 2768 3291 2816 et
3316 2761 3693 2832 ascensionem

2112 2830 2443 2886 Dominicam
2492 2829 2857 2885 intercessisse
2896 2829 3155 2893 aliirmat,
3184 2832 3366 2885 venies
3395 2831 3463 2885 ad
3492 2848 3692 2888 annum

2111 2900 2329 2981 epochaa
2375 2899 2725 2981 ejusdeut‘2.8
2766 2908 2860 2954 aut
2893 2899 3372 2981 29",“siutrumque
3400 2904 3693 2981 terminum

2110 2968 2266 3040 simul
2294 2984 2563 3040 numeres.
2597 2968 2752 3040 Unde
2775 2985 2917 3023 anno
2944 2968 3012 3023 29
3042 2968 3365 3040 Dionysiauo
3394 2974 3691 3026 secundum

2110 3038 2390 3093 Paulinum
2434 3038 2682 3094 Christus
2727 3039 2983 3109 Dominus
3025 3038 3275 3109 passione
3319 3052 3691 3097 consummata

2109 3110 2160 3163 in
2192 3110 2385 3164 caelum
2426 3109 2687 3163 ascendit.
2741 3108 3001 3164 Eusebius
3030 3108 3384 3163 ’Cresariensis
3422 3112 3476 3164 in
3513 3110 3691 3166 Chro-

2110 3181 2232 3233 nico
2253 3179 2629 3249 QMiurbem
2672 3179 2811 3234 hanc
2856 3179 3048 3233 asserit
3092 3186 3301 3248 captam
3345 3194 3491 3235 anno
3518 3180 3589 3233 42
3620 3183 3692 3235 ah

2108 3245 2639 3308 anno'lSTibcrii.
2687 3258 2743 3303 et
2793 3258 2967 3305 recte:
3005 3245 3191 3303 revera
3230 3248 3373 3302 enim
3408 3265 3585 3303 annus
3617 3250 3691 3303 39

2108 3334 2230 3372 (erat
2252 3319 2484 3386 vulgaris
2522 3318 2711 3381 incidit
2740 3320 2791 3372 in
2832 3317 2900 3370 15
2930 3317 3149 3386 Tiberii,
3175 3334 3282 3386 quo
3312 3334 3457 3373 anno
3485 3335 3690 3373 consu-

2108 3388 2187 3441 les
2216 3402 2527 3456 processere
2567 3388 2673 3443 duo
2718 3386 2949 3442 Gemini.
3010 3387 3182 3454 Quum
3211 3398 3390 3443 tamen
3422 3388 3690 3443 Eusebius

2107 3459 2377 3513 censuerit
2422 3456 2701 3527 Christum,
2741 3474 2883 3513 anno
2942 3457 3007 3511 l8
3034 3457 3256 3527 Tiberii
3298 3473 3537 3527 passum,
3564 3460 3690 3514 hinc

2109 3536 2194 3581 est
2231 3529 2373 3597 quod
2420 3528 2512 3581 lib.
2562 3543 2617 3582 ιιι
2663 3526 2979 3599 Ηνίειηθοει.
3030 3526 3457 3599 Hierosolymam
3502 3544 3533 3581 a
3564 3528 3691 3582 T.to

2108 3606 2321 3669 captam
2350 3599 2543 3669 asserit
2578 3598 2924 3669 quadraginta
2950 3598 3131 3651 solidis
3158 3601 3313 3669 annis
3329 3599 3546 3669 expletis
3568 3608 3690 3666 post

2110 3668 2309 3737 facinus
2329 3669 2382 3719 in
2400 3665 2661 3737 Christum
2682 3665 2999 3732 admissum;
3026 3682 3130 3737 qua
3155 3668 3209 3720 in
3233 3665 3487 3737 opinione
3507 3665 3693 3721 Pauli-

2109 3735 2209 3807 itus
2257 3735 2504 3790 eumdem
2549 3739 2967 3807 nonisequitur,
3020 3735 3184 3805 quum
3229 3735 3299 3791 ex
3344 3736 3461 3805 ejus
3503 3738 3690 3792 verbis

2107 3805 2351 3859 Christus
2379 3820 2520 3859 anno
2550 3805 2616 3860 15
2653 3805 2850 3861 Tiberii
2885 3807 3170 3861 crucilixus
3201 3815 3255 3861 et
3282 3807 3339 3861 in
3386 3806 3556 3861 caelos
3583 3809 3689 3860 de-

2109 3876 2248 3929 latus
2294 3874 2569 3945 evidenter
2610 3884 2885 3945 appareat.
2943 3875 3193 3931 Ceterum
3239 3875 3463 3945 Paulino
3502 3876 3556 3929 in
3585 3876 3693 3932 hac

2106 3944 2371 3999 sententia
2400 3944 2709 4014 concordes
2726 3946 3197 4014 deprehenduntur
3226 3961 3412 4001 omnes
3442 3944 3555 4000 fere
3586 3962 3689 4000 ve-

2109 4016 2236 4068 tusti
2257 4013 2563 4081 Patres,qui
2583 4012 2865 4067 Christum
2887 4016 3093 4071 duobus
3120 4013 3359 4070 Geminis
3385 4031 3526 4071 coss.
3559 4030 3690 4085 pas-

2108 4099 2248 4151 sum,
2278 4099 2417 4138 anno
2464 4085 2671 4139 scilicet
2709 4085 2778 4141 15
2822 4085 3019 4139 Tiberii
3065 4085 3693 4142 statuerunt:Clemens

2108 4154 2265 4208 Alex.
2318 4154 2409 4208 lib.
2458 4171 2475 4209 ι
2525 4153 2748 4217 Strom.,
2798 4155 3159 4211 Tertullianus
3206 4156 3412 4209 advers.
3445 4153 3688 4219 .ludznos,

2108 4239 2225 4292 cap.
2261 4222 2313 4293 8,
2349 4223 2651 4279 Lactantius
2688 4225 2779 4279 lib.
2811 4242 2864 4280 IV
2888 4225 3003 4279 Div.
3031 4225 3158 4279 Inst.
3187 4266 3204 4291 ,
3234 4240 3351 4293 cap.
3388 4225 3473 4286 10.
3504 4224 3691 4293 Sulpi-

2105 4294 2221 4348 cius
2260 4292 2491 4348 Severus
2530 4294 2622 4348 lib.
2669 4311 2703 4349 ιι
2749 4294 2901 4349 Sacr.
2952 4293 3112 4359 Hist.,
3143 4293 3201 4349 S.
3232 4292 3558 4361 Augustinus
3586 4292 3687 4349 lib.

2106 4378 2251 4434 xvut,
2279 4377 2397 4431 cap.
2436 4364 2559 4434 ult.,
2580 4364 2647 4419 de
2692 4364 2807 4420 Civ.
2839 4364 2931 4418 Dei
2969 4368 3316 4434 (quamquam
3341 4366 3455 4433 ipse
3483 4364 3691 4419 ibidem

2106 4432 2207 4486 sibi
2244 4433 2614 4488 contradicere
2658 4436 2953 4498 videatur),
2980 4432 3199 4488 Paulus
3234 4432 3454 4488 Orosius
3482 4434 3578 4487 lib.
3608 4450 3690 4489 vn

428 4518 595 4571 opere
623 4504 686 4555 de
716 4501 793 4556 Re
831 4502 1181 4573 diplomatica.
1232 4502 1589 4557 Continentur
1616 4512 1794 4557 autem
1818 4505 1921 4558 isto
1951 4506 2003 4559 in
2034 4510 2079 4569 υ
2106 4501 2268 4573 Hist.,
2297 4501 2578 4557 Africanus
2606 4505 2744 4573 apud
2775 4505 2832 4558 S.
2872 4503 3251 4573 Hieronymum
3282 4505 3335 4557 in
3365 4515 3486 4573 cap.
3520 4504 3553 4556 9
3582 4504 3692 4557 Da-

429 4570 616 4653 codice
644 4570 895 4653 vetegum.’
925 4570 1142 4653 Patrum
1184 4574 1493 4653 sentcntiee,
1536 4581 1593 4627 et
1619 4573 2007 4653 explicationes

429 4642 482 4695 in
510 4643 749 4712 qpazdam
779 4643 1066 4710 Scriptura:
1094 4643 1230 4697 loca.
1271 4642 1626 4710 Augustinus,
1654 4642 2007 4712 Hieronymus

429 4719 485 4765 et
528 4709 817 4778 Gregorius
859 4709 1116 4778 majorem
1158 4709 1383 4781 implent
1409 4720 1643 4781 partem,
1674 4727 1739 4766 ac
1769 4709 2006 4781 omnium

430 4780 831 4851 recentissimus
868 4789 1026 4851 autor
1062 4782 1202 4851 inter
1228 4780 1322 4835 eos
1365 4780 1510 4851 venit
1548 4781 1780 4836 Isidorus
1818 4780 2006 4851 Hispa-

430 4850 593 4905 lensis
638 4851 940 4919 episcopus.
991 4849 1243 4914 Quzedam
1285 4851 1342 4904 S.
1377 4850 1581 4905 Paulini
1608 4849 2008 4919 fragmentaribi

431 4920 559 4973 mihi
583 4928 949 4989 occurrerunt,
981 4935 1101 4987 qua:
1131 4936 1272 4974 nunc
1303 4920 1499 4988 publici
1523 4920 1659 4989 juris
1686 4920 1861 4975 facere
1886 4936 2013 4975 con-

427 5003 616 5059 gruum
644 4988 868 5059 videtur.
894 4988 1035 5042 Inter
1055 5004 1118 5042 ea
1142 4991 1502 5057 potissimum,
1530 4988 1651 5059 quae
1679 4992 1803 5044 inibi
1832 4993 2005 5045 anim-

434 5058 751 5113 adversione
779 5058 935 5126 digna
956 5073 1073 5111 sum
1097 5068 1262 5121 ratus,
1278 5060 1365 5112 illa
1387 5070 1512 5113 sunt
1542 5061 1701 5115 verba
1727 5079 1740 5113 :
1772 5059 2005 5115 Christus

429 5138 543 5197 post
570 5129 861 5197 passionem
888 5136 955 5197 etA
978 5130 1328 5182 ascensionem
1376 5130 1446 5182 ad
1493 5132 1641 5185 emtas
1659 5169 1672 5194 ,
1698 5131 1830 5183 sicut
1856 5129 2007 5183 Heli-

427 5195 543 5252 seus
571 5195 803 5251 ascendit
828 5199 883 5249 in
921 5195 1121 5261 Bethel,
1153 5198 1207 5250 id
1228 5208 1304 5251 est
1332 5201 1386 5251 in
1420 5200 1626 5253 domum
1656 5202 1767 5263 Dei,
1796 5216 2006 5254 conver-

428 5286 515 5323 sus
540 5267 807 5321 maledixit
848 5265 1047 5319 Judwis
1090 5276 1204 5335 post
1236 5268 1305 5319 42
1332 5285 1496 5323 annos
1524 5271 1840 5323 ascensionis
1875 5286 2002 5335 suae,

428 5348 477 5393 et
500 5338 711 5418 immisit
740 5337 1063 5422 daorsursos,
1084 5337 1140 5418 id
1162 5348 1237 5422 est
1256 5338 1384 5422 duos
1406 5356 1547 5422 reges
1568 5339 1874 5422 horrendos,
1916 5340 2006 5393 Ve-

427 5409 729 5477 spasianum
755 5415 803 5458 et
829 5405 1017 5466 Titum,
1046 5408 1131 5475 qui
1162 5407 1225 5459 de
1247 5411 1400 5477 sylvis
1431 5405 1667 5463 Gentium
1695 5410 2003 5477 prodeuntes

428 5477 623 5531 crudeli
662 5493 749 5529 eos
785 5486 959 5548 strage
980 5477 1340 5548 jactaverunt.
1370 5477 1617 5548 Petavius
1638 5479 2002 5548 cbronologo-

429 5562 546 5617 rum
576 5548 854 5615 princeps,
900 5546 993 5599 lib.
1010 5562 1114 5617 _xi,
1140 5560 1260 5617 cap.
1294 5546 1386 5611 17,
1416 5547 1485 5601 de
1514 5548 1695 5603 Doctr.
1728 5546 1924 5617 temp.,
1950 5557 2006 5603 et

430 5614 592 5686 alibi,
640 5614 962 5686 everSamra
1008 5614 1129 5670 Tito
1175 5614 1601 5686 Hierosolymam
1637 5614 2003 5671 evincit'auno

431 5685 648 5755 epochte
675 5694 872 5738 nostra:
900 5685 984 5749 70,
1014 5686 1101 5740 cui
1122 5685 1461 5740 consentiunt
1480 5686 1767 5755 scriptores
1787 5687 1998 5755 reliqui.

432 5703 648 5750 cpocnte
675 5703 872 5738 11051ηὲ
909 5703 984 5749 Ill,
1014 5703 1101 5740 Clll
1122 5703 1461 5740 consentiunt
1480 5703 1582 5741 SCI'I
1624 5703 1767 5740 ιοτρδ
1787 5703 1998 5755 ΐθιΙίΙυΙ.

432 5754 489 5808 Si
518 5754 678 5821 igitur
704 5755 772 5811 ab
797 5756 901 5811 hoc
927 5772 1071 5812 anno
1098 5768 1245 5814 retro
1272 5772 1524 5816 nmneres
1548 5703 1619 5813 ιὲ
1645 5772 1834 5823 annos,
1866 5772 2003 5827 quos

2109 4572 2305 4643 nielis,
2332 4580 2387 4626 et
2425 4573 2515 4626 alii
2560 4572 2969 4643 quamplurimi,
3012 4572 3205 4643 quibus
3230 4572 3492 4643 accedunt
3516 4576 3691 4628 etiam

2106 4642 2436 4696 recentiores
2481 4642 2741 4697 nonnulli.
2801 4642 3152 4711 Singulariter
3189 4658 3317 4697 vero
3354 4642 3426 4695 42
3451 4659 3621 4697 annos
3654 4660 3692 4699 a

2106 4711 2579 4783 passiongChristi
2610 4713 2674 4766 ad
2704 4713 3085 4783 Hierosolyma}
3120 4714 3383 4768 excidium
3411 4714 3692 4770 elﬂuxisse

2107 4774 2289 4836 docuit
2316 4781 2567 4835 Clemens
2596 4783 2748 4836 Alex.
2782 4784 2873 4838 lib.
2904 4800 2920 4837 I
2949 4774 3227 4847 Stromat.,
3261 4784 3349 4836 ubi
3379 4784 3455 4836 sic
3477 4784 3642 4835 habet
3672 4802 3687 4836 :

2107 4850 2151 4904 A
2191 4850 2668 4922 passioneAChristi
2723 4853 2792 4906 ad
2837 4854 3147 4907 eversionem
3205 4852 3692 4922 Hierosolymorum

2108 4922 2232 4992 anni
2261 4919 2487 4992 διιηῑρθὶ,
2510 4938 2707 4977 menses
2736 4922 2789 4976 5.
2827 4924 3056 4977 Sanctus
3084 4937 3295 4992 quoque
3324 4919 3694 4992 Hieronymus

2109 4990 2163 5044 in
2190 5005 2306 5057 cap.
2342 4988 2644 5057 ISOphon.,
2675 5008 2813 5046 vers.
2857 4993 2941 5056 17,
2973 4987 3226 5046 base-ait?
3256 4987 3382 5045 Post
3418 4987 3587 5045 annos
3617 4991 3693 5047 4‘1

2108 5060 2383 5113 dominica:
2409 5062 2665 5128 passionis
2694 5062 3009 5115 circumdata
3038 5073 3114 5115 est
3142 5062 3205 5115 ab
3235 5062 3459 5115 exercitu
3490 5060 3693 5114 Hiera-

2106 5129 2288 5199 salem,
2316 5138 2363 5181 et
2385 5134 2755 5184 consummatio
2780 5132 2917 5185 illius
2941 5134 3078 5199 facta
3101 5142 3177 5184 est
3197 5148 3309 5184 cum
3330 5133 3690 5199 festinatione.

2106 5198 2259 5270 Quod
2288 5200 2481 5267 repetit
2501 5201 2561 5270 in
2590 5215 2676 5270 ep.
2713 5200 2813 5253 150
2841 5202 2906 5254 ad
2939 5198 3200 5265 Helbiam,
3230 5198 3512 5270 (ιιιίιξδιτὸἱ
3556 5200 3693 5256 Haec

2106 5269 2321 5339 quidem
2364 5268 2549 5336 opinio
2590 5268 2656 5324 de
2698 5270 2896 5325 Christi
2923 5271 3176 5339 passione
3219 5268 3362 5325 anno
3389 5268 3456 5323 15
3483 5269 3693 5327 Tiberii

2107 5336 2163 5393 et
2192 5336 2260 5391 29
2288 5339 2507 5409 epocha}
2545 5348 2739 5394 nostrae
2766 5336 2981 5409 peracta
3016 5355 3212 5409 paucos
3237 5356 3380 5394 nunc
3407 5341 3569 5393 habet
3597 5356 3694 5394 se-

2106 5416 2375 5469 ctatores,
2419 5408 2648 5463 celebris
2688 5408 2867 5463 tamen
2906 5412 2980 5465 ita
3006 5408 3132 5464 olim
3159 5410 3279 5475 fuit,
3308 5418 3370 5464 ut
3398 5410 3472 5463 illi
3504 5409 3692 5463 Pauli-

2106 5493 2233 5531 num
2261 5478 2639 5548 subscripsisse
2675 5479 2867 5531 mirum
2896 5495 3002 5533 non
3031 5480 3120 5534 sit.
3174 5479 3307 5533 Illud
3332 5479 3551 5548 quidem
3583 5480 3691 5532 mi-

2102 5562 2224 5600 rum
2268 5546 2554 5618 videbitur,
2600 5563 2793 5618 nempe
2835 5549 3152 5618 scriptorem
3196 5546 3485 5617 quem—dam
3524 5548 3691 5602 Galli-

2104 5632 2265 5687 cum,
2312 5617 2397 5670 cui
2428 5619 2683 5687 criticum
2732 5620 2785 5672 in
2827 5617 2882 5671 S.
2935 5617 3214 5684 Augustini
3253 5634 3419 5687 opera
3460 5634 3687 5673 examen

2102 5686 2390 5749 debemus,
2424 5686 2561 5742 hanc.
2588 5688 2894 5756 Opinionem
2924 5688 2995 5741 ita
3023 5686 3385 5743 dissimulasse
3413 5698 3509 5742 aut
3536 5689 3687 5756 igno-

2102 5770 2249 5812 rasse
2266 5794 2281 5821 ,
2314 5763 2371 5810 ut
2399 5772 2517 5814 eam
2546 5758 2838 5827 Augustino
2865 5759 2918 5814 in
2946 5766 3180 5815 mentem
3208 5772 3501 5828 numquam
3524 5762 3665 5814 olive
