4024 6186
273 260 378 318 835

1236 257 1327 313 EX
1364 257 1704 315 OPERIBUS
1742 257 2157 315 DEPERDITIS
2199 257 2590 315 EXCERPTA.

3480 266 3589 323 83!

272 374 387 427 nire
434 370 695 450 potuisse
732 370 1132 450 pronuntiarit.
1180 368 1273 450 Est
1319 372 1460 450 inter
1503 386 1667 450 opera
1716 370 1877 450 hujus
1906 382 1954 437 Α
1982 371 2074 425 lini
2124 387 2292 441 opere
2336 373 2979 450 desum_ta_crediderim.
3022 375 3149 450 Mihi
3180 378 3344 433 etiam
3379 387 3586 450 tempe.

271 439 453 507 tnagni
482 439 944 512 doctoris—sermo
967 439 1073 512 204
1101 441 1172 493 ita
1196 442 1483 512 inscriptus
1510 439 1633 493 {De
1655 457 1715 494 eo
1741 442 1877 512 quod

271 513 526 579 scriptum
564 519 645 563 est
687 510 753 562 de
791 509 854 564 S.
889 509 1101 579 Heliseo
1124 526 1142 562 :
1175 510 1427 572 Ascende,
1457 513 1618 574 calve,
1652 509 1760 565 etc.
1800 510 1876 565 lbi

272 578 471 651 praeter
499 579 608 633 alia
631 579 865 633 dicitur:
897 578 1034 651 Quid
1059 587 1173 633 est:
1204 578 1467 651 Ascende,
1499 580 1663 651 calve,
1697 597 1880 651 ascen-

273 648 356 715 de,
383 648 532 703 calve
555 689 571 711 ,
604 650 709 703 nisi
750 649 975 702 ascende
1002 665 1207 702 crucem
1247 650 1303 701 in
1344 652 1456 704 loco
1484 649 1779 703 Calvariw?
1807 649 1881 702 Et

274 722 372 799 ltoc
398 719 682 799 attendite,
715 721 935 799 fratres,
967 719 1103 799 quia
1116 720 1247 771 sicut
1274 718 1367 771 sub
1397 718 1606 799 Heliseo
1631 718 1708 799 ﬁ?
1733 720 1882 799 pueri

273 789 495 845 lacerati
525 798 680 853 sunt,
713 787 789 841 ita
823 797 875 841 et
894 787 1009 856 post
1033 787 1106 840 42
1139 804 1302 841 annos
1324 790 1581 856 passionis
1607 789 1883 843 dominica:

274 868 524 913 renerunt
555 859 661 912 duo
683 857 817 923 ursi,
856 857 1208 927 Vespasianus
1228 866 1276 910 et
1309 857 1475 912 Titus.
1501 857 1637 911 Tum
1666 858 1883 926 subjicit

275 927 673 998 Hierosolyma:
701 928 1075 998 vastationem
1100 942 1195 998 per
1235 927 1510 998 Romanos
1536 927 1750 992 factam,
1784 929 1881 982 ad-

273 1000 468 1067 ditque
494 1016 507 1050 :
537 996 673 1051 Post
697 996 770 1050 42
788 1013 958 1067 annos
982 1014 1015 1049 a
1042 996 1239 1049 duobus
1267 999 1429 1067 ursis,
1475 996 1793 1067 Vespasiano
1832 1006 1881 1051 et

276 1065 422 1133 Tito,
452 1084 581 1139 gens
609 1067 705 1122 illa
726 1066 1155 1139 sacrilega‘quod
1174 1065 1466 1139 merebatur
1491 1065 1716 1137 excepit.
1747 1066 1884 1122 Hinc

274 1136 619 1192 memoratus
641 1144 801 1191 autor
829 1136 1172 1190 occasioiiem
1194 1136 1383 1205 arripit
1411 1137 1553 1191 hunc
1574 1136 1882 1191 sermonem

275 1208 637 1271 exsibilandi,
689 1220 926 1275 eumque
974 1205 1271 1272 Augustino
1300 1206 1656 1273 abjudicandi.
1708 1206 1886 1275 lnquit

276 1278 375 1332 ille
403 1277 669 1331 insulsum
697 1274 861 1344 plane
886 1274 1057 1329 videri
1087 1275 1452 1344 hocefl'atum,
1473 1290 1637 1344 quum
1666 1274 1883 1342 1101142,

276 1347 379 1403 sed
428 1345 499 1401 56
544 1353 641 1414 aut
682 1342 753 1414 57
803 1360 977 1399 annos
1024 1353 1147 1414 post
1182 1342 1380 1400 Christi
1421 1342 1727 1413 passionem
1759 1346 1887 1400 sub-

276 1432 439 1472 versa
471 1413 635 1471 fuerit
662 1413 1075 1485 Hierosolyma;
1106 1430 1225 1469 esse
1261 1416 1365 1470 hoc
1400 1430 1622 1469 enorme
1653 1416 1705 1469 in
1735 1417 1889 1471 chro-

278 1486 560 1555 nologiam
592 1492 909 1555 peccatum,
945 1500 1009 1539 ac
1036 1492 1325 1555 propterea
1350 1486 1646 1552 Augustino
1676 1501 1885 1539 sermo-

278 1553 758 1624 nem—indignum.
810 1553 972 1607 Errat
1016 1553 1105 1609 ille
1123 1553 1152 1618 ,7
1186 1570 1249 1609 ac
1288 1554 1343 1608 in
1390 1565 1633 1609 veterum
1668 1554 1884 1609 Patrum

280 1627 523 1682 lectione
564 1626 767 1694 hospes
810 1624 986 1678 videri
1033 1633 1255 1693 posset,
1306 1624 1773 1694 quandoquidem,
1807 1626 1886 1679 uti

277 1696 537 1765 superius
583 1693 1040 1765 animadversum
1062 1702 1161 1765 est,
1208 1694 1447 1762 plerique
1494 1710 1561 1765 ex
1603 1694 1705 1748 illis
1732 1693 1888 1749 Chri-

277 1752 697 1846 _s_t.t:1m.pass'um
742 1763 953 1818 duobus
1000 1752 1241 1845 Geminis
1287 1752 1460 1826 coss.,
1502 1764 1605 1844 hoc
1625 1773 1717 1844 est
1744 1779 1888 1846 ann‘o
1920 1752 1966 1812 Β

278 1832 494 1891 Tiberii
540 1832 631 1899 15,
678 1847 978 1904 censuere,
1029 1848 1095 1888 ac
1137 1833 1278 1887 inter
1315 1848 1411 1888 eos
1435 1833 1788 1904 potissimum
1827 1836 1884 1889 S.

280 1903 808 1974 Augustinus.__Ab
846 1917 913 1957 eo
961 1911 1143 1974 autem
1193 1917 1336 1957 anno
1382 1903 1662 1974 ad’gurbis
1690 1912 1890 1974 sancta:

278 1972 631 2030 eversionem
654 1972 724 2026 42
739 1988 911 2027 annos
935 1972 1189 2039 colligere
1212 1972 1569 2027 necessarium
1596 1972 1712 2027 fuit.
1736 1973 1891 2037 Quod

278 2046 326 2101 si
361 2044 826 2113 cbronologorum
851 2043 1149 2096 recentium
1178 2041 1504 2113 doctissimis
1535 2042 1743 2111 placitis
1753 2058 1890 2113 sen-

280 2116 463 2170 tentia
494 2115 611 2168 ιιωο
638 2110 977 2178 adversatur,
1001 2127 1178 2180 neque
1204 2110 1727 2180 Augustino,’neque
1748 2110 1890 2166 Pau-

279 2187 402 2245 lino
454 2184 508 2239 id
554 2184 688 2238 vitio
726 2182 1079 2246 vertendum,
1130 2180 1221 2249 qui
1273 2180 1547 2235 communi
1585 2180 1893 2249 celebrijue

278 2255 457 2380 ﬁes
480 2253 724 2323 opinioni
748 2251 1025 2306 favebant.
1058 2250 1175 2305 Non
1207 2250 1368 2320 igitur
1389 2252 1545 2304 istam
1575 2251 1644 2305 ob
1673 2266 1893 2305 causam

332 2326 653 2380 utzustinum
684 2323 774 2376 ille
803 2337 984 2376 sermo
1013 2320 1258 2380 dedecet,
1294 2320 1541 2380 quamvis
1568 2329 1623 2375 et
1652 2334 1752 2380 ego
1774 2335 1893 2374 cer-

332 2320 653 2394 u‘gustinum
684 2323 774 2394 ille
803 2337 994 2394 sermo,
1013 2320 1258 2394 dedecet,
1294 2320 1541 2389 quamvis
1568 2329 1752 2394 etch
1774 2335 1894 2394 cer-_-

282 2388 563 2451 tissimum
591 2393 825 2447 arbitrer
851 2392 919 2446 ab
949 2391 1065 2460 ejus
1094 2388 1440 2446 calamo’non
1464 2388 1894 2460 prodiisse,,sed

280 2466 475 2536 potius
504 2478 535 2517 a
555 2458 1064 2536 Paulini‘Operihus
1092 2460 1385 2536 deperditis
1413 2458 1726 2536 eigpressum
1760 2458 1893 2536 fuis-

282 2529 346 2589 se
370 2575 386 2600 ,
420 2531 572 2602 quod
619 2533 735 2586 haec
775 2529 1076 2602 fragmenta
1117 2529 1637 2602 legentimconfestim
1664 2531 1889 2602 patebit.

284 2604 365 2659 Ut.
393 2600 579 2657 autem
608 2602 677 2656 ad
706 2603 895 2656 eadem
920 2600 1216 2670 fragmenta
1245 2600 1545 2665 redeamus,
1573 2600 1674 2653 tria
1706 2601 1892 2655 ultima

282 2674 484 2747 procul
517 2672 805 2747 dubierx
831 2672 990 2747 Jibro
1014 2669 1104 2747 de
1152 2669 1492 2747 Paenitentia,
1541 2684 1701 2747 quem
1730 2686 1891 2739 supra

282 2738 487 2799 otnnes
517 2742 726 2797 laudari
764 2758 794 2795 a
824 2739 1104 2796 Cennadio
1132 2738 1464 2803 audivimus,
1507 2747 1631 2793 sunt
1659 2738 1849 2794 hausta
1874 2757 1889 2806 ;

284 2815 505 2884 reliqua
527 2828 657 2867 vero
687 2827 758 2867 ex
785 2811 1029 2882 epistolis
1056 2809 1373 2880 deperditis,
1400 2819 1494 2863 aut
1511 2824 1580 2864 ex
1607 2809 1714 2863 alio
1749 2809 1893 2865 Pau-

1981 457 2104 522 rare
2131 458 2239 495 non
2265 445 2419 511 potui
2445 445 2574 510 quin
2606 445 2835 522 lepidam
2895 447 3118 501 omnino
3145 454 3333 522 _‘atque
3361 445 3590 522 apocry-

1981 512 2146 584 pham
2192 528 2548 584 memorarem
2598 512 2884 584 epistolam
2911 554 2925 578 ,
2978 530 3098 583 qua:
3143 516 3196 569 in
3242 512 3588 575 ornatissimo

1981 581 2351 657 Ambrosianae
2399 581 2742 657 bibliotheca:
2791 602 2891 640 ms.
2924 581 3086 657 Ain—ter
3120 584 3587 657 Hieronymianas

1982 651 2314 720 sexagesima
2359 653 2545 720 quinta
2576 655 2792 718 dicitur,
2840 663 2894 709 et
2922 655 3064 708 hunc
3094 655 3303 708 titulum
3330 651 3545 720 praefert
3572 676 3586 713 :

1985 718 2120 793 Item
2143 718 2511 793 Hieronymus
2551 724 2615 793 de
2656 724 2927 779 duodecim
2958 724 3272 778 doctoribus.
3323 718 3453 793 Ejus
3482 728 3585 780 ini—

1983 790 2212 863 tium‘ita
2242 806 2300 845 se
2328 790 2518 863 habet;
2550 792 2641 845 Vis
2670 811 2807 847 nunc
2838 796 3047 859 acriter,
3078 796 3149 847 mi
3179 790 3378 863 frater,
3391 805 3445 847 ut
3478 796 3586 859 tibi,

1983 860 2132 934 quasi
2160 861 2224 913 de
2252 854 2596 934 luminaribus
2662 881 2776 934 qua:
2819 866 2875 918 in
2907 873 3013 918 toto
3034 854 3371 934 ﬁrmamento
3402 854 3584 919 mundi

1986 930 2244 1005 refulgent
2261 948 2492 1005 ,Jpauca
2558 932 2622 985 de
2649 930 2987 1003 scriptoribus
3035 930 3121 1005 qui
3161 934 3309 987 nobis
3334 935 3497 987 multa
3527 936 3591 986 de

1984 998 2412 1072 obscuritatibus,
2443 1018 2558 1072 qua:
2600 998 2810 1072 propter
2846 998 3110 1057 carnalem
3137 1015 3357 1057 mentem
3389 1005 3558 1056 intelli

1986 1071 2213 1142 gentiam
2241 1071 2548 1138 impediunt,
2582 1073 2653 1123 ad
2682 1073 3005 1141 splendorem
3032 1074 3465 1127 considerationis
3487 1075 3569 1142 spi

1990 1138 2236 1212 Litualent
2279 1142 2542 1212 proferre_
2585 1138 2883 1207 potuerunt,
2930 1144 3350 1212 manifestissime
3394 1138 3584 1197 dicam.

1987 1205 2092 1261 Tot
2129 1205 2418 1263 verborum
2467 1205 2693 1265 salebra:
2741 1226 2805 1265 ac
2851 1205 3358 1268 circumlocutiones
3399 1214 3588 1268 foetum

1987 1276 2130 1351 hunc
2182 1277 2519 1351 Hieronymif
2547 1280 2965 1351 haudquaquam
3017 1296 3145 1351 esse
3184 1283 3442 1337 continuo
3486 1299 3587 1337 nos

1985 1348 2152 1420 866
2181 1348 2423 1420 monent.
2482 1350 2559 1403 lbi
2602 1348 2729 1404 vero
2767 1366 2993 1405 censura
3024 1350 3298 1419 profertur
3326 1352 3379 1405 in
3409 1353 3591 1420 Augu-

1987 1416 2207 1489 stinum,
2241 1416 2533 1489 Hilarium,
2555 1420 2840 1489 Origenem
2865 1461 2879 1485 ,
2905 1416 3274 1489 Ambrosium,"
3304 1416 3591 1476 Eusebium

1987 1485 2404 1551 Cmsariensem,
2447 1485 2798 1544 Heliodorum
2829 1498 2884 1545 et
2914 1485 3264 1544 Dardanum.'
3305 1490 3439 1544 Tum
3471 1491 3588 1546 hinc

1987 1556 2056 1609 de
2085 1555 2307 1610 Paulino
2338 1566 2524 1613 nostro
2546 1559 2911 1614 maleferiatus
2932 1569 3091 1613 autor
3105 1571 3341 1615 eructat:
3368 1561 3593 1616 Paulino

1988 1626 2154 1679 visum
2173 1636 2250 1680 est
2268 1629 2515 1698 magister
2541 1630 2657 1698 fieri
2675 1672 2690 1696 ,
2715 1638 2763 1683 et
2793 1648 2897 1684 non
2919 1640 3034 1683 erat
3062 1640 3184 1683 ante
3202 1631 3515 1695 discipulus;
3538 1642 3588 1685 et

1992 1698 2214 1771 fructum
2242 1697 2558 1771 sine'radice
2585 1700 2714 1753 oriri
2762 1700 2975 1769 ﬁerique
3014 1703 3309 1770 temptavit;
3337 1702 3453 1754 ideo
3481 1703 3592 1771 ejus

1992 1768 2399 1840 conscriptiones
2445 1770 2695 1840 scriptore
2752 1768 2800 1822 et
2839 1771 3025 1840 charta
3065 1768 3175 1840 non
3206 1771 3459 1840 indigent.
3505 1768 3593 1826 De

1995 1832 2217 1906 Pelagio
2242 1837 2459 1902 deinde,
2488 1832 2771 1892 Jo'viniano
2791 1879 2808 1906 ,
2833 1838 2978 1892 Julio
3007 1838 3259 1893 Africano
3292 1832 3350 1894 et
3374 1840 3591 1894 Fauno-

1994 1904 2088 1978 nio
2117 1906 2383 1978 scriptore
2411 1907 2598 1978 ignoto
2623 1904 3203 1978 sententiamiprofert.
3247 1909 3442 1963 Verum
3483 1920 3591 1964 tam

1994 1973 2154 2049 longe
2198 1973 2476 2049 abest_ut_
2501 1977 2615 2032 haec
2653 1979 2882 2049 epistola
2906 1973 3261 2049 Hieronymo
3288 1981 3358 2034 sit
3384 1979 3592 2035 adscri-

1993 2042 2213 2118 benda,‘
2240 2054 2305 2118 ut
2330 2044 2400 2100 ab
2429 2045 2545 2118 ejus
2569 2042 2740 2118 style,
2768 2048 3025 2118 Opinione
3069 2042 3444 2104 ac'sanctitate
3472 2066 3590 2103 om-

1996 2115 2128 2186 nino
2167 2115 2461 2186 abhorrere
2506 2115 2869 2186 dignoscatur.
2924 2116 3063 2172 Huic
3091 2118 3292 2174 insulso
3335 2118 3592 2186 ﬁgmento

1994 2184 2379 2256 subjiciendas_
2401 2186 2528 2240 duxi
2570 2184 2954 2256 castigationes
3000 2196 3163 2256 atque
3226 2184 3591 2244 additamenta

1996 2254 2063 2306 ad
2090 2254 2328 2329 reliquos
2350 2254 2562 2310 Paulini
2588 2254 2827 2312 Natales.
2870 2257 3048 2323 Quum
3074 2254 3230 2312 enim
3259 2260 3591 2329 exemplaria

1996 2324 2823 2422 ξζξξῇ.ξ¹“⁰ᾙδῼυθ“εῗωωξῇξᾶ
2873 2338 2929 2382 et
2974 2330 3246 2422 prfﬁi‘pue
3270 2324 3588 2422 ‘editiottem

2001 2393 2528 2465 lflantinsAntuerp.
2548 2411 2639 2450 an.
2677 2397 2837 2465 1622,
2872 2393 2994 2452 cum
3032 2393 3477 2465 praestantissimo
3507 2414 3592 2453 θος

1996 2462 2118 2518 dice
2139 2462 2496 2519 Ambrosiano
2524 2462 2867 2535 contulerim,
2892 2462 3156 2535 quosdam
3186 2468 3484 2524 desiderari
3514 2467 3590 2522 ibi

1995 2547 2186 2588 versus
2209 2574 2225 2599 ,
2272 2535 2537 2604 quosdam
2585 2536 2639 2590 in
2680 2538 2875 2591 melius
2914 2537 3279 2594 restituendos
3319 2539 3369 2592 in
3400 2539 3592 2593 melius

2036 2604 2269 2675 erspexi.
2323 2605 2515 2675 Itaque
2563 2606 2662 2660 has
2709 2606 3205 2662 animadversiones
3250 2608 3408 2663 alicui
3452 2607 3593 2663 forte

2046 2674 2211 2754 a_u_|_ini
2251 2674 2441 2754 opera’
2464 2678 2793 2745 impressuro
2842 2694 2948 2732 non
2986 2676 3260 2754 modicum
3286 2677 3593 2754 profuturas

1999 2744 2230 2819 exhibeo
2256 2744 2309 2797 in
2336 2760 2443 2812 me,
2476 2744 2813 2816 ut’quantum
2839 2757 2922 2802 est
2950 2748 3085 2801 tanti
3112 2744 3391 2819 scriptoris
3420 2749 3592 2805 honor

2001 2814 2057 2867 in
2086 2813 2201 2869 dies
2229 2824 2509 2883 augeatur.

283 2939 3575 2965 Μ

404 3031 584 3114 EX
660 3026 1255 3112 OPERIBUS
1331 3026 1420 3109 S.
1480 3027 1959 3111 PAULINI
2036 3030 2735 3116 DEPERDITIS
2812 3035 3480 3122 EXCERPTA.

361 3169 531 3239 367
565 3163 836 3234 Praecepit
870 3161 1134 3239 Dominus
1173 3160 1352 3239 corvis
1378 3169 1438 3215 ut
1470 3161 1891 3239 pascerent_He-
1920 3179 1962 3238 (ς
1996 3165 2280 3239 proposito
2325 3166 2494 3239 868
2534 3168 2779 3239 peccavit
2824 3168 3061 3239 dicens_:_
3109 3166 3247 3233 Quid
3283 3170 3434 3224 vultis
3462 3172 3589 3226 mihi

286 3232 420 3295 liam
436 3232 521 3294 '15
569 3232 813 3293 torrente
861 3232 1076 3289 Cboreh
1119 3232 1433 3303 sedentem.
1483 3232 1619 3287 Mira
1648 3233 1892 3303 profecto

287 3326 378 3365 res
405 3317 497 3365 est
542 3316 604 3362 ut
648 3307 766 3363 viro
814 3312 1002 3359 sancto
1048 3303 1161 3357 avis
1202 3302 1475 3356 immunda
1506 3303 1628 3356 Viue
1650 3302 1894 3359 subsidia

286 3382 653 3435 ministraret.
694 3375 847 3432 Unde
875 3375 919 3428 si
942 3382 998 3429 et
1027 3388 1127 3427 nos
1154 3380 1565 3444 contemnentes
1585 3374 1745 3426 etiam
1768 3389 1895 3444 pro-

282 3449 723 3519 pria,imitemur
765 3440 1373 3519 paupertatemﬂelitc,
1409 3443 1629 3519 _credite
1669 3440 1890 3507 dicenti,

324 3510 442 3575 uod
474 3510 1080 3577 immunda—animalia,
1112 3510 1247 3565 idest
1275 3511 1522 3567 homines
1549 3522 1891 3582 peccatores,

324 3536 442 3575 nou
474 3536 750 3572 tmmunua
794 3536 1080 3577 animalia,
1112 3536 1247 3565 ιυυδι
1275 3536 1400 3565 ιιυιιι

279 3536 498 3645 aevom
529 3588 685 3642 nobis
714 3585 975 3653 obsequio
1002 3582 1400 3653 ministrabant.

356 3660 479 3715 Cur
506 3657 754 3712 lleliseus
783 3650 1101 3710 mansuetus
1124 3666 1189 3706 ac
1217 3650 1362 3705 mitis
1391 3651 1643 3721 parvulos
1667 3652 1894 3721 legimus

282 3730 489 3786 bestiis
516 3726 838 3782 tradidisse?
864 3722 1112 3779 Heliseus
1139 3722 1404 3790 propheta
1436 3722 1661 3789 ﬁguram
1690 3721 1892 3777 Christi

282 3800 539 3868 gerebat.
581 3796 823 3868 Denique
856 3792 1180 3868 vocabulum
1213 3790 1358 3868 istud
1396 3792 1555 3868 Salus
1586 3790 1696 3868 Dei
1727 3793 1896 3868 inter-

283 3861 563 3940 pretatur.
602 3861 968 3940 Salusautem
1008 3862 1106 3917 Dei
1134 3861 1435 3940 quid-aliud
1472 3870 1557 3940 est
1598 3863 1700 3917 nisi
1728 3861 1894 3940 Filius

284 3928 410 4008 Ejus
441 3938 537 4009 qui
582 3945 641 4009 et
665 3935 964 4009 ‘S_alva_tor_
983 3941 1068 4009 est
1094 3928 1312 4009 mundi?
1344 3928 1722 4009 Parvuli_vero
1753 3933 1895 3988 inlu-

283 3999 491 4065 dentes
518 4006 678 4062 saluti
712 4004 809 4059 Dei
839 4004 892 4058 in
921 4002 1138 4057 Heliseo
1162 3999 1470 4055 Judteorum
1500 4001 1740 4057 habuere
1769 4020 1893 4072 per-

283 4094 524 4146 sonam,
591 4076 683 4147 qui
720 4073 1371 4147 gcrlamabantdicentes:
1411 4072 1680 4147 _Ascende,
1729 4073 1890 4136 calve,

283 4140 537 4204 ascende.
579 4140 733 4212 Quod
762 4146 815 4198 in
856 4143 1116 4198 Calvaria:
1145 4142 1266 4197 loco
1296 4140 1543 4212 Christus
1570 4158 1895 4198 ascensurus

284 4231 410 4275 erat
443 4219 495 4272 in
524 4209 761 4279 crucem,
803 4212 872 4267 Et
893 4228 1199 4277 conversus,
1229 4211 1305 4265 ait
1332 4209 1643 4281 Scriptura,
1670 4213 1897 4266 maledi-

284 4290 365 4344 ait
396 4290 476 4343 eis
514 4288 568 4340 in
616 4286 827 4339 nomine
876 4282 1110 4337 Domini.
1172 4281 1241 4334 Et
1280 4282 1530 4335 exierunt
1561 4282 1667 4336 duo
1690 4283 1799 4336 ursi
1829 4283 1896 4337 de

283 4360 473 4430 sylva,
506 4364 561 4411 et
597 4355 985 4430 interfecerunt
1012 4351 1084 4403 42
1106 4349 1363 4430 infantes.
1402 4350 1471 4404 Et
1497 4349 1898 4430 Christuspost

285 4419 602 4500 passionem
650 4433 708 4500 e_t
755 4422 1132 4500 ascensionem
1161 4420 1234 4500 ad_
1262 4420 1626 4500 caelosh‘sicut
1650 4419 1897 4477 Heliéeus

286 4490 541 4554 ascendit
586 4496 638 4550 in
667 4493 855 4549 Bethel
880 4530 896 4557 ,
927 4492 980 4547 id
1002 4500 1086 4546 est
1119 4491 1174 4545 in
1204 4490 1427 4545 domum
1450 4491 1578 4557 Dei,
1601 4507 1894 4546 conversus

1996 3235 2123 3311 dare
2147 3275 2162 3300 ,
2192 3245 2241 3311 e_t
2274 3235 2367 3311 ego
2403 3235 2551 3311 vobis
2579 3238 2997 3311 illum‘tradam?
3018 3237 3118 3293 llic
3138 3240 3282 3310 quod
3315 3245 3590 3311 proposuit

1997 3307 2184 3360 volens
2209 3306 2469 3375 implevit,
2497 3317 2553 3362 et
2580 3308 2703 3363 ideo
2727 3308 2928 3377 justam
2951 3306 3379 3365 sceleratissiuia:
3404 3306 3591 3377 volun-

1995 3377 2123 3448 tatis
2151 3377 2456 3432 mercedem
2484 3380 2706 3448 recepit.
2732 3376 2956 3435 Petrus
2988 3396 3116 3434 vero
3147 3380 3458 3436 inﬁrmitate
3488 3376 3589 3436 Do-

1994 3445 2201 3520 minum
2246 3449 2464 3515 negavit
2485 3445 2717 3504 mortem
2749 3450 2976 3520 timens,
3008 3450 3189 3520 quisse
3230 3460 3459 3504 mortem
3490 3467 3591 3520 pro

1993 3514 2230 3588 Christo
2259 3514 2543 3588 passurum
2584 3534 2705 3573 esse
2733 3514 3070 3588 promiserat.
3120 3518 3225 3573 Sed
3254 3520 3381 3587 quia
3427 3514 3590 3576 dere-

1994 3593 2157 3655 pente
2185 3586 2359 3658 victus
2383 3586 2587 3653 fuerat,
2629 3586 2751 3642 ideo
2781 3590 3024 3641 velocem
3054 3587 3188 3657 lapsi
3219 3586 3428 3642 veniam
3459 3607 3589 3658 pro-

1995 3664 2257 3708 meretur.
2302 3654 2497 3711 Paulus
2536 3673 2667 3710 vero
2717 3658 2972 3723 ignorans
3016 3654 3333 3724 persecutor
3364 3654 3589 3714 ell'ectus

1993 3725 2156 3779 celeri
2175 3725 2331 3778 venia
2356 3734 2598 3788 sanatur,
2637 3727 2755 3793 ipso
2783 3726 2947 3779 etiam
2976 3733 3304 3780 attestante:
3339 3726 3589 3780 Persecu-

1995 3802 2078 3847 tus
2097 3810 2211 3848 sum
2242 3794 2530 3847 Ecclesiam
2558 3793 2684 3857 Dei,
2716 3794 2807 3846 sed
2848 3796 3261 3848 misericordiam
3289 3808 3590 3851 consecutus

1993 3880 2108 3935 sum
2131 3905 2147 3931 ,
2191 3863 2327 3935 quod
2362 3864 2613 3935 ignorans
2640 3865 2759 3935 feci.
2811 3862 2976 3935 Vides
3001 3877 3152 3935 ergo,
3182 3865 3319 3919 alios
3345 3867 3591 3922 nolentes

1995 3932 2214 4006 cadere,
2241 3932 2529 4006 aliosgelidi
2548 3932 2768 4006 propria
2794 3934 3093 4006 voluntate.
3123 3934 3241 3989 Duo
3263 3936 3427 4006 etiam
3452 3952 3591 4006 qm

1998 4003 2120 4057 dam
2152 4004 2204 4056 in
2250 4002 2467 4057 homine
2508 4002 2671 4066 sunt,
2715 4004 2918 4059 oblivio
2947 4015 3003 4058 et
3030 4004 3355 4072 ignorantia.
3387 4002 3591 4060 Oblivi-

1996 4074 2164 4129 scitur
2189 4073 2351 4127 homo
2380 4071 2547 4126 Deum
2572 4113 2587 4138 ,
2638 4089 2761 4128 cum
2804 4088 3031 4143 peccare
3056 4071 3337 4143 proponit;
3382 4075 3591 4142 ignorat

1998 4150 2207 4208 autem,
2239 4155 2361 4197 cum
2390 4143 2758 4210 praeventione
2786 4144 3081 4213 delinquit,
3112 4152 3174 4198 ut
3200 4153 3328 4213 puta
3360 4146 3591 4201 fornica-

1998 4221 2085 4283 tus
2111 4220 2194 4266 est
2214 4212 2337 4281 quis
2365 4212 2571 4276 volens,
2604 4214 2890 4283 aliusgvero
2918 4212 3227 4283 repugnans
3251 4212 3591 4273 fornicationi

1999 4281 2313 4337 inﬁrmitate
2356 4284 2532 4337 victus
2577 4292 2680 4339 est.
2744 4281 2918 4338 Unum
2949 4281 3167 4353 quidem
3200 4293 3284 4339 est
3311 4286 3591 4340 amborum

1998 4360 2278 4425 peccatum
2299 4392 2314 4417 ,
2354 4354 2451 4407 sed
2479 4369 2587 4408 non
2608 4354 2712 4425 erit
2735 4354 2960 4422 aequalis
2982 4354 3318 4425 paenitentia,
3349 4356 3473 4425 quia
3504 4357 3594 4414 ille

2002 4424 2221 4488 volens,
2268 4423 2355 4477 hic
2396 4438 2527 4477 vero
2575 4424 2764 4477 nolens
2791 4425 2843 4477 in
2871 4424 3170 4478 certamine
3204 4423 3382 4479 victus
3402 4441 3595 4481 succu-

2000 4492 2134 4546 buit.
2168 4492 2328 4547 Vides
2356 4507 2477 4562 qua:
2497 4493 2564 4547 sit
2597 4494 2803 4562 peccati
2833 4493 3127 4546 distantia?
3150 4492 3287 4548 Ecce
3314 4499 3592 4563 quomodo

285 4552 577 4624 maledixit
620 4564 820 4620 ludatis
859 4552 984 4632 post
1018 4560 1089 4613 42
1117 4576 1289 4633 annos
1318 4552 1650 4633 ascensionis
1675 4576 1807 4626 sum,
1838 4571 1894 4616 et
1925 4552 1973 4612 Ι)
1998 4563 2143 4617 cadit
2164 4563 2340 4631 justus
2363 4552 2392 4631 ,’
2424 4570 2480 4617 et
2527 4552 2758 4618 Domino
2803 4578 3023 4616 manum
3047 4552 3388 4633 supponenie
3416 4552 3591 4623 salan

287 4637 521 4694 immisit
565 4637 704 4690 duos
747 4631 903 4687 ursos
934 4670 949 4695 ,
1000 4632 1142 4686 idest
1184 4632 1321 4686 duos
1368 4645 1523 4699 reges
1568 4631 1890 4697 horrendos,

289 4707 699 4778 Vespasianum
732 4712 789 4778 et
827 4702 1026 4766 Titum,
1067 4703 1161 4778 qui
1198 4701 1267 4755 de
1300 4701 1467 4771 sylvis
1494 4702 1737 4770 gentium
1766 4718 1893 4772 pro-

286 4771 543 4840 deantes,
574 4775 777 4829 crudeli
807 4788 902 4828 eos
931 4780 1110 4839 strage
1132 4771 1494 4840 jactaverunt.

361 4839 547 4902 Justus
584 4846 771 4916 septies
810 4843 950 4896 cadit
990 4843 1045 4916 in
1082 4839 1188 4916 die,
1232 4849 1282 4894 et
1310 4842 1552 4916 resurgit.
1594 4839 1893 4916 Qui‘semel

288 4919 439 4975 cadit
459 4926 515 4972 et
536 4911 731 4971 iterum
751 4954 768 4982 ,
797 4913 1073 4982 quomodo
1107 4911 1287 4982 justus
1308 4912 1489 4982 vocari
1519 4912 1723 4982 possit?
1765 4911 1894 4967 Ideo

285 4990 471 5060 justus
498 4987 695 5041 dicitur
711 4980 884 5060 [quia
905 4982 1115 5060 cadens
1133 4981 1383 5060 erigitur.
1409 4980 1683 5060 Septimus
1709 4990 1893 5060 autem

288 5050 555 5114 numerus
597 5050 865 5125 requie—tn;
888 5052 1068 5125 docet.
1127 5050 1241 5125 Qui
1272 5052 1326 5125 in
1348 5050 1581 5120 septimo
1611 5052 1890 5119 ceciderit,

288 5144 491 5185 cavere
515 5118 696 5191 debet;
722 5139 793 5179 ne
818 5122 1040 5177 ulterius
1067 5121 1244 5177 cadat.
1284 5118 1745 5190 lam—Oportuerat
1769 5118 1893 5191 post

289 5214 460 5253 unum
490 5197 701 5266 lapsum
727 5207 923 5250 cavere
949 5194 1016 5266 d_e
1037 5193 1275 5266 reliquo;
1306 5191 1412 5266 sed
1428 5192 1555 5261 quia
1582 5192 1892 5266 misericors

290 5268 441 5323 Deus
463 5260 564 5331 est;
597 5265 867 5335 patienter
895 5260 1083 5335 suffert
1103 5260 1415 5335 huiusmodi
1447 5260 1749 5335 lapsustut
1771 5263 1892 5335 quis

290 5339 382 5393 vel
412 5338 464 5392 in
492 5330 725 5405 septimo
756 5333 1057 5405 resipiscat.
1098 5330 1366 5405 siautem
1392 5331 1747 5400 negligentior
1770 5330 1890 5401 quis

291 5408 523 5463 ellectus
548 5402 960 5461 resurrectionis
1008 5402 1278 5455 transierit
1304 5415 1618 5467 numerum,
1653 5417 1757 5456 non
1788 5417 1889 5471 po-

296 5486 408 5532 test
429 5478 531 5532 dici
556 5476 754 5546 justus,
788 5474 882 5529 sed
909 5480 1128 5546 propter
1155 5470 1546 5546 multitudinem
1568 5470 1887 5546 delictorum

296 5549 353 5601 in
408 5541 753 5616 peccatorum
800 5541 1044 5616 numero
1084 5543 1390 5612 deputatur.
1450 5541 1669 5616 Duobus
1714 5543 1889 5598 modis

298 5612 465 5671 homo
493 5616 790 5686 delinquit;
830 5614 1110 5686 proposito
1139 5621 1194 5667 et
1222 5627 1349 5667 casu
1368 5649 1384 5676 ,
1416 5612 1638 5686 uthalius
1662 5626 1889 5686 peccare

303 5688 470 5750 velit,
511 5695 568 5741 et
605 5679 743 5740 alius
779 5679 1145 5754 piacveniatur
1182 5689 1444 5754 peccat_o.__
1467 5679 1576 5754 Sed
1604 5679 1760 5754 casus
1789 5682 1888 5754 du-

301 5756 434 5828 plici
460 5758 710 5814 dividitur
736 5750 922 5822 modo,
954 5750 1251 5823 ignorantia
1279 5762 1333 5808 et
1358 5751 1685 5807 inﬁrmitate.
1722 5750 1886 5807 ludas

2000 4641 2104 4693 tur,
2136 4642 2243 4687 etc.

2069 4702 2456 4783 Dei_voluntati
2490 4710 2681 4783 nostra
2721 4708 2994 4783 potestate
3013 4701 3362 4783 adjuvemus,
3395 4715 3454 4783 ut
3478 4707 3594 4777 ipse

1999 4785 2102 4826 sua
2142 4773 2339 4847 v_i_rtute
2382 4780 2582 4847 nostra:
2620 4771 2800 4827 faveat
2844 4771 3136 4847 voluntati,
3176 4775 3301 4847 quia
3322 4771 3592 4847 scriptum

1996 4849 2082 4897 est
2105 4858 2128 4915 :_
2151 4841 2612 4915 Nequeuvolentis,
2653 4860 2815 4915 neque
2845 4845 3099 4898 currentis
3119 4882 3134 4907 ,
3178 4841 3269 4897 sed
3308 4845 3408 4900 Dei
3438 4841 3594 4901 inise-

1994 4913 2157 4966 rentis
2184 4912 2283 4966 est.
2336 4912 2485 4967 Velle
2513 4913 2655 4967 enim
2677 4955 2692 4981 ,
2732 4912 2787 4968 et
2821 4928 3041 4969 currere
3069 4921 3313 4969 uestrum
3349 4925 3463 4981 est;
3495 4918 3590 4972 Dei

1996 4990 2179 5036 autem
2208 4982 2489 5053 misereri,
2523 4984 2639 5052 ipsa
2669 4984 2833 5039 etiam
2859 4983 3101 5039 Veritate
3114 4986 3400 5053 apostolos
3438 4988 3593 5041 adte-

1995 5062 2175 5126 stante
2196 5069 2229 5126 :_
2245 5052 2373 5126 Sine
2393 5048 2481 5108 me
2504 5048 2636 5126 nihil
2660 5056 2872 5126 potestis
2895 5058 3084 5126 facere.
3207 5052 3431 5110 Paulus:
3451 5054 3591 5120 Quid

1994 5120 2169 5197 habes,
2200 5124 2391 5197 inquit
2407 5164 2437 5197 ,_
2463 5123 2606 5194 quod
2646 5120 2751 5178 non
2799 5120 3084 5197 accepisti?
3110 5123 3173 5179 Si
3198 5128 3462 5197 accepisti,
3490 5145 3583 5182 cur

1995 5192 2259 5265 gloriaris,
2290 5192 2437 5265 Quasi
2460 5192 2565 5247 non
2588 5196 2888 5265 acceperis?

2064 5261 2253 5337 Itaque
2272 5261 2317 5317 si
2347 5264 2476 5337 quis
2497 5261 2904 5337 euacerbaverit
2936 5264 3125 5330 Deum,
3157 5262 3326 5337 Moysi
3348 5265 3590 5323 imitetur

1994 5333 2301 5406 exemplum
2326 5374 2342 5400 ,
2388 5334 2480 5406 qui
2503 5335 2876 5406 dubitationis
2912 5338 3126 5406 culpam
3177 5333 3504 5406 paéuitentite
3533 5348 3590 5393 et

1996 5402 2316 5477 humilitatis
2362 5402 2730 5477 satisfactione
2777 5402 3019 5477 delevit.‘
3054 5404 3122 5477 Si
3157 5402 3424 5477 sacrilegii
3465 5410 3589 5477 quis

1995 5474 2201 5543 crimen
2231 5474 2475 5540 incurrit,
2508 5475 2750 5529 imitetur
2778 5476 2991 5538 Aaron,
3038 5475 3123 5543 qui
3153 5473 3504 5531 confessionis
3531 5486 3589 5531 et
3688 5534 3691 5537 λ

1994 5542 2311 5597 humilitatis
2331 5559 2430 5613 per
2453 5543 2720 5599 medelam
2743 5542 3183 5613 transgressionis
3204 5544 3450 5613 expiatus
3477 5552 3585 5602 cri-

1994 5613 2140 5684 mine
2164 5612 2452 5669 sacerdotii
2495 5616 2694 5669 meruit
2722 5616 3096 5684 principatum.
3140 5612 3201 5684 Si
3225 5612 3346 5683 quis
3373 5617 3586 5671 adulte-

1994 5683 2213 5756 riumﬂet
2234 5684 2583 5740 homicidium
2605 5682 2823 5751 fecerit,
2856 5682 3159 5756 consideret
3188 5682 3353 5756 David
3383 5692 3439 5741 et
3462 5697 3585 5756 agat

1993 5754 2384 5823 pmnilentiam,
2415 5763 2578 5821 atque
2607 5752 2961 5811 medicamine
2987 5766 3152 5806 sanus
3181 5753 3404 5811 cll'cctus
3434 5757 3486 5812 in
3500 5752 3587 5818 'ti-
