4024 6186
561 376 663 431 915

1646 377 1976 434 APPENDIX
2009 375 2287 433 OPERUM
2326 378 2382 434 S.
2421 376 2701 435 PAULINI
3694 376 3787 430 910

555 502 678 567 νναοῧ
711 502 899 557 minii:
929 494 1120 561 ἔσοδον,
1171 496 1415 567 (iubilo-1;
1438 494 1709 567 φιλοῦντες.
1734 490 1795 547 Ἶι
1834 495 1936 567 οὐχ
1969 492 2104 567 cipit;

2227 498 2481 567 cernatur,
2516 503 2663 541 nemo
2692 486 2936 567 damonis
2964 487 3113 567 lateri
3148 485 3431 567 incumbat,
3464 500 3608 567 scies
3637 497 3686 538 et
3712 489 3788 539 di-

556 566 669 642 ὅςτρι
698 572 863 624 καὶτὰ
884 568 1113 642 πρόθυρᾳ
1134 568 1319 623 τούτου
1355 566 1595 642 φιλοῦσιν,
1638 566 1683 642 oi
1719 568 1809 633 μὶν
1847 566 2118 642 κύψαντες,

551 640 599 694 oi
628 638 683 695 δέ
807 638 947 713 χειρῖ
978 638 1283 713 κᾳέςέχοντςς
1301 678 1315 699 .
1345 641 1429 690 καὶ
1468 643 1539 705 τῷ
1563 638 1804 713 ’στὸματρ
1828 640 1918 692 τὴν
1940 642 2121 713 Δχεῖροι

552 698 920 782 προσάσῇονῖεςξ
946 712 1027 764 καὶ
1049 698 1141 764 8ιῖ
1154 711 1344 763 τούτων
1363 714 1461 761 τῶν
1489 698 1691 782 huic»,
1710 708 1795 760 καὶ
1816 713 1913 782 τῶν
1934 698 2117 779 θῖρῶν,

552 776 636 851 ιςὰί
657 776 872 840 similes.
896 784 981 835 καὶ
1003 781 1481 851 εξσέρχεται.ν-πρός
1506 780 1637 846 ἡμᾶς
1664 776 1689 831 ὁ
1717 779 1955 851 Χριστὸς.
1979 776 2119 851 ἧνίκᾳ

551 847 609 903 ϐω
635 859 958 920 κοινωνῶμεν.
1004 846 1267 917 Templum
1296 846 1483 903 Christi
1512 863 1701 920 sumus.
1736 846 1917 920 Itaque
1947 849 2120 917 templi

548 920 795 974 vestibula
820 918 870 973 et
897 920 1091 973 aditum
1118 920 1429 984 osculamur,
1468 934 1582 970 cum
1621 918 1712 971 alii
1748 918 1877 970 alios
1915 921 2120 973 oscula-

546 1008 678 1043 mur.
711 993 791 1044 An
818 1007 920 1043 non
958 989 1163 1042 cernitis
1192 998 1435 1058 quotnam
1475 989 1701 1041 homines
1726 989 1881 1041 etiam
1910 990 2118 1059 hujusce

546 1060 721 1128 templi
750 1063 1006 1114 vestibulis
1035 1060 1261 1114 osculum
1302 1061 1499 1130 ﬁgunt,
1538 1060 1724 1126 partim
1761 1059 2008 1114 inclinato
2037 1076 2118 1113 ca-

544 1132 664 1199 pite,
692 1132 881 1201 partim
905 1147 1058 1184 manu
1086 1140 1327 1201 tenentes,
1345 1131 1592 1201 αιᾳαείοή
1602 1144 1815 1201 manum
1836 1130 2113 1201 admoveri-

543 1201 652 1252 tes?
666 1200 738 1253 Ac
756 1219 847 1271 per
862 1202 954 1255 has
969 1209 1210 1271 portaset
1217 1200 1579 1269 januas937
1594 1200 1853 1268 ingressus
1872 1213 1948 1271 est
1969 1200 2118 1253 Chri-

543 1278 669 1332 stus,
693 1281 742 1323 et
758 1269 839 1323 ad
866 1269 1031 1325 nos’in
1071 1269 1263 1323 reditur
1286 1286 1400 1323 cum
1428 1271 1881 1324 communicamus.
1912 1270 2115 1337 Grego-

543 1341 652 1392 rius
682 1340 1007 1392 Turonensis
1035 1288 1125 1392 ἧι).
1162 1356 1212 1392 ιν
1242 1339 1479 1392 Miracul.
1513 1340 1568 1392 8.
1601 1338 1830 1392 Martini.
1862 1356 1979 1392 can.
2005 1340 2071 1392 14
2097 1359 2109 1392 :

1056 1358 1069 1393 I

543 1341 652 1409 rius
682 1340 1007 1395 Turonensis
1035 1338 1125 1394 lib.
1162 1356 1212 1393 Iv
1242 1339 1479 1395 Miracul.
1513 1340 1568 1395 8.
1601 1338 1830 1405 Martini,
1862 1356 1979 1409 cap.
2005 1340 2071 1393 M
2097 1359 2109 1394 :

546 1408 615 1463 Ut
636 1408 861 1465 basilica:
889 1410 949 1465 S.
982 1410 1197 1463 Martini
1235 1411 1409 1464 limina
1450 1412 1820 1464 oscularentur.
1851 1408 2115 1465 Fortuna-

543 1487 628 1534 tus
648 1480 737 1535 lib.
770 1498 821 1535 IV
846 1480 913 1535 de
939 1480 1059 1535 Vita
1088 1480 1143 1535 S.
1177 1480 1407 1547 Martini,
1446 1481 1512 1536 de
1538 1480 1753 1537 basilica
1783 1480 1837 1537 8.
1870 1482 2110 1553 Appelli-

542 1550 684 1607 narls
713 1550 978 1606 Ravenna:
1004 1570 1017 1603 :

661 1642 842 1692 Rursus
866 1643 1153 1703 Apollinaris
1186 1644 1383 1704 pretiosi
1408 1644 1569 1693 limina
1590 1644 1748 1693 lambe

663 1705 821 1755 Fusus
846 1705 974 1753 humi
996 1706 1225 1767 supplex.

539 1788 673 1845 liine
710 1789 891 1844 limina
917 1798 1103 1844 ornata
1131 1789 1283 1843 velis.
1319 1788 1449 1844 Vide
1495 1799 1639 1845 ante.
1684 1788 1817 1843 Ilinc
1855 1790 2112 1859 phraseos

539 1874 663 1915 usus
692 1860 940 1926 obtinuit,
988 1860 1242 1929 proﬁcisci
1289 1860 1358 1912 ad
1403 1861 1583 1915 limina
1628 1859 2006 1929 Apostolorum,
2057 1859 2109 1914 id
2141 1867 2183 1926 Β

538 1938 638 1994 est,
679 1931 748 1985 ad
786 1930 1164 2001 basilicas_SS.
1205 1931 1601 2001 Apostolorum.
1646 1930 1985 1996 Claudianus,
2028 1930 2110 1985 vel

536 2001 776 2071 quisquis
804 2009 905 2065 est,
935 2000 1003 2054 ad
1032 1999 1285 2055 Jacobum
1314 2002 1624 2070 magistrum
1653 2002 1890 2071 equitum
1917 2018 1929 2053 :

661 2092 758 2140 Per
780 2094 976 2141 cineres
999 2092 1155 2153 Pauli,
1180 2105 1266 2153 per
1284 2093 1389 2140 cani
1411 2093 1571 2141 limina
1600 2093 1757 2142 Petri.

536 2174 668 2229 Acta
698 2173 983 2229 Alexandri
1011 2173 1275 2243 pontiﬁcis
1306 2192 1317 2225 :
1354 2173 1428 2227 Tu
1470 2175 1514 2227 si
1548 2176 1615 2228 ad
1641 2176 1823 2229 limina
1867 2174 1928 2229 S.
1966 2173 2109 2229 Petri

537 2246 767 2300 duxisses
794 2262 927 2298 eum.
959 2244 1284 2300 Rosvernus.

1060 2357 1124 2411 IN
1164 2355 1394 2412 POEMA
1432 2356 1593 2411 XXII.

611 2448 730 2503 Not.
771 2449 894 2503 258.
934 2448 1096 2504 Vasta
1124 2450 1369 2503 eructavit
1415 2448 1479 2502 ab
1527 2450 1660 2503 alvo.
1690 2446 1850 2502 ——Ut
1892 2447 2026 2501 dixit
2055 2448 2107 2503 in

538 2518 874 2589 Propemtico
903 2520 1098 2575 Niceue
1128 2539 1139 2571 :
1178 2519 1244 2573 Ut
1291 2536 1508 2573 mersum
1546 2527 1769 2589 caperet,
1794 2519 1976 2571 deinde
2000 2520 2110 2571 red-

536 2587 675 2644 deret
728 2591 983 2644 haustum.
1039 2590 1396 2645 Tertullianus
1448 2589 1515 2643 de
1563 2587 1867 2643 Resurrect.
1909 2590 2104 2652 carnis,

536 2661 709 2730 capite
743 2661 810 2714 58
844 2680 855 2713 :
890 2660 1038 2725 Quod
1076 2660 1239 2714 Jonas
1272 2660 1540 2713 devoratus
1578 2677 1611 2713 a
1650 2660 1816 2713 bellua
1843 2661 2020 2723 maris,
2053 2663 2107 2713 in

536 2731 680 2801 cujus
700 2734 812 2785 alvo
840 2734 1133 2803 naufragia,
1148 2730 1532 2803 digerebantur,
1558 2730 1739 2803 triduo
1771 2740 1885 2803 post
1910 2730 2107 2803 incolu-

535 2799 630 2873 mis
657 2799 1051 2873 exspuitur.'Jo'.
1103 2799 1513 2873 Cln'ysostomus
1555 2801 1736 2855 homil.
1771 2799 1805 2873 §
1853 2801 1904 2853 in
1935 2799 2104 2869 Epist.

535 2872 600 2925 ad
650 2868 951 2928 Colbssens.
1007 2868 1397 2947 lchicto'Onpiw
1434 2873 1710 2947 ςρνῖιωνᾶν
1751 2868 1899 2947 si:st
1948 2868 2009 2947 iv
2044 2880 2106 2947 τῇ

533 2947 735 3012 γαστρὶ,
767 2948 852 2998 καὶ
875 2946 957 2997 οὐκ
1004 2945 1264 3005 ἀπώλετος
1291 2941 1403 3004 λιτῶς
1429 2941 1481 2996 δὲ
1504 2946 1652 2997 αὐτ-ἲν
1680 2946 1761 2995 καὶ
1782 2941 1965 3012 ἤμεσεν
1986 2941 2106 2997 ὰσιέ

534 3022 611 3070 νῆ.
646 3012 910 3075 Quomodo
941 3013 1105 3067 bellua
1126 3014 1317 3067 Jonam
1346 3012 1561 3066 habebat
1605 3015 1657 3067 in
1699 3022 1886 3075 ventre,
1916 3021 1966 3064 et
2002 3028 2106 3066 non

600 3085 784 3153 ribatifq
828 3086 1077 3153 quomodo
1128 3094 1295 3153 autem
1332 3100 1445 3137 eum
1492 3085 1708 3153 evomuit
1746 3082 2002 3135 illwsam?
2038 3080 2106 3134 Et

553 3154 720 3207 nomil.
755 3150 821 3203 56
841 3150 915 3227 'de
944 3154 1167 3227 diversis
1190 3152 1321 3207 Novi
1349 3153 1491 3227 Test.
1525 3152 1680 3208 Locis
1712 3156 1984 3227 subdite};
2004 3156 2102 3225 γὰρ

531 3223 714 3297 ἐκεῖνον
738 3225 1028 3297 peragi-psi;
1053 3225 1240 3297 ἡμέροις
1266 3231 1416 3297 ante:
1442 3224 1660 3297 ἤειρεν,
1704 3225 1804 3291 οὐχ
1851 3223 2103 3297 εὑρὼν-*λέν

532 3294 673 3364 αὐτῷ
719 3298 806 3348 τὴν
836 3291 1014 3364 ciuitas
1037 3291 1237 3364 τροῴήν.
1275 3291 1342 3344 Ut
1369 3293 1504 3364 enim
1532 3292 1674 3344 illum
1713 3300 1826 3359 post
1855 3291 1952 3364 (res
1995 3294 2102 3346 dies

533 3362 671 3415 cetus
698 3362 934 3425 evomuit,
965 3362 1079 3413 cum
1107 3362 1159 3413 in
1197 3377 1255 3415 eo
1284 3362 1545 3429 proprium
1585 3372 1633 3414 et
1666 3362 1966 3415 conveniens
1998 3380 2101 3417 non

532 3433 798 3497 reperisset
822 3431 1136 3483 alimentum.
1170 3430 1300 3485 Duc.

602 3500 723 3557 Not.
754 3500 877 3554 259.
909 3500 1030 3553 Tria
1062 3503 1290 3571 fata.r—
1321 3499 1491 3555 Locus
1531 3510 1646 3555 erat
1675 3500 1857 3571 Roma:
1885 3502 1948 3556 ad
1970 3501 2097 3557 TRIA

530 3586 690 3638 rara,
720 3572 867 3640 cujus
897 3570 1142 3627 meminit
1188 3570 1481 3639 Procopius
1521 3571 1652 3626 Belli
1697 3570 1908 3627 Gothici
1939 3572 2029 3627 lib.
2060 3590 2097 3635 ι.

529 3642 671 3697 circa
708 3640 885 3696 linem.
917 3642 1228 3696 Anastasius
1263 3642 1314 3695 in
1356 3642 1593 3696 Honorio
1626 3662 1637 3695 :
1669 3640 1815 3694 Fecit
1837 3644 2100 3697 ecclesiam

535 3711 594 3765 Β.
628 3713 899 3767 Hadriano
929 3714 1145 3783 martyri
1171 3714 1223 3766 in
1272 3712 1464 3767 TRIBUS
1490 3729 1660 3779 l-‘ATIS,
1690 3729 1841 3783 quam
1866 3722 1915 3766 et
1950 3714 2098 3767 dedi-

528 3784 681 3847 cavit,
712 3792 761 3837 et
802 3784 939 3837 dona
991 3782 1153 3837 multa
1190 3782 1387 3838 obtulit.
1431 3783 1572 3837 Idem
1604 3785 1657 3837 in
1688 3782 1957 3837 lladriano
1991 3802 2002 3835 :
2034 3783 2099 3836 In

528 3854 740 3908 ecclesia
766 3870 882 3909 vero
912 3853 973 3907 Β.
1008 3853 1068 3907 Β.
1099 3851 1297 3907 Cosma:
1316 3864 1364 3907 et
1388 3853 1629 3907 Damiani
1656 3857 1709 3906 in
1731 3852 1922 3908 TRIBUS
1950 3870 2100 3908 ητις

527 3933 711 3977 vestem
750 3924 814 3977 de
850 3925 1112 3978 stauracin
1145 3927 1281 3993 fecit.
1316 3924 1443 3977 Item
1478 3943 1490 3976 :
1526 3924 1806 3978 Basilicam
1831 3924 1937 3978 SS.
1970 3922 2097 3977 Cos-

527 4010 625 4048 mte
645 4004 695 4047 et
724 3994 963 4047 Damiani
986 3996 1136 4046 sitam
1166 3996 1218 4046 in
1249 3994 1439 4048 'I‘nmus
1467 4011 1615 4048 FATIS
1650 3997 1970 4047 restauravit.
1998 3994 2099 4049 Un-

526 4064 594 4117 de
643 4063 947 4118 Fridericus
994 4062 1409 4117 Lindebrochius
1454 4064 1848 4118 humanissimis
1892 4063 1958 4117 ad
2012 4079 2098 4119 me

526 4132 718 4186 litteris
758 4133 1094 4200 suggerebat,
1126 4133 1189 4203 in,
1216 4132 1481 4202 Cypriano
1505 4134 1657 4203 epist.
1702 4133 1762 4185 21
1798 4148 1894 4202 pro
1941 4151 2097 4203 usque

526 4204 597 4255 ad
626 4202 785 4273 Triari
815 4205 975 4273 facta,
1010 4202 1288 4268 legendum
1332 4219 1488 4271 usque
1526 4204 1593 4273 ad
1620 4202 1749 4257 Tata
1780 4219 1931 4258 rara.
1966 4202 2097 4258 Pro-

528 4272 743 4343 bissima
774 4274 1100 4340 conjectura,
1142 4274 1184 4326 si
1231 4273 1391 4343 modo
1419 4272 1687 4329 constaret
1725 4275 2005 4343 epistolam
2035 4275 2097 4327 il-

527 4341 631 4415 lam
663 4341 1121 4415 Romgescriptam
1150 4358 1285 4415 esse.
1326 4341 1441 4415 Non
1460 4343 1660 4415 desunt
1696 4341 1952 4410 rationes,
1981 4345 2099 4415 qui-

525 4412 625 4482 bus
652 4427 717 4466 ex
744 4411 919 4467 Africa
948 4412 1173 4466 Romam
1202 4414 1359 4467 missa
1389 4414 1647 4477 videatur,
1680 4423 1734 4469 et
1779 4415 1855 4469 sic
1883 4411 2095 4482 vulgata

526 4481 684 4536 lectio
712 4484 931 4553 retineri
952 4492 1151 4553 posset.
1185 4484 1416 4539 Barbara
1447 4484 1517 4538 ibi
1548 4485 1709 4538 multa
1739 4481 2097 4540 locorum’no-

526 4552 687 4605 mina.
718 4551 1042 4608 Rosvcrous.

2224 560 2581 620 lacerationes,
2612 558 2818 611 verbera
2846 567 2894 610 et
2918 558 3188 619 cruciatus,
3212 557 3397 627 linguae
3418 556 3788 627 conﬂagrantes

2222 632 2521 692 audiuntur,
2554 629 2785 681 daemone
2814 627 3042 681 videlicet
3086 624 3325 681 eximiam
3362 637 3411 679 et
3437 624 3790 681 admirabilem

2219 698 2365 752 illam
2386 700 2667 768 potentiam
2689 713 2791 751 non
2820 699 3029 766 ferente.
3063 696 3192 751 Duc.

2291 765 2410 822 Not.
2441 766 2565 821 261.
2600 765 2826 822 Sacrum
2872 777 2965 832 est,
3014 784 3104 819 nec
3132 769 3185 820 in
3216 783 3309 821 ora
3348 767 3586 830 rclapsis.
3615 798 3690 809 —
3715 765 3787 821 Ita

2220 846 2454 893 veterem
2486 837 2768 892 lectionem
2805 838 3203 906 repraesentavit
3225 853 3292 891 ex
3320 853 3417 891 ωε.
3450 837 3787 892 doctissimus

2220 906 2499 971 Cauchius,
2525 924 2643 961 cum
2688 916 2811 961 ante
2840 915 2999 971 esset,
3028 910 3175 988 nefas
3219 920 3293 961 est
3321 924 3601 1031 ignorare;
3629 922 3784 1029 (ﬁam

2220 976 2499 1031 conﬁrmat
2525 976 2753 1031 Severus
2771 977 3033 1031 Sulpicius
3053 978 3263 1031 dialogo
3288 977 3321 1029 5
3377 994 3405 1031 e
3430 977 3547 1030 Vita
3569 977 3625 1031 8.
3707 993 3784 1030 ar-

2217 976 2499 1031 conlirmat
2525 976 2753 1033 Severus
2771 977 3033 1046 Sulpicius
3053 976 3263 1044 dialogo
3288 977 3321 1029 5
3340 976 3405 1031 de
3430 977 3547 1030 Vita
3569 977 3625 1031 S.
3653 976 3787 1030 Mar-

2217 1047 2364 1119 tini“:
2417 1048 2478 1101 Si
2522 1049 2725 1119 quando
2777 1048 3252 1119 exorcizandorumi
3278 1047 3569 1101 dwmonum
3614 1064 3787 1119 curam

2217 1116 2277 1189 S.
2297 1116 2556 1189 Martinus
2579 1120 2839 1189 reciperet,
2872 1119 3076 1172 solitum
3108 1118 3352 1183 accidere,
3384 1126 3439 1189 at
3471 1119 3640 1177 plures
3668 1118 3781 1170 sub-

2216 1187 2334 1242 latis
2356 1190 2409 1242 in
2437 1187 2651 1241 sublime
2676 1187 2888 1258 pedibus
2909 1188 3223 1258 penderent,
3262 1205 3355 1241 nec
3392 1188 3677 1257 deﬂuerent
3704 1198 3782 1240 ta-

2215 1274 2328 1329 men
2356 1267 2511 1312 vestes
2540 1276 2693 1327 super
2719 1260 2925 1329 faciem,
2968 1275 3032 1311 ne
3078 1260 3429 1329 verecundiam
3472 1261 3663 1329 faceret
3692 1274 3785 1309 nu-

2213 1327 2339 1399 data
2374 1345 2494 1399 pars
2541 1327 2827 1399 corporum.
2869 1327 3033 1399 Paulo
3073 1337 3193 1397 post
3222 1328 3357 1383 idem
3386 1327 3654 1383 Cauchius
3674 1343 3785 1382 cor-

2214 1398 2354 1464 rigit,
2376 1397 2496 1452 cum
2519 1397 2739 1468 tegmina
2759 1397 3019 1470 membris,
3042 1414 3140 1470 pro
3172 1402 3389 1470 tegmine
3410 1416 3428 1453 :
3458 1408 3607 1453 recte
3634 1413 3782 1463 sane,

2213 1482 2333 1538 cum
2358 1478 2537 1523 vestes
2563 1468 2803 1538 corporis
2838 1469 2945 1523 sint
2970 1468 3231 1535 tegmina,
3260 1471 3441 1537 sicque
3467 1476 3728 1523 vocentur
3751 1484 3781 1521 a

2214 1536 2564 1609 Theodulpho
2593 1536 2967 1609 in'versibus,
3008 1554 3143 1607 quos
3196 1536 3499 1609 antiquiora
3550 1538 3779 1609 Missalia

2214 1607 2537 1679 exhibebant
2563 1608 2826 1679 dominica
2858 1608 2909 1662 in
2941 1607 3120 1663 Ramis
3146 1608 3461 1679 palmarum,
3487 1607 3583 1663 sed
3605 1624 3671 1662 ex
3699 1623 3783 1664 co-

2213 1675 2329 1734 dice
2358 1694 2459 1733 ms.
2482 1680 2559 1734 sic
2583 1678 2911 1734 emendanda
2937 1696 2948 1730 :

2334 1767 2570 1829 Tegmina
2593 1771 2663 1817 sic
2686 1770 2857 1817 animae
2881 1776 3152 1817 sternamus
3173 1780 3373 1829 corpora
3396 1774 3579 1829 nostra,

2440 1844 2499 1879 ao
2525 1842 2611 1892 per
2637 1843 2722 1879 nos
2743 1842 2940 1892 semper
2956 1832 3021 1879 sit
3038 1833 3114 1879 via
3134 1837 3234 1879 tuta
3260 1831 3362 1879 tibi.

2210 1912 2373 1993 938
2400 1912 2587 1993 Vestes
2614 1914 2911 1968 animarum
2936 1914 3011 1993 ait
3038 1928 3423 1993 essecorpora,
3449 1914 3594 1993 quod
3613 1930 3782 1971 mem-

2210 1983 2320 2037 bris
2340 1985 2527 2037 aniuia:
2559 1993 2803 2051 tegantur
2823 1999 2887 2039 ac
2907 1984 3069 2039 veluti
3124 1983 3474 2039 obvelentur.’
3490 1985 3622 2039 Duc.

2280 2053 2305 2117 Ἰ
2335 2054 2530 2108 Versus
2561 2055 2647 2109 ille
2668 2055 2813 2109 varie
2842 2054 3193 2123 interpolatus
3230 2062 3347 2109 erat
3385 2056 3439 2109 in
3485 2055 3701 2111 excusis
3729 2055 3783 2109 li-

2210 2123 2346 2196 bris:
2377 2140 2506 2196 cum_
2532 2123 2809 2196 Rosveydo
2837 2123 3240 2179 emendavimus
3262 2141 3329 2179 ex
3355 2140 3483 2179 mss.
3507 2125 3784 2196 codicibus

2208 2192 2357 2317 Belg.
2388 2202 2444 2249 et
2471 2193 2648 2249 Germ.
2682 2192 2883 2249 sacrum
2907 2205 3003 2260 est,
3045 2211 3137 2249 nec
3176 2198 3231 2249 in
3257 2212 3351 2249 ora
3381 2194 3623 2263 relapsis.
3666 2194 3783 2261 Quo

2208 2265 2294 2317 aui
2356 2266 2626 2317 apertius?
2655 2265 2783 2317 dicit
2810 2273 2987 2317 vestes
3007 2266 3058 2317 in
3081 2281 3175 2317 ora
3196 2282 3302 2317 non
3332 2266 3570 2317 relansas
3594 2282 3609 2317 :
3640 2266 3783 2317 ouod

2207 2265 2333 2334 quid
2356 2266 2626 2334 apertius?
2655 2265 2783 2320 dicit
2810 2273 2987 2319 vestes
3007 2266 3058 2318 in
3081 2281 3175 2319 ora
3196 2282 3302 2321 non
3332 2266 3570 2334 relapsas
3594 2282 3609 2329 ;
3640 2266 3783 2334 quod

2207 2343 2262 2388 et
2289 2331 2553 2404 Sulpicius
2574 2331 2805 2390 Severus
2828 2336 2918 2390 lib.
2952 2352 3006 2389 III
3028 2334 3257 2405 Dialog.,
3278 2345 3379 2390 art.
3413 2331 3463 2399 ϐξ
3499 2331 3675 2389 innuit
3701 2336 3795 2391 his

2209 2404 2383 2459 verbis
2413 2428 2425 2457 .-
2457 2405 2703 2460 Cerneres
2730 2408 2942 2461 miseros
2970 2406 3184 2460 sublatis
3222 2408 3276 2459 in
3314 2407 3531 2461 sublime
3569 2406 3786 2475 pedibus

2206 2477 2352 2545 quasi
2381 2476 2442 2528 de
2470 2476 2599 2528 nube
2619 2478 2856 2545 pendere,
2888 2492 2979 2529 nec
3000 2486 3169 2529 tamen
3198 2486 3353 2530 vestes
3381 2477 3607 2545 deﬂuere
3632 2487 3787 2545 super

2209 2547 2411 2617 [aciem,
2445 2562 2509 2599 ne
2538 2548 2727 2617 faceret
2754 2548 3103 2601 verecundiam
3132 2548 3325 2617 nudata
3344 2565 3466 2615 pars
3488 2562 3785 2616 corporum.

2207 2614 2455 2686 Legimus
2482 2614 2612 2671 sane
2636 2617 2703 2671 de
2731 2618 3104 2685 energumenis
3144 2616 3375 2671 factitari
3418 2614 3615 2686 saepius
3658 2618 3786 2671 soli-

2206 2694 2319 2739 tum
2346 2684 2413 2739 ad
2441 2688 2725 2742 memorias
2748 2684 3075 2758 ietrtumulos
3102 2695 3395 2758 martyrum
3425 2696 3479 2741 et
3496 2684 3784 2741 confesso—

2208 2770 2323 2826 rum
2354 2765 2411 2809 ut
2444 2757 2783 2812 exorcizandi
2811 2757 3082 2812 daemones
3118 2757 3346 2826 corpOra
3380 2766 3701 2812 vexatorum
3735 2759 3783 2811 in

2207 2824 2372 2880 altum
2415 2835 2665 2895 raperent
2691 2827 2914 2897 pedibus
2953 2842 3165 2881 sursum
3191 2824 3375 2893 versis,
3411 2828 3483 2881 ita
3514 2838 3695 2883 tamen
3731 2837 3784 2881 ut

2207 2905 2382 2950 vestes
2410 2896 2651 2965 pudenda
2682 2896 3043 2954 membrorum
3073 2906 3311 2965 tegentes
3336 2914 3442 2952 non
3472 2898 3781 2955 relaberen-

2209 2971 2321 3037 tur,
2338 2968 2487 3037 sicut
2507 2966 2759 3037 Paulinus
2786 2977 2969 3022 noster
2993 2968 3043 3021 id
3065 2983 3131 3037 se
3158 2976 3427 3037 spectasse
3454 2968 3640 3022 refert.

2277 3034 2397 3089 Not.
2429 3036 2553 3109 262.
2586 3036 2869 3109 Lychnum.
2904 3069 2976 3079 —
3002 3037 3027 3104 1
3055 3036 3144 3092 Sic
3167 3034 3567 3109 emendavimus
3585 3054 3652 3093 ex
3681 3054 3781 3094 nis.

2206 3104 2387 3160 Germ.
2420 3104 2795 3163 codicefAnte
2818 3116 2933 3163 erat
2961 3109 3174 3180 lignum,
3206 3104 3481 3163 men'dose.

2278 3196 2500 3269 Dubium
2529 3213 2635 3252 non
2657 3207 2741 3269 est
2767 3199 2894 3267 quin
2920 3198 3307 3253 emendandum
3328 3198 3397 3254 sit
3415 3198 3659 3269 lychnum
3682 3213 3781 3269 pro

2130 3236 2174 3297 (ἒ
2205 3236 2899 3338 ιερὲἱῖὶἱῗῖίέὶῖἑὶιῖὲ’ρῖἑῖἒ

2323 3358 2420 3407 Sed
2448 3374 2587 3423 puer,
2616 3364 2855 3410 exstincto
2876 3358 3146 3411 abstulerat
3167 3362 3249 3424 qui
3270 3360 3453 3412 lumine
3473 3360 3724 3424 lychnum.

2202 3438 2270 3493 Et
2298 3441 2422 3496 alibi
2456 3461 2467 3494 :

2326 3536 2384 3586 Et
2405 3552 2506 3587 νιος»
2525 3549 2789 3599 suspensus
2810 3536 2963 3597 lychni
2981 3537 3226 3596 pendebat
3250 3540 3438 3597 aperto.

2202 3615 2389 3672 Solent
2416 3619 2556 3673 enim
2608 3619 2840 3673 lucernm
2885 3614 3096 3671 funibus
3135 3617 3219 3671 vel
3267 3616 3473 3671 catenis
3513 3616 3777 3671 adstricta

2200 3689 2456 3757 pendere,
2488 3698 2546 3743 ut
2573 3688 2711 3758 apud
2743 3688 3015 3755 Virgilium
3048 3704 3062 3741 I
3094 3684 3304 3740 Aineid.
3334 3704 3345 3737 :

2536 3778 2819 3841 dependent
2846 3778 2997 3839 lychni
3023 3778 3335 3839 laquearibus
3359 3779 3545 3826 aureis.

2203 3858 2477 3916 Lucretius
2506 3861 2598 3916 lib.
2629 3879 2663 3916 v
2687 3881 2699 3915 :

2324 3948 2521 3999 Lumina
2546 3953 2819 4013 pendentes
2839 3952 2993 4014 lychni
3013 3950 3254 4012 claraeque
3272 3952 3507 4004 coruscis.

2200 4032 2266 4087 Et
2293 4034 2378 4088 hic
2405 4043 2589 4089 noster
2616 4051 2800 4090 rursus
2834 4053 2845 4087 :

2324 4126 2604 4175 Pendentes
2627 4125 2781 4188 lychni
2812 4127 2953 4187 spiris
2976 4127 3252 4175 retinentur
3278 4126 3468 4175 ahenis.

2201 4210 2327 4263 DUC.

2270 4280 2390 4335 Not.
2434 4279 2556 4333 265.
2593 4278 2659 4334 Ut
2683 4289 2848 4350 status
2888 4280 3038 4350 hujus
3073 4287 3204 4350 erat.
3234 4279 3506 4350 e-Statits
3537 4293 3639 4347 pro
3668 4292 3771 4332 sta-

2200 4358 2332 4404 tura.
2364 4350 2651 4418 Gregorius
2680 4349 3005 4406 Turonensis
3033 4349 3123 4404 lib.
3166 4366 3217 4405 ιν
3246 4349 3467 4414 llistor.,
3500 4364 3625 4419 cap.
3658 4350 3727 4403 24
3756 4366 3766 4401 :

2199 4420 2400 4474 Celsum
2438 4422 2736 4488 patriciatus
2779 4421 2969 4476 honore
3014 4420 3251 4484 donavit,
3299 4422 3460 4473 virum
3505 4435 3769 4488 procerum

2199 4501 2356 4556 statu,
2377 4493 2431 4544 in
2457 4492 2679 4560 scapulis
2707 4491 2950 4555 validum,
2995 4491 3185 4545 lacerto
3213 4490 3494 4553 robustum,
3525 4498 3633 4545 etc.
3668 4488 3769 4543 Lex

2201 4560 2405 4640 Rajvv.,
2434 4562 2515 4613 tit.
2546 4561 2594 4626 1,
2615 4577 2673 4640 ὀ.
2710 4561 2793 4625 il,
2819 4560 2845 4633 ξ
2867 4561 2946 4640 _i_:
2970 4560 3083 4615 Fiat
3109 4561 3283 4615 tunica
3314 4560 3769 4640 plumbeasccun-

598 4621 720 4676 Tria
745 4625 974 4702 fata.__—
1002 4627 1022 4691 1
1058 4622 1133 4702 I_ta
1165 4624 1623 4702 RomaniJ’arcas
1667 4626 1941 4679 nominare
1962 4640 2105 4702 conv
2124 4613 2176 4673 D
2202 4613 2324 4683 duin
2354 4613 2548 4684 statum
2579 4613 2885 4702 ejuls,Squ3d
2906 4613 3395 4702 ripsalpensaverith
3409 4630 3522 4702 auri
3563 4613 3767 4702 tantum

524 4702 807 4763 sueverant
840 4712 851 4745 :
885 4695 1053 4763 iisque
1075 4695 1221 4748 locus
1250 4702 1366 4749 erat
1396 4694 1579 4749 Roma:
1608 4704 1969 4750 consecratus.
2004 4695 2093 4749 Vi—

525 4761 592 4816 de
618 4760 843 4832 Proc0p.
871 4760 990 4820 loco
1015 4780 1174 4833 supra
1205 4766 1294 4820 cit.

1023 4877 1088 4931 IN
1126 4876 1356 4932 POEMA
1394 4876 1578 4930 XXIII.

593 4968 712 5022 Not.
746 4968 869 5022 260.
901 4968 1163 5023 Clamoso;
1186 4969 1414 5022 verberat
1435 4970 1625 5023 hostes.
1652 5002 1719 5009 —
1742 4969 1764 5031 π
1793 4968 1880 5024 Sic
1908 4984 2088 5023 emen-

519 5034 700 5091 datum
723 5053 789 5091 ex
818 5054 918 5091 ms.
952 5039 1135 5093 codice
1180 5039 1357 5093 Germ.
1412 5047 1465 5092 et
1505 5039 1589 5093 ed.
1623 5038 1805 5093 Schot.
1840 5040 1891 5093 in
1921 5054 2089 5108 marg.

521 5108 653 5162 Edd.
685 5108 941 5176 quinque,
970 5125 1081 5161 cum
1104 5121 1293 5175 nosset,
1323 5110 1597 5165 mendose.
1629 5108 1765 5163 Edit.
1802 5110 2088 5179 Rosveyd.,

517 5194 827 5232 communes.

590 5258 903 5328 Suspicatur
940 5256 1217 5325 legendum
1258 5259 1597 5314 doctissimus
1649 5258 1912 5315 Cauchius
1954 5260 2094 5313 dam-

518 5327 706 5393 nosos,
725 5328 810 5382 vel
846 5327 1286 5399 certeclamosos
1314 5329 1539 5383 verberat
1576 5347 1592 5383 :
1622 5329 1715 5383 sed
1761 5338 1989 5399 recepta:
2018 5332 2093 5385 le-

517 5400 709 5453 ctionis
736 5399 973 5466 vestigiis
1004 5397 1295 5453 insistendo
1333 5400 1563 5454 scribere
1593 5410 1773 5469 posset
1799 5397 1936 5467 quis,
1969 5416 2093 5455 cun-

517 5478 712 5524 ctantes
740 5470 967 5523 verberat
996 5469 1185 5536 hostes,
1216 5486 1313 5538 pro
1342 5487 1454 5521 cum
1483 5480 1669 5524 nosset.
1702 5470 1904 5523 Indicat
1930 5470 2090 5523 nimi-

518 5556 636 5594 rum
675 5541 944 5595 dazmones
983 5541 1159 5607 urgeri
1200 5541 1385 5609 pmnis,
1418 5556 1536 5593 cum
1579 5542 1725 5595 exire
1752 5540 2003 5594 differunt
2040 5550 2093 5595 et

517 5618 857 5680 cunctantur.
900 5611 973 5664 lta
1013 5609 1204 5665 Julian.
1244 5610 1654 5680 Chrysostomus
1698 5611 1878 5665 homil.
1920 5610 1990 5663 26
2036 5611 2090 5666 in

518 5678 577 5758 Il_
614 5681 682 5735 ad
728 5680 972 5758 Corinth.
1009 5700 1021 5736 :
1066 5681 1282 5758 οὐδε-ἑὸς
1324 5678 1604 5758 ὀρωμένου,
1657 5681 1853 5740 οὐδενὸς
1898 5683 2085 5758 ἐπίκειν-

519 5754 663 5819 μὶνον
693 5762 803 5811 ταῖς
824 5755 1064 5829 πλευραῖς
1092 5760 1177 5807 τοῦ
1205 5752 1455 5822 Baiias-voc,
1482 5758 1635 5823 φωναί
1662 5758 1745 5806 καὶ
1767 5756 2086 5829 σποεραγμοὶ,

522 5821 1035 5895 μᾷηψεςᾼάσώοι,
1067 5821 1720 5895 γὶῶσσαὶᾲέμπιπράμεναι,
1752 5830 1836 5895 τοᾷ
1855 5821 2084 5890 δαίμονος

520 5892 577 5943 οὐ
606 5894 833 5963 φέροντος
865 5900 952 5953 τήν
978 5891 1271 5965 θατιᾷιαστην
1303 5891 1510 5965 adsultu}
1554 5893 1747 5951 ἐκείνην.
1784 5891 1905 5946 Cum
1938 5908 2083 5947 nemo

2202 4702 2363 4754 donet
2402 4702 2491 4770 qui
2528 4697 2646 4770 eum
2689 4697 2897 4755 occidit.
2933 4697 3213 4766 'Ctseics,
3268 4702 3321 4754 in
3358 4697 3594 4754 Glossar.
3628 4699 3767 4763 LaL,

2202 4778 2333 4825 tom.
2362 4770 2445 4837 III,
2487 4787 2538 4839 p.
2568 4769 2689 4823 955.

2271 4840 2296 4905 Ἰ
2330 4840 2528 4905 Status,
2569 4856 2669 4909 pro
2694 4850 2913 4894 statura.
2956 4840 3043 4896 Sic
3080 4842 3255 4912 jactus
3276 4856 3394 4912 pro
3414 4840 3659 4909 jactura;
3686 4842 3771 4912 ja-

2201 4920 2335 4981 ctum
2359 4914 2510 4981 ferre,
2544 4908 2640 4979 pro
2662 4912 2923 4981 jacturam
2946 4908 3237 4981 ferre'apud
3274 4908 3767 4981 PaulinumicaEm.

2199 4978 2261 5031 21
2288 4978 2366 5034 ad
2383 4978 2687 5051 Cytherium
2712 4982 2778 5035 de
2808 4978 3079 5050 naufragio
3100 4982 3421 5044 Martiniani,
3445 4996 3499 5032 ν.
3527 4978 3661 5051 559.
3690 4981 3769 5034 Sic

2199 5059 2388 5123 statum
2415 5067 2513 5120 pro
2536 5060 2731 5104 statura
2752 5052 2948 5107 dixisse
2975 5051 3029 5106 8.
3061 5051 3388 5123 Cyprianum
3413 5051 3511 5123 lib.
3544 5050 3614 5104 de
3643 5050 3756 5123 _Mo_r
3800 5118 3803 5119 ν

2200 5118 2431 5185 talitate,
2468 5130 2604 5173 statu
2642 5123 2824 5185 celsus,
2869 5138 2934 5177 ex
2986 5118 3313 5177 membranis
3362 5120 3588 5175 adnotat
3636 5118 3682 5174 J.
3716 5119 3767 5172 Γ.

2198 5189 2501 5246 Gronovius
2543 5191 2595 5244 in
2633 5188 2911 5246 Observat.
2962 5192 3280 5257 ecclesiast.,
3325 5207 3375 5246 c.
3423 5189 3478 5243 5.
3515 5189 3609 5245 Sic
3643 5190 3769 5258 apud

2198 5258 2446 5332 Statium,
2478 5262 2639 5314 brevis
2680 5272 2844 5316 status
2884 5262 3256 5332 pumilionum.
3307 5258 3768 5332 ApudColumel-

2201 5330 2305 5383 lam
2356 5332 2666 5403 deGallis,
2723 5330 2901 5387 status'
2936 5333 3088 5403 altior
3140 5330 3401 5403 quceritur.
3459 5330 3767 5403 Ambrosius

2200 5415 2358 5455 serm.
2388 5400 2455 5453 10
2481 5402 2533 5455 in
2561 5403 2752 5470 psalm.
2787 5419 2943 5459 cxvin
2970 5422 2982 5454 :
3014 5401 3111 5457 Est
3137 5399 3273 5457 enim
3315 5403 3465 5455 homo
3504 5410 3642 5455 statu
3672 5399 3768 5452 cel-

2199 5487 2303 5531 sus,
2336 5472 2473 5524 vultu
2502 5472 2735 5526 decorus.

2268 5541 2393 5613 Not.
2419 5540 2845 5613 2G4.ACoittigero
2870 5543 3053 5613 similis
3077 5542 3270 5612 juveni.
3304 5573 3375 5583 —
3401 5539 3646 5596 Perbelle
3675 5538 3762 5594 0b-

2194 5612 2424 5665 servavit
2457 5610 2514 5664 P.
2547 5610 2839 5667 Scriverius
2869 5629 2919 5666 v.
2953 5610 3089 5673 15οζ
3108 5623 3346 5668 veterum
3372 5616 3763 5679 θαυματοποιοῖς

2193 5682 2355 5735 fuisse
2381 5696 2548 5749 genus
2568 5682 2772 5744 ludicri,
2796 5682 2932 5737 adeo
2962 5692 3019 5735 ut
3045 5684 3097 5737 in
3126 5693 3368 5737 extremo
3393 5681 3537 5749 ligno
3564 5688 3758 5733 stantes

2191 5753 2341 5820 pueri
2372 5752 2742 5823 luctarentur;
2775 5752 2914 5820 quod
2946 5756 3186 5806 nutantia
3211 5753 3442 5823 pondera
3462 5755 3631 5823 fronte
3656 5763 3757 5819 per-

2192 5824 2344 5874 ticata
2374 5824 2506 5947 Lerre
2532 5821 2664 5875 dixit
2694 5821 2973 5885 Martialis;
3000 5823 3171 5878 fronte
3194 5821 3409 5892 quippe,
3444 5821 3550 5875 non
3582 5822 3753 5874 Imme-

2192 5893 2258 5945 ris
2288 5901 2342 5946 ut
2408 5892 2666 5947 aiulorum
2698 5908 2864 5947 genus
2906 5893 3218 5947 nalanaarii.
3261 5893 3542 5947 memorati
3570 5890 3747 5946 Nonio.

2189 5893 2258 5945 ris
2288 5901 2342 5946 ut
2376 5890 2666 5960 bajulorum
2698 5908 2864 5962 genus
2906 5890 3226 5964 palangarii,
3261 5890 3542 5948 memorati
3570 5890 3747 5946 Nonio.
