2012 3093
139 145 190 173 917
607 140 709 168 NOTIE
728 140 773 168 ET
789 140 1067 170 OBSERVA'HONI'B
1085 141 1274 170 VARIORUM.
1697 142 1753 171 918

137 203 182 235 qui
199 201 309 229 fustibus
327 207 408 227 onera
430 200 582 234 portabant,
607 202 635 235 nt
658 197 789 235 hodieque
811 197 917 235 faciunt.
935 200 958 229 Α
972 196 1006 223 Et
1017 196 1131 235 catilina
1141 196 1265 235 Ciceroni
1279 195 1365 235 dictus
1382 195 1506 224 anhelare
1515 196 1605 224 scelus.
1620 196 1692 225 idem
1704 196 1752 225 Ci-

136 231 190 264 Sed
218 238 283 263 istos
318 231 517 270 θαυματοὲτοιοὺς
547 234 705 270 conligeros_
718 232 819 270 dixisse
836 231 918 270 __Pau_-_

136 273 220 299 linum
247 267 450 298 cruditaa'illius
472 267 650 296 observatidni
675 267 810 298 addimus,
835 267 921 293 Natali

136 309 152 334 7
167 307 272 369 Feliicés.
295 305 318 332 J.
335 305 364 332 F.
385 305 545 337 Gnosovius,
566 303 592 330 in
610 303 748 330 Observat.
760 303 919 335 ecclesiast.,

136 351 196 369 can.
254 360 261 367 .

135 351 196 377 cap.
217 351 261 369 ιυ.

170 388 232 415 Νοι.
244 386 307 414 265.
324 386 410 422 Tectis
420 387 469 422 hoc
476 386 571 422 sospite
584 385 665 422 fratre
674 384 801 422 medullis.
810 400 844 422 -τ
855 383 922 422 Gor—

133 424 220 451 rectio
236 423 292 449 h:ec
309 421 341 448 ab
355 422 440 448 amico
453 419 588 448 Romano.
604 419 672 448 Ante
695 424 753 447 erat
771 419 855 446 Tectis
875 420 922 446 hoc

133 458 235 486 hospite
248 458 328 483 fratre
342 456 467 483 medullis.
480 456 518 483 Ita
532 460 560 483 et
573 463 622 482 ms.
636 454 855 483 Consideratione
869 454 922 481 for-

133 498 162 520 te
176 489 296 526 digmm,
312 499 346 518 an
369 492 404 518 sit
424 491 563 525 legendum
583 490 665 526 Tectis
684 489 815 526 Medullis,
827 494 856 516 ut
868 489 921 526 hic,

133 528 180 563 qui
195 524 217 554 at
226 527 314 563 Felice
328 531 434 563 curatus
448 524 500 563 est,
511 526 609 560 hospes
623 525 701 563 fue_rit
715 524 826 557 Paulini,
838 532 854 551 e
868 524 921 551 Me-

133 560 214 590 dullis
238 561 329 589 Galliae
351 561 451 597 populo
461 561 563 597 [quos
587 568 635 588 cur
657 560 752 597 rectos
765 564 921 597 vocet,_non

133 598 225 630 video,
241 597 292 624 nisi
305 594 405 624 alludat
419 596 452 623 ad
475 594 637 631 Tectosages
661 596 713 623 illis
727 594 838 622 vicinos.
855 594 920 622 Ros-

133 639 248 660 VEVDUS.

386 687 421 715 ΙΝ
442 686 559 715 ΡΟΕΜΑ
581 686 673 714 XXIV.

170 735 233 762 Not.
247 732 309 761 266.
327 734 436 761 Dextras
451 735 552 761 damus.
567 749 603 754 —
617 734 729 761 Dextras
743 733 805 761 dare
820 736 860 761 est
873 740 920 768 ιω-

135 770 184 798 dus
194 771 269 798 inire.
284 769 446 797 Claudianus
455 770 482 796 in
497 769 558 796 Ruf.
572 769 640 797 lib.t
657 777 664 795 :

305 816 381 840 sociat
391 816 498 846 perituro
507 815 601 840 foedere
611 815 721 840 dextras.

134 856 171 885 Et
185 857 232 885 lib.
248 865 267 885 ιι
281 865 288 884 :

260 902 376 928 Tradisne
388 905 449 932 tuas,
459 901 510 927 dux
521 902 620 933 optime,
634 901 741 926 dextras.

134 942 250 972 Veteres
263 949 371 970 manum
385 942 425 977 (ut
438 942 565 970 Germani
585 942 665 970 hodie
679 940 924 977 solemuslidedisse

134 979 253 1007 invicem
279 975 426 1005 salutantes
451 977 553 1005 clarum
579 985 612 1004 ex
646 977 696 1004 hoc
722 977 782 1004 loco
809 975 920 1002 Paulini.

134 1014 275 1041 Abeuntes
287 1020 336 1040 nos
349 1013 466 1039 solemus
478 1021 484 1038 :
501 1012 632 1040 faciebant
646 1011 736 1040 itidem
751 1011 862 1046 antiqui.
879 1010 923 1037 Vi-

123 1049 171 1093 ’de
182 1048 332 1084 Xenophon
347 1047 409 1082 Cyri
423 1046 495 1074 Pznd.
510 1047 556 1074 lib.
570 1055 587 1074 ν
601 1056 607 1073 :

260 1092 319 1118 Cum
331 1092 419 1117 inimus
427 1092 552 1116 amicitias.

136 1135 210 1163 idem
223 1134 373 1170 priscorum
385 1141 452 1161 mos.
467 1133 589 1161 Valerius
598 1132 708 1160 Flaccus
720 1131 766 1159 lib.
782 1140 800 1159 ιι
813 1141 819 1158 :

200 1181 232 1206 Ut
244 1181 320 1210 videt,
334 1181 385 1210 ipse
399 1180 461 1204 ultro
474 1181 565 1210 primus
574 1180 695 1211 procurrit
707 1179 737 1203 ad
747 1179 832 1209 undas,

201 1212 352 1266 rimaturque
363 1212 436 1241 viros,
448 1210 587 1242 dextraque
598 1210 726 1242 amplexus
737 1213 762 1234 et
774 1210 870 1234 intercus

215 1249 276 1273 nctpt
290 1261 296 1266 .

137 1283 284 1315 Btnrmus,
300 1282 445 1310 Adversar.
469 1281 650 1309 Commentar.
672 1281 718 1308 lib.
737 1289 798 1312 xxv,
815 1288 839 1308 c.
856 1280 884 1314 8,
897 1284 925 1308 et

138 1319 179 1345 ib.
198 1326 289 1351 vam,
304 1325 364 1351 cap.
381 1317 433 1344 ‘18:

175 1353 237 1380 Not.
252 1353 313 1379 267.
331 1351 443 1379 Lubente
461 1352 563 1379 blandis
575 1351 659 1378 classe
671 1359 775 1379 securus
793 1351 874 1378 vadis.
889 1367 925 1373 -

84 1398 85 1401 η
137 1388 185 1415 Sic
199 1396 248 1414 ms.
265 1388 364 1421 Regius
377 1387 462 1415 codex
480 1395 540 1415 cum
554 1387 596 1414 ed.
613 1387 693 1414 Rosv.
714 1386 752 1413 Ita
772 1386 925 1421 emendavi-

138 1431 201 1451 mus
214 1423 277 1450 olim
292 1420 326 1450 ex
340 1422 504 1456 conjectura.
527 1421 596 1450 Ante
607 1426 665 1449 erat
678 1420 812 1448 lambente.
824 1420 926 1449 Sumsit

138 1466 175 1486 ex
185 1458 294 1492 Virgilio
305 1466 350 1485 vm
360 1457 467 1485 xEneid.
479 1466 485 1484 :

202 1504 284 1539 939
294 1508 392 1534 Labitur
402 1512 473 1533 uncta
485 1508 549 1533 vadis
560 1508 640 1540 abies,
652 1508 770 1533 mirantur
779 1512 805 1533 et
814 1507 892 1533 undae.

139 1548 174 1576 Et
188 1549 234 1577 lib.
252 1549 284 1577 10
300 1558 307 1576 :

202 1595 300 1621 Labitur
310 1595 357 1620 alta
368 1602 454 1620 secans
464 1595 589 1627 ﬂuctuque
600 1599 711 1626 astulae
722 1595 840 1620 secundo.

140 1636 180 1664 Ex
178 1636 296 1699 meodelm
311 1640 353 1665 est
366 1637 463 1664 usitata
477 1637 564 1672 poetis
575 1636 686 1668 locutio,
700 1635 754 1663 Iter
767 1635 885 1669 secabat;
899 1641 929 1664 ut

140 1680 167 1699 VI
216 1680 257 1699 llel
281 1692 288 1698 .

140 1680 167 1699 VI
178 1680 288 1699 ﬂbilelu.

206 1717 250 1742 ille
261 1718 320 1743 viam
331 1720 398 1742 secat
409 1717 438 1742 ad
449 1724 532 1742 naves.

142 1770 210 1798 Duc.

178 1804 242 1832 Not.
257 1803 319 1832 268.
344 1804 378 1833 Ut
400 1813 460 1832 mox
476 1804 573 1831 salubri
596 1804 683 1831 barca.
698 1820 733 1825 —
751 1804 867 1832 Isidorus
881 1804 927 1831 lib.

140 1848 188 1869 XIX
208 1839 353 1873 Originum.
382 1848 442 1875 cap.
459 1840 472 1866 1
490 1849 496 1866 ;
514 1839 596 1875 Barca
619 1845 656 1866 est
674 1847 731 1875 quis
744 1845 835 1866 cuncta
857 1840 929 1866 navis

141 1876 297 1903 commercia
314 1876 348 1902 ad
361 1875 431 1902 littus
442 1879 536 1910 portat.
551 1874 625 1901 Hanc
640 1874 711 1901 nauis
724 1876 751 1901 in
766 1875 856 1910 pelago
870 1883 930 1910 pro—

141 1916 201 1945 pter
216 1911 308 1937 nimias
323 1911 407 1938 undas
421 1919 466 1937 suo
481 1910 585 1945 suscipit
604 1911 710 1945 gremio.
726 1910 771 1937 Sic
784 1910 931 1945 emendan-

141 1944 207 1974 dum
225 1953 258 1973 ex
272 1946 363 1973 codice
376 1953 425 1972 ms.
437 1944 547 1979 Collegii
557 1944 641 1972 nostri
653 1944 819 1973 Parisiensis.
830 1944 931 1972 Glossa:

142 1986 267 2009 veteres:
283 1982 405 2013 ‘Axa'mov,
421 1982 435 2009 ἠ
447 1981 539 2016 βάρκα,
557 1982 586 2008 τὸ
605 1980 710 2015 λέμϐος
726 1984 766 2008 est
778 1987 842 2016 ergo
856 1980 932 2016 parvi

142 2016 243 2049 navigii
257 2022 348 2050 genus,
364 2016 435 2051 quod
448 2014 534 2051 "antea
557 2014 683 2051 scapham
698 2014 932 2051 appellavitiliar-

143 2049 277 2079 cariorum
291 2049 383 2079 classis
397 2050 498 2078 mentio
513 2050 542 2077 iit
560 2051 588 2078 in
607 2050 705 2078 Notitia
717 2049 858 2084 utriusque
878 2049 931 2076 lm-

144 2087 223 2122 perii.
241 2085 305 2113 Duc.

182 2132 244 2159 Not.
270 2130 332 2159 269.
363 2131 463 2158 Virtute
490 2139 565 2158 cassa
589 2139 657 2158 mors
684 2131 741 2166 fuit.
756 2147 788 2151 —
803 2130 848 2158 Sic
871 2129 932 2158 Vir-

144 2167 226 2201 gilius
243 2176 249 2193 :

268 2212 325 2236 Cum
340 2213 407 2237 victis
417 2218 541 2236 certamen
554 2217 580 2236 et
591 2212 686 2236 aethere
698 2212 782 2239 cassis,

972 239 1035 259 cero
1045 232 1071 259 in
1086 232 1192 259 Arateis
1204 232 1237 259 de
1246 232 1427 267 Capricorno:

1031 276 1092 300 Tum
1103 275 1207 306 gelidum
1220 276 1296 300 valido
1306 277 1337 300 de
1350 279 1449 307 pectore
1461 275 1539 306 frigus
1552 275 1676 302 anhelans.

1006 317 1065 344 Not.
1081 318 1141 343 271.
1158 317 1230 344 Intra
1244 326 1323 348 mare,
1339 322 1363 345 et
1372 322 1444 345 exter
1454 318 1543 345 maris.
1554 318 1613 351 -Ί
1629 317 1756 346 Paulinus

971 358 1062 380 noster
1077 352 1169 379 Jonam
1185 358 1298 378 exierunt
1311 354 1388 380 maris
1400 353 1470 380 intra
1480 361 1551 380 mare
1564 353 1700 387 eleganter
1712 352 1755 380 (11-

971 388 1015 423 cit,
1028 387 1205 423 eamdemque
1226 395 1320 423 vocem
1347 393 1457 423 usurpat
1482 388 1508 415 in
1530 388 1624 416 eodem
1638 389 1761 417 carmine

971 422 1005 450 ad
1019 422 1173 457 Cytherium
1188 431 1213 448 v.
1230 422 1279 448 507
1294 432 1299 448 :

1034 469 1101 493 Nunc
1113 469 1158 493 iste
1170 469 1236 493 vobis
1246 472 1328 499 exter,
1343 473 1368 494 et
1378 472 1460 494 vester
1473 473 1562 495 manet.

972 510 1081 544 ibidem,
1096 519 1124 538 ν.
1139 510 1191 537 816
1207 520 1214 537 ;

1034 557 1090 582 Fuit
1101 562 1173 582 exter
1186 557 1281 589 Egypti
1293 556 1353 584 solo.

972 597 1004 624 Et
1015 598 1102 625 Natal.
1118 597 1134 625 8
1148 598 1176 626 S.
1192 598 1250 626 Fel.
1265 608 1272 626 :

1125 644 1174 669 Sed
1187 646 1292 669 moribus
1304 648 1383 670 exter.

972 684 1038 712 item
1052 685 1132 720 epist.
1147 685 1178 712 11
1195 686 1228 713 ad
1242 685 1380 720 Severum,
1395 694 1422 714 n.
1439 686 1457 713 5
1470 695 1479 715 :

1035 731 1111 756 Exter
1122 731 1236 756 fratribus
1248 733 1318 757 meis.

972 772 1072 808 Eadem
1091 773 1169 808 plane
1183 781 1243 808 vox,
1259 774 1392 807 reperitur
1409 773 1480 808 apud
1494 773 1687 808 Tertullianum
1700 781 1758 801 carh

973 807 1044 835 mine
1057 807 1091 835 de
1100 807 1168 835 .Iona
1182 812 1209 835 et
1222 807 1316 835 Ninive
1329 816 1338 841 ;
1351 809 1389 836 sic
1405 807 1476 836 enim
1491 809 1525 836 de
1535 807 1604 836 Jona
1617 809 1735 844 loquitur
1750 817 1759 835 ι

1126 852 1212 884 Neque
1221 853 1308 877 tinctus
1319 854 1396 884 aquis,
1411 854 1484 878 maris
1495 854 1592 878 intimus
1603 857 1686 878 exter.

938 883 960 912 Β
972 894 1032 928 Vel,
1048 897 1077 921 ut
1091 894 1180 929 placet
1194 892 1316 929 Philippo
1331 883 1460 928 Roberto,

1127 939 1198 963 Maris
1210 939 1272 963 inter
1282 943 1309 964 et
1319 942 1399 964 exter.

1008 979 1070 1006 Not.
1085 979 1146 1006 272.
1162 979 1336 1007 Fraterm'tas.
1352 996 1387 1001 —
1397 979 1603 1007 Fraternitatem
1618 980 1662 1008 hic
1681 981 1759 1008 intel-

974 1014 1024 1048 ligo
1039 1023 1091 1041 non
1115 1015 1202 1051 unius,
1226 1021 1253 1041 ut
1268 1015 1345 1049 epist.
1374 1015 1416 1047 35,
1440 1014 1552 1042 Obsecro
1574 1016 1763 1051 fraternitatem

977 1054 1065 1085 natm;
1082 1051 1127 1076 sed
1142 1050 1266 1084 plurium,
1281 1050 1331 1077 hoc
1342 1055 1382 1077 est
1396 1051 1505 1076 fratrum
1517 1054 1625 1083 cretum,
1640 1055 1668 1078 lit
1680 1052 1760 1085 epist.

977 1084 1004 1113 5.
1020 1084 1229 1111 Fraternitatem/
1253 1094 1267 1111 e
1281 1087 1432 1112 monac/tam
1445 1085 1527 1112 soluto
1541 1087 1610 1146 {orre
1622 1084 1762 1112 dislettdat.

977 1119 1149 1146 llieronvmus
1163 1121 1196 1146 ad
1220 1094 1402 1146 ’l'lieonhvlnm
1422 1120 1500 1146 enist.
1521 1120 1538 1146 3
1567 1142 1575 1146 .
1591 1120 1625 1146 Te
1643 1121 1762 1146 universa

974 1119 1149 1154 Hieronymus
1163 1121 1196 1146 ad
1220 1119 1402 1154 Theophylnm
1422 1120 1500 1154 epist.
1521 1119 1552 1147 31
1567 1142 1575 1154 ,
1591 1120 1625 1147 Te
1643 1121 1762 1147 universa

975 1128 1149 1154 niermtyntus
1163 1128 1196 1146 au
1226 1128 1402 1154 tneopnvtnln
1422 1128 1437 1147 e
1457 1128 1500 1147 tst.
1521 1128 1552 1147 ot
1567 1142 1575 1154 ,
1592 1128 1625 1147 le
1643 1128 1762 1147 uniuersa

975 1155 1283 1195 [νᾳιίςηξὶιιξῖδιιρρίἱίτί[εν
1298 1151 1402 1195 salutat.
1418 1128 1492 1195 ltliant
1503 1159 1544 1182 est
1562 1155 1633 1190 quod
1648 1155 1674 1195 iit
1689 1156 1762 1182 calcn

975 1164 1122 1193 jrutcrmms
1138 1164 1283 1214 διῗριιίῖιιεν
1298 1164 1402 1181 δηιιιιίιι.
1418 1164 1489 1182 luem
1503 1164 1544 1182 est
1562 1164 1633 1190 quoa
1648 1164 1674 1182 tn
1689 1164 1762 1182 calctt

975 1189 1093 1222 CpiSlOliD
1105 1189 1147 1220 32,
1189 1195 1268 1216 ratrcs
1283 1191 1324 1224 qui
1340 1191 1469 1217 nobiscum
1484 1191 1511 1217 in
1525 1191 1681 1217 monasterio
1691 1195 1764 1224 sunt,

976 1230 998 1250 te
1012 1224 1135 1250 salutant.
1150 1224 1213 1251 Duc.

1010 1258 1070 1295 Not.
1095 1258 1156 1285 275.
1186 1259 1290 1295 Exigua
1304 1260 1412 1295 largus.
1431 1274 1466 1279 —
1482 1259 1532 1288 Hic
1553 1267 1660 1295 quoque
1686 1260 1765 1288 locus

974 1293 1190 1320 emendationem
1204 1293 1403 1329 exconjectura
1418 1295 1533 1327 admisit,
1545 1293 1605 1323 cum
1616 1293 1680 1322 ante
1692 1298 1765 1323 esset

974 1328 1072 1363 largos,
1085 1332 1114 1355 ut
1126 1333 1154 1355 et
1168 1330 1299 1356 sententia
1314 1330 1348 1356 sit
1359 1330 1524 1362 concinnior,
1538 1334 1566 1357 et
1580 1331 1624 1357 lex
1637 1330 1764 1358 carminis

974 1363 1093 1390 sanctius
1107 1363 1272 1391 observetur.
1289 1363 1388 1391 Sensus
1411 1369 1460 1397 est,
1481 1365 1504 1392 si
1527 1364 1596 1392 forte
1617 1373 1714 1392 munus
1727 1366 1763 1392 sit

974 1398 1111 1435 exiguum,
1124 1398 1367 1435 allectuslargitate
1375 1403 1569 1435 compensatur
1579 1399 1637 1435 ejus
1646 1400 1764 1427 exilitas.

974 1432 1068 1460 Simile
1082 1433 1148 1461 illud
1157 1433 1191 1461 de
1204 1432 1295 1466 vidua,
1307 1433 1392 1460 Natali
1405 1435 1421 1460 ti
1436 1443 1442 1460 :

1021 1480 1097 1509 Quam
1109 1479 1177 1504 Deus
1187 1486 1201 1504 e
1214 1480 1295 1510 pretio
1303 1479 1394 1504 mentis
1405 1486 1452 1504 non
1465 1486 1566 1504 munere
1578 1486 1693 1504 cernens.

976 1520 1042 1548 Duc.

941 1564 963 1595 ρ
1014 1556 1076 1595 Not.
1100 1555 1162 1582 274.
1178 1555 1692 1595 _At‘ara_mendica_bula.—Gyrovagos
1705 1564 1765 1584 mo~

981 1591 1082 1618 nachos
1096 1591 1202 1625 egregie
1216 1591 1258 1618 hic
1273 1590 1391 1626 depingit
1411 1590 1547 1623 Paulinus,
1564 1590 1611 1626 qui
1625 1590 1764 1619 monaste-

1291 1598 1306 1618 e

981 1597 1082 1618 ﬂaCDOS
1096 1597 1202 1625 egregie
1216 1597 1258 1618 nic
1273 1597 1391 1652 Oe‘fnnglt
1411 1597 1547 1623 Paulinus,
1567 1599 1611 1626 qui
1625 1597 1764 1619 monaste-

964 1627 1026 1662 .riis
1038 1626 1093 1653 suis
1107 1625 1219 1658 relictis,
1236 1633 1284 1660 per
1316 1626 1414 1662 iversas
1427 1626 1517 1662 cellas,
1539 1627 1628 1654 nescio
1642 1634 1693 1662 qua
1708 1627 1766 1662 pie-

980 1661 1045 1701 tatis
1054 1668 1123 1701 vana
1136 1661 1235 1701 specie,
1251 1661 1426 1701 vagabantur,
1445 1660 1478 1688 de
1496 1662 1592 1696 quibus
1613 1660 1766 1701 ita‘Regula

980 1696 1009 1723 S.
1026 1695 1173 1732 Benedicti,
1199 1703 1259 1730 cap.
1277 1696 1311 1722 l:
1328 1695 1452 1727 Quartum
1476 1695 1554 1732 genus
1572 1702 1610 1724 est
1631 1697 1767 1723 monacho-

980 1739 1045 1762 rum,
1057 1730 1124 1765 quod
1136 1731 1283 1757 nominatur
1291 1739 1446 1766 gyrovagum
1459 1730 1522 1765 {qui
1537 1736 1588 1758 tota
1602 1732 1652 1758 vita
1663 1740 1709 1758 sua
1719 1737 1766 1765 per

981 1766 1228 1801 diversorumrcellas
1245 1765 1418 1800 hospitentur,
1439 1774 1538 1800 semper
1556 1767 1624 1801 uagi,
1643 1770 1674 1801 et,
1691 1773 1766 1792 nunt-

980 1808 1056 1835 quam
1070 1799 1247 1836 stabilemetc.
1263 1801 1351 1836 Agunt
1362 1800 1395 1836 de
1408 1799 1691 1836 ejusmbdigyrovagis
1701 1807 1767 1835 pra:-

980 1834 1053 1862 terea
1070 1834 1169 1868 Regula
1180 1834 1309 1868 Magistri,
1329 1842 1354 1861 c.
1371 1834 1384 1861 1
1398 1843 1405 1867 ;
1421 1834 1515 1862 Petrus
1539 1834 1659 1862 Damia'u.
1677 1834 1722 1862 liii.
1737 1843 1766 1866 ν,

980 1870 1058 1904 epist.
1074 1869 1106 1902 9;
1129 1869 1158 1896 S.
1177 1869 1327 1896 Bernartius
1344 1876 1386 1904 ep.
1415 1869 1469 1901 68;
1485 1868 1543 1910 0_do
1560 1870 1678 1910 Cluniae.
1695 1870 1741 1897 lib.
1756 1878 1767 1898 I

980 1904 1097 1932 Collat..
1112 1912 1170 1932 can.
1194 1903 1247 1932 23:
1271 1903 1376 1931 Statuta
1401 1903 1521 1932 Huaoms
1546 1905 1678 1932 Cluniae.
1703 1910 1764 1932 nati.

982 1905 1097 1937 Collat.,
1194 1905 1247 1936 23;
1271 1905 1376 1931 Statuta
1401 1905 1521 1967 llugonis
1546 1905 1678 1937 Cluniae,
1703 1910 1764 1966 pati.

982 1939 1123 2001 sig-5,58%:
1137 1947 1260 2001 11,ιιῗῗηυε
1270 1939 1392 1972 CANGIUS,
1404 1947 1430 1966 in
1465 1937 1560 1968 lossar.
1572 1939 1643 1972 Lat.,
1658 1940 1741 1967 tom.l
1756 1961 1770 1974 ν

1001 1982 1043 2005 ag.
1059 1982 1121 2005 060,
1137 1982 1164 2001 11.
1177 1982 1203 2000 1.

982 1982 1043 2037 pag.
1059 1982 1121 2005 uso,
1137 1982 1164 2001 n.
1177 1982 1203 2000 ι.

1040 2013 1078 2037 οι.
1094 2008 1155 2036 275.
1171 2008 1366 2036 Centumcellas.
1381 2026 1394 2030 -
1404 2026 1416 2030 -
1428 2009 1466 2037 lta
1486 2018 1537 2038 ms.
1556 2009 1640 2038 codex
1660 2008 1691 2037 P.
1706 2017 1768 2038 cum

982 2049 1045 2072 ante
1058 2048 1135 2081 esset
1147 2043 1335 2071 Centumcellis.
1350 2061 1385 2065 —
1398 2044 1569 2081 Correctores
1591 2044 1704 2081 fortasse
1722 2049 1766 2081 ty-

982 2079 1137 2115 pographici
1148 2087 1239 2106 casum
1248 2082 1393 2115 mutarunt,
1402 2080 1473 2114 quod
1482 2081 1636 2114 ignorarent
1642 2079 1767 2107 usitatam

983 2087 1137 2141 pograppici
1148 2087 1239 2106 casum
1248 2087 1393 2113 mutarunt,
1402 2087 1473 2114 quod
1482 2087 1636 2114 ignorarent
1642 2087 1767 2107 usuatam

983 2116 1068 2142 autori
1091 2122 1121 2142 us
1136 2114 1205 2141 illius
1227 2114 1277 2141 aevi
1303 2114 1476 2147 locutionem,
1498 2116 1543 2149 qui
1567 2123 1768 2149 nonnumquam

983 2157 1031 2185 per
1045 2154 1179 2185 quartum,
1192 2157 1396 2185 nonnumquam
1416 2158 1463 2184 per
1484 2154 1589 2177 sextum
1610 2157 1700 2177 casum
1719 2157 1770 2178 no-

984 2184 1056 2212 inina
1071 2184 1175 2211 urbium
1190 2184 1384 2212 indeclinabilia
1407 2185 1593 2216 enuntiabant,
1611 2190 1641 2212 ut
1654 2185 1704 2212 viri
1717 2185 1769 2212 do-

984 2220 1020 2247 cti
1044 2227 1128 2253 nuper
1151 2219 1336 2254 observarunt.
1356 2219 1401 2246 Sic
1424 2220 1494 2254 apud
1514 2219 1671 2247 Frontinum
1691 2219 1769 2247 Colo-

147 2262 175 2282 xt
190 2251 295 2290 )Eneid.
317 2253 373 2281 Non
392 2254 480 2281 minus
498 2257 587 2281 tamen
609 2253 702 2290 [:atina
716 2254 834 2285 σύνταξις
847 2253 925 2290 alter:

984 2256 1028 2282 nia
1048 2251 1137 2290 Veros,
1156 2253 1427 2290 Coloniarcrariscos,
1442 2251 1567 2290 Caninos
1589 2260 1614 2281 et
1634 2254 1769 2290 Aquinas:

146 2290 221 2316 vocis
234 2289 321 2323 hujus,
334 2297 414 2323 quam
429 2290 537 2316 exhibet
550 2297 600 2316 ms.
616 2288 658 2321 P.,
674 2289 747 2316 Mors
761 2296 836 2314 cassa
849 2289 931 2315 virtu-

146 2325 179 2351 tis
193 2325 252 2360 fuit.
268 2323 312 2351 Sic
326 2325 398 2352 enim
408 2323 509 2352 Statius
522 2333 549 2351 1x
564 2324 704 2357 Thebaid,
720 2332 745 2351 v.
766 2323 817 2350 629
832 2332 838 2350 τ

210 2369 256 2394 llei
267 2370 324 2395 mihi
340 2376 383 2395 cur
394 2371 492 2402 penitus
504 2371 598 2403 simque
610 2376 689 2401 augur
699 2376 766 2395 cassa
781 2368 866 2394 futuri.

146 2410 215 2439 Duc.

182 2456 245 2484 Not.
260 2456 322 2484 270.
338 2457 449 2493 Somne}
467 2456 605 2484 anhelabat
616 2465 714 2493 graves.
732 2471 768 2476 —
780 2455 795 2491 Ἰ
808 2454 935 2493 Anhelans

146 2498 208 2519 cum
223 2496 318 2525 quarto
329 2499 403 2526 casu,
428 2492 539 2520 Paulino
559 2491 700 2519 com'mune
717 2499 778 2519 cum
799 2491 934 2519 veteribus

148 2527 246 2562 poetis.
262 2526 420 2555 Prudentius
431 2527 576 2563 Apotheos.
592 2535 618 2555 ν.
633 2526 685 2554 685
699 2536 706 2553 :

319 2572 371 2597 Nec
380 2573 478 2598 ﬂuctum
493 2579 592 2604 semper
600 2573 707 2598 anhelat.

149 2612 227 2646 lbid.,
241 2621 267 2640 v.
284 2612 336 2640 9‘25
349 2623 356 2640 :

213 2659 375 2714 ξξὲἓίὲξῧοραε
384 2664 470 2685 natura
479 2666 558 2691 suum,
569 2660 633 2690 quod
645 2659 743 2691 parvula
753 2659 872 2685 anhelent

151 2730 185 2758 Et
196 2731 315 2766 ejusdem
328 2731 474 2767 Apotheos.
490 2740 515 2760 v.
532 2731 583 2759 845
596 2740 603 2758 :

214 2776 282 2801 Nunc
293 2777 375 2801 ﬂatum
388 2780 495 2808 lepidum
507 2778 570 2802 calor
583 2777 709 2802 exhalatus
719 2776 826 2802 anhelat.

153 2816 240 2846 Statio
256 2817 340 2846 Theb.
353 2826 380 2845 ιι
391 2827 397 2833 ·

214 2863 328 2894 anpiter

216 2895 331 2926 Phlegra:
343 2894 443 2921 laxatus
458 2895 554 2922 anhelat
565 2897 655 2929 prelis.

988 2296 1016 2330 el.
1029 2290 1098 2330 apud
1113 2289 1254 2330 Vopiscum
1270 2289 1295 2316 in
1310 2289 1368 2315 Vita
1381 2289 1461 2330 Probi
1476 2298 1485 2330 ε
1504 2289 1589 2330 Copto-
1602 2289 1725 2330 praeterea
1745 2294 1772 2330 et

989 2325 1152 2352 Ptolemaide
1165 2323 1249 2357 urbes,
1264 2329 1364 2359 ereptas
1378 2323 1512 2351 barbarico
1525 2323 1643 2356 seruitio;
1658 2329 1686 2351 et
1700 2325 1771 2359 apud

987 2360 1143 2421 dFrontgium
1167 2366 1257 2386 rursus
1273 2368 1280 2385 :
1303 2359 1417 2387 Puteolis
1436 2359 1556 2392 colonia,
1575 2359 1677 2386 Fundis
1698 2360 1772 2395 oppi-

1007 2403 1059 2421 um.
1094 2402 1137 2421 uc.

1007 2403 1059 2422 um.
1072 2402 1137 2421 DUC.

1076 2430 1104 2464 ο
1116 2429 1177 2464 Not.
1190 2428 1252 2464 276.
1268 2429 1348 2457 Pares
1364 2430 1392 2457 in
1404 2437 1493 2456 unum.
1505 2445 1540 2450 ——
1552 2429 1649 2457 Allusit
1660 2429 1693 2457 ad
1707 2429 1772 2458 illud

986 2464 1009 2492 ll
1021 2463 1132 2496 Coi-(tv,
1146 2463 1177 2490 14
1194 2473 1201 2491 :
1218 2463 1282 2496 Qute
1296 2466 1402 2492 societas
1418 2465 1468 2491 luci
1486 2465 1520 2491 ad
1534 2465 1668 2492 tenebras?
1685 2469 1714 2492 et
1725 2464 1773 2493 Ec-

986 2499 1126 2537 clesiastici
1141 2507 1197 2532 Xlll,
1216 2499 1311 2537 2|.4Tt
1329 2503 1473 2537 ηριγῳνήσιι
1490 2501 1564 2530 λύκος
1582 2500 1676 2537 dum}?
1691 2500 1773 2530 οὕτως

986 2535 1133 2572 ἆμαρῖωᾉὸς
1147 2539 1183 2569 τῷ
1204 2535 1310 2572 tamen.
1331 2533 1399 2572 Quid
1411 2533 1613 2572 communicabit
1629 2533 1703 2570 lupus
1716 2543 1773 2572 cum

987 2569 1071 2605 agno?
1083 2570 1119 2596 sic
1132 2574 1250 2604 peccator
1263 2570 1297 2596 ad
1311 2570 1389 2605 pium.
1406 2569 1506 2602 Quibus
1524 2571 1629 2605 gemina
1651 2575 1713 2598 sunt
1728 2569 1772 2597 illa

988 2604 1057 2639 apud
1070 2605 1182 2638 gentiles
1198 2613 1204 2630 :
1220 2604 1314 2631 Horat.
1330 2604 1414 2639 Epod.
1429 2613 1454 2633 Iv
1469 2615 1475 2631 :

988 2613 1057 2639 apuu
1070 2613 1182 2638 gentiles
1198 2613 1204 2630 ζ
1220 2613 1314 2631 Πολ-ει.
1330 2613 1414 2640 npou.
1429 2613 1454 2633 IV
1469 2615 1475 2631 Σ

1048 2650 1122 2682 Lupis
1133 2654 1159 2675 et
1171 2651 1240 2680 agnis
1249 2654 1338 2682 quanta
1350 2652 1436 2676 sortito
1448 2652 1542 2682 obtigit,

1048 2681 1139 2706 Tecum
1152 2682 1209 2705 mini
1219 2681 1338 2706 discordia
1350 2686 1398 2707 est.

987 2722 1118 2750 Homerus
1131 2722 1207 2750 lliad.
1219 2733 1241 2758 χ
1255 2731 1262 2749 :

1058 2768 1122 2796 οὐδὲ
1136 2769 1204 2795 λύκοι
1216 2779 1242 2795 τε
1254 2770 1294 2796 καὶ
1306 2768 1378 2806 ἄρνες
1392 2770 1513 2807 ὁμόφρονα
1524 2770 1601 2804 θυμὸν
1614 2767 1734 2805 ἔχουσιν.

1048 2816 1135 2847 Neque
1147 2815 1196 2847 lupi
1209 2819 1234 2841 et
1246 2818 1301 2847 agni
1312 2817 1455 2841 concordem
1467 2817 1572 2841 animum
1583 2816 1684 2841 habent.

987 2862 1024 2889 et.
1038 2860 1096 2894 "plu
1111 2868 1149 2894 κεν
1160 2858 1233 2894 λύκος
1246 2856 1507 2894 ηἷνγύμῗεναιοῖκΑῃζε
1525 2857 1599 2894 lupus
1615 2857 1663 2884 sibi
1677 2856 1778 2894 fulget

987 2892 1068 2921 cum.
1081 2892 1273 2928 Aristophanes
1288 2893 1313 2919 in
1328 2893 1405 2921 Pace.
1421 2893 1474 2921 Sed
1490 2892 1559 2921 istud
1578 2893 1610 2922 dc
1624 2893 1729 2923 alitibus
1741 2892 1770 2918 in
