4058 6186
544 322 733 416 ετξ-ιθ

1620 355 1957 412 APPENDIX
1992 354 2271 413 OPERUM
2312 355 2369 412 S.
2412 354 2702 414 PAULINI.

3650 357 3747 411 928

543 489 637 528 nec
666 473 816 544 facile
835 471 901 544 ab
927 472 1004 527 his
1043 471 1486 544 perniciosissimis
1523 478 1573 544 et
1611 470 2105 544 tamqtgetustissimis
2134 471 2184 530 Α
2279 466 2555 544 N_ot.§18.
2583 470 2801 544 Agmina
2841 466 3485 544 concharum._—Con£ha,
3506 483 3597 521 vas
3615 472 3750 544 aquis

543 540 964 612 voluptatibus'se
993 540 1195 612 pessent
1217 540 1485 604 abstinere,
1523 542 1683 612 visum
1713 541 1870 611 fuisse
1892 541 2105 610 majori-

545 612 637 668 bus
660 611 864 675 nostris,
883 622 934 665 ut
950 614 1063 665 huic
1084 612 1398 680 inﬁrmitatis
1419 612 1551 679 parti
1567 611 1769 663 interim
1783 622 2103 680 parceretur;

545 685 750 755 diesque
780 685 934 753 festos
961 691 1072 753 post
1101 697 1186 735 eos
1211 698 1333 749 quos
1364 680 1899 755 relinquebant,__alios
2012 681 2104 755 ho-

545 752 723 811 norem
750 752 1036 806 sanctorum
1068 759 1350 821 martyrum
1372 754 1447 802 vel
1487 767 1586 802 non
1615 752 1770 821 simili
1812 752 2102 820 sacrilegio,

547 824 955 896 quamvissimili
983 824 1127 887 luxu,
1171 820 1521 896 celebrarent:
1545 821 1655 888 jam
1684 820 1873 896 Christi
1902 822 2106 896 nomine

545 890 837 963 eonligatis,
884 901 931 945 et
973 899 1129 944 tanta:
1157 891 1445 963 autoritatis
1467 890 1835 963 jugoqsubditis
1857 890 2106 943 salutaria

542 959 836 1021 sobrietatis
865 971 1117 1032 praecepta
1149 961 1486 1032 traderentur,
1535 959 1712 1029 quibus
1749 961 1861 1029 jam
1901 970 2105 1032 propter

544 1030 884 1106 prwcipientis
924 1032 1164 1106 honorem
1211 1048 1270 1083 ac
1303 1031 1532 1082 timorem
1567 1031 1798 1106 resistere
1822 1046 1924 1082 non
1966 1030 2103 1106 vale-

545 1099 951 1172 rent;‘quocirca
973 1102 1085 1171 jam
1114 1111 1305 1172 tempus
1335 1116 1466 1172 esse,
1513 1102 1696 1172 utqui
1718 1116 1821 1152 non
1846 1116 1898 1152 se
1917 1099 2107 1172 audent

542 1167 738 1241 negare
755 1167 1091 1233 Christianos,
1115 1167 1391 1222 secundum
1406 1167 1593 1241 Christi
1618 1167 1925 1222 voluntatem
1944 1171 2106 1221 vivere

543 1238 812 1311 ineipiunt,
844 1250 899 1294 ut
926 1258 987 1293 ea
1007 1256 1118 1310 qua:
1138 1249 1189 1292 ut
1211 1250 1376 1293 essent
1398 1238 1676 1292 Christiani
1697 1254 1937 1292 concessa
1962 1247 2101 1302 sunt,

544 1309 660 1363 cum
688 1309 964 1365 Christiani
992 1309 1130 1371 sunt,
1162 1319 1480 1375 respuantur.

615 1379 764 1434 Hanc
792 1381 958 1449 ipsam
987 1380 1055 1434 ob
1082 1394 1294 1434 causam
1333 1377 1618 1449 Gregorius
1656 1378 2103 1446 Thaumaturgus,

546 1455 687 1504 teste
708 1447 830 1520 vitae
862 1450 1026 1518 ipsius
1068 1449 1327 1517 scriptore
1355 1447 1615 1515 Gregorio
1643 1449 1900 1520 Nysseno,
1941 1449 2102 1520 insti-

548 1520 683 1589 tutis,
704 1519 757 1572 in
787 1519 1043 1573 honorem
1073 1518 1702 1589 sanctorummartyruru
1720 1518 2099 1589 dicbus_festis,

546 1587 763 1642 indulsit
806 1597 867 1643 ut
909 1603 1028 1643 sese
1074 1588 1125 1641 in
1175 1588 1239 1641 iis
1281 1586 1461 1642 ﬁdeles
1489 1586 1871 1642 eihilararent.
1903 1586 2102 1642 Eodem

544 1658 769 1713 consilio
796 1657 1056 1713 adductus
1082 1666 1165 1711 est
1191 1658 1476 1723 Gregorius
1504 1657 1543 1711 Ι.
1574 1657 1676 1711 ΡΡ.
1707 1666 1763 1710 ut
1791 1658 1903 1711 hzec
1932 1658 1982 1711 in
2007 1658 2098 1711 lib.

546 1742 599 1781 ιχ
632 1728 855 1797 Regist.,
888 1729 1043 1797 epist.
1077 1728 1162 1791 71,
1190 1727 1411 1797 Mellito
1440 1728 1615 1782 abbati
1644 1726 1953 1780 Brittaniam
1976 1742 2102 1795 per-

545 1799 689 1865 genti
716 1796 1111 1852 commendaret
1138 1816 1149 1849 :
1179 1796 1249 1849 Et
1276 1799 1393 1868 quia
1423 1799 1567 1851 boves
1586 1799 1747 1851 solent
1776 1798 1827 1850 in
1848 1798 2103 1866 sacri/icio

545 1868 834 1921 dtemonum
861 1868 1045 1922 multos
1074 1868 1317 1927 occidere,
1352 1868 1496 1920 debet
1527 1869 1597 1921 eis
1628 1870 1782 1921 etiam
1822 1868 1916 1920 hac
1958 1868 2022 1919 de
2049 1884 2105 1919 re

546 1937 823 1991 solennitas
852 1938 1131 2001 immutari,
1172 1947 1227 1989 ut
1255 1938 1335 1990 die
1361 1938 1713 1995 dedicationis,
1747 1938 1823 1990 vel
1853 1937 2104 1990 natalitiis

545 2016 836 2078 sanctorum
879 2017 1157 2078 martyrum
1278 2008 1529 2078 religiosis
1558 2008 1794 2061 conviviis
1822 2007 2104 2060 solennita-

545 2084 646 2129 tem
673 2077 921 2131 celebrent
969 2077 1027 2130 ..ζ
1071 2087 1125 2133 ut
1157 2078 1277 2129 dum
1322 2078 1395 2129 eis
1442 2077 1616 2146 aliqua
1647 2079 1869 2130 exterius
1915 2078 2105 2148 gaudia

545 2155 892 2218 reservantur,
940 2148 1009 2218 ad
1052 2148 1307 2218 interiora
1344 2147 1534 2218 gaudia
1572 2150 1858 2201 consentire
1903 2147 2106 2218 [acrlius

545 2217 766 2269 valeant.
792 2215 897 2270 Sed
927 2216 1250 2284 Augustinus
1277 2215 1703 2270 S.'Ambrosium
1733 2215 1911 2271 laudat
1938 2218 1989 2270 in
2012 2217 2101 2271 lib.

548 2301 597 2339 νι
621 2286 1046 2347 Confessionum,
1079 2302 1127 2340 c.
1153 2286 1203 2350 2,
1234 2284 1379 2354 quod
1409 2286 1691 2340 Mediolani
1720 2288 1868 2341 cibos
1897 2287 1962 2339 ad
1981 2302 2107 2339 san-

544 2362 753 2409 ctorum
780 2357 1064 2410 memorias
1087 2355 1262 2410 allerri
1293 2357 1538 2419 vetuerit,
1572 2366 1629 2409 ut
1658 2374 1720 2410 ne
1758 2358 1865 2409 ulla
1906 2358 2108 2411 occasio

543 2439 598 2477 se
626 2426 979 2496 ingurgitandi
1006 2427 1214 2480 daretur
1235 2426 1467 2489 ebriosis,
1499 2437 1546 2479 et
1575 2428 1693 2496 quia
1720 2427 1810 2479 illa
1839 2427 2107 2496 quasiqu-

544 2494 763 2567 [eittalia
782 2494 1135 2567 superstitioni
1181 2497 1444 2567 gentilium
1483 2494 1649 2550 essent
1678 2496 1958 2549 simillima.
1990 2494 2105 2550 RR.

548 2560 651 2616 PP.
683 2560 1027 2619 Benedictini.

620 2632 747 2687 Vide
775 2634 1112 2688 Ambrosium
1141 2633 1207 2688 de
1234 2632 1346 2686 Elia
1375 2641 1429 2688 et
1456 2632 1687 2701 Jejunio,
1719 2650 1766 2690 c.
1807 2634 1888 2700 17,
1918 2644 1972 2690 et
1992 2636 2105 2691 Au-

545 2704 814 2771 gustinum
845 2718 1003 2757 serm.
1035 2705 1100 2757 de
1126 2703 1357 2757 Diversis
1386 2703 1418 2756 5
1447 2713 1501 2757 et
1528 2704 1647 2757 101.

617 2771 737 2825 Not.
768 2772 890 2826 514.
914 2773 1072 2843 Aqua:
1092 2782 1308 2827 cwcator
1328 2774 1555 2828 Amalec.
1588 2807 1653 2815 —
1687 2774 1909 2841 Attingit
1935 2775 2106 2829 histo-

544 2840 699 2906 riam,
728 2857 845 2911 qum
877 2840 1121 2897 narratur
1140 2843 1332 2897 Genes.
1366 2860 1507 2908 xxvi,
1541 2843 1641 2897 14:
1678 2840 1966 2898 Invidentes
1997 2844 2107 2899 Pa-

546 2911 757 2985 lajstini,
788 2930 961 2967 omnes
990 2924 1182 2983 puteos,
1216 2930 1339 2985 quos
1370 2914 1605 2984 foderant
1626 2917 1752 2967 servi
1781 2916 1941 2984 patris
1972 2916 2108 2968 illius

545 2980 807 3055 ﬁbra/tam
832 2984 919 3037 illo
950 2980 1190 3054 tempore,
1224 2980 1602 3048 obstruxerunt,
1639 2980 1905 3055 implentes
1935 2985 2104 3038 humo.

548 3049 687 3105 LXX
724 3052 970 3130 dinrunt
1019 3049 1297 3130 ἐῦἐφραξαν-
1324 3058 1533 3130 gpéara.
1567 3049 1900 3130 -Escmcandi
1946 3055 2107 3130 verbo

545 3137 670 3196 usus
696 3132 777 3177 est
799 3122 1068 3192 Paulinus,
1087 3122 1143 3178 u't
1164 3124 1301 3194 apud
1316 3122 1530 3180 G'nccos
1551 3124 1743 3181 dicitur
1756 3127 1910 3196 τυφλὴ
1934 3125 2104 3196 uitiati,

545 3190 662 3268 lons
713 3208 818 3247 non
873 3190 1160 3268 apparens;
1200 3190 1541 3268 ὶυῴοήμενκι
1588 3200 1765 3268 πηγαί,
1801 3190 1931 3268 quin
1978 3195 2108 3268 ﬁunt
2136 3194 2180 3257 C

542 3264 742 3333 τυφλαὶ,
773 3272 826 3316 et
854 3266 1224 3329 obscurantur,
1255 3280 1348 3333 seu
1380 3264 1701 3327 inarescunt,
1732 3264 1818 3318 vel
1838 3264 1986 3319 alios
2013 3266 2110 3319 sub

546 3331 688 3385 terra
720 3341 927 3386 meatus
954 3342 1216 3401 qumrunt.
1250 3331 1464 3387 Ovidius
1493 3350 1545 3387 tv
1571 3334 1638 3389 de
1663 3334 1843 3399 Pont.,
1869 3335 2004 3403 eleg.
2038 3334 2108 3389 2:

671 3419 867 3467 Scilicet
888 3427 940 3468 ut
964 3420 1104 3468 limus
1128 3434 1273 3469 Venas
1299 3430 1513 3471 excreat
1538 3424 1585 3471 in
1606 3424 1761 3473 undis.

543 3498 651 3555 Sed
679 3500 939 3571 ejusmodi
967 3518 1182 3572 passum
1210 3520 1327 3559 esse
1355 3504 1600 3571 injuriam
1630 3505 1793 3572 Isaac,
1817 3506 1945 3562 dicit
1966 3507 2112 3563 Scri-

543 3579 719 3695 mra,
746 3587 865 3627 eum
895 3572 1253 3629 diversaretur
1287 3575 1429 3644 apud
1457 3576 1765 3630 Abimelech
1810 3593 1990 3646 regem
2013 3577 2115 3632 Pa-

639 3643 868 3695 linorum
907 3644 959 3695 in
989 3642 1220 3695 Geraris.
1254 3661 1361 3695 non
1400 3645 1467 3695 ab
1506 3644 1811 3695 Amalecitis
1839 3658 2109 3695 vexatum-

639 3643 868 3717 tinorum
907 3642 1220 3717 inCeraris,
1254 3642 1361 3700 non
1400 3645 1467 3717 ab
1506 3644 1811 3717 Amalecitis
1839 3642 2111 3717 vexatum,

544 3711 637 3781 qui
667 3714 853 3781 procul
880 3729 907 3767 a
933 3713 1357 3770 Philisthmorum
1398 3715 1589 3771 tinibus
1618 3716 1948 3773 habitabant.
1981 3711 2113 3773 Nam

545 3788 605 3835 ut
626 3790 788 3857 autor
821 3791 901 3838 est
926 3782 1188 3855 Iosephus
1213 3786 1303 3840 lib.
1339 3802 1392 3841 Ill
1433 3786 1635 3856 Antiq.,
1674 3802 1792 3857 cap.
1818 3787 1853 3840 2
1883 3806 1895 3840 :
1937 3792 1995 3843 oi
2022 3796 2113 3848 τήν

542 3853 911 3931 Γρϐολίῖζιν-κὲὶ
936 3862 1035 3931 τήν-
1053 3853 1239 3931 ῌέτραν
1260 3853 1603 3931 narrauerint}
1625 3853 2112 3931 κᾳλοῖινςαιᾊμαλη-

541 3930 700 3997 aii-rat.
733 3922 831 3986 Qui
854 3922 1193 3981 Cobolitidein
1221 3928 1476 3997 regionem
1515 3936 1565 3980 et
1594 3928 1767 3981 urbem
1782 3922 2001 3997 Petram
2028 3931 2112 3982 in-

540 3991 734 4065 colunt,
750 3991 1315 4051 vocanturAmalecitaE.
1340 3997 1524 4065 Itaque
1546 3997 1751 4051 Arabia:
1767 3996 1984 4053 Petram
2002 3999 2115 4054 sive

544 4057 785 4116 ldummte
808 4065 1071 4119 inferioris
1097 4067 1282 4120 incola:
1310 4057 1461 4118 erant
1488 4066 1809 4120 Amalecitaa.
1829 4066 1978 4122 Unde
1993 4069 2115 4123 Ilie-

543 4145 665 4184 ron.
697 4133 749 4186 in
782 4132 983 4187 Tradit.
1010 4134 1255 4189 Hebraic.
1288 4134 1330 4190 Il
1362 4134 1491 4202 Reg.
1529 4153 1542 4187 :
1573 4136 1874 4190 Amalecites
1894 4148 1943 4191 et
1988 4138 2114 4191 Idu-

539 4216 699 4256 marus
745 4218 901 4257 unum
928 4212 1025 4257 est.
1058 4204 1188 4258 Duc.

1018 4292 1086 4346 IN
1124 4291 1353 4346 ΡΟΕΜΑ
1390 4291 1620 4347 XXVIII.

611 4358 733 4439 Not.
766 4358 886 4415 315.
928 4359 1053 4439 Istic
1098 4362 1373 4439 porticibus
1419 4364 1522 4439 late
1564 4366 1881 4439 circumdata
1921 4368 2106 4439 longis.

539 4457 610 4473 --
651 4429 850 4505 Harum
908 4429 1210 4505 porticuum
1256 4433 1661 4490 intercolumnia
1715 4445 1771 4489 ut
1824 4429 2109 4505 plurimum

540 4500 791 4579 cancellis
819 4516 881 4579 ac
910 4500 1105 4579 pluteis
1134 4505 1335 4579 munita
1366 4513 1543 4579 erantl
1587 4506 1778 4579 quibus
1805 4500 2110 4563 incumbere

544 4568 759 4637 licebat,
785 4568 1124 4628 etin'atrium
1154 4575 1479 4643 prospicere.
1512 4568 1765 4631 Paulinus

670 4649 767 4699 Sed
790 4654 1113 4713 circumiectis
1136 4654 1183 4701 in
1210 4654 1470 4713 porticibus
1488 4656 1706 4714 spatiari.

541 4727 765 4785 Romani
778 4748 915 4803 vero
936 4733 1195 4801 ejusmodi
1216 4734 1349 4787 atria
1369 4734 1639 4803 paradisos
1659 4735 1939 4800 vocabant,
1963 4736 2101 4791 Galli

539 4803 728 4877 parvis.
776 4802 855 4856 Ita
884 4805 1078 4877 passim
1105 4802 1392 4877 scriptores
1416 4819 1603 4858 vocem
1630 4806 1765 4877 hanc
1791 4817 2046 4877 usurpant
2068 4824 2099 4862 a

539 4869 1067 4949 Gmpq_rrotp§idstoqf
1102 4869 1439 4949 desumtam,
1475 4883 1690 4949 estque
1731 4874 1883 4949 locus
1915 4869 2098 4946 septas

538 4941 923 5023 porticibus'in
950 4942 1142 5023 quibus
1167 4941 1622 5023 deambulationes
1662 4941 1811 5001 ﬁunt.
1846 4941 2094 5017 (Sanetus,

539 5010 593 5079 in
613 5010 1025 5081 Constantinop.
1054 5011 1274 5079 Christ.,
1303 5028 1423 5081 pag.
1456 5015 1543 5067 20.

610 5079 731 5155 Not.
766 5080 889 5155 516ἶ
919 5079 1189 5155 Impluvio.
1220 5079 1394 5138 —_lta_
1420 5097 1731 5155 reposuerat
1758 5086 2016 5142 Cauchius
2046 5090 2097 5141 in

539 5151 776 5224 margine
812 5151 891 5205 sui
941 5153 1084 5224 libri,
1126 5155 1305 5207 nescio
1344 5170 1410 5209 an
1458 5151 1521 5211 ex
1561 5157 1883 5224 conjectura.
1936 5173 2002 5211 an
2033 5173 2100 5211 ex

539 5220 676 5274 libro
706 5220 984 5295 impresso.
1009 5222 1166 5295 _Ante
1196 5236 1310 5278 erat
1340 5227 1391 5277 in
1416 5228 1563 5287 clivo,
1587 5220 1729 5295 quod
1758 5227 1938 5281 malim
1976 5229 2101 5281 reti-

539 5290 882 5412 ne‘rphdonetc
1049 5296 1243 5347 certius
1262 5306 1471 5351 constet
1491 5296 1591 5351 ﬁde
1605 5290 1737 5350 mss.
1773 5297 2095 5351 Rosvevuvs.

660 5377 671 5412 ι
712 5375 741 5413 e
764 5376 831 5412 no
861 5399 874 5412 .
1018 5404 1028 5413 .

660 5370 741 5413 Ide
764 5370 874 5412 not.
911 5370 1028 5415 167.

608 5428 728 5483 Not.
763 5430 884 5503 517.
925 5431 1179 5503 Trinaque
1205 5436 1444 5488 cancellis
1471 5436 1783 5489 currentibus
1813 5438 1945 5490 ostia
1965 5454 2099 5503 pan-

537 5496 777 5574 dant._—
793 5498 837 5552 A
867 5517 976 5574 na_o_
993 5502 1043 5554 in
1066 5496 1218 5556 b'ema
1250 5505 1419 5558 aditus
1441 5506 1655 5572 patebat
1676 5521 1772 5574 per
1791 5514 1898 5559 tres
1919 5496 2099 5574 portae.

537 5584 655 5641 qute
686 5570 737 5623 in
763 5572 1010 5625 cancellis
1037 5570 1693 5640 aperiebantur,_mediam'
1725 5570 1986 5641 ingentem
2018 5578 2098 5628 w-l

538 5638 813 5712 majoiem,
839 5641 968 5712 alias
991 5638 1215 5712 minoris
1240 5638 1611 5709 magnitudinis
1631 5644 1695 5696 ad
1719 5638 1997 5712 utiumque
2024 5646 2099 5698 la-

540 5714 643 5787 tus.
681 5708 1209 5787 Ejusmodi‘bernatis
1236 5708 1418 5787 portas
1456 5716 1597 5787 ἁγέας
1616 5715 1772 5787 ϐάρεις
1812 5708 2099 5784 scriptorcs

545 5775 930 5856 ﬁraeci'passim
958 5780 1121 5856 948
1142 5775 1351 5856 vocant.
1367 5775 1608 5853 Casurus,
1628 5775 2092 5855 in'Constan'tinop.

540 5844 763 5912 Christ;
796 5849 889 5903 lib.
922 5844 996 5914 ut,
1028 5844 1115 5914 Ξῖ
1110 5867 1235 5924 pag.
1272 5854 1357 5907 65.

2134 1832 2180 1892 Β
2206 1827 2372 1892 mento

2207 538 2481 607 capiendis
2508 536 2710 606 aptum.
2739 536 3032 591 Eucherius
3058 538 3109 591 in
3140 538 3328 592 librum
3361 537 3557 605 Regum
3599 555 3613 589 :
3654 536 3745 589 Lu-

2206 616 2326 671 tres,
2358 610 2582 671 conc/ue,
2596 608 2673 661 vel
2693 608 2929 679 canthari
2954 610 3173 679 aquarii.
3201 607 3503 679 Martyrium
3532 617 3750 676 quatuor

2204 686 2581 732 coronatorum
2631 695 2643 731 :
2683 675 2954 747 Carperunt
3000 675 3067 730 ’in
3110 679 3314 731 nomine
3341 675 3558 730 Christi
3584 694 3750 731 cavare

2205 748 2445 811 conchas,
2476 759 2525 800 et
2550 764 2720 817 pegas,
2753 756 2802 800 et
2829 748 3003 808 lectos,
3058 764 3172 799 cum
3199 748 3384 817 sigillis
3411 757 3456 799 et
3482 749 3750 811 cantharis,

2205 833 2552 898 cumﬁmagnd
2576 816 2817 898 tenuitate
2858 818 3005 897 artis.
3038 816 3347 898 Anastasius
3393 817 3445 869 in
3474 816 3752 898 Leone-Ill,

2204 885 2629 957 dePatriarchio
2661 886 3005 957 Lateranensi
3041 904 3052 937 :
3089 886 3150 939 In
3178 904 3274 957 quo
3312 890 3420 939 loco
3448 896 3497 939 et
3535 888 3751 938 accubitu

2204 956 2489 1020 collocavit,
2511 967 2559 1009 et
2585 958 2640 1009 in
2668 956 2835 1009 medio
2862 956 3107 1026 concham
3144 956 3554 1026 parphyreticam
3584 973 3753 1025 aquam

2204 1026 2519 1096 fundentem,
2542 1026 2630 1080 ubi
2670 1041 2768 1095 per
2793 1025 3025 1078 accubita
3054 1027 3288 1093 intelligo
3312 1025 3576 1080 Cancellos
3600 1034 3651 1096 et
3676 1041 3749 1077 re-

2203 1094 2394 1165 pagula
2427 1094 2839 1165 circumquaque
2877 1104 3094 1160 structa,
3126 1098 3318 1165 quibus
3365 1095 3753 1156 incumbebant,

2204 1165 2281 1219 uti
2309 1164 2395 1220 hic
2426 1163 2680 1219 Paulinus
2705 1184 2717 1218 :

2325 1251 2765 1326 §ed.cit‘cumjectis
2788 1255 2835 1326 in
2860 1254 3129 1326 porticibus
3148 1256 3340 1311 Spatiari

2326 1313 2468 1377 Copia
2486 1313 2632 1377 larga
2649 1314 2833 1372 subest,
2861 1313 3255 1377 interpositisque
3287 1314 3534 1363 columnas

2325 1374 2559 1424 Cancellis
2574 1374 2729 1424 'tessos
2753 1374 3054 1437 incumbere,
3080 1383 3132 1427 et
3155 1374 3264 1425 lude
3287 1376 3498 1426 ﬂuentes

2325 1437 2593 1498 Aspectare
2612 1439 2762 1498 jocos.

2206 1517 2528 1572 Rosvnvnus.

2204 1587 2337 1641 Vide
2365 1597 2477 1641 not.
2508 1586 2633 1642 520.

2274 1676 2391 1731 Not.
2422 1676 2546 1731 519.
2598 1676 2730 1731 Vicit
2759 1678 2920 1732 brevis
2949 1678 3119 1731 astula
3151 1677 3431 1745 flammam.
3460 1704 3533 1745 -τέ
3565 1675 3754 1743 Saepius

2204 1747 2315 1801 hzec
2345 1762 2447 1801 vox
2482 1746 2704 1800 Paulino
2752 1756 3022 1815 usurpata.
3053 1744 3285 1815 EpiStola
3332 1746 3392 1799 11
3429 1744 3545 1815 εει
3573 1750 3629 1815 in
3650 1763 3756 1815 seg-

2413 1834 2538 1886 peue
2562 1827 2733 1871 atomo
2756 1813 2937 1872 astulas
2965 1813 3145 1872 brevis.
3185 1816 3421 1885 Epistola
3450 1814 3517 1867 12
3550 1813 3758 1886 :Breuis

2206 1890 2375 1940 astula
2405 1884 2607 1958 pignus.
2639 1887 2889 1942 Scribunt
2917 1888 3154 1957 plerique
3175 1884 3405 1958 rhustula,
3432 1885 3589 1958 quasi
3622 1884 3756 1958 dinu-

2204 1953 2538 2011 nutivum'ab
2566 1959 2716 2010 hasta
2746 1966 2888 2013 esset
2917 1953 2934 2010 Ξ
2962 1959 3054 2012 sed
3070 1953 3413 2011 scribendum
3443 1953 3635 2006 astuta.
3670 1953 3755 2006 lsi-

2208 2027 2370 2079 dorus
2393 2026 2429 2079 I.
2463 2042 2569 2081 xvu
2597 2025 2887 2094 Originum,
2935 2043 2981 2082 c.
3016 2027 3048 2079 6
3074 2047 3086 2080 :
3122 2028 3302 2079 Astula
3325 2040 3357 2075 a
3384 2024 3612 2076 tollendo
3642 2041 3758 2094 nun-

2205 2105 2410 2164 cupata,
2440 2099 2587 2167 quasi
2608 2092 2827 2151 abstula.
2871 2097 3059 2150 Fames
3090 2108 3164 2151 est
3185 2097 3372 2159 astula,
3394 2109 3508 2164 qua:
3531 2094 3599 2144 ab
3624 2092 3756 2167 arbo-

2207 2166 2346 2219 ribus
2374 2164 2627 2220 excutitur
2653 2168 2915 2231 recisione,
2933 2177 3019 2219 aut
3040 2172 3221 2220 astulae
3240 2168 3496 2227 ambustis,
3518 2172 3609 2214 aut
3630 2164 3760 2231 ligno

2206 2247 2405 2299 cavata,
2426 2238 2644 2359 avrungis
2669 2240 2872 2290 nomine
2898 2246 3121 2305 accepto,
3141 2237 3273 2307 quod
3294 2239 3366 2289 ita
3387 2238 3559 2305 capiat
3582 2234 3756 2301 ignem.

2209 2304 2287 2357 De
2310 2323 2406 2359 auo
2486 2309 2684 2359 irailius
2706 2324 2723 2359 :
2750 2306 3035 2359 Rauuitaue
3056 2309 3108 2359 in
3140 2308 3314 2359 fomite
3342 2306 3624 2359 ﬂammam.
3654 2316 3756 2359 quae

2209 2304 2287 2357 De
2310 2323 2406 2377 quo
2438 2304 2684 2377 Virgilius
2706 2324 2723 2359 :
2750 2304 3035 2377 Rapuitque
3056 2309 3108 2359 in
3139 2304 3314 2376 fomite
3322 2306 3624 2428 £ammam,
3654 2316 3759 2372 quas

2209 2374 2319 2428 fere
2346 2375 2587 2428 desumta
2616 2393 2684 2428 ex
2711 2376 2898 2428 Servio
2923 2376 3153 2428 Danielis
3181 2378 3244 2428 ad
3276 2391 3292 2428 ι
3374 2374 3443 2428 'n.
3479 2384 3533 2427 et
3558 2391 3681 2428 cum
3702 2387 3759 2426 eo

2207 2374 2331 2429 fere
2346 2374 2587 2430 desumta
2616 2393 2684 2431 ex
2711 2374 2898 2430 Servio
2923 2374 3153 2429 Danielis
3181 2378 3244 2429 ad
3276 2391 3292 2429 ι
3322 2374 3443 2428 Ain.
3479 2384 3533 2427 et
3558 2391 3681 2428 cum
3702 2387 3765 2426 eo

2208 2448 2584 2513 comparanda.
2616 2447 2757 2501 Idem
2787 2446 2877 2501 lib.
2908 2463 2997 2500 xxx
3025 2444 3313 2513 Originum,
3344 2460 3460 2513 cap.
3492 2443 3556 2496 19
3584 2464 3597 2496 :
3622 2442 3766 2498 Ast-ia

2208 2512 2271 2566 ab
2299 2512 2479 2569 astulis
2509 2517 2675 2578 dicta,
2727 2531 2852 2587 quas
2881 2533 2913 2569 a
2946 2517 3081 2587 ligno
3123 2512 3315 2587 eximit.
3366 2512 3578 2587 Hispani
3609 2514 3762 2587 hodie

2208 2588 2407 2638 astillas
2434 2594 2625 2658 vocant
2645 2584 2762 2653 qua:
2785 2585 2949 2658 Grzeci
2976 2584 3153 2658 ὲὰρφη.
3181 2586 3310 2638 Aliis
3341 2584 3766 2658 autoribus_dici-

2210 2636 2301 2707 tur
3270 2636 3496 2707 rnateria
3527 2636 3763 2707 caeditur.

2212 2721 2430 2795 Plinius.
2464 2726 2555 2779 lib.
2584 2742 2689 2789 xw,
2721 2737 2838 2795 cap.
2870 2726 2928 2778 11
2967 2745 2978 2778 :
3012 2725 3142 2779 Flos
3183 2725 3367 2777 crudus
3410 2726 3617 2795 resina’,
3654 2740 3767 2795 runt

2210 2794 2369 2866 multa
2397 2798 2736 2866 assulaitenui
2765 2793 2992 2866 brevique
3026 2797 3250 2866 avulsus,
3278 2793 3561 2866 conciditur
3589 2793 3664 2866 ad
3684 2796 3768 2845 τήν

2209 2862 2285 2916 bri
2311 2866 2525 2917 minuta.
2576 2865 2716 2919 Idem
2758 2866 2849 2919 lib.
2883 2862 3027 2930 x'xrx,
3073 2880 3190 2933 cap.
3226 2864 3263 2916 2
3295 2881 3305 2915 :
3338 2863 3441 2915 Alii
3483 2864 3761 2925 succidam,

2208 2934 2393 2987 assulis
2444 2936 2591 2989 ttedtc
2637 2936 2889 3004 subjectis,
2940 2946 2989 2989 et
3036 2934 3248 2989 subinde
3290 2934 3621 3004 interstratis,
3663 2936 3765 3004 oleo

2206 3018 2469 3072 aspersam
2508 3001 2809 3058 accendunt.
2846 3003 3109 3059 Vitruvius
3154 3004 3244 3058 lib.
3277 3017 3366 3066 vn,
3404 3018 3520 3071 cap.
3551 3001 3583 3054 6
3617 3020 3634 3055 :
3665 3001 3765 3055 (Ia:-

2207 3082 2381 3125 menta
2401 3090 2688 3127 marmorea
2716 3077 2819 3128 sive
2848 3078 3033 3129 assuta:
3053 3076 3309 3143 dicuntur,
3340 3089 3451 3143 qua:
3479 3089 3767 3125 marmorao

2208 3144 2275 3195 rii
2296 3159 2359 3195 ea:
2377 3144 2623 3214 Aoperibus
2645 3146 2907 3214 dejiciunt.
2935 3144 3121 3199 Festus
3139 3162 3151 3196 :
3169 3142 3398 3198 Fomites
3420 3153 3537 3195 sunt
3564 3149 3766 3204 assultu,

2210 3228 2276 3265 ea:
2305 3211 2590 3282 arboribus,
2618 3211 2738 3267 dum
2772 3215 3052 3275 creduntur,
3078 3230 3307 3267 excussa:
3335 3230 3351 3265 :
3376 3227 3492 3281 qua:
3520 3226 3663 3281 pene
3680 3227 3768 3282 ex-

2214 3284 2397 3337 scribit
2448 3280 2677 3339 Isidorus
2706 3300 2863 3353 supra
2892 3302 2904 3336 :
2936 3285 3073 3340 unde
3102 3291 3325 3354 apparet
3354 3280 3645 3354 olim_apud
3679 3280 3769 3354 Ee-

2212 3361 2351 3407 stum
2383 3356 2563 3408 astulte
2588 3350 2785 3409 lectqu
2804 3370 2900 3422 pro
2927 3350 3245 3422 assulaszb
3273 3355 3447 3407 assuta
3474 3350 3651 3405 Plinio
3680 3351 3764 3422 lib.

2214 3438 2343 3485 χχιι,
2366 3439 2482 3493 cap.
2506 3423 2593 3485 22,
2618 3421 2845 3479 assulose
2871 3423 3129 3478 formatur
3159 3442 3170 3476 :
3196 3421 3434 3476 Calamus
3458 3423 3673 3493 melior,
3691 3421 3769 3489 qui

2215 3494 2382 3574 minus
2412 3492 2630 3574 fragilis,
2684 3495 2863 3574 είς-(γαί
2892 3496 3121 3574 αδελιὼεᾳ
3153 3495 3530 3574 potius__quam_
3555 3492 3768 3571 raphani

2213 3563 2364 3635 modo
2407 3562 2683 3635 frangitur.
2714 3562 3194 3635 Plautlusicaptivis
3236 3562 3657 3635 et_Men:rchmis
3686 3578 3769 3614 as-

2212 3628 2449 3697 sulatim;
2481 3628 2606 3687 item
2632 3634 2828 3689 Ntevio.
2862 3628 2988 3689 Vide
3014 3628 3259 3688 Nonium.
3291 3632 3613 3687 Rosvevovs.

2282 3702 2406 3757 Not.
2437 3702 2558 3756 320.
2609 3702 2776 3757 Insita
2803 3704 2934 3757 cella
2969 3704 3162 3772 procul,
3210 3713 3304 3757 etc.
3336 3731 3405 3742 --
3433 3700 3592 3772 QuidA
3616 3699 3771 3754 inierit

2214 3773 2407 3825 concha
2435 3772 2573 3827 inter
2599 3774 2837 3829 eruditos
2865 3769 3080 3828 omnino
3127 3788 3235 3826 non
3279 3780 3508 3826 constat.
3557 3769 3772 3825 Cencha

2214 3841 2457 3907 bematis,
2509 3857 2607 3897 seu
2634 3845 2801 3913 partis
2838 3843 2976 3913 illius
3015 3842 3198 3913 templi
3226 3844 3281 3913 in
3309 3858 3408 3909 qua
3436 3856 3583 3913 sacra
3609 3856 3771 3913 pera-

2213 3919 2410 3983 guptur
2435 3926 2556 3983 pars
2586 3910 2853 3983 praecipua
2880 3912 2997 3983 fuit.
3030 3910 3143 3983 AEx’
3164 3912 3543 3983 ichnographis
3572 3911 3772 3983 aliquot

2214 3996 2244 4033 a
2269 3979 2450 4052 Goaro
2473 3979 2726 4037 exhibitis
2751 3979 2874 4052 pag.
2908 3982 2993 4048 15,
3021 3981 3108 4047 26,
3157 3980 3244 4044 27,
3294 3982 3474 4036 videre
3503 3988 3587 4034 est
3626 3982 3676 4033 in
3714 3996 3775 4033 ea

2213 4059 2365 4118 parte
2393 4051 2448 4104 in
2479 4066 2584 4119 qua
2609 4062 2735 4117 stat,
2756 4051 2849 4106 ’vel
2892 4052 3142 4106 statuitur
3170 4052 3360 4113 altare,
3408 4066 3652 4105 recessus
3679 4052 3774 4102 ali-

2213 4130 2343 4192 quot
2370 4122 2423 4175 in
2464 4121 2678 4177 modum
2727 4121 3096 4192 hemicylindri
3142 4136 3372 4192 superne
3420 4124 3510 4192 (ut
3552 4135 3650 4188 par
3698 4128 3777 4172 est

2213 4190 2451 4261 credere)
2484 4192 2535 4245 in
2575 4192 2792 4247 conclue
2838 4190 3069 4261 speciem
3102 4193 3296 4261 clausi._
3335 4190 3554 4245 Concha
3596 4198 3774 4261 autem

2215 4259 2484 4339 plerisque
2526 4260 2577 4313 iu
2624 4259 2881 4316 ecclesiis
2908 4264 2977 4315 ita
3026 4278 3185 4339 porro
3215 4259 3389 4315 efﬁcta
3411 4268 3548 4325 erat,
3597 4268 3655 4312 ut
3675 4260 3775 4313 etsi

2214 4332 2369 4383 unica
2423 4346 2653 4400 superne
2703 4341 3022 4401 appareret,
3081 4332 3250 4386 trinos
3306 4339 3775 4401 tamenurecessus

2212 4402 2467 4471 operiret,
2488 4397 2579 4471 iac
2603 4397 2825 4469 proiude
2864 4402 3124 4471 triplicem
3152 4397 3693 4471 concham‘efliceret,
3718 4406 3775 4451 ut

2212 4469 2462 4541 observat
2501 4470 2833 4541 Silentiarius
2869 4469 3008 4541 part.
3036 4470 3085 4537 1,
3135 4486 3293 4541 versu
3338 4469 3459 4541 2'72,
3512 4469 3602 4541 ubi
3648 4477 3772 4523 satis

2213 4539 2443 4592 ostendit
2488 4539 2715 4607 inferne,
2766 4539 3004 4595 seu'sub
3046 4540 3267 4595 concha:
3312 4539 3641 4593 volutatione
3669 4548 3772 4591 tres

2211 4608 2442 4663 conchas
2481 4610 2743 4665 contineri
2790 4625 2907 4678 qua:
2937 4611 3091 4665 unica
3133 4610 3353 4677 sphaarm
3391 4618 3582 4676 quarta
3628 4616 3773 4677 parte

2211 4679 2550 4747 continentur
2599 4695 2661 4733 ac
2704 4689 3078 4747 conteguntur.
3129 4679 3321 4735 Trinos
3366 4679 3496 4733 istos
3538 4693 3772 4733 recessus

2207 4744 2347 4802 belle
2366 4748 2651 4819 descripsit
2679 4744 2931 4804 Paulinus
2958 4748 3132 4805 Natal.
3164 4749 3231 4804 10
3250 4768 3270 4803 .-

2329 4836 2414 4887 Est
2433 4840 2677 4889 etiam.....

2206 4927 2259 4973 et
2283 4919 2439 4989 epist.
2473 4918 2541 4972 52
2568 4919 2636 4973 ad
2664 4916 2921 4975 Severum
2956 4939 2967 4972 :

2328 5008 2624 5069 Prospectus
2640 5021 2757 5057 vero
2772 5010 3029 5058 basilicae"
3040 5046 3051 5057 .
3080 5015 3303 5071 receptat
3325 5015 3540 5058 orantes.

2205 5086 2487 5157 Triplicem
2533 5089 2692 5157 igitur
2717 5103 2986 5143 recessum
3030 5090 3191 5144 habet
3220 5090 3423 5145 concha
3453 5091 3553 5145 sub
3590 5105 3650 5144 ea
3672 5088 3731 5143 dc

2204 5160 2691 5223 concameratione,
2744 5159 3004 5228 majorem
3046 5169 3099 5215 et
3124 5161 3375 5223 medium,
3424 5161 3477 5214 in
3524 5175 3634 5228 quo
3678 5177 3778 5212 ει..

2206 5243 2355 5300 sacra
2386 5244 2600 5290 mensa,
2632 5237 2687 5283 et
2714 5230 3050 5300 sacerdotum
3072 5230 3243 5292 sedes,
3290 5245 3384 5283 seu
3410 5230 3666 5300 Synthron
3685 5244 3744 5280 us

2208 5296 2351 5349 Duos
2379 5306 2634 5367 prmterea
2684 5299 2818 5354 alios
2862 5302 3116 5363 minores,
3167 5300 3391 5353 alterum
3439 5296 3505 5352 ad
3532 5299 3743 5353 dextra:

2207 5381 2301 5420 seu
2328 5370 2764 5439 septentrionem,
2808 5385 2969 5439 quem
2996 5370 3269 5439 prothesin
3301 5369 3594 5431 vocabant;
3638 5369 3767 5421 alte—

2207 5451 2323 5489 rum
2353 5438 2417 5507 ad
2445 5438 2711 5491 sinistram
2728 5454 2820 5492 seu
2850 5438 3146 5505 meridiem,
3177 5439 3509 5493 diaconicum
3537 5439 3764 5507 appella-

2204 5514 2337 5578 tum.
2371 5506 2653 5578 Enimvero
2679 5509 2744 5561 ab
2769 5511 2868 5564 hac
2891 5510 3080 5578 triplici
3104 5511 3308 5562 concha
3333 5506 3763 5578 quammagis.

2206 5576 2318 5629 dem
2348 5577 2487 5646 apud
2510 5576 2787 5631 Paulinum
2818 5576 3015 5632 dictum
3046 5579 3157 5631 vult
3184 5578 3495 5631 Salmasius.
3520 5577 3765 5641 CANGaUS,

2205 5646 2257 5698 in
2274 5646 2690 5717 Constantinop.
2726 5648 2947 5713 Christ.,
2979 5649 3067 5702 Ιώ.
3104 5664 3181 5714 Ill,
3214 5662 3333 5717 pag.
3364 5647 3452 5699 44,

2273 5715 2403 5769 Vide
2433 5726 2543 5769 not.
2579 5716 2681 5769 150
2711 5727 2764 5770 et
2794 5717 2914 5771 159.

2272 5785 2391 5856 Not.
2423 5785 2545 5839 521.
2576 5788 2793 5841 Stellato
2822 5788 3049 5856 speciosa
3085 5787 3245 5842 tholo.
3269 5818 3337 5828 ——
3366 5786 3557 5840 Tholus
3585 5795 3663 5856 est
3687 5794 3743 5837 te

2200 5855 2357 5909 studo
2383 5857 2696 5927 orbiculata,
2728 5858 2782 5913 in
2812 5855 3032 5929 sphaera:
3054 5859 3268 5915 modum
3292 5866 3589 5929 compacta.
3614 5855 3756 5910 Hane
