4024 6186
311 185 406 239 υζςτ
1292 171 1928 230 COMMENTARIORUM
1968 172 2034 226 IN
2071 171 2355 228 GENESIN
2394 170 2519 227 LIB.
2545 171 2586 227 I.

333 323 2083 362 ww

1216 457 1462 562 CL.
1602 451 1764 560 Μ.

1566 320 3519 367 m

1901 457 2646 563 VICTORIS

821 650 2134 771 COMMENTARIORUM
2221 650 2368 762 IN
2453 651 3053 807 GENESIN

1702 829 1912 890 LIBRI
1941 827 2164 890 TRES.

832 1076 1341 1156 PREFAT‘IO
1394 1075 1522 1149 AD
1597 1069 1882 1148 DEUM
1957 1069 2431 1151 OPTIMUM
2510 1077 3015 1160 MAXIMUM.

387 1240 606 1296 Summe
633 1245 688 1291 et
714 1242 898 1290 sancte
924 1234 1082 1297 Deus,
1107 1239 1312 1286 cuncta:
1339 1229 1549 1284 virtutis
1574 1227 1746 1294 origo,

314 1332 682 1399 Omnipotens,
704 1340 862 1394 quem
891 1338 990 1378 nec
1014 1322 1192 1377 subtili
1219 1320 1468 1386 indagine
1495 1331 1674 1371 rerum

316 1423 582 1477 Mentibus
609 1417 857 1473 humanis
884 1430 1044 1470 sensu
1065 1411 1453 1482 comprendere
1480 1410 1558 1462 fas
1584 1415 1688 1472 est,

320 1515 390 1568 Et
420 1512 626 1567 nescire
652 1509 800 1564 nefas
825 1510 969 1577 (nam
994 1515 1046 1562 te
1075 1507 1285 1561 ratione
1313 1501 1572 1573 profunda

316 1604 374 1658 In
399 1605 566 1658 tribus
593 1616 710 1657 esse
733 1601 919 1663 Deum,
942 1598 1037 1653 sed
1057 1604 1164 1652 tres
1183 1596 1260 1650 sic
1287 1594 1555 1649 credimus
1581 1605 1766 1654 unum,

317 1699 486 1754 Unica
515 1710 770 1768 personas
788 1702 848 1749 ut
873 1702 981 1748 tres
1007 1689 1299 1746 substantia
1327 1687 1536 1754 reddat,

317 1788 607 1843 Indiscreta
636 1785 725 1855 pio
752 1795 1075 1839 conservans
1097 1779 1296 1835 foedera
1324 1775 1512 1847 nexu).

315 1879 400 1936 Tu
427 1879 544 1934 sine
574 1877 857 1949 principio,
888 1874 1088 1944 pariter
1106 1873 1220 1928 sine
1249 1870 1353 1925 line
1368 1868 1638 1939 perennis,

316 1970 478 2026 Solus
498 1985 557 2024 es
587 1977 747 2036 atque
775 1966 934 2030 idem,
957 1963 1194 2031 nullique
1220 1961 1485 2016 obnoxius
1508 1973 1643 2013 :evo.

317 2059 400 2116 Tu
432 2059 663 2128 spatium
691 2070 890 2120 rerum,
920 2053 1115 2106 mentis
1136 2063 1453 2121 quocunque
1476 2061 1718 2102 recessus

316 2151 601 2218 Tenditur,
628 2148 841 2205 excedis
862 2185 877 2211 ,
906 2145 1080 2215 spatio
1099 2157 1272 2211 neque
1292 2140 1519 2208 cingetis
1545 2138 1672 2194 ullo.

317 2240 434 2296 Nec
461 2249 514 2296 te
540 2240 631 2308 qui
652 2237 828 2307 capiat
854 2235 1003 2289 locus
1031 2240 1133 2297 est,
1165 2231 1455 2285 immensus
1491 2226 1633 2280 enim
1661 2239 1720 2280 es
1744 2232 1822 2280 tu.

319 2330 461 2397 Quin
481 2329 641 2385 etiam
661 2328 907 2381 humanae
935 2321 1083 2377 nefas
1104 2320 1414 2386 contingere
1435 2315 1600 2370 menti

321 2421 503 2487 Qualis
531 2420 704 2486 imago
724 2425 814 2470 tua
842 2422 942 2479 est,
971 2411 1139 2467 oculis
1165 2411 1346 2478 ignara
1383 2405 1575 2471 videri,

322 2512 387 2566 Ni
418 2512 503 2566 cui
533 2507 854 2565 cernendam
877 2503 1093 2575 speciali
1120 2500 1336 2555 numine
1356 2512 1477 2552 sese

323 2602 586 2657 Exhibeat
617 2617 629 2652 :
663 2612 762 2652 nec
789 2609 917 2650 vero
945 2601 1028 2648 est
1051 2591 1142 2661 qui
1162 2590 1360 2646 virtute
1387 2592 1570 2641 creata

322 2697 404 2752 Te
430 2701 643 2763 vegetet
665 2698 845 2746 motus
879 2726 896 2755 ,
926 2701 1024 2758 per
1068 2697 1229 2756 quem
1282 2694 1465 2736 sumus
1501 2684 1679 2840 atquel
1707 2688 1894 2731 move-

1686 2781 1822 2823 mur.

1686 2781 1822 2823 mur.

324 2873 404 2930 Tu
432 2887 583 2928 mens
603 2879 658 2926 et
681 2882 853 2925 sacrae
877 2866 1090 2939 penitus
1122 2861 1417 2920 substantia
1445 2858 1637 2916 mentis
1669 2877 1682 2912 :

324 2964 406 3018 'I‘u
426 2962 587 3025 ratio,
618 2969 674 3016 et
692 2959 863 3030 plena-3
892 2955 1126 3028 prudens
1146 2953 1371 3009 rationis
1391 2952 1563 3020 origo.

324 3052 404 3108 Tu
433 3053 622 3117 virtus,
646 3049 858 3104 virtutis
877 3062 1033 3116 apex,
1058 3054 1218 3113 atque
1241 3044 1354 3112 ipsa
1376 3041 1617 3110 profecto

327 3145 405 3200 'I'u
434 3145 564 3209 vita,
591 3150 646 3197 et
664 3141 873 3211 genitor
899 3139 1040 3200 vitae,
1072 3137 1312 3204 lucisque
1336 3130 1610 3202 profundze
1637 3146 1652 3195 ;

328 3234 406 3292 'I‘u
432 3237 526 3290 lux
551 3249 679 3289 vera
705 3231 864 3294 Deus,
890 3238 949 3283 tu
978 3243 1156 3283 rerum
1179 3239 1359 3288 causa,
1382 3222 1637 3290 vigorque
1665 3237 1677 3271 :

329 3330 373 3385 A
402 3335 454 3381 te
481 3323 802 3396 principium
831 3320 996 3374 traxit
1021 3317 1380 3387 quodcunque
1407 3319 1633 3381 repente

334 3417 414 3471 Ex
449 3414 616 3470 nihilo
643 3410 880 3476 emicuit,
907 3416 1165 3476 tantoque
1185 3412 1405 3460 auctore
1433 3401 1698 3472 repletum

334 3509 429 3564 Vel
456 3508 567 3563 vim
588 3503 785 3561 mentis
812 3501 994 3565 habet,
1017 3499 1104 3555 vel
1124 3497 1353 3553 formam
1397 3495 1451 3549 in
1489 3493 1732 3653 membr?
1754 3505 1907 3593 rece-

1735 3590 1840 3652 ρης

1735 3582 1840 3652 pit;

334 3694 411 3749 Te
443 3690 722 3747 Dominum
743 3694 932 3742 natura
959 3683 1153 3754 probat
1178 3687 1391 3735 servata
1419 3676 1633 3733 caducis

335 3784 581 3838 Patribus
604 3820 620 3844 ,
650 3788 705 3834 et
726 3778 928 3847 jussam
957 3773 1150 3828 seriem
1173 3771 1328 3825 datus
1356 3767 1490 3824 ordo
1519 3767 1734 3820 fatetur.

335 3875 414 3929 Tu
450 3873 656 3928 dociles
683 3881 936 3924 numeros
960 3864 1311 3930 distinguens,
1349 3855 1590 3929 pondera
1619 3855 1840 3915 librans,

1917 1224 1970 1283 Α
1997 1220 2222 1280 Efficere
2242 1233 2302 1279 ut
2330 1229 2534 1296 possint
2561 1234 2736 1287 causis
2756 1237 2992 1303 przebcre
3013 1243 3258 1298 secundis

1993 1312 2110 1368 Non
2139 1314 2445 1386 dedignaris
2469 1337 2481 1372 :
2506 1335 2625 1389 qua:
2645 1325 2736 1392 qui
2760 1333 2846 1380 tua
2870 1343 3089 1386 munera
3111 1334 3273 1387 sentit

1993 1403 2183 1461 Munus
2207 1417 2263 1463 et
2291 1409 2405 1478 ipse
2428 1418 2575 1465 tulun
2600 1423 2680 1469 est
2713 1457 2729 1483 ,
2765 1416 2858 1472 tibi
2881 1427 2940 1472 ut
2969 1421 3058 1474 uni
3088 1433 3310 1493 accepta
3366 1426 3565 1482 referre

1991 1492 2182 1550 Omnia
2207 1497 2369 1554 homo
2393 1501 2587 1557 merito
2607 1505 2882 1576 possitque
2908 1515 2963 1562 et
2983 1511 3175 1565 debeat
3203 1492 3361 1572 unus.

1992 1581 2127 1638 Nam
2157 1586 2252 1641 tibi
2281 1589 2417 1656 sola,
2443 1589 2606 1658 Deus,
2636 1593 2780 1662 gigni
2809 1596 2952 1663 quod
2981 1609 3174 1654 cuncta
3197 1601 3414 1669 juberes

1993 1670 2170 1729 Causa
2198 1675 2296 1731 fuit
2322 1678 2571 1735 bonitas:
2599 1696 2720 1736 cum
2745 1682 2906 1750 jussis
2934 1687 3114 1743 vivere
3141 1690 3370 1758 primum

1992 1761 2303 1833 Spiritibus,
2325 1768 2634 1838 mundoque
2663 1769 2784 1837 frui,
2809 1788 2966 1842 quem
2992 1785 3174 1832 mente
3199 1781 3444 1848 gerebas,

1994 1851 2170 1919 Atque
2197 1868 2383 1910 omnes
2411 1855 2464 1910 in
2487 1864 2543 1912 te
2564 1870 2741 1914 rerum
2767 1875 3093 1929 cognoscere
3119 1880 3328 1935 causas,

1994 1938 2064 1994 Et
2088 1956 2249 2011 super
2270 1953 2441 2001 terras
2461 1955 2516 2001 et
2541 1961 2706 2018 aquas
2735 1951 2959 2008 volitare
2986 1954 3199 2010 dedisti.

1996 2028 2158 2085 Certa
2185 2033 2376 2100 quibus
2394 2037 2586 2093 caelum
2615 2039 2789 2106 sedes,
2819 2043 2973 2111 queis
2998 2045 3166 2101 libera
3193 2049 3360 2107 corda

1996 2123 2393 2195 Arbitriumque
2411 2129 2495 2185 sui
2524 2129 2744 2200 largitus
2771 2148 2829 2190 es
2857 2137 3103 2193 omnibus
3136 2155 3149 2192 :
3181 2149 3240 2194 ut
3260 2139 3372 2209 jam

1998 2214 2324 2271 Alterutram
2355 2219 2407 2272 in
2435 2228 2642 2290 partem
2672 2222 2871 2278 vellent
2914 2242 2973 2282 se
2999 2237 3212 2284 vertere
3235 2240 3454 2299 possent
3484 2250 3498 2287 :

2001 2305 2072 2360 Ut
2098 2307 2266 2362 haeres
2289 2309 2448 2376 justis
2488 2327 2697 2369 merces
2723 2317 3032 2387 meritisque
3061 2321 3290 2390 piorum,

1999 2393 2116 2451 Hoc
2140 2409 2354 2466 quoque
2381 2401 2653 2458 conferres
2699 2409 3031 2478 praestando,
3059 2420 3120 2467 ut
3163 2413 3372 2471 debitor
3399 2430 3573 2472 esses:

2000 2481 2136 2538 Nam
2162 2486 2308 2556 quod
2331 2487 2398 2544 de
2426 2491 2612 2559 primis
2636 2497 2839 2552 caelesti
2867 2499 2921 2553 in
2949 2502 3077 2557 sede
3105 2505 3300 2560 creatis

1924 2575 1977 2639 Β
2004 2571 2153 2630 Unus
2175 2575 2325 2648 (dum
2352 2579 2485 2636 lucis
2512 2583 2763 2653 Domino,
2786 2588 3012 2659 vitreque
3033 2602 3239 2663 suoque

1999 2664 2208 2722 Invidet
2235 2672 2463 2738 auctori,
2493 2673 2812 2746 titulumque
2832 2679 2975 2736 hunc
3003 2685 3226 2756 appetit)
3249 2695 3438 2742 auctor

2000 2757 2185 2813 Maluit
2210 2775 2330 2816 esse
2357 2763 2504 2832 mali,
2533 2767 2866 2838 primamque
2892 2773 3147 2831 inducere
3183 2789 3434 2846 mortem,

2001 2846 2136 2904 Cum
2165 2851 2432 2907 scelerum
2458 2857 2618 2911 sociis
2639 2858 2784 2913 celso
2809 2860 3050 2929 dejectus
3078 2865 3291 2936 olympo
3315 2885 3329 2921 :

2005 2939 2198 2994 Virtuti
2219 2941 2352 2995 nihil
2373 2943 2493 2999 inde
2521 2953 2623 3000 tuae
2647 2949 2960 3017 priejudicat
2985 2992 3000 3018 ,
3033 2954 3162 3008 illud

2004 3028 2105 3084 Cui
2123 3031 2256 3084 satis
2278 3042 2362 3086 est
2389 3033 2579 3091 fecisse
2605 3037 2806 3093 bonum
2839 3058 2852 3094 :
2882 3042 2974 3097 sed
2998 3044 3151 3113 copia
3179 3045 3348 3101 laudis

2008 3118 2132 3176 Haec
2155 3130 2238 3176 est
2263 3137 2467 3180 summa
2496 3135 2597 3181 tute
2627 3167 2642 3193 ,
2669 3131 2815 3198 quod
2841 3147 2960 3187 cum
2981 3149 3039 3188 se
3061 3136 3318 3192 extollere
3347 3152 3509 3208 supra

2008 3211 2182 3267 Divini
2200 3213 2455 3270 virtutem
2476 3219 2642 3287 apicis
2666 3223 2842 3277 scelus
2870 3233 3032 3292 esset,
3063 3235 3118 3280 et
3147 3228 3335 3297 ingens

2012 3303 2239 3372 Relligio
2266 3305 2410 3360 nulla
2438 3323 2684 3377 prorsum
2709 3311 2946 3369 delebilis
2969 3316 3110 3370 unda
3140 3335 3152 3369 τ

2010 3395 2128 3450 Νοη
2158 3405 2338 3453 tamen
2359 3399 2579 3468 ingratis
2608 3403 2772 3458 vitam
2792 3420 3111 3478 sensumque
3137 3413 3343 3480 negasti
3376 3431 3389 3466 :

2011 3486 2151 3552 Quin
2180 3490 2344 3545 etiam
2373 3492 2593 3548 arbitrio
2618 3497 2812 3552 mentis
2837 3499 3070 3563 gaudere
3099 3501 3312 3555 dedisti.

2014 3575 2125 3631 Nec
2149 3585 2330 3633 tamen
2356 3582 2560 3635 arbitrii
2590 3592 2778 3639 natura
2816 3587 2868 3640 in
2899 3596 3182 3657 utrumque
3217 3592 3443 3647 valentis

2017 3663 2332 3722 Accusanda
2352 3670 2500 3724 venit
2526 3671 2679 3727 nobis
2711 3691 2724 3725 :
2753 3689 2985 3745 namque
3006 3679 3125 3732 inde
3145 3681 3322 3748 perire

2016 3754 2181 3812 Posse
2207 3758 2388 3813 datum
2417 3769 2498 3816 est
2525 3766 2749 3831 cunctis,
2778 3776 2836 3821 ut
2863 3770 3045 3825 vivere
3083 3773 3287 3828 dulcius
3326 3783 3467 3830 esset
3497 3792 3510 3830 :

2017 3844 2304 3916 Mutuaque
2329 3849 2519 3905 alterni
2566 3867 2785 3924 compar
2834 3872 3080 3913 mensura
3119 3862 3302 3930 pericli

335 3964 609 4021 Mensuras
635 3960 869 4022 varians,
913 3954 1180 4019 modulos,
1218 3959 1532 4017 motumque
1577 3947 1900 4015 gubernans,
1928 3931 1978 3995 Ο
2005 3937 2236 3995 Cederet
2253 3942 2321 3997 ad
2345 3945 2590 4000 meritum
2620 3989 2636 4014 ,
2666 3963 2787 4002 cum
2809 3949 2980 4007 indice
3006 3953 3162 4021 digna
3187 3970 3378 4010 severo

336 4058 582 4112 Alternas
608 4064 822 4107 servare
848 4048 1010 4110 vices,
1037 4046 1327 4115 jugemque
1353 4053 1632 4096 recursum

336 4146 532 4200 Rerum
555 4149 701 4197 stare
723 4139 896 4207 jubes,
928 4144 984 4190 et
1010 4134 1204 4190 mentis
1230 4131 1459 4200 imagine
1481 4130 1695 4200 plenum

336 4235 505 4290 Edere
533 4239 661 4286 nota
690 4229 784 4283 tibi
807 4227 920 4295 jam
947 4223 1162 4288 smcula,
1189 4222 1403 4277 volvere
1423 4218 1698 4274 mundum.

334 4327 449 4382 Non
474 4339 582 4380 uno
612 4331 670 4376 tu
694 4327 976 4376 contentus
1001 4316 1188 4370 dotare
1215 4321 1396 4370 creata

334 4417 578 4482 Munere,
608 4409 864 4482 quidquid
885 4408 998 4476 agis
1025 4407 1200 4460 varios
1227 4403 1434 4472 largiris
1458 4402 1510 4456 in
1533 4415 1659 4456 usus
1687 4419 1700 4452 :

335 4505 587 4572 Quinimo
611 4502 684 4556 nil
711 4515 818 4554 non
841 4512 1022 4559 causa,
1046 4495 1188 4548 Deus
1214 4493 1372 4555 alme,
1399 4500 1613 4546 tuorum

337 4593 554 4655 Efficis,
586 4591 698 4659 ipsa
729 4589 854 4644 licet
881 4586 1035 4641 nobis
1065 4585 1245 4652 ignota
1267 4589 1478 4635 tuorum

337 4682 625 4737 Factorum
654 4678 790 4732 ratio
811 4687 972 4743 atque
999 4672 1189 4727 modus
1215 4687 1229 4735 ;
1261 4670 1526 4724 contraria
1557 4681 1750 4737 nempe

338 4773 466 4839 Quae
486 4777 641 4840 putat
663 4767 908 4822 humante
931 4765 1101 4821 solers
1128 4762 1337 4831 ignavia
1360 4761 1577 4828 mentis,

338 4862 471 4916 Dum
502 4865 731 4918 certant.
758 4857 878 4926 plus
898 4855 1046 4924 pacis
1071 4853 1286 4915 habent,
1317 4850 1396 4905 sic
1421 4849 1598 4904 omnia
1616 4888 1632 4912 ,
1663 4848 1812 4902 dives

338 4951 617 5016 Conditor,
649 4946 886 5001 adversis
914 4944 1075 4998 etiam
1100 4949 1327 5010 cognata
1359 4940 1638 4995 elementis

340 5039 539 5102 Nectis,
563 5045 617 5093 et
645 5035 824 5091 effusis
850 5049 881 5088 a
911 5042 964 5087 te
982 5033 1264 5087 virtutibus
1284 5031 1492 5100 imples.

341 5130 407 5184 Et
435 5138 615 5183 tamen
644 5127 758 5181 haec
779 5139 902 5180 cum
923 5125 1032 5178 sint
1057 5123 1110 5176 in
1132 5122 1413 5190 majestate
1440 5120 1681 5182 creandi,

342 5220 423 5274 Nil
445 5220 636 5273 horum
658 5231 776 5284 quae
801 5215 970 5283 gignis
993 5226 1136 5280 eges,
1162 5211 1450 5278 mundique
1469 5212 1673 5279 peracti

343 5309 408 5364 Et
435 5325 534 5379 per
562 5315 614 5362 te
639 5307 813 5360 stabili
843 5320 1020 5359 rerum
1048 5316 1306 5372 compage
1335 5301 1604 5355 manentis

344 5402 425 5455 Nil
453 5413 699 5471 prorsum
725 5397 931 5465 indigus
951 5411 1008 5450 es
1039 5412 1054 5459 ;
1087 5409 1185 5447 nec
1206 5394 1257 5446 in
1280 5394 1381 5446 hoc
1411 5400 1498 5446 tua
1520 5393 1689 5460 gloria
1714 5402 1917 5447 tantum

348 5491 494 5560 Quod
517 5489 813 5560 prrestanda
867 5488 995 5542 facis
1042 5487 1213 5541 bonus
1259 5493 1444 5541 auctor
1479 5526 1493 5555 ,
1525 5484 1618 5542 sed
1672 5485 1818 5555 quod
1858 5500 1911 5543 et

1714 5578 1845 5651 [ipsa

625 5673 892 5732 Parnm.
937 5669 1098 5729 LXI.

2014 4030 2237 4088 Praemia
2266 4043 2567 4091 sanctorum
2597 4039 2894 4105 geminaret
2908 4058 3062 4112 pmna
3091 4045 3373 4098 malorum.

2017 4121 2186 4177 Porro
2214 4125 2378 4179 etiam
2411 4127 2562 4195 (mihi
2591 4129 2635 4184 si
2665 4128 2745 4184 fas
2773 4141 2856 4185 est
2882 4133 2985 4189 hoe
3012 4135 3208 4199 dicere,
3238 4135 3385 4190 salva

2016 4211 2154 4267 Pace
2175 4221 2286 4277 tua,
2309 4215 2539 4286 genitor)
2568 4218 2738 4288 majus
2767 4219 3004 4277 fortassis
3029 4224 3166 4293 apud
3194 4232 3247 4278 te
3276 4232 3362 4278 est

2015 4300 2130 4354 Non
2158 4317 2412 4370 peccasse
2439 4305 2659 4373 bonum,
2691 4325 2789 4379 per
2812 4310 3013 4366 lubrica
3043 4322 3284 4384 tempora
3307 4315 3449 4381 vitae,

2016 4389 2186 4455 Quam
2216 4393 2423 4450 miseris
2447 4411 2698 4465 peccasse
2735 4401 2930 4454 malum
2964 4419 2977 4454 :
3007 4403 3100 4457 sed
3129 4405 3324 4459 videris
3352 4413 3408 4458 ut
3429 4420 3486 4458 se

2016 4479 2132 4535 Hoc
2159 4481 2356 4537 habeat
2381 4526 2397 4551 ,
2418 4500 2606 4543 causas
2636 4489 2725 4542 uni
2749 4490 2832 4543 cui
2853 4491 3118 4546 credimus
3149 4509 3355 4548 omnes.

2017 4567 2224 4625 Interea
2251 4573 2382 4628 satis
2410 4585 2492 4631 est
2527 4577 2698 4640 nobis,
2730 4578 2874 4645 quod
2905 4580 3025 4633 vilia
3050 4589 3204 4634 teme

2019 4657 2270 4716 Pondera
2297 4662 2425 4717 dum
2455 4679 2608 4719 sacra
2637 4667 2862 4736 inspiras
2889 4667 3116 4732 ratione,
3152 4678 3346 4738 tuaque

2018 4747 2276 4806 Informas
2300 4752 2519 4822 virtute,
2549 4762 2804 4825 tuumque
2825 4756 3030 4825 eﬂlngis
3051 4759 3308 4826 adinstar,

2018 4839 2292 4897 Nobiliora
2318 4844 2450 4899 facis
2473 4885 2488 4910 ,
2520 4846 2643 4900 dum
2674 4848 2782 4901 lato
2816 4848 2870 4902 in
2896 4850 3070 4904 sidera
3090 4853 3242 4906 vultu

2019 4929 2251 4987 Erexisti
2279 4934 2549 4990 hominem
2581 4976 2597 5001 ,
2626 4953 2782 5007 quem
2812 4940 2934 4993 εωνί
2963 4939 3145 4996 fraude
3167 4943 3376 5013 tyranni

2021 5019 2077 5073 In
2099 5023 2286 5076 mortis
2305 5023 2546 5093 laqueos,
2577 5035 2632 5080 et
2659 5027 2725 5082 ad
2752 5029 2911 5098 impia
2942 5039 3142 5085 tartara
3173 5041 3383 5102 raptum

2027 5109 2249 5180 Unigeni
2270 5113 2484 5171 redimis
2508 5116 2727 5186 profuso
2755 5121 3014 5190 sanguine
3043 5124 3154 5177 nati
3188 5143 3199 5176 :

2023 5199 2171 5270 Eque
2200 5203 2319 5258 imis
2361 5209 2526 5261 eremi
2554 5208 2692 5262 dona
2736 5210 2802 5264 ad
2834 5212 3035 5281 majora
3065 5217 3288 5284 petitum

1937 5285 1986 5344 D
2014 5290 2287 5360 Restituis,
2319 5312 2476 5366 quam
2501 5299 2670 5354 factus
2697 5311 2814 5356 erat
2836 5344 2851 5368 ,
2886 5305 3112 5374 vimque
3134 5309 3354 5377 perenni

2026 5383 2240 5453 Reddis,
2267 5399 2322 5444 et
2359 5391 2412 5446 in
2440 5393 2632 5451 etelum
2654 5394 2770 5453 diro
2799 5406 2952 5454 vetus
2979 5400 3132 5455 hoste
3151 5402 3394 5457 subacto.

2020 5479 2138 5535 Jam
2159 5481 2270 5551 jam
2301 5500 2457 5540 nemo
2481 5496 2687 5558 patrem
2719 5491 3035 5546 temerarius
3062 5500 3247 5559 arguat
3268 5492 3462 5560 'Adam,

2029 5571 2202 5639 Quod,
2229 5575 2341 5631 leve
2370 5583 2730 5652 pnescriplum
2763 5581 2954 5636 violata
2981 5582 3096 5649 lege
3134 5584 3426 5655 resolvens,

2985 5671 3061 5728 30
