4024 6186
450 189 567 246 3959
1805 178 1910 234 CL.
1950 177 2021 232 M.
2063 176 2375 235 VICTORIS
3599 182 3696 237 9i"

462 304 541 359 Ad
563 301 768 357 lethum
793 296 1046 369 patefecit
1071 296 1194 367 iter,
1220 310 1342 351 nam
1363 296 1518 367 culpa
1546 295 1780 366 parentis
2057 298 2109 358 Α
2134 294 2398 350 Mentibus
2416 295 2674 364 ambiguis
2693 311 2797 366 qua
2833 295 2977 352 vires
3002 293 3225 350 traxerit
3252 299 3405 347 aucta

462 392 817 460 Compensata
845 389 995 450 satis,
1019 388 1144 457 quia
1172 387 1292 456 plus
1318 394 1401 441 est
1428 386 1641 441 vincere
1662 393 1890 439 mortem
2140 387 2332 452 Pestis,
2353 396 2410 442 et
2435 389 2489 442 in
2516 389 2704 443 vitium
2723 402 2902 443 mores
2922 401 3134 442 cessere
3158 388 3376 439 vetusti.

464 483 637 549 Quam
661 481 895 536 nescisse
923 479 1062 536 mori
1086 496 1099 531 :
1130 478 1252 533 caeli
1267 492 1409 533 nunc
1434 478 1586 531 lmtus
1611 476 1679 531 ab
1708 475 1830 529 aula
2141 477 2235 541 Da,
2266 476 2426 542 Deus,
2445 486 2660 531 aeterna:
2686 477 2991 533 describere
3017 476 3239 547 mystica
3268 474 3407 535 vitm,

468 571 703 641 Despicit
728 569 981 623 aetherios
1001 581 1148 632 axes,
1178 574 1233 620 et
1259 565 1437 620 sidera
1466 566 1657 630 calcat,
2141 567 2215 621 Da
2244 568 2402 622 simul
2430 576 2486 622 et
2504 575 2762 631 mentem,
2793 568 2859 621 da
2882 580 3122 635 congrua
3150 573 3394 632 tempora
3422 559 3606 623 menti,

466 660 871 730 Dispositosque
891 663 1049 711 vocat
1068 662 1292 709 ventura
1322 655 1377 708 in
1406 669 1569 723 regna
1590 662 1813 723 nepotes
1843 695 1860 719 ,
2143 657 2217 709 Da
2239 656 2493 723 studium,
2539 665 2691 711 tanto
2720 671 2789 711 ne
2816 655 2954 710 desit
2979 669 3110 710 cura
3133 652 3325 715 labori,
3438 686 3441 689 -
3503 704 3511 711 .

467 752 614 818 Quos
642 752 832 804 iterum
858 748 1108 802 formavit
1130 745 1301 814 aquis,
1333 746 1631 815 iterumque
1657 746 1867 800 renasci
2142 746 2567 815 Successumque
2596 747 2795 801 bonum
2824 746 3007 812 studii,
3036 744 3288 813 quodque
3316 746 3493 795 omnia
3521 747 3643 793 vota

470 843 676 897 [Eterni
694 841 876 896 docuit
896 840 1043 894 dives
1072 838 1333 908 sapientia
1363 836 1555 891 Patris.
2140 834 2269 890 Jure
2297 837 2628 905 supercurrit
2653 836 2929 904 (scribenti
2956 832 3182 889 candida
3203 846 3357 887 mens
3376 830 3498 895 est),

469 932 543 986 Te
562 942 618 986 te
647 932 822 999 igitur,
855 928 995 983 Deus
1015 927 1174 991 alme,
1206 940 1413 996 precor,
1439 926 1531 994 qui
1559 926 1775 979 numine
1799 938 1972 994 prono
2143 926 2219 981 Ne
2239 926 2461 981 damnes
2484 936 2688 981 tantum
2715 927 2859 995 quod
2884 941 3025 980 nunc
3052 939 3177 979 reus
3204 922 3378 977 audeo
3406 935 3617 983 munus,

470 1024 573 1077 Das
600 1022 798 1075 sentire
828 1019 1038 1081 animis,
1069 1026 1125 1071 et
1149 1025 1222 1079 te,
1250 1015 1563 1071 charissime
1593 1012 1768 1067 Patris
2143 1017 2570 1086 Criminibusque
2588 1017 2723 1072 meis
2746 1016 2977 1071 connive
2998 1023 3053 1069 et
3074 1028 3234 1083 parce
3262 1012 3541 1077 benignus.

470 1115 603 1167 Nate
631 1112 731 1175 tui,
759 1110 826 1163 da
855 1107 1166 1162 mellilluum
1191 1106 1245 1159 in
1272 1102 1566 1173 praecordia
1607 1102 1827 1157 verbum
2144 1105 2300 1172 Quod
2329 1106 2373 1162 si
2402 1107 2518 1175 lege
2546 1107 2703 1159 metri
2726 1105 3019 1174 quidquam
3048 1102 3352 1172 peccaverit
3379 1101 3544 1162 ordo,

470 1202 659 1258 Nostra
687 1210 856 1263 tuum,
880 1208 935 1253 et
962 1198 1169 1265 linguas
1197 1195 1352 1251 nobis
1372 1192 1590 1248 infunde
1617 1192 1866 1253 disertas,
2147 1196 2386 1252 Peccarit
2411 1210 2591 1251 sermo
2613 1196 2955 1266 inlproprius,
2979 1208 3278 1263 sensusque
3303 1192 3582 1255 vacillans,

469 1294 601 1348 Dum
625 1302 840 1346 teneros
869 1290 1099 1342 formare
1126 1286 1333 1341 animos
1359 1292 1415 1339 et
1433 1284 1598 1340 corda
1619 1298 1871 1354 paramus
2144 1288 2281 1344 Hinc
2307 1289 2508 1343 nullum
2537 1287 2658 1343 ﬁdei
2686 1288 2875 1343 subeat
2888 1300 3140 1341 mensura
3159 1284 3442 1355 periclum.

472 1382 549 1437 Ad
570 1394 708 1434 vera:
731 1377 943 1433 virtutis
977 1378 1078 1430 iter
1104 1373 1395 1445 puerilibus
1416 1374 1587 1427 annis.
2147 1378 2250 1434 Per
2280 1379 2559 1434 Dominum
2588 1379 2857 1434 Christum
2878 1416 2894 1442 ,
2922 1379 3016 1447 qui
3045 1386 3222 1433 tecum
3250 1384 3406 1429 natus
3433 1373 3615 1428 eadem

475 1472 678 1541 inclyta
709 1468 911 1538 legiferi
925 1466 1035 1537 jam
1056 1464 1276 1535 pandito
1304 1464 1500 1520 scrinia
1519 1462 1674 1527 Mosi,
2146 1468 2423 1537 Maiestate
2451 1469 2611 1538 viget,
2630 1470 2834 1539 pariter
2859 1483 2966 1540 qua
2987 1468 3217 1539 Spiritus
3248 1466 3419 1520 almus

476 1559 595 1626 Quae
623 1558 696 1613 sit
720 1558 871 1626 origo
900 1555 1030 1626 poli,
1061 1553 1148 1609 vel
1171 1567 1290 1622 qua:
1318 1552 1611 1623 primordia
1631 1550 1834 1615 mundi.
2147 1558 2523 1630 lncomprensa
2545 1560 2736 1616 animis
2758 1560 3037 1616 smclonim
3066 1560 3120 1613 in
3140 1557 3333 1614 uascula
3357 1556 3510 1611 vivit.

476 1650 837 1717 Arcanamque
866 1646 1023 1702 ﬁdem
1042 1643 1170 1716 quid
1191 1651 1307 1699 toto
1330 1644 1627 1701 excusserit
1645 1644 1778 1700 orbe
2078 1636 2126 1697 B

1503 1795 1972 1904 LIBER
2044 1797 2460 1906 PBLM
2483 1799 2685 1905 US.

550 2004 687 2058 Ante
716 2001 890 2073 polos,
921 2002 1151 2071 coelique
1172 2001 1334 2067 diem,
1358 1999 1648 2071 mundique
1667 2000 1936 2065 tenebras,
2157 1999 2450 2057 Confestim
2481 2002 2535 2055 in
2562 2000 2763 2056 similes
2793 1999 2989 2054 formas
3014 1998 3290 2054 redeuntia
3320 1998 3526 2052 reddet.

480 2096 610 2149 Ante
630 2109 852 2164 operum
877 2092 1095 2158 formas,
1128 2102 1181 2147 et
1200 2108 1307 2158 res,
1330 2102 1385 2148 et
1404 2094 1609 2147 semina
1638 2108 1835 2157 rerum,
2158 2089 2323 2143 Tanta
2349 2089 2520 2144 Patris
2543 2090 2620 2144 vis
2642 2097 2745 2153 est,
2776 2096 2833 2144 et
2854 2096 3000 2143 tanta
3022 2095 3108 2142 est
3133 2088 3299 2156 gloria
3332 2087 3508 2141 Verbi.

481 2186 754 2241 lEternum
776 2186 892 2240 sine
912 2184 1191 2255 praeteriti,
1221 2185 1337 2240 sine
1368 2184 1473 2239 fine
1501 2184 1667 2239 futuri
2226 2179 2296 2237 Ut
2320 2195 2448 2236 vero
2468 2181 2633 2237 semel
2655 2182 2909 2248 attingam
2930 2179 3218 2251 primordia
3246 2194 3446 2244 rerum,

481 2272 604 2329 Esse
626 2275 809 2329 subest
838 2293 850 2326 :
883 2274 969 2329 cui
998 2288 1214 2343 semper
1239 2283 1355 2329 erat
1380 2274 1521 2329 Deus
1546 2290 1706 2341 unus,
1728 2272 1865 2344 apud
1894 2287 2049 2342 quem
2155 2269 2361 2325 Excelsi
2384 2284 2621 2326 convexa
2649 2270 2785 2339 poli,
2805 2278 3066 2338 terraque
3083 2268 3346 2337 iacentes,

481 2363 697 2420 Vivebat
724 2364 931 2433 genitus
957 2363 1189 2418 Verbum
1219 2364 1376 2429 Deus,
1405 2373 1461 2419 et
1481 2366 1639 2420 simul
1667 2364 1835 2420 almus
2157 2360 2287 2416 Pars
2305 2362 2477 2430 prima
2500 2369 2582 2416 est
2603 2361 2783 2431 operis
2814 2378 2827 2414 :
2858 2360 2951 2414 sed
2983 2368 3152 2414 terras
3181 2360 3319 2414 unda
3350 2360 3588 2428 tegebat,

481 2452 727 2522 Spiritus,
758 2454 939 2508 arcani
966 2452 1143 2508 vitalis
1170 2469 1375 2508 summa
1403 2456 1624 2523 vigoris.
2158 2453 2401 2521 Aeraque
2428 2452 2480 2505 in
2505 2450 2682 2506 medio
2710 2449 2947 2506 sordenti
2978 2450 3117 2504 nube
3159 2448 3483 2514 madentem,

484 2542 595 2597 Una
625 2543 782 2596 trium
813 2558 951 2611 quos
970 2542 1223 2597 concordi
1247 2544 1543 2598 substantia
1563 2559 1705 2599 nexu
2158 2540 2223 2595 Et
2243 2543 2476 2597 tenebris
2494 2557 2553 2597 se
2573 2550 2723 2597 vasta
2750 2541 2915 2611 nigris
2941 2540 3151 2595 velabat
3177 2540 3397 2611 abyssus
3429 2558 3444 2604 ;

485 2632 819 2701 Conjungens
840 2646 1049 2687 summa
1076 2640 1333 2687 aeternum
1361 2633 1557 2688 virtute
1584 2633 1797 2699 beabat,
2156 2630 2224 2686 Et
2243 2646 2400 2687 sacer
2426 2632 2665 2687 extensis
2686 2628 2999 2700 impendens
3026 2630 3244 2699 spiritus
3263 2629 3435 2695 undis,

486 2722 867 2793 Regnabatque
895 2731 1089 2793 potens
1119 2723 1173 2777 in
1203 2725 1485 2793 majestate
1509 2725 1723 2779 creandi
1755 2742 1770 2789 ;
2160 2719 2388 2778 Altrices
2407 2720 2677 2775 animabat
2706 2735 2893 2788 aquas,
2924 2734 2987 2774 ac
3014 2719 3218 2774 semina
3241 2734 3421 2773 rerum

489 2812 608 2867 Jam
636 2828 744 2879 res,
767 2821 824 2867 et
850 2828 1039 2868 causas
1067 2827 1266 2877 rerum,
1296 2828 1557 2883 casusque
1583 2813 1809 2880 futuros,
2160 2809 2404 2865 Nondum
2432 2809 2743 2879 compositis
2764 2808 3031 2863 fundenda
3074 2808 3143 2862 ad
3169 2808 3409 2877 germina
3438 2809 3600 2865 terris

486 2902 544 2957 Et
567 2902 810 2958 facienda
829 2903 1031 2970 videns,
1064 2903 1435 2974 gignendaque
1461 2914 1639 2961 mente
1666 2906 1850 2975 capaci
2159 2897 2479 2954 lnslnuanda
2499 2898 2661 2954 dabat
2684 2916 2699 2964 ς
2724 2913 2845 2955 cum
2867 2898 2958 2952 ΙιιΧ
2978 2898 3216 2955 immissa
3245 2913 3475 2969 superne

486 2994 685 3049 Smcula
713 2994 1021 3065 dispiciens,
1053 3003 1107 3049 et
1126 2995 1384 3065 quidquid
1412 3003 1657 3067 tempora
1686 2997 1907 3052 volvunt
2088 3020 2133 3082 ο
2164 2987 2391 3082 Emicuit
2412 2988 2623 3082 dicente
2649 2989 2775 3054 Deo,
2792 2989 3134 3082 discretaque
3150 2991 3357 3058 nigrum

488 3081 723 3140 Praesens
742 3100 956 3155 semper
975 3085 1179 3140 habens
1208 3104 1220 3137 :
1253 3085 1567 3142 immensum
1596 3088 1738 3143 mole
1759 3088 1921 3143 beata
2101 3079 2131 3082 ’
2166 3079 2362 3134 Umbra
2388 3079 2605 3150 peplum
2648 3080 2946 3144 retrahens,
2988 3095 3199 3136 summo
3228 3082 3467 3137 discessit
3494 3084 3717 3154 olyutpO.

489 3174 728 3242 Regnum
753 3184 870 3228 erat
894 3176 1007 3242 ipse
1036 3188 1212 3237 suum,
1245 3175 1393 3243 regni
1425 3190 1525 3229 nec
1555 3183 1692 3230 teste
1716 3176 1951 3240 carebat,
2161 3171 2292 3225 Tum
2319 3171 2495 3226 divina
2517 3173 2659 3227 diem
2681 3172 2952 3243 appellans
2969 3173 3247 3243 prudentia
3271 3175 3458 3242 lucem,

490 3265 670 3318 Virtus
701 3264 838 3317 trina
864 3264 1004 3316 Deus
1030 3304 1045 3329 ,
1069 3262 1159 3330 qui
1183 3262 1412 3330 primum
1441 3264 1645 3320 semine
1666 3266 1813 3319 nullo
2161 3259 2352 3315 lndidit
2372 3269 2428 3315 et
2448 3262 2681 3316 tenebris
2712 3263 2951 3317 obscurat
2977 3264 3195 3317 nomina
3218 3266 3390 3319 noctis

491 3354 732 3422 Corpora
761 3352 893 3406 dans
917 3352 1097 3417 rebus,
1122 3351 1248 3405 dum
1283 3366 1370 3405 res
1398 3353 1628 3407 existere
1657 3355 1818 3423 cogit,
2164 3349 2253 3404 Sic
2281 3349 2421 3404 facta
2451 3351 2553 3421 uda
2584 3350 2700 3406 dies
2719 3350 2785 3405 de
2807 3367 2964 3406 mane
2993 3368 3057 3408 ac
3078 3368 3306 3423 vespere
3328 3355 3521 3422 primo.

491 3443 604 3498 lam
630 3450 870 3517 nostrum
892 3440 1066 3496 effecit
1087 3455 1279 3497 munus
1305 3441 1445 3509 quod
1475 3442 1621 3497 solus
1644 3442 1893 3499 habebat.
2234 3438 2436 3495 Rursus
2462 3455 2618 3495 mane
2644 3455 2861 3508 novum,
2882 3442 3056 3511 primo
3072 3442 3184 3510 jam
3206 3459 3428 3514 vespere
3452 3445 3627 3514 pulso,

493 3531 667 3601 thue
695 3534 854 3587 istum
886 3531 1088 3587 faceret
1113 3532 1260 3587 dives
1280 3532 1541 3603 sapientia
1569 3534 1846 3599 mundum,
2167 3526 2395 3584 Reddita
2424 3529 2515 3584 lux
2542 3530 2687 3597 fecit,
2717 3545 2839 3585 cum
2868 3546 2927 3585 se
2956 3531 3258 3588 firmissima
3286 3536 3457 3590 moles

493 3622 690 3677 Cuncta
720 3623 875 3677 simul
905 3623 1088 3689 genuit
1117 3640 1129 3675 ε
1160 3622 1253 3677 sed
1275 3632 1397 3692 post
1414 3623 1525 3678 haec
1550 3624 1755 3680 semina
1783 3639 1961 3681 rerum
2165 3618 2436 3675 Fluctibus
2454 3635 2486 3675 e
2512 3620 2703 3676 mediis
2728 3630 2984 3677 concreto
3010 3638 3240 3692 corpore
3268 3624 3465 3681 cedens

492 3711 712 3766 Ornavit
736 3711 1129 3781 superinductis
1148 3710 1396 3767 informia
1420 3712 1625 3778 formis,
2166 3707 2384 3777 Extulit,
2414 3725 2500 3778 ac,
2528 3711 2635 3767 late
2660 3710 2793 3767 duro
2815 3712 3043 3768 solidata
3067 3714 3263 3783 rigore,

493 3799 865 3869 Temporaque
894 3801 946 3853 in
993 3801 1184 3855 seriem
1213 3800 1352 3857 bene
1401 3803 1651 3858 conditus
1676 3803 1809 3859 ordo
1839 3802 2065 3873 redegit.
2168 3798 2371 3853 Divisas
2394 3799 2671 3867 suspendit
2698 3813 2890 3869 aquas,
2922 3801 3260 3872 gelidumque
3286 3804 3605 3873 profundum

494 3889 624 3943 Nam
647 3905 753 3944 non
783 3890 1050 3960 (sacrilegi
1080 3890 1249 3945 sensit
1276 3890 1419 3959 quod
1450 3892 1628 3962 lingua
1654 3891 1873 3963 furoris)
2169 3890 2367 3945 Axibus
2392 3890 2590 3958 objcCit
2618 3890 2823 3956 calidis,
2854 3907 3020 3961 seque
3039 3908 3253 3962 aequore
3274 3904 3428 3964 septo

495 3979 662 4035 Casus
688 3981 882 4035 mentis
911 3981 1083 4049 inops,
1107 3980 1233 4034 dum
1263 3981 1445 4036 nescia
1467 3984 1671 4036 semina
1692 3984 1879 4051 volvit,
2170 3982 2303 4035 Nixa
2331 3982 2628 4050 superfudit
2652 3984 2832 4051 rebus,
2860 3999 2995 4053 quas
3016 3985 3198 4041 circite
3225 3995 3379 4041 vasto

495 4066 624 4124 Tam
652 4070 882 4140 prudens
908 4070 1170 4124 contorsit
1198 4084 1332 4138 opus
1357 4086 1374 4135 ;
1402 4085 1501 4124 nec
1529 4072 1708 4126 dicere
1736 4073 1929 4128 factum
2170 4070 2419 4139 Contegit
2445 4073 2760 4136 acthereum,
2784 4073 3016 4130 deducto
3045 4075 3169 4130 hinc
3198 4077 3434 4141 nomine,
3457 4076 3660 4132 etnlum.

498 4160 632 4213 Ante
652 4174 821 4212 mmm
848 4159 928 4210 fas
955 4165 1057 4221 est,
1084 4157 1207 4224 quia
1235 4164 1479 4226 tempore
1508 4168 1633 4214 nata
1662 4172 1963 4218 moventur.
2173 4159 2419 4215 Forsitan
2449 4162 2535 4217 hic
2554 4161 2745 4231 aliquis
2772 4163 2851 4218 sic
2877 4179 3056 4220 secum
3086 4180 3269 4219 errore
3288 4167 3462 4235 perito

497 4248 603 4302 Nec
623 4263 785 4317 porro
812 4255 1070 4300 aeternum
1091 4246 1363 4311 mundum,
1388 4249 1702 4319 superisque
1730 4266 1967 4307 octavum
2174 4250 2428 4316 Disserat,
2460 4252 2708 4306 acthereis
2728 4266 2797 4307 ne
2822 4253 2998 4308 desint
3025 4255 3217 4323 pabula
3242 4255 3492 4321 flammis,

499 4337 724 4392 Credere
754 4335 854 4402 fas,
882 4334 1125 4389 stabilem
1154 4350 1367 4404 semper
1396 4338 1630 4395 tenuisse
1659 4341 1896 4409 vigorem
1923 4361 1935 4393 :
2097 4366 2147 4425 υ
2172 4338 2236 4394 Ει
2266 4342 2459 4397 nimius
2477 4342 2624 4398 calor
2644 4343 2747 4396 ima
2772 4352 2983 4413 petens,
3013 4345 3261 4400 alimenta
3290 4348 3561 4416 sequendo
3580 4386 3594 4411 ,

499 4426 627 4481 Nam
650 4425 792 4494 quod
812 4425 1124 4494 corporibus
1151 4434 1380 4493 constat,
1410 4427 1637 4497 coepisse
1666 4427 1935 4484 fatendum
1964 4438 2064 4486 est.
2172 4429 2368 4485 Exurat
2392 4431 2617 4486 mortale
2644 4446 2827 4500 genus,
2858 4433 3156 4504 caelumque
3183 4450 3464 4490 coruscum

500 4517 703 4585 Corpus
733 4517 873 4571 enim
902 4515 1046 4585 quod
1067 4516 1223 4585 plaga
1248 4518 1393 4584 terit,
1424 4518 1567 4587 quod
1592 4527 1833 4589 tempora
1858 4522 2070 4576 solvunt
2172 4520 2287 4575 Non
2311 4520 2515 4589 possint
2535 4530 2747 4576 terrena
2767 4524 2896 4592 pati,
2928 4525 3166 4592 subjecta
3187 4525 3441 4579 deorsum
3470 4534 3552 4580 est

499 4610 670 4676 Atque
697 4608 931 4673 abolent,
966 4607 1081 4676 ipso
1110 4609 1199 4676 qui
1222 4607 1390 4661 tendit
1422 4608 1605 4661 ultima
1630 4608 1752 4675 line,
2174 4610 2420 4665 Machina
2445 4610 2593 4666 firma
2623 4613 2758 4682 poli,
2782 4627 2900 4681 quae
2919 4612 3045 4668 dum
3075 4630 3171 4669 nos
3201 4616 3432 4683 protegit
3467 4617 3661 4676 umbra,

472 4714 475 4717 ‘
500 4700 821 4768 Principium
849 4698 1082 4754 ostendit
1107 4716 1121 4763 ;
1153 4698 1299 4767 quod
1323 4713 1440 4767 qua:
1468 4700 1654 4753 sortita
1684 4699 1997 4770 probantur,
2175 4702 2381 4756 Interea
2403 4718 2567 4771 super
2594 4704 2858 4773 impositis
2887 4702 3124 4773 frigescit
3162 4708 3228 4760 ab
3257 4708 3434 4761 undis.

500 4795 607 4847 Aut
631 4793 768 4848 facta
798 4793 910 4846 hate
937 4791 1079 4846 credi
1100 4806 1197 4859 par
1224 4800 1325 4856 est,
1357 4800 1449 4844 aut
1477 4799 1600 4845 nata
1628 4793 1824 4861 putari.
2178 4793 2417 4849 Numinis
2445 4804 2501 4848 at
2524 4811 2649 4850 vero
2678 4797 2842 4850 divini
2863 4810 3104 4865 quterere
3130 4815 3316 4855 causas

500 4881 719 4937 Factum
752 4882 911 4949 igitur
939 4889 1149 4935 constat
1175 4881 1459 4942 mundum,
1491 4882 1633 4950 quod
1658 4883 1883 4952 quisque
1910 4884 2071 4938 suba-
2179 4882 2328 4939 Mens
2353 4884 2474 4955 fuge
2501 4894 2683 4940 nostra
2712 4887 2901 4956 procul
2935 4905 2947 4938 :
2974 4888 3094 4957 plus
3120 4889 3189 4943 sit
3229 4891 3323 4943 tibi
3352 4891 3573 4946 credere
3598 4903 3721 4942 sern-

1866 4976 1875 5045 |
1888 4983 2004 5027 ctus
3562 4982 3669 5051 [Ροε-

500 5061 719 5127 Annuit,
748 5069 805 5115 et
825 5076 953 5114 vero
982 5060 1257 5115 convictus
1285 5062 1535 5129 dogmate
1563 5062 1754 5126 credit,
2180 5065 2339 5118 Posse
2364 5065 2529 5119 Deum
2550 5066 2802 5135 quidquid
2833 5066 2946 5122 fieri
2974 5082 3082 5121 non
3104 5082 3260 5137 posse
3279 5077 3518 5137 putatur,

500 5155 814 5213 Concedens
842 5154 1030 5209 fecisse
1060 5153 1224 5206 Deum
1256 5193 1269 5217 ,
1305 5154 1395 5221 qui
1425 5155 1640 5208 numine
1666 5154 1825 5211 Verbi
2179 5154 2242 5207 Et
2264 5170 2514 5224 magnum
2543 5157 2760 5225 pelagus
2788 5172 2950 5227 super
2971 5167 3112 5212 astra
3137 5166 3191 5213 et
3211 5159 3384 5213 sidera
3416 5158 3560 5224 ferri,

500 5243 567 5301 Et
593 5248 788 5303 virtute
819 5253 1028 5315 potens,
1060 5241 1319 5312 quidquid
1345 5252 1532 5297 natura
1554 5252 1786 5311 putatur,
2176 5247 2412 5314 Ipsorum
2447 5248 2657 5302 ratione
2685 5249 2850 5316 proba
2878 5249 2972 5317 qui
2998 5249 3216 5304 credere
3246 5248 3466 5313 nolunt,

502 5339 787 5411 Disposuit,
814 5336 991 5407 jussit,
1023 5334 1211 5399 movit,
1234 5349 1530 5401 munusque
1553 5342 1789 5387 creatum
2174 5335 2236 5389 Et.
2257 5336 2509 5392 mundum
2530 5337 2765 5407 pendere
2796 5340 3012 5407 volunt,
3037 5356 3193 5410 quem
3224 5339 3473 5394 conditur
3496 5340 3600 5409 ipse

504 5430 777 5485 Sueciduis
808 5427 1011 5482 vicibus
1039 5425 1273 5495 (semper
1302 5423 1517 5490 fugitiva
1548 5423 1866 5493 reformans)
2174 5424 2374 5489 Gestet,
2395 5432 2451 5479 et
2476 5426 2738 5483 immenso
2772 5438 3107 5484 constantem
3138 5429 3378 5497 pondere
3408 5429 3595 5484 volvat.

505 5520 757 5585 Sustinet,
781 5535 843 5574 ac
872 5518 1144 5572 volucrem
1173 5515 1451 5569 retrahens
1489 5514 1836 5568 circumrotat
1861 5515 2065 5569 orbem.
2243 5513 2423 5568 Tertia
2451 5515 2539 5568 lux
2561 5516 2792 5572 tumidos
2811 5516 3303 5587 stupuitdiscedcre
3331 5516 3539 5579 fluctus,

508 5610 603 5676 Qui
632 5611 674 5665 si
699 5619 888 5664 cuncta
919 5609 1077 5663 etiam
1104 5606 1303 5661 mavult
1325 5604 1613 5659 dissolvere
1642 5605 1853 5675 raptim,
2170 5606 2303 5660 Cum
2334 5605 2503 5671 Deus,
2537 5607 2777 5677 impulsis
2807 5608 2999 5676 reliqui
3012 5608 3123 5675 jam
3153 5607 3379 5677 gurgitis
3402 5606 3570 5668 undis,
