4058 6186
393 295 486 349 9M
1338 288 1973 346 COMMENTARIORUM
2013 290 2079 346 IN
2116 290 2398 347 GENESIN
2438 291 2565 347 LIB.
2605 292 2648 347 Ι.

393 407 565 462 Acriis
584 420 831 475 magnum
858 407 1043 477 spatiis
1062 404 1316 475 patefecit
1344 406 1502 459 inane
1533 421 1545 455 :

394 497 553 551 Arida
585 504 709 552 tunc
733 498 963 567 primum
992 498 1175 552 mundi
1199 512 1323 567 pars
1351 497 1455 549 ima
1486 500 1749 549 retectam

392 582 635 641 Ostendit
650 585 859 653 faciem,
884 586 1303 656 tremefactaque
1327 586 1546 640 numine
1576 583 1738 639 Verbi

392 671 595 726 Caerula
624 673 849 728 nudatas
874 674 1157 728 cinxerunt
1182 688 1399 742 aequora
1430 680 1619 727 terras.

390 760 535 825 Quas
556 762 705 816 vario
733 763 923 831 raptim
940 762 1115 831 jussas
1131 762 1454 817 fructcscere
1484 760 1614 825 fetu,

395 850 692 905 Luxuriosa
713 866 853 906 novo
880 860 1129 907 texerunt
1156 852 1398 919 germina
1429 850 1578 904 limo.

391 936 456 990 Et
480 937 629 992 rudis
656 946 708 993 et
729 946 917 995 tenero
947 955 1299 1009 prorumpens
1325 940 1525 1008 cespite
1554 938 1691 991 luetis

391 1024 619 1079 Jactavit
645 1041 704 1081 se
730 1027 861 1081 silva
884 1029 1068 1092 comis,
1095 1027 1435 1096 speciemque
1460 1025 1750 1081 secundum

402 1114 575 1168 Edidit
603 1131 708 1169 una
736 1132 885 1172 suam
915 1132 1139 1186 quaeque
1166 1117 1327 1171 arbor
1353 1124 1408 1170 et
1433 1116 1600 1170 herba
1630 1117 1901 1171 virescens

393 1203 453 1256 Et
485 1202 714 1259 fructum
744 1214 797 1258 et
826 1220 1007 1259 semen
1029 1206 1329 1274 vestitaque
1354 1204 1594 1273 gramine
1623 1215 1766 1260 terra
1793 1215 1893 1260 est.

461 1294 576 1348 Jam
607 1295 775 1350 tribus
800 1298 1022 1361 exactis,
1048 1306 1198 1353 motu
1225 1311 1481 1356 succensa
1510 1298 1693 1361 citato,

393 1385 449 1437 In
482 1386 719 1440 llainmas
771 1387 1010 1456 ignisque
1040 1388 1259 1456 globum
1284 1402 1343 1443 se
1370 1402 1567 1459 cogere
1589 1389 1739 1458 jussa
1769 1398 1849 1445 est

389 1474 530 1529 Solis
555 1476 724 1544 prima
747 1476 880 1539 dies,
911 1476 1463 1546 fundataquesemina
1492 1478 1628 1533 lucis

392 1567 651 1621 l'uniceos
679 1582 836 1623 roseo
866 1577 1181 1636 sparserunt
1208 1567 1397 1624 fomite
1418 1568 1630 1623 crines:

390 1654 644 1725 Lunaque
673 1658 847 1713 noctis
869 1658 1061 1723 honor,
1084 1658 1309 1726 (ιιιωεὶιο
1335 1658 1536 1714 lumine
1560 1658 1789 1729 fulgens,

387 1742 642 1801 Inferiore
670 1747 751 1800 via
772 1747 873 1802 soli
900 1746 1138 1815 subjecta
1164 1748 1436 1817 pependit,

391 1836 434 1887 A
464 1852 570 1904 quo
598 1846 879 1905 susceptos
906 1837 1083 1892 radios
1104 1852 1351 1907 percussa
1376 1836 1596 1892 refudit.

387 1925 654 1994 Astraque
683 1926 948 1983 distinctis
972 1928 1167 1983 coelum
1196 1930 1469 1998 pingentia
1493 1928 1663 1993 zonis,

386 2017 630 2074 Floribus
655 2020 907 2075 aethereis
938 2022 1114 2077 varios
1135 2022 1351 2077 vibrare
1379 2022 1613 2087 colores,

386 2104 456 2159 Et
476 2107 646 2174 magis
671 2109 878 2162 ornatis
904 2124 963 2163 se
985 2109 1328 2178 resplendere
1355 2109 1611 2174 tenebris,

387 2197 592 2251 Caerula
615 2214 723 2252 nox
749 2200 973 2268 stupuit,
997 2200 1170 2255 rutilis
1190 2200 1316 2254 dum
1342 2201 1543 2271 spicula
1564 2200 1792 2257 flammis

387 2285 557 2342 Fusca
585 2288 802 2351 micant,
835 2299 1133 2358 urgentque
1174 2290 1380 2345 alacres
1404 2306 1545 2346 nova
1572 2291 1747 2346 sidera
1767 2293 1963 2363 jactus,

386 2376 513 2442 Quin
534 2377 714 2432 solare
727 2377 886 2446 jubar
907 2379 1069 2433 radiis
1088 2380 1307 2435 obducit
1335 2381 1555 2449 apertis,

386 2466 648 2537 Tempora
670 2468 954 2536 quadrifidi
972 2484 1286 2525 mensurans
1296 2478 1550 2539 quattuor
1570 2474 1715 2527 anni.

385 2554 475 2609 Sol
499 2570 712 2626 quoque
732 2597 747 2623 ,
778 2572 900 2612 cum
928 2573 1115 2613 cursus
1142 2557 1306 2613 Lunae
1333 2559 1404 2613 sit
1426 2568 1750 2627 menstruus,
1783 2577 1889 2617 uno

386 2644 682 2702 Contentus
710 2663 872 2703 cursu
892 2648 1191 2703 revolutum
1215 2646 1435 2704 coniicit
1461 2664 1683 2717 annum,

384 2734 766 2805 Artificemque
787 2752 997 2793 sacrum
1024 2739 1159 2793 mira
1183 2753 1442 2808 compage
1464 2738 1682 2795 fatetur.

462 2824 659 2890 Quinta
687 2826 802 2881 dies
830 2828 999 2881 movit
1019 2828 1276 2896 spirantia
1305 2843 1536 2897 corpora
1564 2838 1753 2898 ponto,

386 2912 514 2979 Qua:
543 2914 719 2984 liquor
739 2916 1055 2971 humectans
1082 2917 1285 2985 genuit,
1317 2918 1618 2988 sparsitque
1642 2919 1965 2989 profundum

388 3003 619 3059 Delicias
641 3005 835 3075 pelagi,
864 3007 1016 3061 vario
1038 3022 1171 3077 quas
1195 3008 1437 3075 genuine
1463 3010 1613 3064 miris

386 3092 657 3148 Formavit
682 3103 872 3149 natura
892 3096 1097 3164 modis,
1128 3097 1356 3154 educere
1379 3098 1529 3167 jussa

385 3182 426 3237 E
456 3192 571 3241 toto
599 3196 781 3256 partes
807 3187 1117 3259 formasque
1137 3204 1203 3245 ex
1224 3206 1454 3261 corpore
1481 3193 1646 3249 inani.

386 3274 522 3341 Quin
545 3277 708 3331 etiam
732 3278 785 3331 in
814 3278 1001 3333 brutas
1029 3280 1261 3334 animam
1290 3280 1437 3337 dedit
1465 3282 1544 3337 ire
1574 3282 1789 3352 figuras,

386 3365 623 3436 Quaeque
649 3363 777 3423 salis
808 3371 992 3426 tumidi
1020 3372 1343 3440 squallentia
1365 3374 1572 3442 gurgite
1602 3383 1750 3441 terga

385 3457 516 3512 Cete
536 3467 687 3514 vasta
716 3460 913 3524 levant,
942 3460 1090 3515 molli
1113 3460 1319 3516 differta
1342 3463 1545 3530 sagina,

387 3546 586 3613 Edidit,
620 3557 675 3603 et
699 3550 789 3619 qui
820 3549 1009 3604 horum
1033 3558 1318 3606 conservat
1342 3567 1588 3620 corpora,
1618 3555 1818 3609 nostris

386 3639 718 3708 Corporibus
745 3650 906 3695 nocet
928 3641 1044 3709 ipse
1072 3641 1271 3710 liquor,
1301 3643 1550 3710 genitalis
1579 3644 1828 3700 alumnus

390 3728 649 3793 L'iscibus,
675 3729 787 3798 ipsa
814 3730 976 3783 etiam
999 3737 1155 3784 terra:
1180 3730 1271 3797 qui
1292 3731 1530 3797 germina
1553 3734 1736 3787 nutrit.

387 3814 522 3871 llinc
544 3816 793 3873 volucres
813 3830 1029 3886 quoque
1068 3817 1231 3871 molle
1258 3830 1427 3885 genus
1454 3827 1666 3875 traxere
1706 3822 1965 3890 vigorem,

386 3904 520 3960 Nam
548 3905 778 3975 liquidas
812 3905 940 3960 dum
988 3904 1186 3961 format
1231 3922 1418 3977 aquas,
1452 3909 1794 3980 immissaque
1835 3928 1967 3980 pon-

1757 4004 1896 4075 [tum

387 4087 508 4141 Vita
537 4087 700 4153 subit,
724 4087 934 4143 fervent
960 4088 1129 4144 multo
1152 4090 1352 4145 tumida
1373 4106 1589 4159 mquora
1616 4098 1775 4160 partu
1806 4110 1819 4145 :

386 4175 498 4230 Nec
524 4176 655 4230 satis
681 4184 765 4232 est
787 4179 963 4246 pisces
990 4191 1158 4246 genus
1187 4194 1347 4234 omne
1369 4194 1681 4248 exsurgere,
1714 4182 1966 4252 quodque

388 4266 710 4334 Squammea
729 4269 883 4323 turba
912 4269 1030 4324 salo
1057 4284 1294 4326 summas
1316 4272 1494 4325 evadit
1518 4273 1571 4325 in
1601 4273 1788 4337 undas,

388 4354 451 4409 Ni
474 4356 707 4411 volitans
722 4357 775 4411 in
803 4359 955 4426 aquis
973 4359 1172 4413 sensim
1196 4367 1346 4413 natet
1371 4361 1573 4416 aethere
1592 4376 1747 4431 puro,

393 4441 683 4500 Ethereos
698 4446 931 4500 volucris
950 4447 1265 4514 contingere
1292 4447 1448 4502 docta
1479 4463 1742 4503 recessus.

389 4534 531 4603 Ergo
552 4536 804 4591 materies
832 4536 1126 4607 avibusque
1150 4545 1207 4591 et
1227 4538 1459 4607 piscibus
1479 4552 1584 4590 una
1608 4548 1712 4593 est.

460 4623 578 4679 Jam
606 4624 689 4679 bis
709 4633 861 4679 terna
879 4626 995 4680 dies
1014 4626 1160 4679 claro
1186 4625 1424 4679 radiabat
1447 4626 1681 4695 olympo,

389 4716 571 4770 Tertia
592 4725 716 4785 post
744 4715 902 4771 calidi
925 4716 1177 4784 genitalia
1202 4731 1422 4770 munera
1451 4716 1577 4771 solis
1601 4734 1613 4768 :

390 4805 615 4873 Jamque
641 4814 831 4875 tepens
859 4805 1017 4858 tellus
1043 4803 1290 4871 gravidos
1317 4804 1595 4858 laxaverat
1621 4814 1788 4868 artus,

392 4895 524 4949 Cum
551 4896 751 4965 majora
774 4896 981 4964 agitans
1001 4896 1160 4964 jussit
1180 4894 1319 4949 Deus
1339 4894 1498 4949 edere
1528 4904 1723 4950 terram

391 4987 560 5041 Omne
581 4988 797 5052 animal,
820 4995 1032 5056 vegetat
1056 4986 1193 5040 ratio
1213 4986 1355 5053 quod
1385 4987 1497 5040 sola
1527 4986 1773 5041 movendi
1808 5003 1820 5037 :

391 5074 492 5128 Cui
521 5078 723 5131 servire
750 5077 930 5130 datum
960 5090 1067 5145 quo
1090 5090 1267 5128 rerum
1296 5075 1531 5143 postulat
1552 5090 1698 5129 usus.

392 5164 502 5220 Nec
521 5180 672 5220 mora
698 5171 1053 5235 prorumpunt
1082 5164 1204 5218 fetis
1224 5164 1405 5217 vitalia
1434 5165 1593 5218 terris

392 5254 643 5322 Pignora,
672 5269 897 5323 quaeque
923 5254 1005 5308 sui
1022 5253 1234 5322 generis
1259 5253 1448 5307 sortita
1469 5252 1679 5320 figuras.

392 5344 491 5398 Hic
520 5346 648 5399 mihi
672 5344 783 5413 jam
812 5345 893 5400 fas
919 5345 989 5399 sit
1015 5343 1257 5412 quaedam
1284 5342 1672 5413 perstringere,
1717 5342 1960 5409 quaedam

394 5434 635 5489 Sollicito
664 5436 929 5504 trepidum
950 5434 1163 5504 penitus
1193 5433 1552 5488 transmittere
1579 5447 1759 5494 cursu,

392 5523 591 5577 Mutata
620 5525 861 5595 quaedam
889 5526 1027 5580 serie
1054 5524 1364 5579 transmissa
1394 5522 1612 5577 referre.

463 5614 750 5685 Postquam
770 5627 960 5673 cuncta
983 5618 1139 5674 datus
1166 5616 1459 5687 generatim
1491 5618 1713 5685 protulit
1741 5616 1892 5682 ordo,

392 5706 543 5760 Veris
563 5708 719 5776 plena
746 5708 924 5775 bonis,
956 5717 1011 5762 et
1036 5708 1200 5763 multa
1230 5707 1355 5760 dote
1384 5703 1600 5767 referta,

3538 300 3642 353 942

1992 406 2039 465 Α
2068 404 2197 471 Quae
2224 406 2367 461 Deus
2386 407 2438 460 in
2469 407 2680 475 longam
2710 405 2903 461 seriem
2930 420 3180 463 mansura
3209 408 3416 465 foveret
3446 450 3462 475 ,

2071 494 2290 549 Auctori
2317 495 2551 563 perbella
2581 511 2679 551 suo
2708 504 2819 549 tum
2846 496 3091 549 machina
3116 498 3226 551 visa
3257 506 3355 555 εει.

2070 581 2175 638 Sed
2215 582 2350 652 Quid
2374 584 2425 639 id
2455 593 2554 649 est,
2586 584 2731 654 quod
2777 584 3003 640 mundus
3030 594 3167 649 erat,
3193 586 3334 657 quod
3363 586 3558 652 sidera,
3589 595 3644 640 ct

3380 676 3573 746 [ortus,

2072 762 2403 830 [Etheraque
2429 771 2484 816 et
2501 763 2727 816 vitreum
2748 763 2986 833 pelagus,
3004 772 3264 835 terraeque
3284 765 3537 829 virentes,

2070 858 2135 915 Ni
2162 866 2437 928 spectator
2464 859 2634 922 adest,
2666 868 2823 915 tanta:
2849 876 3007 930 quem
3036 863 3204 931 gloria
3241 862 3399 917 molis

2070 947 2311 1016 Impleat,
2344 954 2505 1017 atque
2525 948 2693 1002 oculis
2719 950 2929 1004 avidum
2957 966 3054 1021 per
3080 952 3284 1019 singula
3312 951 3507 1007 ducat?

2070 1035 2337 1100 Quorsum
2366 1044 2478 1091 tam
2508 1036 2602 1091 lati
2630 1034 2763 1092 fines
2789 1040 3161 1109 possessioque
3189 1042 3387 1110 ampla,

2070 1125 2127 1180 Si
2149 1141 2329 1181 rerum
2355 1141 2633 1197 possessor
2659 1128 2851 1182 abest?
2877 1128 3001 1183 Haec
3029 1139 3207 1185 rector
3226 1132 3427 1201 olympi

2070 1214 2265 1269 Secum
2294 1216 2473 1271 animo
2500 1229 2738 1281 versans,
2766 1224 2821 1270 et
2848 1216 3008 1271 Verbi
3036 1218 3273 1286 pondere
3302 1220 3500 1273 librans
3523 1260 3540 1287 ,

2068 1305 2190 1360 Stat
2209 1306 2334 1360 data
2361 1320 2569 1361 summa
2608 1306 2779 1375 operi,
2810 1306 2952 1360 bona
2980 1314 3102 1360 sunt
3129 1320 3459 1375 quaecunque
3489 1321 3639 1361 crea-

3453 1399 3569 1468 [vit.
3596 1409 3606 1425 ·

2072 1486 2223 1542 Nunc
2250 1487 2523 1542 hominem
2556 1487 2832 1553 faciamus,
2854 1487 2949 1553 ait,
2979 1487 3070 1556 qui
3090 1496 3279 1557 regnet
3307 1489 3357 1542 in
3387 1488 3519 1542 orbe

2070 1578 2137 1631 Et
2158 1580 2228 1633 sit
2249 1580 2424 1647 imago
2452 1579 2547 1634 Dei
2573 1596 2586 1632 :
2611 1580 2838 1635 similem
2859 1578 3015 1634 decet
3036 1594 3155 1635 esse
3183 1578 3409 1639 creanti,

2072 1666 2233 1722 Liber
2261 1667 2330 1722 ad
2359 1668 2659 1733 arbitrium,
2689 1667 2880 1722 fruitur
2907 1668 3001 1735 qui
3028 1676 3209 1722 mente
3236 1666 3447 1721 creatis.

2002 1748 2049 1807 Β
2075 1758 2295 1813 Dixerat
2318 1759 2450 1824 hmo,
2476 1766 2532 1813 et
2558 1758 2727 1813 factus
2752 1759 2914 1813 homo
2934 1767 3036 1825 est,
3060 1774 3156 1815 seu
3183 1773 3411 1828 corpore
3438 1764 3573 1821 toto,

2069 1848 2194 1904 Sive
2211 1850 2387 1905 anima
2417 1866 2480 1907 ac
2499 1851 2696 1920 specie,
2726 1852 2906 1906 forsan
2933 1865 3041 1919 quo
3066 1867 3216 1906 more
3239 1850 3434 1915 futura,

2070 1938 2187 2004 Quo
2211 1939 2452 1995 facienda
2475 1939 2621 2006 facit,
2652 1954 2759 2010 quo
2784 1940 2981 1993 factum
3012 1954 3228 2009 semper
3247 1939 3500 2003 habebat,

2070 2028 2138 2082 Et
2158 2030 2203 2083 si
2226 2031 2552 2099 praeteritum
2575 2029 2686 2097 jam
2708 2029 2945 2085 nondum
2967 2036 3269 2084 accesserat
3285 2044 3475 2083 aevum.

2069 2117 2211 2186 Ergo
2237 2119 2379 2175 hunc
2397 2119 2741 2189 praepositum
2764 2118 2943 2183 rebus,
2965 2133 3087 2173 cum
3107 2117 3334 2186 conjuge
3351 2116 3508 2185 jussit

2067 2207 2322 2264 Crescere
2344 2224 2439 2278 per
2464 2210 2729 2273 sobolem,
2760 2216 3038 2279 terrasque
3066 2210 3275 2278 replere
3302 2218 3572 2263 vacantes.

2068 2300 2203 2355 Tum
2232 2307 2423 2355 natura
2452 2300 2622 2356 semel
2648 2301 2809 2357 rebus
2836 2314 3090 2355 concessa
3110 2300 3331 2366 creatis,

2068 2390 2370 2446 Praesertim
2392 2406 2526 2461 quas
2550 2392 2660 2446 vita
2688 2402 2909 2445 movens
2946 2391 3182 2444 animare
3203 2390 3435 2456 videtur,

2067 2480 2383 2550 Multiplicat
2409 2491 2736 2550 qumcunque
2756 2480 2868 2535 suis
2895 2480 3123 2548 primum
3147 2478 3288 2533 edita
3318 2479 3521 2533 formis.

2136 2572 2373 2641 Septima
2400 2571 2491 2626 lux
2521 2585 2772 2639 magnum
2792 2579 2852 2625 ut
2891 2571 3025 2625 vidit
3057 2585 3297 2626 cessasse
3341 2569 3639 2639 Parentcm,

2068 2660 2174 2714 Sed
2202 2674 2458 2729 generum
2486 2668 2693 2715 tantum
2721 2674 2974 2715 numeros
2999 2658 3223 2714 desiisse
3246 2674 3451 2722 creare,

2068 2746 2135 2801 Et
2164 2748 2401 2816 requiem
2431 2747 2669 2802 tenuisse
2693 2761 2863 2812 suam,
2893 2754 3006 2800 tum
3031 2746 3154 2814 jure
3192 2754 3400 2801 sacrata
3428 2754 3510 2800 est

2069 2835 2370 2891 Perfectum
2396 2849 2515 2904 quae
2538 2834 2676 2891 vidit
2701 2849 2837 2903 opus
2869 2852 2881 2887 :
2913 2849 3146 2903 namque
3174 2838 3277 2890 hoc
3302 2850 3516 2904 quoque
3534 2835 3640 2905 ple.

3318 2923 3468 2995 [num
3498 2933 3581 2978 est

2068 3018 2316 3083 Virtutis,
2338 3031 2576 3073 cessasse
2600 3016 2786 3080 Deum,
2817 3015 3063 3085 posuisse
3092 3013 3325 3069 labores.

1992 3090 2038 3153 (ἶ
2072 3107 2201 3161 Nam
2230 3107 2441 3174 genitus
2469 3105 2693 3161 formam
2711 3103 2885 3159 Patris
2913 3118 3071 3174 quam
3099 3104 3288 3158 dextra
3315 3115 3551 3173 pararet,

2069 3194 2158 3250 Bis
2188 3195 2353 3251 ternis
2376 3194 2658 3250 Dominum
2685 3194 2817 3249 satis
2838 3202 2920 3248 est
2938 3201 3180 3263 patrasse
3206 3194 3415 3249 diebus.

2068 3285 2307 3353 Septima
2343 3284 2432 3338 lux
2459 3285 2640 3339 docuit
2668 3284 2987 3338 veneranda:
3013 3284 3260 3353 exempla
3289 3286 3506 3353 quietis,

2068 3374 2237 3440 Quam
2258 3374 2461 3429 caelesti
2485 3390 2672 3430 omnes
2693 3389 2911 3445 sperare
2925 3374 3178 3441 iubemur
3206 3374 3258 3428 in
3288 3375 3429 3440 auia,

2069 3465 2124 3519 Si
2154 3465 2315 3520 modo
2341 3481 2447 3519 non
2476 3466 2650 3521 desint
2669 3481 2891 3535 operum
2918 3465 3059 3519 bona
3080 3465 3222 3519 facta
3250 3467 3481 3534 piorum.

2070 3554 2193 3607 Ilaec
2223 3569 2436 3622 quoque
2464 3555 2552 3608 lux
2586 3554 2727 3607 illam
2756 3554 2966 3622 signat,
2997 3568 3115 3621 quae
3161 3562 3360 3608 tartara
3408 3554 3648 3612 Christus

2068 3642 2260 3708 Solvit,
2293 3649 2347 3695 et
2366 3642 2540 3696 evicto
2569 3641 2797 3695 reditum
2826 3641 3077 3711 patefecit
3098 3642 3310 3697 Averno
3344 3661 3356 3696 :

2070 3731 2203 3784 Dum
2227 3731 2452 3799 patriam
2484 3730 2573 3784 ille
2595 3731 2761 3784 semel
2789 3730 2959 3784 victor
2987 3731 3254 3785 rediturus
3292 3732 3346 3785 in
3375 3734 3574 3799 aulam,

2068 3817 2291 3885 Jamque
2317 3818 2578 3872 malorum
2608 3832 2817 3887 expers,
2842 3818 3075 3872 humana
3107 3819 3158 3872 in
3208 3834 3369 3874 carne
3396 3822 3638 3890 quiescit.

2068 3907 2157 3961 Sic
2176 3921 2386 3962 cessare
2416 3907 2575 3969 Deus,
2605 3907 2682 3962 sic
2706 3907 2816 3961 otia
2840 3922 3051 3961 sumere
3084 3908 3249 3971 novit,

2070 3996 2194 4051 Plus
2225 4004 2281 4050 ut
2307 4005 2431 4065 agat
2450 4011 2687 4064 cessans,
2718 3997 2921 4065 pariter
2939 3997 3056 4051 sine
3080 3997 3185 4051 line
3212 3998 3516 4066 quiescens.

2069 4088 2144 4141 Ac
2170 4086 2287 4141 sine
2316 4086 2421 4141 line
2441 4100 2692 4155 operaus,
2720 4086 3019 4156 seriemque
3045 4096 3099 4141 ct
3142 4097 3383 4156 tempora
3412 4089 3642 4145 miscens

2067 4174 2338 4230 Ccssando
2360 4182 2695 4229 consummat
2716 4189 2851 4243 opus
2879 4175 3236 4244 quodcunque
3263 4186 3493 4231 crearat.

2069 4264 2172 4319 Sed
2196 4264 2428 4333 qualem,
2458 4263 2710 4331 qualique
2731 4263 2871 4318 Deus
2899 4262 3209 4320 formaverit
3236 4266 3402 4319 Adam

2070 4354 2306 4416 Materia,
2330 4354 2417 4408 hic
2436 4355 2621 4422 paucis
2649 4369 2770 4408 cum
2792 4352 2938 4408 Mose
2966 4368 3240 4411 resumere
3270 4355 3346 4411 fas
3366 4365 3466 4411 est.
3566 4374 3573 4381 ’

1995 4434 2046 4493 Ι)
2142 4440 2351 4495 Primus
2378 4441 2521 4496 enim
2547 4441 2770 4503 meritis,
2804 4449 3107 4509 postremus
3136 4443 3187 4495 in
3216 4444 3403 4499 ordine
3428 4453 3543 4500 toto

2071 4532 2264 4586 Factus
2282 4532 2462 4595 homo,
2494 4539 2553 4584 ut
2579 4545 2698 4584 sese
2713 4530 2872 4583 rebus
2900 4540 3152 4598 prmstare
3172 4534 3366 4586 creatis

2072 4624 2283 4688 Nosset,
2313 4632 2369 4677 et
2396 4623 2520 4677 hinc
2547 4622 2730 4676 laudes
2769 4622 2996 4677 Domino
3018 4625 3345 4693 persolveret
3371 4640 3569 4694 mquas.

2071 4713 2208 4782 Ergo
2228 4714 2496 4768 hominem
2521 4712 2721 4767 factura
2751 4712 2846 4766 Dei
2876 4728 3064 4768 manus
3090 4716 3287 4782 optima
3311 4714 3539 4783 Summi,

2074 4801 2325 4857 Tractatu
2345 4804 2556 4857 facilem
2572 4818 2635 4857 ac
2662 4804 2799 4857 bene
2827 4817 3049 4871 gnarum
3078 4804 3267 4859 cedere
3292 4805 3503 4874 limum,

2076 4892 2142 4945 Et
2169 4893 2364 4948 flexum
2392 4893 2723 4963 formamque
2745 4894 2896 4962 sequi
2925 4908 3029 4963 qua
3055 4894 3268 4949 ducitur
3295 4902 3434 4960 arte,

2071 4982 2261 5044 Sumit,
2294 4992 2349 5037 et
2370 4983 2654 5037 humanam
2684 4983 2896 5053 qualem
2920 4982 3031 5051 jam
3056 4991 3235 5039 mente
3261 4984 3482 5052 gerebat

2072 5072 2315 5143 Explicat
2333 5075 2389 5128 in
2408 5075 2659 5143 speciem,
2690 5082 2801 5129 tum
2826 5073 2954 5129 ﬂatu
2976 5076 3209 5132 immissa
3232 5092 3435 5147 vaporo

2073 5164 2190 5217 Vita
2216 5164 2407 5232 rigavit
2428 5165 2644 5218 humum
2672 5183 2683 5216 :
2720 5166 2874 5220 tellus
2903 5167 3106 5221 mollita
3132 5168 3357 5236 liquore,

2070 5253 2307 5318 Vertitur
2334 5253 2386 5307 in
2414 5267 2628 5307 carnem
2658 5294 2673 5317 ,
2696 5263 2751 5309 et
2767 5257 2983 5323 sanguis
3002 5258 3093 5325 qui
3122 5258 3354 5312 lubricus
3376 5257 3567 5310 humor

2070 5343 2332 5400 Distendit
2360 5344 2546 5398 molles
2571 5358 2666 5412 per
2696 5354 2820 5399 nota
2850 5346 3109 5400 foramina
3138 5361 3319 5399 venas.

2068 5432 2217 5487 Tunc
2245 5433 2439 5487 mentis
2462 5432 2572 5501 jam
2615 5434 2805 5503 plenus
2831 5436 3014 5500 homo,
3049 5436 3238 5488 tellure
3260 5435 3463 5500 relicta,

2069 5523 2247 5586 Exilit,
2277 5539 2338 5579 ac
2366 5524 2646 5577 Dominum
2676 5524 2910 5593 prudens
2938 5524 3160 5578 rationis
3187 5524 3394 5578 adorat.

2071 5614 2219 5666 lIaud
2240 5614 2394 5667 aliter
2420 5615 2589 5671 bustis
2615 5614 2861 5667 mandata
2890 5627 3169 5681 resurgere
3197 5616 3395 5680 apertis

2072 5703 2327 5772 Corpora,
2360 5720 2480 5763 cum
2508 5702 2703 5758 Christi
2734 5703 2872 5759 cado
2894 5703 3108 5771 delapsa
3138 5704 3341 5771 patenti
