4024 6186
451 276 552 330 945

456 390 700 459 Hajestas
722 385 955 456 gravidae
982 383 1244 439 reserabit
1270 382 1474 437 viscera
1497 388 1672 443 terrm,

455 481 709 546 Exilient,
738 476 1131 544 Dominumque
1159 474 1339 529 colent
1366 479 1629 539 terraeque
1649 466 1886 537 polique.

456 573 590 629 Nam
617 570 760 641 quod
783 584 889 624 non
917 566 1105 621 habuit
1129 579 1250 620 cum
1275 563 1353 618 sic
1373 576 1404 617 e
1427 560 1648 630 pulvere
1674 555 1767 611 vili

455 661 755 720 Humanum
794 661 850 716 in
895 658 1120 715 formam
1146 660 1483 723 compactum
1510 658 1592 705 est
1634 662 1827 717 corpus
1854 647 2028 701 hono-

1800 739 1956 811 [ram,

456 846 717 903 Perfacile
738 852 821 900 est
845 854 1056 897 rursum
1083 839 1346 906 integrum
1376 843 1434 888 ut
1453 832 1519 887 de
1560 829 1779 900 pulvere
1811 826 2026 891 reddat,

457 937 610 1004 Quod
634 936 743 1005 jam
770 931 955 988 habuit
978 928 1175 983 multos
1203 925 1443 983 celatum
1470 930 1612 975 terra
1638 933 1732 988 per
1764 931 1955 971 annos.

457 1027 545 1082 Sic
565 1041 633 1081 ex
660 1021 892 1091 antiquis
912 1017 1200 1089 prodibant
1224 1014 1369 1083 jussa
1397 1009 1659 1081 sepulcris

457 1114 693 1184 Corpora
721 1123 945 1181 qumque
971 1122 1095 1163 suas
1122 1118 1335 1159 rursum
1362 1098 1687 1157 assumentia
1718 1103 1919 1166 partes.

458 1202 545 1258 Sic
565 1202 640 1256 nil
667 1198 922 1271 praeteriti
942 1204 1024 1251 est
1044 1192 1189 1263 quod
1210 1207 1316 1248 non
1341 1191 1411 1246 sit
1439 1189 1609 1245 forma
1637 1185 1824 1241 futuri.
1871 1222 1877 1228 -

458 1292 562 1350 Sed
584 1292 696 1363 jam
741 1286 973 1345 hominis
1009 1292 1238 1354 tempus,
1286 1280 1473 1338 sedem
1519 1286 1681 1348 atque
1730 1271 2031 1363 habitacula

1038 1384 1041 1385 ν
1784 1360 1960 1435 [primi

460 1469 721 1533 Pandere,
744 1464 834 1520 ubi
865 1470 977 1519 toto
1005 1468 1287 1531 acceptum
1312 1472 1410 1528 pro
1437 1454 1641 1512 semine
1678 1451 1888 1508 vulnus.

530 1557 674 1614 Eoos
701 1553 874 1625 aperit
900 1550 1027 1607 felix
1054 1565 1161 1620 qua
1186 1556 1331 1604 terra
1358 1560 1607 1602 recessus

462 1646 700 1703 Editiore
726 1642 908 1713 globo,
938 1640 1173 1696 nemoris
1196 1636 1477 1709 paradisus
1494 1633 1696 1691 amoeni

462 1740 739 1804 Panditur,
769 1744 825 1792 et
846 1735 1032 1791 teretis
1068 1729 1409 1799 distinguitur
1434 1726 1627 1782 ordine
1652 1724 1819 1781 silvae.

463 1830 557 1887 llic
584 1830 674 1885 ubi
697 1827 808 1898 jam
828 1824 1015 1897 spatiis
1038 1823 1194 1878 limes
1220 1818 1539 1876 discernitur
1555 1815 1723 1885 aquis

463 1922 619 1987 Solis,
650 1927 705 1975 et
727 1924 985 1973 aeternum
1012 1912 1229 1983 paribus
1254 1923 1352 1965 ver
1378 1914 1641 1977 temperat
1668 1903 1858 1974 horis.)

464 2011 572 2069 Illic
598 2022 827 2082 quaeque
842 2005 961 2062 suis
986 2003 1135 2060 dives
1161 2008 1269 2058 stat
1293 1999 1548 2055 fructibus
1568 1996 1747 2062 arbor,

465 2102 737 2169 Pomaque
760 2094 1024 2152 succiduis
1050 2091 1320 2163 pelluntur
1337 2088 1489 2144 mitia
1507 2086 1681 2158 pomis
1712 2102 1726 2138 :

465 2191 590 2258 Qua:
606 2186 842 2259 jucunda
867 2181 1059 2254 epulis,
1089 2188 1146 2236 et
1176 2178 1296 2234 miri
1324 2178 1484 2249 plena
1510 2176 1730 2246 vigoris,

467 2279 705 2337 Membra
752 2274 1069 2342 animosque
1112 2268 1329 2337 fovent,
1356 2274 1689 2339 pascuntque
1738 2276 1933 2334 sapore
1982 2268 2039 2317 et

1526 2369 1541 2411 t
1754 2352 1965 2427 [odore.

468 2458 722 2515 Sidereos
747 2455 837 2510 hic
863 2462 1008 2509 terra
1029 2451 1207 2508 vibrat
1233 2448 1482 2506 distincta
1510 2445 1740 2511 colores,

470 2547 698 2617 Semper
721 2544 854 2599 ﬂore
875 2556 1017 2597 novo
1037 2538 1313 2605 frondens,
1334 2535 1613 2603 fructuque
1636 2532 1861 2589 recenti.

471 2638 572 2691 llic
600 2635 812 2703 fragiles
837 2630 1053 2686 solvunt
1078 2627 1333 2694 calamos,
1361 2625 1593 2679 animata
1613 2623 1797 2693 vigore

470 2723 703 2780 Muneris
730 2718 1003 2784 ambrosii,
1030 2714 1286 2786 spirantia
1314 2714 1562 2769 cinnama
1586 2711 1806 2768 odores.

470 2814 573 2869 Sed
603 2827 705 2867 nec
730 2808 874 2879 quod
901 2805 1086 2862 Medus
1112 2802 1339 2870 redolet,
1370 2801 1455 2858 vel
1482 2801 1629 2857 crine
1656 2800 1833 2856 soluto

424 2920 429 2924 ·
471 2903 697 2971 Fragrat
722 2896 1109 2960 Achaemenius,
1133 2893 1278 2964 quod
1304 2894 1463 2949 molli
1481 2893 1628 2949 dives
1655 2904 1869 2965 amomo

473 2995 743 3068 Assyrius,
785 2989 1084 3061 messisque
1125 2988 1322 3043 rubens
1348 2985 1639 3041 Mareotica
1679 2982 1865 3048 nardo,

473 3089 626 3156 Quod
655 3082 975 3141 Tartessiaci
1004 3080 1241 3143 frutices,
1271 3077 1413 3146 quod
1441 3076 1589 3145 virga
1617 3074 1813 3136 Sabaei,

473 3175 733 3243 Quodque
761 3170 1060 3225 Palestinus
1085 3168 1266 3221 lacero
1285 3165 1376 3219 ilet
1393 3164 1611 3218 vulnere
1638 3177 1835 3227 ramus,

475 3263 663 3318 Omnia
691 3260 934 3315 certatim
961 3258 1104 3312 hunc
1130 3262 1385 3323 congesta
1422 3252 1631 3323 putabis
1656 3252 1708 3306 in
1740 3254 1974 3305 hortum.

477 3350 721 3416 Namque
747 3346 854 3400 huc
895 3350 1083 3401 cuncta
1109 3341 1250 3396 Deus
1268 3342 1489 3411 pariter,
1517 3355 1635 3410 quae
1664 3326 1867 3409 singula
1890 3338 2048 3396 certis

474 3440 693 3510 Accepit
722 3445 912 3492 natura
940 3434 1090 3499 locis,
1119 3431 1362 3489 conferta
1390 3432 1615 3500 regessit
1645 3448 1658 3483 :

474 3532 724 3601 Motaque
744 3528 868 3584 dum
895 3528 1001 3583 leni
1028 3526 1203 3582 vibrat
1228 3540 1417 3582 nemus
1443 3540 1571 3580 aura
1593 3532 1793 3589 meatu,

476 3622 653 3678 Unum
681 3636 749 3676 ex
768 3620 980 3675 diverso
1007 3625 1195 3673 nectar
1212 3616 1500 3688 permiscet
1526 3616 1712 3681 odore,

475 3713 664 3781 Fitque
683 3724 880 3766 novum
910 3722 1124 3772 munus,
1154 3706 1256 3762 sibi
1278 3706 1423 3761 nulla
1450 3706 1594 3776 quod
1636 3712 1839 3761 asserat
1866 3702 2044 3758 arbor.

477 3803 701 3871 Quaque
729 3808 964 3855 tremens
998 3797 1194 3853 blando
1218 3798 1417 3854 sensim
1445 3797 1645 3867 jactata
1677 3796 1904 3864 fragore,

474 3891 770 3947 Connnotis
796 3887 1029 3959 trepidat
1056 3887 1217 3953 foliis,
1240 3895 1397 3943 sonat
1421 3887 1614 3942 arbore
1640 3894 1835 3941 cuncta

476 3981 739 4054 Ilymnum
768 3981 900 4037 silva
921 3979 1053 4045 Deo,
1098 3978 1476 4045 modulataque
1502 3977 1679 4032 sibilat
1706 3991 1835 4030 aura

475 4072 747 4136 Carmina,
780 4084 880 4124 nec
906 4083 1110 4122 vacuus
1136 4081 1333 4121 vanum
1358 4066 1534 4134 quatit
1559 4080 1683 4119 aera
1712 4074 1906 4120 motus.

475 4163 682 4232 Quippe
710 4158 851 4229 apud
869 4160 1177 4219 auctorem,
1193 4155 1284 4223 qui
1306 4162 1478 4208 totum
1503 4154 1647 4209 mole
1674 4156 1772 4211 sub
1794 4170 1919 4219 una,

475 4251 585 4306 Res
614 4250 774 4304 rebus
796 4253 1046 4310 nectens,
1072 4243 1276 4299 alterna
1302 4243 1419 4312 lege
1445 4252 1697 4307 retentat,

474 4339 560 4395 Nil
585 4347 787 4393 temere
810 4334 926 4391 ﬁeri
955 4335 1042 4389 vel
1068 4333 1263 4389 frustra
1293 4333 1515 4389 credere
1542 4349 1639 4404 par
1665 4341 1766 4389 est.

476 4432 614 4498 Quin
638 4431 799 4486 etiam
824 4429 1088 4501 speciosa,
1114 4443 1320 4494 nemus,
1344 4428 1597 4497 silvaeque
1626 4443 1881 4495 eorum,

476 4522 801 4589 Argumenta
831 4534 1053 4589 operum
1081 4525 1225 4584 sunt,
1260 4526 1315 4572 et
1341 4517 1603 4587 plantaria
1629 4532 1830 4572 rerum.

474 4611 585 4667 Nec
605 4611 825 4666 dubium
856 4610 1013 4680 primi
1050 4609 1178 4677 quin
1209 4606 1403 4662 delicta
1427 4616 1553 4663 ante
1581 4607 1839 4675 parentis,

475 4701 576 4758 llic
601 4715 697 4756 sua
720 4700 962 4753 ﬁxissent
990 4697 1194 4764 pariter
1216 4697 1445 4751 tentoria
1465 4710 1671 4762 secum,

476 4791 677 4854 Gloria,
707 4787 1043 4857 simplicitas,
1090 4786 1345 4851 studium,
1375 4784 1657 4854 sapientia,
1686 4784 1800 4839 veri

475 4882 606 4935 Diva
637 4888 815 4942 tenax,
840 4876 1140 4946 prudentia,
1168 4876 1361 4944 gratia,
1381 4873 1683 4944 honorque,
1707 4873 1974 4942 salusque,

478 4968 835 5036 Praeclarique
864 4966 1054 5021 animae
1080 4964 1322 5031 affectus,
1363 4972 1525 5034 atque
1551 4964 1747 5034 inclyta
1785 4963 1971 5027 virtus,

477 5059 541 5115 Et
568 5056 825 5129 quidquid
851 5054 1133 5125 pulchrum
1185 5054 1329 5109 orbis
1376 5054 1537 5109 habet
1579 5072 1591 5107 :
1637 5052 1766 5122 quid
1820 5053 2048 5121 denique

1772 5142 1980 5213 [paucis

478 5237 803 5293 Enumerare
830 5234 988 5288 velim
1016 5247 1174 5303 quam
1203 5234 1425 5303 plurima
1450 5248 1671 5289 munera
1693 5232 1910 5287 verbis?

478 5331 594 5387 Iam
621 5329 751 5385 satis
778 5328 881 5382 hoc
912 5324 1033 5379 fidei
1060 5331 1159 5387 est,
1192 5324 1315 5379 laeto
1342 5324 1484 5392 quod
1505 5324 1707 5379 semine
1737 5336 1961 5393 surgens

480 5419 614 5475 Ilinc
641 5400 801 5472 arbor
818 5415 962 5481 vitai,
987 5412 1146 5468 celsis
1174 5413 1308 5481 petit
1331 5426 1454 5467 aera
1483 5413 1657 5480 pomis
1683 5430 1695 5465 :

480 5510 625 5565 Illinc
653 5508 866 5564 diverso
895 5504 1137 5559 nocitura
1166 5501 1357 5573 peritia
1387 5502 1590 5569 fructu,

483 5598 730 5654 Notitiam
752 5611 930 5652 rerum
957 5592 1234 5665 suspendit
1260 5594 1327 5649 ab
1347 5594 1539 5649 arbore
1558 5594 1706 5661 legis.

551 5688 630 5743 Ad
657 5688 916 5755 gremium
944 5686 1083 5742 sacri
1108 5686 1360 5751 nemoris,
1392 5683 1535 5755 quod
1564 5685 1693 5739 silva
1732 5694 1973 5754 coronat,

1788 264 1891 319 CL.
1933 263 2002 317 M.
2045 260 2352 319 VICTORIS

2054 380 2104 437 Α
2131 374 2276 429 Fons
2296 383 2487 441 scatet,
2516 382 2571 430 et
2593 374 2689 430 diti
2717 372 2926 444 prolem
2953 370 3153 427 virtute
3177 367 3415 434 maritat,

2081 4419 2128 4478 D

3598 255 3699 314 θιι

2127 465 2437 531 Quadritldo
2465 466 2722 521 tumidum
2744 465 2895 520 Imma
2916 471 3077 533 caput
3099 475 3257 516 amne
3266 460 3567 526 resolvens,

2128 554 2298 611 Ditior
2315 554 2531 611 Oceano
2557 572 2572 621 ;
2599 555 2711 625 jugi
2737 570 2860 609 nam
2885 554 3093 623 gurgite
3118 566 3319 622 pronus

2126 648 2221 705 Ille
2246 664 2372 705 suos
2398 648 2565 704 donat
2590 648 2797 712 latices,
2829 646 2931 700 iste
2958 643 3153 713 accipit
3180 654 3389 705 omnes,

2128 738 2237 793 Nec
2264 746 2443 807 turget
2462 744 2641 792 tamen
2672 754 2687 802 ;
2731 743 2788 790 at
2814 734 2990 789 minor
3024 740 3126 799 est,
3154 732 3248 801 qui
3275 744 3519 787 crescere
3545 730 3699 785 tantis

2127 830 2408 885 Fluctibus
2436 826 2644 895 infusis,
2673 840 2834 895 quam
2858 824 2950 894 qui
2970 823 3285 879 decrescere
3326 820 3497 876 nescit

2129 922 2389 977 Amnibus
2416 919 2597 977 effusis
2620 938 2634 972 :
2656 933 2885 989 quorum
2914 917 3091 987 primo
3117 914 3306 970 ordine
3334 910 3535 967 Phison

2129 1012 2345 1067 Prosilit
2362 1011 2653 1075 exsultans,
2685 1008 2849 1065 fontis
2873 1022 2995 1078 pars
3021 1014 3214 1075 quarta
3232 1004 3377 1059 beati
3408 1044 3424 1069 ,

2128 1100 2304 1155 Edens
2325 1108 2526 1155 natura:
2546 1113 2681 1169 quas
2708 1097 2800 1153 dat
2819 1096 3102 1168 prudentia
3130 1094 3308 1161 dctes,

2129 1191 2493 1260 Gangetisque
2513 1190 2687 1260 replet
2700 1187 2949 1259 populos,
2976 1193 3140 1256 atque
3166 1184 3345 1239 Indica
3367 1196 3531 1251 regna

2130 1280 2394 1339 Distendit
2418 1278 2567 1347 limo,
2591 1286 2870 1349 terrasque
2896 1285 2953 1334 et
2978 1275 3183 1332 semina
3209 1273 3447 1329 volvens.

2130 1374 2261 1442 Quae
2286 1373 2413 1429 facit
2440 1386 2569 1427 arva
2594 1371 2745 1437 serit,
2778 1368 2935 1425 nudis
2960 1382 3068 1439 qua
3096 1365 3336 1435 squallet
3359 1362 3536 1420 arenis

2131 1466 2309 1520 Aurea
2329 1462 2579 1532 fulgentis
2598 1462 2740 1518 inter
2764 1466 3009 1516 ramenta
3031 1457 3251 1513 metalli.

2133 1553 2238 1609 llic
2265 1552 2354 1608 ubi
2378 1550 2635 1607 fulmineo
2660 1549 2888 1606 rutilans
2911 1546 3264 1604 carbunculus
3291 1545 3437 1614 igne,

2138 1643 2218 1697 Ac
2242 1640 2400 1697 viridi
2426 1638 2600 1696 radiat
2626 1638 2923 1709 fulgescens
2947 1638 3066 1693 luce
3092 1634 3425 1705 smaragdus.

2062 1721 2107 1781 B
2136 1732 2248 1787 Nec
2275 1732 2451 1786 minor
2477 1729 2602 1786 inde
2620 1727 2792 1796 Geon,
2822 1727 3047 1798 placidis
3072 1727 3167 1782 sed
3186 1726 3368 1782 mitior
3392 1723 3546 1780 undis

2132 1820 2364 1876 Niliacas
2391 1818 2590 1874 attollit
2615 1832 2804 1888 aquas,
2832 1831 3125 1887 arsuraque
3143 1817 3252 1872 late

2135 1912 2342 1968 Diluvio
2370 1910 2505 1979 tegit
2528 1924 2657 1965 arva
2683 1909 2799 1979 pio,
2825 1907 3073 1977 caeloque
3099 1920 3401 1977 repugnans

2134 2002 2423 2071 Temperat
2443 1997 2759 2069 IEthiopum
2787 1997 2991 2067 stagnis
3010 1995 3355 2052 reﬂuentibus
3382 1980 3567 2050 undas.

2135 2091 2349 2148 Tertius
2368 2091 2492 2147 hinc
2517 2090 2706 2161 rapido
2742 2103 3061 2160 percurrens
3087 2088 3295 2157 gurgite
3331 2087 3504 2155 Tigris

2143 2180 2191 2236 lt
2210 2195 2393 2237 comes
2420 2179 2678 2250 Euphrati
2698 2178 2885 2249 juncta
2911 2192 3049 2247 quos
3074 2178 3218 2233 mole
3257 2186 3475 2231 mentes

2138 2269 2319 2326 Tellus
2339 2268 2478 2325 victa
2503 2283 2639 2325 cavo
2671 2268 2854 2325 sorbet
2878 2266 3149 2338 patefacta
3173 2268 3392 2323 baratro
3416 2308 3433 2334 ,

2138 2359 2321 2415 Donec
2346 2360 2400 2414 in
2421 2357 2686 2415 Armenia;
2706 2357 2875 2414 saltus
2900 2372 2966 2413 ac
2994 2357 3197 2413 Medica
3230 2356 3453 2427 Tempe,

2143 2444 2292 2516 Quo’s
2320 2463 2428 2503 non
2456 2447 2732 2514 sustinuit,
2760 2461 2862 2503 nec
2904 2445 3015 2516 jam
3059 2448 3233 2518 capit,
3266 2454 3481 2502 evomat
3506 2459 3692 2505 amnes

2153 2539 2259 2595 Sed
2287 2537 2481 2606 Tigris,
2509 2537 2663 2606 nigro
2689 2545 2943 2607 tanquam
2964 2536 3267 2607 indignatus
3295 2535 3529 2602 Averno,

2143 2628 2357 2685 Prosilit
2382 2628 2645 2682 atthereas
2664 2634 2813 2682 motu
2841 2626 3047 2696 majore
3064 2627 3163 2682 sub
3183 2641 3360 2689 auras,

2143 2718 2211 2774 Et
2231 2732 2443 2774 rursum
2471 2717 2667 2787 spelaea
2694 2717 2854 2781 subit,
2886 2730 3196 2784 mersusque
3214 2716 3456 2771 cavernis

2145 2807 2290 2863 Intus
2309 2808 2418 2875 agit
2443 2805 2705 2867 fremitus,
2738 2814 2794 2861 et
2817 2805 3007 2861 fortior
3032 2806 3187 2861 obice
3208 2802 3378 2860 factus

2145 2897 2530 2967 Multiplicatur
2556 2896 2728 2965 aquis,
2760 2903 2985 2964 atroque
3013 2894 3227 2949 citatior
3248 2902 3404 2948 antro

2150 2987 2295 3056 Exit,
2323 2995 2376 3043 et
2404 2987 2652 3058 Assyrios
2675 2985 2837 3041 celeri
2865 2994 3014 3042 secat
3036 2985 3248 3054 agmine
3265 2995 3503 3054 campos.

2070 3062 2115 3125 C
2149 3078 2350 3134 Justior
2369 3076 2693 3147 Euphrates,
2727 3076 2825 3131 diti
2842 3075 2935 3145 qui
2956 3076 3163 3147 gurgite
3190 3074 3367 3143 largus

2146 3167 2338 3235 Irrigat
2359 3174 2572 3222 arentes
2592 3166 2845 3235 subjectae
2871 3164 3101 3220 Persidis
3123 3177 3303 3233 agros,

2148 3258 2396 3314 Mollibus
2424 3258 2633 3313 elicitus
2661 3257 2807 3325 rivis,
2829 3266 2991 3327 atque
3017 3255 3264 3312 omnibus
3287 3267 3442 3323 teque

2147 3347 2342 3413 Servit,
2374 3356 2429 3403 et
2456 3349 2715 3403 humanos
2733 3354 2906 3401 totum
2934 3361 2994 3402 se
3019 3347 3222 3417 praebet
3250 3345 3302 3400 in
3329 3359 3456 3399 usus
3486 3359 3502 3398 :

2149 3438 2329 3494 Donec
2355 3439 2527 3495 siccus
2570 3436 2745 3507 aquis,
2788 3452 2985 3492 nomen
3012 3451 3227 3506 quoque
3262 3435 3513 3505 prodigus
3539 3434 3698 3506 ipsum

2146 3526 2497 3584 Consummat
2517 3527 2697 3595 terris,
2726 3525 2902 3597 pelagi
2921 3522 3067 3597 q’uod
3089 3526 3274 3582 debuit
3298 3524 3474 3581 undis.

2218 3618 2344 3675 Haec
2372 3620 2531 3690 igitur
2552 3625 2748 3674 cuncto
2768 3625 2972 3672 natura:
2991 3617 3121 3673 ditia
3146 3617 3257 3673 fetu

2147 3708 2395 3779 Imperia,
2425 3717 2483 3763 et
2511 3715 2659 3762 tanta
2687 3707 2945 3762 virtutum
2973 3706 3099 3763 dote
3126 3705 3336 3761 referta:

2149 3798 2378 3863 Deliciae,
2409 3798 2581 3869 prima
2600 3807 2684 3854 est
2709 3798 2938 3853 hominis
2957 3796 3223 3868 possessio
3245 3795 3398 3867 primi
3421 3813 3437 3849 :

2148 3890 2206 3946 In
2233 3905 2393 3960 quam
2420 3889 2697 3954 deductus,
2720 3890 2828 3944 vita
2857 3890 3124 3945 exsultare
3150 3889 3369 3959 perenni

2149 3980 2345 4037 Accola
2367 3980 2547 4049 jussus
2566 3989 2702 4045 erat,
2734 3982 2869 4036 tales
2907 3995 3035 4050 ergo
3062 3980 3151 4036 ille
3179 3981 3386 4036 locatus

2152 4072 2293 4129 Inter
2318 4071 2537 4127 delicias
2562 4079 2617 4125 et
2638 4070 2796 4139 longe
2823 4071 3036 4141 pinguia
3064 4069 3266 4140 Tempe
3288 4107 3311 4142 ,

2151 4162 2287 4217 Dum
2316 4162 2375 4214 ﬁt
2403 4161 2577 4216 adhuc
2598 4161 2807 4230 dignus,
2838 4161 3099 4231 discitque
3121 4161 3306 4216 labore
3332 4162 3549 4229 mereri,

2153 4249 2358 4321 Expers
2377 4265 2668 4306 maerorum
2682 4291 2698 4316 ,
2722 4264 2973 4318 cumque
2994 4250 3206 4317 ignarus
3226 4249 3443 4317 agebat.

2152 4339 2379 4395 Tantum
2435 4339 2579 4410 apud
2637 4348 2910 4395 auctorem
2965 4347 3080 4405 est,
3130 4341 3308 4396 meriti
3362 4356 3462 4411 pro
3511 4339 3713 4396 nomine

3414 4429 3647 4502 [summi,
3708 4442 3713 4488 ι

2152 4521 2395 4577 Nondum
2425 4520 2623 4591 aliquid
2649 4520 2908 4575 meruisse
2934 4519 3081 4574 mali.
3106 4518 3377 4586 Quantum
3407 4536 3539 4592 ergo
3565 4528 3711 4592 puta-

3490 4612 3646 4685 [ιιιυδ.

2150 4698 2370 4754 Solvere
2391 4713 2550 4768 posse
2577 4706 2783 4769 patrem
2812 4700 3047 4755 reditura
3077 4700 3129 4754 in
3159 4708 3399 4770 tempora
3420 4702 3577 4755 vitae:

2147 4786 2311 4857 Cujus
2333 4789 2473 4858 apud
2494 4788 2722 4844 famulos
2744 4790 2855 4858 jam
2878 4799 2989 4844 tum
3015 4790 3228 4859 largitio
3249 4807 3405 4860 pura,

2148 4877 2264 4931 Non
2295 4893 2500 4933 merces
2518 4878 2800 4948 paradisus
2826 4881 2981 4933 erat?
3008 4880 3259 4949 quodque
3287 4880 3376 4934 illa
3395 4895 3595 4936 severa:

2151 4968 2305 5037 Legis
2333 4970 2465 5024 scita
2492 4970 2632 5036 tulit,
2661 4970 3027 5040 libertatisque
3046 4972 3306 5040 periclum

2150 5058 2426 5124 Facturus,
2458 5060 2644 5125 vitam,
2675 5061 2911 5115 servanti
2935 5060 3103 5129 jussa,
3128 5061 3331 5131 recepit
3360 5101 3374 5113 .

2152 5146 2394 5217 Spondet
2423 5148 2596 5203 adhuc
2622 5149 2827 5218 majora
2855 5149 3029 5214 bonis,
3059 5158 3115 5204 et
3140 5150 3358 5219 praemia
3387 5161 3585 5215 servat,

2154 5237 2254 5303 Qui
2283 5252 2501 5292 causam
2526 5238 2733 5294 meritis
2759 5240 2979 5305 statuit,
3011 5239 3135 5295 dum
3169 5257 3183 5292 :
3214 5239 3471 5309 Vescere,
3499 5241 3647 5306 dixit,

2154 5328 2446 5383 Arboribus
2467 5328 2695 5391 cunctis,
2725 5329 2867 5384 hanc
2890 5338 3098 5385 tantum
3121 5330 3345 5385 horrere
3365 5340 3651 5396 memento,

2151 5419 2278 5485 Qua:
2301 5419 2632 5475 diversarum
2661 5430 2877 5489 gestans
2905 5422 3147 5478 examina
3170 5437 3375 5489 rerum,

2152 5509 2404 5565 Notitiam
2423 5511 2557 5566 recti
2578 5518 2739 5581 atque
2765 5512 2891 5567 mali
2918 5512 3016 5567 sub
3037 5511 3238 5569 cortice
3266 5520 3478 5583 gestat,

2154 5597 2286 5652 Nam
2314 5607 2735 5668 transgressores
2760 5614 2907 5655 mors
2934 5600 3096 5655 cruda
3118 5608 3175 5654 et
3199 5600 3316 5656 dira
3344 5609 3611 5671 sequetur.

2222 5688 2336 5743 Tali
2366 5690 2483 5758 lege
2509 5691 2653 5755 data,
2684 5690 2819 5745 ratio
2847 5690 3006 5747 docet
3034 5692 3236 5760 optima
3280 5692 3423 5762 quod
3451 5706 3559 5747 non
