4024 6186
324 325 428 385 3-ιὸ

324 440 606 499 Mortalem
637 438 779 493 Deus
802 434 857 488 in
879 431 1134 506 primmvo
1158 438 1401 499 tempore
1425 427 1548 482 fecit

325 534 567 590 Primum
596 526 900 594 hominem,
928 524 1056 594 quin
1087 522 1176 579 ille
1220 521 1322 576 sibi
1365 525 1594 573 mortem
1621 512 1798 568 attulit
1824 512 1906 564 ul-

1706 607 1831 677 [trn.

325 715 566 784 Namque
592 720 646 768 et
666 710 719 767 in
747 711 854 765 hoc
877 717 960 764 est
986 719 1178 775 magna
1207 703 1304 758 Dei
1324 697 1654 768 indulgentia
1677 692 1901 784 summi:

325 803 463 858 Dum
483 783 632 872 quod
661 814 770 854 non
797 796 1022 863 meritis,
1049 793 1145 850 sed
1189 799 1396 846 tantum
1440 795 1632 858 sponte
1678 783 1906 852 benigna

325 889 576 960 Largitur
592 887 822 952 famulis,
850 884 1020 941 nostri
1048 882 1194 952 cupit
1205 895 1323 936 esse
1344 878 1543 933 laboris
1570 916 1586 942 ,

327 975 396 1032 Et
415 992 474 1034 se
503 975 646 1048 quod
665 975 830 1031 donat
847 971 1050 1028 mavult
1073 969 1269 1026 debere
1287 966 1477 1022 videri.

330 1065 400 1120 At
428 1073 487 1120 tu
514 1079 672 1136 quem
699 1062 838 1119 sacri
868 1060 1033 1116 nectit
1059 1056 1299 1115 custodia
1321 1055 1476 1124 juris,

330 1153 410 1208 Ne
428 1165 655 1222 querere
682 1150 922 1220 angustis
947 1147 1094 1218 quod
1121 1146 1301 1202 clausa
1322 1142 1535 1198 licentia
1563 1140 1720 1195 metis

331 1240 495 1298 Parte
512 1242 580 1296 sit
608 1240 739 1296 orba
767 1240 850 1295 sui
882 1257 895 1292 :
925 1238 999 1293 nil
1025 1238 1126 1292 hac
1152 1235 1246 1290 tibi
1275 1234 1390 1303 lege
1409 1232 1637 1287 recisum
1665 1235 1766 1284 est.

334 1329 473 1386 Ante
499 1335 821 1400 potestatem
848 1334 1056 1382 tantum
1078 1333 1340 1392 terraeque
1365 1322 1633 1389 marisque

333 1417 533 1474 Nactus
554 1431 693 1483 eras,
719 1431 861 1471 nunc
882 1416 992 1485 jam
1016 1415 1167 1484 regni
1196 1414 1424 1480 vitaeque
1463 1411 1733 1480 perennis,

335 1503 507 1560 Porro
536 1511 591 1560 et
615 1504 803 1560 mortis
821 1503 987 1558 habes
1013 1520 1027 1556 :
1058 1511 1187 1557 tunc
1212 1509 1269 1555 ut
1287 1500 1390 1554 sibi
1414 1507 1606 1554 cuncta
1634 1505 1910 1569 parentem

337 1591 623 1647 lndulsisse
651 1591 796 1662 pium
823 1590 971 1646 rudis
998 1590 1172 1646 incola
1196 1588 1442 1644 crederet
1467 1588 1632 1653 orbis,

337 1678 507 1734 Omne
532 1679 753 1744 animal,
781 1678 924 1747 quod
946 1678 1056 1747 jam
1078 1678 1234 1733 tellus
1258 1677 1386 1732 dare
1408 1677 1556 1746 jussa
1583 1683 1813 1740 crearat,

339 1766 630 1822 Eifundens
649 1768 817 1822 tacito
840 1780 1073 1821 vernans
1100 1780 1131 1820 e
1149 1779 1378 1835 corpore
1402 1779 1606 1830 semen,

339 1853 504 1909 Jussit
529 1854 719 1910 adesse
746 1854 908 1920 Deus,
933 1854 1259 1925 proprioque
1286 1853 1506 1910 obedire
1533 1862 1762 1924 tyranno
1795 1871 1808 1916 ;

338 1942 556 1998 Scilicet
582 1948 641 1996 ut
667 1942 876 1998 cunctis
902 1943 1040 1998 bene
1056 1956 1290 2012 congrua
1311 1944 1528 1998 nomina
1551 1944 1711 1998 rebus

339 2030 576 2098 luderet,
598 2038 762 2100 atque
788 2046 886 2086 suo
914 2030 1113 2086 factum
1141 2032 1558 2102 unumquodque
1597 2039 1815 2088 vocaret

341 2117 594 2186 Nomine,
620 2127 812 2174 natura
841 2118 986 2190 quod
1018 2127 1204 2174 natum
1231 2128 1313 2174 est
1340 2129 1530 2190 suapte
1554 2123 1776 2176 moveri.

412 2214 524 2272 Nec
549 2229 719 2281 mora,
746 2215 1018 2271 viventum
1039 2215 1262 2285 parendi
1286 2216 1427 2271 haud
1449 2216 1648 2284 nescia,
1678 2217 1847 2281 sistit,

341 2301 514 2359 Omne
542 2316 711 2374 genus
730 2310 921 2361 natura
949 2302 1059 2359 Deo
1090 2344 1106 2370 ,
1141 2318 1459 2373 quacunque
1487 2315 1746 2361 vocantur

341 2393 526 2452 Mundi
549 2400 704 2464 parte
731 2393 856 2449 novi
883 2401 1083 2449 coeunt
1106 2393 1355 2449 animalia
1377 2395 1428 2449 in
1452 2396 1569 2464 ipso

341 2483 627 2554 Temporis
645 2483 870 2539 articulo
894 2483 1088 2539 modici
1119 2522 1134 2548 ,
1161 2483 1276 2540 sive
1300 2483 1389 2538 illa
1416 2482 1640 2540 fuissent

343 2571 490 2627 Molli
510 2571 654 2627 lenta
681 2571 868 2641 gradu,
890 2579 983 2626 aut
1009 2571 1196 2640 rapido
1224 2573 1623 2641 promptissima
1645 2587 1824 2637 cursu,

344 2659 552 2730 lmpete
570 2659 654 2714 vel
673 2658 852 2714 subito
879 2667 1134 2723 consueta
1161 2673 1258 2728 per
1282 2673 1407 2714 aera
1432 2660 1561 2726 labi,

346 2748 455 2803 Ant
483 2749 669 2803 innare
695 2747 873 2814 undis,
905 2755 997 2802 aut
1019 2747 1260 2817 pondere
1284 2747 1486 2802 lubrica
1515 2747 1661 2802 ferri.

347 2837 442 2894 His
462 2837 604 2893 Deus
631 2838 972 2907 omnipotens
993 2837 1161 2892 Adam
1193 2843 1454 2906 praesente
1479 2836 1705 2902 vocatis,

347 2925 775 2996 Unumquodque
802 2941 899 2982 suo
917 2926 1138 2981 donavit
1159 2938 1381 2980 munere
1408 2925 1607 2994 largus,

345 3017 694 3084 Armavitque
720 3029 899 3078 manu,
923 3030 1112 3082 cornu,
1131 3013 1284 3084 pede,
1305 3014 1486 3081 dente,
1514 3028 1740 3079 veneno,

346 3107 524 3175 Atque
548 3104 683 3170 aliis,
706 3104 899 3173 quibus
925 3103 1054 3180 artis
1077 3102 1230 3172 inops
1256 3101 1528 3170 animique
1552 3102 1775 3159 minoris

347 3193 418 3248 Et
437 3193 647 3248 ratione
667 3206 858 3248 carens
877 3191 1074 3246 animal
1098 3205 1156 3246 se
1184 3199 1446 3261 protegat,
1472 3199 1528 3248 et
1546 3205 1606 3247 se

349 3283 548 3340 Servet
566 3285 633 3338 ab
652 3283 888 3338 adversis
913 3283 1110 3338 rebus:
1139 3281 1231 3338 sed
1255 3283 1459 3338 nullum
1487 3283 1814 3339 animantmn

349 3371 531 3442 Equa
555 3371 760 3427 homini
786 3372 968 3442 specie
993 3372 1248 3440 vultuque
1269 3371 1567 3442 habituque
1583 3373 1815 3441 vigebat.

349 3462 452 3518 Ast
469 3461 671 3517 homini
693 3476 862 3532 prope
887 3462 1096 3518 divinos
1124 3461 1351 3517 addebat
1391 3463 1642 3526 honores,

354 3549 569 3619 'l‘otque
592 3550 734 3606 inter
758 3550 958 3621 duplici
988 3551 1155 3606 vitam
1181 3551 1499 3606 illustrantia
1523 3566 1653 3606 sexu

352 3638 535 3709 Impar
554 3639 700 3696 solus
727 3649 862 3706 erat,
895 3639 1095 3696 dudum
1122 3641 1214 3710 qui
1237 3641 1478 3710 conjugis
1507 3648 1684 3710 aptam

351 3728 416 3784 in
438 3744 498 3784 se
516 3729 794 3786 materiem
815 3730 1093 3799 gignenda:
1112 3730 1326 3800 ignarus
1349 3731 1601 3786 habebat.
1639 3764 1644 3769 -

429 3825 573 3896 Ergo
599 3841 736 3897 opus
762 3825 1072 3896 aggreditur
1100 3835 1287 3884 notum
1317 3829 1476 3894 Deus,
1504 3830 1714 3899 ictaque
1741 3831 1932 3901 raptim

353 3916 533 3972 Corda
560 3917 659 3972 viri
680 3925 831 3973 tanto
853 3915 1099 3974 dissolvit
1117 3917 1366 3988 languida
1387 3935 1600 3985 somno,

357 4006 553 4064 Mentis
574 4014 634 4062 ut
653 4007 859 4078 experti
881 4015 1088 4065 costam
1113 4009 1434 4066 subduceret
1471 4027 1650 4077 unam,

356 4096 486 4153 Inde
511 4113 641 4154 caro
662 4097 723 4153 fit
743 4097 892 4167 jussa
921 4100 1073 4169 sequi
1105 4117 1118 4154 :
1169 4115 1294 4155 nam
1314 4108 1507 4170 sponte
1535 4101 1797 4158 recedens

357 4187 538 4254 Pollis,
564 4188 666 4244 iter
691 4188 911 4260 planum
947 4197 1112 4246 costae
1140 4191 1415 4262 praebebat
1449 4193 1619 4260 eunti,

358 4277 543 4334 "laesis
564 4293 814 4349 prorsum
836 4279 1114 4348 membris,
1144 4289 1200 4337 et
1215 4297 1444 4353 corpore
1471 4298 1625 4338 sano.

359 4366 491 4434 Quae
509 4368 689 4424 varios
725 4377 985 4438 operante
1007 4370 1120 4426 Deo
1162 4370 1366 4440 digesta
1396 4387 1493 4442 per
1519 4381 1685 4436 artus,

360 4460 584 4530 Accepit
609 4459 858 4525 formam,
882 4461 1179 4530 calidisque
1200 4462 1435 4517 animata
1466 4463 1711 4518 medullis

361 4547 531 4604 Versa
553 4550 606 4603 in
631 4564 767 4618 opus
786 4551 908 4605 vitae
933 4558 1036 4616 est,
1058 4566 1192 4606 sexu
1217 4550 1328 4620 jam
1356 4560 1508 4620 grata
1539 4553 1793 4609 secundo.

361 4635 453 4696 Sic
475 4640 734 4709 permissa
754 4655 852 4696 suo
879 4643 1102 4698 formata
1131 4651 1213 4698 est
1239 4642 1350 4698 Eva
1370 4644 1584 4699 marito.

364 4727 482 4784 lloc
506 4743 647 4783 nunc
666 4729 821 4786 turba
844 4730 967 4787 loco
994 4732 1336 4788 stolidissima
1374 4733 1560 4788 desine
1588 4734 1800 4790 tandem

362 4818 614 4884 Quaesitis
635 4821 873 4875 animum
894 4822 1048 4878 vanis
1068 4830 1349 4893 torquere,
1387 4839 1489 4879 nec
1507 4824 1666 4880 isthic

364 4909 616 4974 Quaerere
657 4925 756 4966 cur
780 4912 1014 4968 hominis
1041 4911 1285 4969 confecta
1314 4922 1396 4970 est
1422 4914 1622 4969 femina
1646 4914 1918 4982 membris,

366 5003 501 5059 Cum
516 5004 627 5074 jam
648 5019 678 5059 a
700 5004 966 5075 principio
993 5005 1141 5060 molli
1167 5007 1233 5062 de
1259 5007 1481 5076 pulvere
1503 5006 1630 5076 fingi

372 5094 579 5160 Posset,
603 5101 658 5150 et
680 5109 746 5149 ex
769 5094 958 5162 nihilo,
987 5109 1176 5152 causas
1213 5097 1410 5152 desiste
1437 5097 1665 5154 latentes

369 5182 608 5238 Scrutari
632 5201 644 5237 :
668 5197 1013 5252 quamquam,
1034 5185 1080 5240 si
1106 5184 1411 5254 conjectare
1436 5186 1663 5248 licebitg

370 5271 447 5327 Ex
475 5273 691 5328 homine
712 5272 905 5329 effecta
931 5281 1014 5329 est
1040 5273 1255 5342 mulier,
1289 5275 1539 5344 cognatio
1560 5273 1803 5344 quaedam

370 5360 614 5417 Mutuum
643 5370 698 5419 et
724 5363 992 5419 alternum
1015 5364 1156 5418 inter
1181 5377 1242 5418 se
1268 5371 1329 5418 ut
1347 5365 1599 5419 misceret
1619 5379 1876 5429 amorem,

371 5448 556 5506 Semet
582 5451 636 5505 in
666 5451 888 5507 alternis
914 5465 1110 5522 cogens
1139 5465 1434 5521 agnoscere
1463 5453 1733 5507 membris.

375 5538 511 5597 Hinc
527 5540 690 5596 Evam
719 5552 925 5614 partem
948 5558 1066 5599 esse
1095 5543 1197 5608 sui,
1226 5557 1352 5598 mox
1380 5543 1622 5611 protinus
1645 5543 1815 5597 Adam

375 5629 556 5686 Sensit
581 5641 638 5687 ut
665 5634 938 5690 exsultans
967 5635 1138 5704 tetigit
1167 5649 1305 5690 nova
1333 5635 1501 5702 gratia
1531 5643 1783 5697 mentem,

382 5721 570 5777 Mentis
593 5731 646 5777 et
667 5723 888 5779 affectus
925 5725 977 5780 in
1009 5727 1208 5782 viscera
1233 5733 1357 5782 nota
1379 5735 1623 5792 receptus

1243 305 1878 370 COMMENTARIORUM
1919 303 1983 358 IN
2023 299 2312 358 GENESIN
2383 299 2509 354 LIB.
2547 297 2588 352 ι.

1929 421 1974 477 Α
2001 414 2178 480 lrruit,
2205 420 2259 468 et
2285 420 2434 466 tanto
2461 410 2760 482 penetravit
2787 410 2839 464 in
2861 423 2981 464 osse
3009 410 3186 466 calore
3209 450 3222 474 ,

3473 293 3575 348 θιδ

2011 501 2081 557 Ut
2103 503 2212 570 jam
2243 501 2382 555 scire
2403 498 2574 564 daret,
2594 498 2736 568 quod
2757 497 2990 566 conjunx
3019 508 3177 562 esset,
3209 508 3263 551 et
3283 513 3436 564 uxor,

2009 589 2146 656 Quid
2166 589 2349 644 dulces
2374 588 2505 650 nati,
2527 581 3000 656 'postponendique
3021 596 3267 655 parentes

2007 676 2356 746 Conjugibus,
2384 675 2511 744 quid
2540 690 2661 729 nam
2693 690 2798 729 una
2826 674 3012 730 ambos
3052 675 3105 728 in
3135 689 3297 728 carne
3343 688 3586 738 manere,

2010 769 2292 826 {Eternam
2311 768 2513 837 pariter
2539 767 2703 821 vitam
2731 767 3045 822 ducentibus
3065 776 3228 821 esset.

2082 857 2252 913 Porro
2281 857 2407 912 dum
2436 856 2621 910 mundi
2649 857 2788 909 vitiis
2812 865 2867 910 ct
2888 857 3008 910 labe
3032 856 3287 911 carebant

2007 951 2210 1006 Divinis
2235 949 2402 1017 vigeri
2431 948 2642 1014 animis,
2665 948 2858 1002 nullius
2887 950 3058 1016 egeni,

2010 1039 2144 1095 Cum
2167 1053 2334 1110 penes
2358 1038 2458 1093 hos
2486 1044 2628 1092 esset
2657 1036 2836 1090 mundi
2866 1039 3178 1102 substantia,
3212 1045 3267 1091 et
3293 1047 3481 1091 omnes

2010 1131 2152 1199 Quas
2176 1130 2338 1186 dabat
2375 1128 2520 1186 orbis
2548 1141 2680 1198 opes
2707 1166 2725 1194 ,
2770 1141 2870 1182 nec
2897 1142 3140 1196 prorsum
3170 1128 3400 1182 obnoxia
3436 1143 3581 1182 mor-

3411 1211 3516 1282 [bis

2011 1310 2250 1379 Corpora
2279 1308 2580 1377 gestabant,
2611 1318 2721 1361 non
2742 1307 2840 1360 hos
2861 1305 3088 1374 cogebat
3115 1304 3182 1359 ad
3210 1320 3360 1359 esum

2013 1401 2198 1456 Pansae
2227 1400 2411 1468 ignara
2437 1397 2603 1452 fames
2635 1414 2648 1448 :
2680 1395 2772 1465 qui
2800 1395 2843 1450 si
2865 1395 3113 1449 mandata
3134 1393 3370 1464 supremi

2012 1490 2327 1547 Servassent
2346 1489 2552 1558 integra
2578 1486 2693 1552 Dei,
2716 1485 2951 1540 crudelia
2979 1485 3166 1540 mortis

2013 1580 2259 1650 Imperia,
2290 1587 2345 1635 et
2370 1577 2515 1633 diros
2534 1577 2830 1632 nescissent
2849 1590 3017 1645 usque
3043 1574 3276 1629 dolores.

2013 1669 2250 1724 Callidus
2274 1675 2330 1722 at
2355 1681 2576 1737 serpens
2602 1665 2814 1720 Domini
2838 1663 3167 1734 perfringere
3197 1663 3391 1729 legem,

1941 1774 1987 1834 Β
2015 1759 2231 1814 Talibus
2255 1759 2521 1813 incautam
2543 1756 2808 1826 persuasit
2833 1753 3124 1808 fraudibus.
3135 1752 3299 1805 Evam
3331 1768 3344 1802 :

2021 1847 2066 1902 Ο
2091 1848 2214 1903 vita:
2236 1846 2471 1902 melioris
2497 1845 2668 1914 inops,
2691 1850 2976 1910 rerumque
2997 1841 3258 1895 bonarum

2021 1938 2164 1995 Gens
2190 1939 2374 2008 ignara
2393 1936 2670 1993 hominum
2703 1952 2718 2002 ;
2743 1949 2915 2004 neque
2953 1933 3096 1989 enim
3122 1931 3264 1986 bona
3293 1942 3450 1983 nosse
3495 1942 3586 1997 pu-

3313 2013 3522 2091 [tandus

2022 2116 2124 2185 Qui
2151 2131 2316 2187 prava
2346 2116 2617 2185 ignorans,
2643 2113 2804 2168 etiam
2833 2112 3158 2180 distinguere
3186 2111 3355 2166 nescit

2021 2208 2138 2276 Quo
2159 2209 2368 2263 diversa
2389 2206 2545 2262 bonis
2574 2206 2714 2258 inter
2727 2218 2786 2259 se
2813 2203 2982 2258 limite
3002 2203 3216 2256 distent.

2020 2300 2197 2369 Atque
2221 2298 2342 2353 ideo
2371 2303 2625 2366 augustos
2652 2293 2854 2350 homini
2885 2292 2964 2348 fas
2982 2303 3204 2361 carpere
3231 2289 3443 2345 fructus

2020 2388 2202 2444 Noluit
2229 2401 2349 2444 esse
2370 2387 2511 2443 Deus
2535 2428 2551 2455 ,
2577 2399 2645 2440 ne
2672 2385 2866 2439 mentis
2895 2383 3035 2438 nube
3062 2389 3270 2437 remota

2019 2481 2314 2536 lmmittant
2333 2479 2384 2534 in
2401 2478 2593 2535 caelum
2622 2476 2830 2541 oculos,
2855 2483 3018 2544 atque
3055 2474 3257 2544 optima
3283 2479 3527 2534 noscant,

2020 2572 2247 2641 Sintque
2271 2571 2385 2626 deis
2404 2570 2624 2626 similes.
2649 2566 2749 2622 Hic
2770 2582 2912 2622 nunc
2940 2578 3286 2621 excurrerere
3313 2563 3535 2634 paulum

2020 2661 2124 2717 Fas
2152 2661 2285 2726 fuat,
2310 2667 2365 2715 et
2394 2668 2575 2730 turpes
2599 2668 2839 2715 veterum
2869 2655 3066 2712 deﬂere
3094 2655 3294 2709 ruinas.
3397 2651 3403 2659 ’

2093 2751 2175 2805 Ah
2198 2751 2210 2802 !
2245 2750 2467 2804 nimium
2495 2750 2678 2805 miseri
2699 2749 2953 2818 gentiles,
2983 2762 3120 2816 quos
3147 2746 3295 2801 furor
3321 2744 3432 2813 egit

2017 2836 2080 2894 In
2106 2841 2285 2896 varios
2303 2840 2459 2906 ritus,
2485 2840 2802 2908 cognomina
2828 2838 2994 2892 multa
3023 2837 3248 2891 deorum

2032 2931 2278 3000 Fingere,
2305 2929 2670 3000 pluralemque
2699 2929 2807 2982 Deo
2835 2941 3024 2981 vocem
3051 2924 3248 2979 addere
3273 2923 3394 2977 soli.

2015 3019 2294 3090 Serpentis
2315 3019 2551 3089 primam
2575 3019 2715 3073 hanc
2747 3016 2928 3072 sonuit
2950 3030 3057 3070 vox
3087 3015 3247 3083 impia
3274 3013 3394 3077 diri,

1943 3130 1989 3194 ρ
2021 3111 2127 3179 Qui
2158 3111 2348 3166 mortis
2378 3117 2489 3164 tum
2508 3123 2670 3164 causa
2695 3107 2810 3174 fuit,
2842 3122 2966 3161 nam
2995 3101 3209 3194 credula
3237 3112 3521 3174 postquam
3622 3097 3628 3103 ’

2025 3201 2190 3271 Rupit
2216 3199 2488 3269 sacrilegis
2508 3198 2873 3268 praescriptum
2901 3197 3165 3251 morsibus
3189 3193 3320 3262 Eva,

2026 3290 2246 3360 Experti
2268 3289 2378 3360 jam
2409 3288 2565 3344 docta
2594 3289 2741 3352 mali,
2774 3287 3045 3343 consortia
3067 3285 3235 3355 culpa:

2027 3380 2246 3447 Quaerit,
2276 3388 2333 3436 et
2353 3381 2624 3436 incautum
2649 3377 2848 3433 fraudis
2868 3378 3009 3432 male
3036 3391 3204 3446 gnara
3225 3374 3473 3430 maritum

2031 3470 2144 3536 Qua
2166 3470 2325 3538 periit
2351 3470 2499 3539 prior
2526 3477 2643 3523 arte
2670 3476 2852 3537 petet;
2876 3468 2981 3529 sic,
3013 3467 3168 3521 hoste
3188 3467 3440 3520 subactus

2038 3560 2083 3612 Α
2111 3560 2342 3628 gemino,
2375 3558 2518 3614 cedit
2543 3558 2731 3612 sceleri
2758 3554 3074 3611 miserabilis
3093 3557 3283 3620 Adam,

2039 3648 2308 3718 Pomaque
2331 3649 2577 3717 degustat
2596 3647 2731 3702 sacri
2759 3646 3066 3715 plenissima
3093 3647 3238 3699 succi
3270 3682 3286 3708 ,

2035 3737 2142 3793 Sed
2170 3738 2292 3806 quia
2324 3736 2456 3805 legis
2477 3737 2528 3789 in
2550 3735 2632 3789 his
2667 3734 2922 3789 suberant
2947 3734 3254 3804 praescripta
3284 3747 3508 3801 severae,

2036 3826 2160 3882 Plus
2182 3840 2342 3894 quam
2368 3825 2586 3893 vipereo
2612 3831 2838 3878 mortem
2861 3824 3086 3877 allatura
3117 3839 3350 3878 veneno.

2038 3915 2107 3971 Ut
2135 3916 2360 3984 primum
2392 3914 2595 3978 illicito,
2627 3914 2894 3968 violarunt
2922 3928 3016 3968 ora
3043 3928 3258 3983 sapore,

2034 4002 2331 4060 Confestim
2351 4017 2569 4059 sensere
2595 4002 2762 4067 nefas,
2791 4001 3098 4071 facinusque
3125 4011 3404 4072 peractum

2036 4097 2238 4165 Crevit,
2268 4104 2323 4152 et
2343 4096 2525 4166 ignaro
2554 4095 2816 4165 percussit
2840 4102 3058 4164 pectora
3084 4109 3259 4149 sensu.

2039 4188 2175 4243 Hinc
2201 4189 2380 4253 timor,
2413 4185 2537 4242 inde
2565 4185 2754 4256 pudor,
2781 4193 3125 4256 sumpserunt
3149 4184 3392 4254 primitus
3413 4191 3609 4242 ortum.

2036 4278 2170 4333 Nam
2190 4277 2314 4331 dum
2339 4275 2501 4331 corda
2534 4275 2780 4331 homines
2800 4275 3062 4330 celsarum
3093 4275 3305 4330 conscia
3327 4290 3534 4338 rerum,

2039 4369 2108 4423 Et
2131 4369 2269 4425 coelo
2299 4375 2503 4422 tantum
2529 4375 2786 4435 rectoque
2813 4367 3016 4421 intenta
3043 4375 3292 4434 gerentes

1966 4477 2016 4536 υ
2045 4461 2268 4516 Pectora
2293 4459 2358 4513 ad
2383 4459 2652 4514 excelsum
2683 4457 2882 4512 ferrent
2910 4473 3166 4512 conversa
3195 4466 3470 4527 parentem
3495 4497 3512 4524 ,

2045 4553 2178 4606 Dum
2203 4558 2529 4605 secretorum
2552 4548 2805 4601 miracula
2821 4547 3141 4612 divinorum,

2041 4642 2200 4697 Claro
2231 4643 2558 4711 incorporea:
2585 4638 2778 4692 mentis
2803 4636 3088 4706 Splendore
3114 4644 3363 4691 notarent
3387 4676 3402 4702 ,

2047 4734 2293 4790 Nondum
2318 4733 2613 4800 contigerat
2640 4730 3000 4784 membrorum
3026 4743 3153 4783 cura
3173 4743 3412 4783 suorum.

2048 4826 2196 4890 Quos
2225 4824 2313 4878 ubi
2337 4823 2574 4877 deseruit
2599 4822 2720 4875 vita:
2749 4821 2899 4888 vigor
2925 4820 3012 4874 ille
3037 4820 3309 4890 perennis,

2050 4914 2166 4969 Jam
2196 4923 2371 4968 morte
2391 4914 2631 4976 allectos,
2656 4912 2869 4967 demum
2896 4911 3167 4983 frigusque
3196 4913 3451 4984 calorque

2049 5005 2221 5059 Aeria:
2241 5005 2454 5060 subiere
2482 5006 2644 5070 vices,
2671 5019 2734 5060 ac
2755 5003 2926 5059 vestis
2942 5019 3141 5074 egenos

2049 5094 2120 5150 Se
2149 5095 2376 5165 primum
2407 5109 2622 5150 sensere
2643 5095 2907 5162 homines,
2937 5109 3175 5165 sexuque
3205 5095 3432 5151 latenter

2049 5186 2325 5241 Erubuere
2352 5201 2468 5252 suo,
2501 5185 2648 5240 taciti
2669 5185 2973 5241 miserabile
2999 5187 3192 5256 questi.

2051 5275 2255 5329 Idcirco
2284 5275 2550 5329 umbrosa
2575 5289 2606 5330 e
2634 5274 2775 5329 foliis
2799 5289 2936 5330 nova
2962 5276 3190 5344 tegmina
3223 5274 3308 5327 fici

2054 5366 2329 5435 Decerptis
2357 5374 2561 5432 texunt,
2592 5373 2713 5437 post
2734 5367 2963 5436 culpam,
2985 5374 3164 5421 mente
3191 5372 3462 5435 receptum

2055 5455 2298 5525 Corpore
2324 5456 2502 5513 velato
2530 5457 2859 5513 denudatura
2888 5457 3168 5526 pudorem.

2057 5546 2168 5601 Nec
2187 5548 2338 5613 satis,
2371 5548 2618 5617 ignorant
2637 5548 2764 5617 quid
2793 5557 2973 5616 agant,
2996 5562 3098 5615 qua
3121 5546 3323 5601 crimen
3356 5547 3592 5601 inustum

2057 5636 2232 5706 Seque
2263 5638 2404 5709 ipsos
2432 5638 2635 5707 fugiant
2668 5657 2679 5690 :
2723 5645 3008 5707 cuperent,
3041 5637 3084 5689 si
3124 5634 3260 5690 forte
3288 5644 3519 5706 pateret,

2061 5726 2304 5784 Condere
2330 5743 2386 5785 se
2415 5728 2684 5794 barathro,
2719 5741 2882 5796 usque
2929 5726 3062 5781 adeo
3096 5728 3431 5783 contermina
3457 5741 3627 5798 pennae
