4058 6186
444 277 547 328 947

440 389 606 458 Culpa
637 404 745 444 suae
765 398 866 453 est,
900 400 959 445 ut
978 390 1088 459 jam
1118 390 1342 445 miseros
1366 376 1591 446 mortale
1616 400 1871 459 paventes

442 480 627 534 Mortis
655 481 831 549 imago
851 480 1038 549 juvet;
1068 481 1227 537 silvas
1253 481 1606 547 umbrosaque
1634 481 1801 535 lustra

438 566 770 631 Obtenduut,
804 570 955 623 vanis
980 570 1169 624 solatia
1196 568 1325 622 falsa
1349 569 1602 623 tenebris.

437 659 570 713 Nam
600 674 707 728 quo
738 670 790 716 te
818 662 1058 716 timidum
1077 661 1154 716 fas
1180 669 1262 716 est
1288 662 1586 717 subducere
1613 678 1808 731 corpus
1846 665 1867 716 ?

439 750 590 813 Tete,
623 753 858 820 inquam,
888 769 1005 822 qua:
1034 768 1137 807 vox
1166 753 1253 806 vili
1284 753 1350 807 de
1376 753 1595 821 pulvere
1615 752 1760 820 fecit,

443 838 621 894 Virtus
651 842 765 894 viva
794 841 985 904 Patris,
1014 841 1197 896 mundi
1225 842 1603 907 occultissima,
1629 858 1863 913 praesens

437 926 645 996 Implet,
676 940 729 983 et
749 930 801 983 iu
832 931 1040 998 penitos
1059 932 1170 985 exit
1189 931 1377 986 diffusa
1398 948 1661 988 recessus.

438 1015 589 1071 Tune
616 1028 768 1085 potes
797 1018 1077 1072 Dominum
1100 1020 1306 1087 fugiens
1333 1021 1582 1088 evadere,
1614 1030 1670 1075 tu
1702 1038 1771 1077 ne

434 1104 622 1159 Omnia
644 1116 947 1161 cernentem
970 1109 1194 1178 sperasti
1223 1125 1380 1178 posse
1403 1110 1589 1173 latere,

437 1190 505 1245 Ut
533 1194 692 1247 vastis
709 1194 889 1261 jaceas
918 1196 1180 1250 tenebris?
1200 1198 1445 1253 celabere
1475 1215 1762 1267 nunquam.

434 1283 574 1351 Ergo
603 1285 692 1339 ubi
722 1286 927 1355 peccati
956 1287 1163 1354 genitus
1188 1288 1358 1356 pudor
1388 1289 1564 1356 attigit
1588 1290 1754 1344 Adam

435 1376 768 1441 Quaerentem
782 1377 1035 1443 latebras,
1050 1394 1173 1432 mox
1188 1378 1354 1433 audiit
1373 1398 1384 1431 :
1402 1378 1572 1435 Heus!
1593 1382 1681 1436 ubi
1704 1397 1782 1447 es,
1799 1381 1963 1436 Adam
1981 1384 2002 1437 ?

434 1476 569 1541 Quid
594 1492 724 1530 vero
757 1477 1007 1545 estquod
1036 1486 1089 1532 te
1130 1479 1320 1546 quaerit
1348 1478 1507 1545 Deus,
1535 1481 1732 1537 inscius
1760 1496 1827 1536 an
1854 1498 1921 1537 ne
1950 1482 2002 1536 id

434 1565 593 1620 Forte
621 1568 811 1633 rogat?
838 1568 922 1621 cui
952 1572 1005 1621 te
1032 1567 1258 1621 Domino
1284 1571 1579 1627 subducere
1598 1587 1808 1627 summo

434 1654 540 1710 Nec
568 1671 712 1710 mors
732 1657 845 1725 ipsa
866 1665 1060 1726 potest,
1092 1658 1260 1727 fragili
1289 1676 1450 1729 quam
1475 1672 1656 1719 mente
1683 1664 1892 1730 subisti,

434 1745 539 1799 Cur
566 1747 651 1800 ubi
680 1746 753 1801 sis
779 1748 986 1815 qurerit,
1020 1749 1118 1802 nisi
1146 1750 1286 1818 quod
1316 1761 1369 1806 te
1388 1762 1562 1809 morte
1583 1754 1783 1809 doloris

435 1838 659 1906 Lapsum
687 1847 878 1908 sponte
900 1848 991 1893 tua
1016 1855 1194 1895 secum
1226 1858 1334 1897 non
1363 1858 1481 1899 esse
1510 1845 1758 1911 fatetur,{

433 1924 498 1977 Et
520 1926 655 1981 coelo
683 1928 935 1982 cecidisse
951 1944 1129 1996 sacro;
1158 1931 1249 1985 sed
1273 1943 1455 1987 sancta
1480 1937 1717 2003 parentis

432 2014 729 2084 Desperare
758 2025 903 2071 vetat
932 2018 1121 2086 pietas,
1153 2020 1435 2075 clementia
1463 2024 1615 2091 cujus

432 2104 551 2174 (Fas
578 2105 773 2159 dixisse
797 2107 948 2169 mihi,
975 2107 1053 2162 fas
1080 2108 1150 2162 sit
1174 2123 1387 2178 quoque
1414 2111 1554 2167 dicta
1581 2114 1858 2183 probassel

434 2195 691 2250 iustitiam
720 2199 927 2252 excedit
956 2213 971 2264 ;
1000 2214 1099 2253 nec
1127 2206 1235 2253 tam
1264 2216 1350 2255 me
1374 2219 1504 2259 voce
1532 2221 1719 2261 severa

434 2284 755 2355 Corripiens,
784 2288 873 2342 ubi
915 2290 1007 2354 sis,
1035 2293 1242 2362 trepido
1266 2295 1393 2365 quid
1420 2307 1639 2364 pectore
1665 2311 1893 2367 quaeras,

429 2373 645 2441 Terret,
684 2392 840 2445 quam
879 2388 1087 2436 recreat
1118 2384 1261 2453 quod
1288 2386 1463 2441 adhuc
1490 2394 1613 2455 post
1640 2388 1862 2441 crimina
1887 2387 1999 2454 lap-

1790 2476 1930 2545 [sum

431 2556 847 2626 lnunersumque
875 2569 1040 2627 metu,
1071 2563 1290 2619 latebris
1316 2579 1381 2619 ac
1408 2579 1543 2634 pene
1569 2564 1855 2634 sepultum,

433 2644 633 2700 Evocat
652 2654 707 2700 et
730 2656 946 2702 revocat
978 2667 990 2700 :
1024 2665 1092 2704 ne
1119 2666 1248 2706 vero
1277 2652 1519 2720 exempla
1546 2659 1805 2721 petantur

434 2733 683 2803 Longius,
713 2736 946 2791 ostendit
966 2739 1134 2809 culpa:
1158 2740 1379 2796 donatio
1402 2742 1605 2797 mitem.

432 2822 713 2892 Postquam
742 2840 964 2882 excussa
990 2843 1113 2884 reos
1138 2831 1445 2885 manifestat
1470 2846 1630 2886 causa
1658 2839 1927 2902 parentes,

434 2913 682 2984 lncepere
728 2916 840 2972 Deo
865 2919 1079 2986 cmlum,
1112 2936 1282 2989 mare,
1313 2930 1477 2992 terra,
1505 2923 1758 2992 loquente

432 3002 798 3071 Cuntremere,
828 3016 884 3061 et
909 3016 1090 3064 vastos
1116 3024 1373 3065 concussa
1403 3013 1610 3081 aperire
1628 3028 1890 3068 recessus.

430 3091 669 3161 Dumque
697 3110 819 3150 reos
842 3099 995 3165 punit
1020 3102 1318 3166 sententia,
1353 3110 1555 3156 tartara
1583 3104 1786 3158 condit.

430 3179 864 3250 Quandoquidem
888 3189 1079 3241 nostris
1091 3190 1261 3242 visum
1282 3199 1366 3245 est
1391 3190 1652 3247 decedere
1674 3193 1853 3261 jussis,

430 3268 542 3322 Jam
574 3271 700 3323 mihi
726 3271 867 3338 justa
890 3288 1059 3329 novos
1085 3275 1237 3330 feriet
1262 3293 1486 3334 censura
1509 3289 1784 3334 nocentes.

499 3357 765 3427 Principio
787 3360 927 3415 inter
954 3364 1116 3417 totius
1139 3366 1372 3420 viventia
1394 3366 1578 3421 mundi

432 3445 507 3501 'l‘u
538 3450 851 3506 maledictns
880 3453 1004 3518 eris,
1035 3463 1090 3508 ct
1112 3454 1268 3523 pejor
1293 3470 1454 3525 quam
1488 3461 1623 3526 tegis
1650 3460 1791 3514 intus

432 3537 605 3591 Invida
636 3555 783 3594 mens
799 3541 1020 3597 coluber
1045 3584 1060 3606 ,
1086 3545 1175 3611 qui
1197 3544 1388 3600 cmlum
1410 3545 1609 3601 intrare
1643 3559 1854 3605 creatos

431 3627 676 3696 chccisti
706 3631 968 3698 homines,
1000 3634 1298 3705 vetitasque
1321 3638 1587 3706 attingere
1611 3638 1792 3708 fruges

431 3718 634 3774 Fraude
653 3730 742 3775 tua
768 3723 1006 3793 impulsis
1034 3725 1293 3794 praedura:
1321 3730 1509 3784 mortis
1536 3732 1686 3799 origo
1715 3748 1793 3787 es.

432 3809 563 3879 Ergo
591 3822 649 3866 ut
667 3814 822 3883 digna
847 3816 999 3872 nefas
1025 3832 1197 3887 preme
1224 3835 1472 3875 mensura
1505 3832 1780 3891 sequatur,

430 3901 506 3955 lix
534 3917 642 3971 quo
671 3905 942 3962 hominem
973 3917 1127 3963 terra:
1156 3911 1441 3974 immersti,
1473 3921 1527 3966 tu
1577 3923 1776 3969 stratus
1818 3917 1999 3986 iniquo

429 3990 661 4045 Membra
683 3995 822 4057 solo,
848 3996 1036 4049 duram
1059 3997 1292 4052 sulcabis
1320 4007 1538 4067 pectore
1568 4008 1784 4056 terram.

430 4080 494 4133 ιςι
515 4084 705 4137 vetitos
725 4092 931 4139 tentare
956 4087 1105 4140 cibos
1127 4090 1252 4155 quia
1286 4087 1493 4153 feceris,
1528 4091 1652 4145 hinc
1673 4093 1783 4159 jam

430 4171 560 4224 Vilis
588 4187 802 4241 semper
824 4174 951 4228 edes
980 4175 1282 4241 squalentia
1312 4178 1513 4231 viscera
1553 4184 1729 4233 terrae.

430 4258 494 4311 Et
518 4261 640 4328 quia
668 4268 722 4314 te
750 4260 922 4327 dignae
949 4262 1254 4330 placuittibi
1284 4265 1484 4334 primus
1505 4278 1562 4320 ut
1586 4283 1730 4325 esses

429 4349 678 4403 inventor
700 4350 886 4404 mortis
909 4366 1065 4419 poma
1091 4354 1574 4423 moriereperenni,

430 4439 762 4508 llumanique
783 4441 966 4497 odium
991 4445 1205 4511 generis
1233 4448 1537 4515 specialiter
1563 4450 1616 4504 in
1648 4460 1699 4505 te

430 4530 505 4582 Ac
530 4542 696 4595 genus
717 4547 874 4586 omne
898 4540 1045 4588 tuum
1067 4535 1209 4591 bello
1238 4538 1516 4606 experiere
1553 4542 1774 4608 potenti.

430 4615 856 4689 Perpetuumque
885 4623 980 4689 tui,
1011 4638 1155 4677 mors
1180 4632 1240 4678 ut
1263 4626 1355 4679 tibi
1386 4625 1563 4693 longa,
1588 4628 1835 4683 timorem

431 4706 557 4763 Esse
583 4708 759 4776 dabo;
790 4713 1013 4781 pedibus
1042 4730 1218 4784 repes,
1245 4725 1301 4771 et
1322 4727 1539 4786 pectore
1562 4734 1762 4786 prono;

441 4868 623 4883 ﬂ

1777 278 1882 334 CL.
1925 278 1993 332 Μ.
2037 278 2347 336 VICTORIS

3580 287 3693 345 958

2035 399 2085 451 Δ
2116 391 2296 461 Teque
2321 401 2413 447 tuo
2440 393 2633 448 mulier
2651 392 2875 463 perimet
2902 409 3023 449 cum
3050 393 3284 457 semine,
3316 394 3469 463 cujus

2110 480 2346 536 Callidus
2373 484 2629 537 extremis
2657 492 2861 537 tantum
2903 483 3225 539 insidiabere
3252 486 3468 555 plantis,

2114 569 2179 624 Ut
2204 572 2477 641 trepidans
2502 573 2662 627 etiam
2688 573 2847 642 capiti
2876 574 3096 641 vestigia
3127 574 3273 642 ligat.

2178 660 2343 724 Dixit,
2374 668 2428 715 et
2456 676 2779 730 exsanguem
2808 663 2886 717 sic
2914 671 3007 718 est
3032 678 3259 718 exorsus
3279 664 3331 719 in
3359 664 3526 720 Evam

2107 746 2176 801 Et
2204 758 2260 803 tu
2289 764 2428 818 qum,
2462 751 2688 808 minimo
2709 751 2877 808 solam
2899 762 2954 808 te
2975 755 3201 823 perdere
3229 756 3399 810 fructu

2108 834 2223 891 Non
2253 846 2527 906 contenta,
2558 840 2729 895 virum
2769 841 2971 897 similes
2998 845 3279 899 temeraria
3308 846 3359 898 in
3380 861 3543 902 ausus

2108 926 2361 994 Traxisti,
2395 930 2563 985 instar
2583 932 2691 987 eris
2716 932 2951 1000 famulaa,
2982 935 3325 1005 subjectaque
3353 937 3537 1001 duros,

2108 1017 2394 1072 Arbitrium
2417 1034 2642 1075 sensura
2662 1021 2784 1088 viri,
2815 1025 3022 1092 patiere
3050 1024 3284 1081 labores.

2106 1104 2329 1162 Casibus
2357 1117 2412 1163 et
2431 1124 2562 1164 vero
2585 1111 2878 1181 (inceptum
2906 1114 3159 1182 quoniam
3190 1115 3337 1183 prior
3361 1130 3487 1170 ausa
3517 1130 3576 1170 es

2105 1190 2455 1267 Multiplicare
2469 1199 2637 1271 nefas)
2664 1217 2875 1271 semper
2896 1204 3177 1259 versabere
3196 1206 3393 1259 multis.

2107 1286 2237 1341 Tum
2263 1291 2476 1357 pariens
2500 1292 2702 1346 crebris
2723 1292 2858 1348 adeo
2890 1294 3209 1361 torquebere
3237 1296 3394 1357 natis,

2106 1374 2175 1430 Ut
2201 1393 2335 1447 quos
2361 1380 2618 1436 mortales
2646 1382 2804 1436 faciet
2832 1391 2921 1437 tua
2950 1383 3107 1452 culpa
3133 1386 3326 1450 creari,

2104 1466 2289 1523 Mortis
2308 1485 2689 1541 nonnunquam
2710 1471 2900 1528 lacera:
2921 1472 3031 1528 sint
3054 1488 3216 1529 causa
3245 1476 3473 1544 parenti.

2172 1556 2251 1611 Tu
2280 1572 2493 1628 quoque
2512 1560 2597 1615 cui
2626 1561 2861 1616 monitus
2888 1570 3104 1618 nostros
3122 1572 3179 1618 et
3207 1565 3373 1633 prima
3393 1565 3581 1619 salutis

2103 1645 2324 1702 Vincula
2343 1648 2590 1705 femineis
2610 1660 2933 1721 postponere
2954 1651 3229 1709 fraudibus
3254 1669 3385 1709 auso

2033 1745 2076 1802 Β
2101 1736 2305 1808 Sponte
2334 1741 2470 1795 mori
2498 1741 2695 1809 placuit
2721 1779 2737 1807 ,
2760 1743 2919 1797 talem
2946 1758 3072 1798 reus
3102 1744 3288 1813 excipe
3310 1753 3531 1809 sortem,

2101 1826 2420 1883 Criminibus
2444 1829 2617 1895 tellus,
2648 1846 2809 1901 quam
2847 1839 2904 1886 tu
2931 1832 3163 1888 sulcahis
3191 1844 3388 1899 aratro,

2101 1912 2183 1969 Sit
2210 1917 2489 1972 maledicta
2514 1918 2638 1981 tuis,
2665 1919 2846 1989 spinas
2875 1921 3203 1989 tribulosque
3229 1923 3465 1977 minaces

2100 2005 2255 2060 Culta
2283 2005 2437 2074 ferat,
2468 2007 2723 2079 fallatque
2748 2018 2895 2065 tuum
2915 2026 3040 2081 spes
3058 2012 3299 2080 improba
3328 2022 3531 2067 votum.

2100 2096 2209 2152 Nec
2239 2098 2334 2152 tibi
2361 2107 2507 2154 terra
2528 2100 2688 2155 fidem
2717 2109 2898 2157 servet
2928 2118 2942 2156 :
2988 2109 3043 2156 tu
3065 2102 3248 2156 vivere
3274 2102 3428 2157 laetus

2101 2187 2194 2242 His
2220 2189 2270 2242 in
2300 2188 2528 2255 deliciis,
2561 2199 2615 2245 et
2642 2192 2849 2248 cunctis
2875 2192 3057 2248 vivere
3082 2191 3253 2248 saeclis

2100 2276 2302 2345 Sponte
2327 2279 2582 2333 recusasti
2616 2297 2631 2346 ;
2655 2280 2791 2337 duro
2816 2298 2956 2337 nunc
2983 2284 3105 2337 vive
3125 2283 3327 2346 labore,

2101 2363 2424 2436 Perpetuum
2453 2383 2667 2438 quoque
2694 2372 2815 2426 vive
2854 2373 3035 2438 miser,
3074 2374 3199 2427 dum
3238 2372 3380 2427 lenta
3422 2380 3674 2427 senectus

2102 2456 2158 2511 ln
2189 2466 2384 2512 terram
2412 2468 2467 2513 te
2490 2460 2738 2515 restituat
2764 2471 3023 2531 terraque
3042 2463 3318 2519 recondat.

2100 2547 2263 2613 Dixit,
2288 2555 2343 2603 et
2371 2547 2585 2618 ignaros
2613 2566 2679 2606 ne
2706 2551 2827 2607 caeli
2853 2552 3044 2620 injuria
3070 2552 3246 2617 lzcdat,

2099 2637 2261 2692 Veste
2282 2639 2413 2705 tegit
2434 2639 2697 2708 pecudum
2723 2641 3001 2706 miserans,
3032 2644 3300 2710 vitamque
3326 2642 3462 2698 tueri

2101 2724 2303 2783 Edocet
2328 2744 2343 2794 ;
2373 2737 2431 2784 et
2454 2743 2523 2784 ne
2543 2730 2737 2785 iterum
2758 2730 2958 2786 similes
2985 2733 3158 2787 exiret
3186 2733 3239 2787 in
3254 2743 3433 2798 ausus,

2100 2817 2393 2873 lnfaustum
2419 2821 2609 2875 mortis
2633 2820 2917 2878 formidine
2943 2824 3176 2892 percutit
3202 2823 3409 2883 Adam._

2212 2908 2282 2963 At
2307 2924 2376 2964 ne
2396 2919 2712 2979 perpetuam
2738 2912 2886 2966 vitali
2914 2928 2981 2967 ex
3010 2913 3203 2967 arbore
3231 2913 3395 2966 vitam

2107 3000 2511 3068 Protraherent,
2541 3003 2875 3072 miserosque
2902 3020 3023 3060 reos
3049 3006 3295 3073 graviora
3324 3015 3607 3060 manerent

2026 3091 2072 3153 C
2102 3090 2373 3161 Supplicia
2395 3132 2410 3158 ,
2431 3093 2484 3146 in
2514 3094 2678 3149 tantis
2698 3096 2919 3150 nimium
2941 3096 3189 3151 diuturna
3218 3098 3430 3166 periclis

2104 3182 2367 3253 Tempora
2386 3183 2664 3250 ducentes,
2695 3186 2930 3256 dirisque
2958 3186 3190 3241 obnoxia
3219 3188 3394 3257 poenis
3425 3229 3439 3250 ,

2100 3270 2367 3328 Continuo
2392 3274 2560 3328 Sacris
2575 3273 2751 3342 jussos
2769 3274 3031 3329 decedere
3057 3275 3193 3330 lucis

2100 3358 2384 3429 Expellunt
2415 3361 2578 3423 venti,
2610 3363 2845 3416 nemoris
2870 3378 3008 3432 quos
3033 3364 3165 3418 silva
3184 3363 3431 3433 profundi

2100 3449 2368 3512 Coneitat,
2401 3460 2562 3522 atque
2590 3451 2709 3506 illos
2744 3452 2959 3506 libranti
2989 3454 3202 3508 turbine
3226 3468 3396 3507 nexos

2102 3543 2242 3594 Aura
2272 3542 2492 3607 vehens,
2523 3557 2676 3597 sacra
2700 3543 2930 3611 paradisi
2952 3544 3020 3597 ab
3041 3544 3169 3598 sede
3190 3543 3421 3612 repellit.

2101 3629 2241 3699 Ergo
2270 3632 2393 3687 hinc
2419 3633 2574 3701 ejecti
2602 3633 2846 3701 juvenes,
2877 3633 3143 3701 terrisque
3169 3633 3344 3695 relati,

2102 3719 2316 3776 Perdita
2341 3722 2542 3777 dimissi
2566 3724 2837 3794 suspirant
2862 3724 3057 3792 gaudia
3085 3724 3214 3787 luci,

2102 3810 2358 3881 Expertes
2378 3814 2510 3866 tanti
2538 3814 2715 3882 spatii,
2746 3825 3104 3885 expertosque
3126 3815 3310 3885 pericli
3338 3858 3355 3881 ,

2099 3902 2206 3957 Sed
2226 3919 2332 3957 non
2357 3914 2625 3973 expertes,
2657 3907 2824 3974 agitat
2845 3907 2937 3977 qui
2956 3907 3140 3973 corda,
3169 3907 3386 3961 doloris.

2100 3992 2217 4058 Quo
2244 3994 2468 4061 ruerint,
2494 3995 2622 4063 quid
2644 3996 2989 4065 perdiderint,
3013 4010 3133 4066 qua:
3159 3996 3268 4051 vita
3289 4006 3563 4065 sequatur,

2096 4080 2227 4147 Qua:
2248 4081 2446 4137 fuerint
2475 4084 2635 4138 tacita
2667 4086 2849 4141 tristes
2876 4087 2928 4139 in
2951 4095 3135 4142 mente
3162 4088 3422 4143 volutant.

2101 4169 2270 4225 Porro
2298 4188 2328 4226 e
2345 4174 2473 4227 tiam
2498 4174 2623 4241 quid
2652 4188 2712 4228 se
2740 4189 2989 4244 supremo
3018 4177 3070 4229 in
3104 4177 3209 4231 line
3236 4178 3471 4230 futurum
3496 4184 3593 4239 est,

2101 4257 2318 4315 Hrercnt
2336 4262 2551 4317 solliciti
2584 4281 2596 4315 :
2628 4264 2729 4320 sibi
2757 4280 2884 4319 num
2903 4266 3150 4333 graviora
3173 4266 3461 4335 supersint,

2099 4352 2325 4408 Nullane
2351 4370 2474 4424 spes
2501 4364 2718 4424 superet
2746 4357 2975 4422 miseris,
3011 4370 3140 4411 num
3168 4365 3341 4412 morte
3384 4358 3599 4425 perenni

2026 4435 2075 4493 Ι)
2109 4441 2349 4497 Perdant
2374 4445 2519 4513 quod
2539 4454 2817 4515 superest;
2850 4462 2918 4500 an
2945 4462 3066 4500 cum
3096 4447 3181 4500 via
3228 4448 3420 4501 mortis
3457 4460 3641 4500 amara:

2104 4536 2206 4593 Per
2225 4540 2425 4608 lignum
2453 4541 2707 4609 ingruerit
2731 4541 2929 4596 mundo
2948 4541 3264 4611 populisque
3289 4540 3500 4607 futuris,

2108 4630 2284 4688 Possit
2305 4634 2478 4689 adhuc
2503 4634 2721 4703 aliquod
2745 4650 2842 4704 per
2868 4634 3071 4703 lignum
3091 4636 3199 4690 vita
3226 4634 3423 4690 redire.

1354 4973 1821 5077 LIBER
1895 4976 2742 5092 SECUNDUS.

501 5157 764 5213 Hactenus
790 5174 1038 5213 arcanam
1059 5161 1272 5221 seriem,
1302 5158 1589 5227 primordia
1612 5160 1822 5222 mundi,

431 5244 498 5301 Ut
519 5249 728 5303 sincera
752 5248 884 5304 fides
907 5248 1110 5312 docuit,
1134 5249 1248 5305 sine
1275 5248 1459 5302 fraude
1479 5251 1712 5315 cucurri,

430 5337 561 5390 Dum
582 5337 754 5405 dignis
773 5337 920 5391 letho
941 5337 1084 5389 vitiis
1106 5345 1317 5389 terrena
1346 5345 1593 5390 carerent
1626 5354 1639 5388 :

429 5428 576 5481 Nunc
594 5429 867 5482 hominum
897 5443 1092 5487 mores.
1118 5437 1171 5481 ct
1188 5428 1297 5494 jam
1323 5427 1566 5481 mortalia
1591 5441 1747 5480 versu

428 5522 710 5589 Aggresso,
731 5520 1068 5588 omnipotens
1090 5518 1229 5572 vires
1261 5520 1398 5572 Deus
1425 5516 1559 5571 addc
1588 5525 1777 5585 poetas.

430 5610 715 5678 Postquam
736 5609 958 5663 sacratis
985 5607 1249 5663 decedere
1267 5605 1448 5674 jussus
1469 5615 1699 5673 uterque

428 5698 659 5756 Sedibus
672 5714 734 5754 ac
754 5699 931 5768 regnis
951 5697 1202 5768 genitalia
1222 5696 1447 5768 contigit
1476 5711 1622 5761 arva,

2100 5164 2264 5235 Inque
2287 5184 2382 5223 sua
2410 5171 2556 5226 stetit
2584 5171 2733 5226 exsul
2759 5173 2919 5227 humo
2948 5211 2964 5236 ,
2989 5172 3231 5227 mirabile
3254 5171 3398 5239 quali

2100 5257 2205 5313 Ore
2243 5258 2403 5314 rudes
2441 5268 2693 5329 stupeant
2734 5269 2847 5316 tam
2892 5262 3121 5317 barbara
3148 5277 3273 5315 rura
3299 5262 3503 5325 coloni,

2102 5347 2231 5412 Quae
2258 5364 2364 5403 non
2392 5347 2642 5416 frugifera
2663 5350 3024 5420 distinctaque
3049 5351 3243 5405 arbore
3265 5359 3509 5404 vernant.

2105 5436 2214 5490 Nec
2236 5437 2442 5505 species
2463 5436 2638 5506 placet
2660 5438 2765 5493 ulla
2787 5440 2890 5495 soli
2914 5481 2930 5506 ,
2959 5454 3083 5494 nam
3121 5439 3286 5493 mixta
3307 5449 3496 5494 coacto

2107 5526 2349 5583 Pondere
2370 5529 2647 5596 congeries
2666 5530 2885 5583 confusa
2910 5530 3050 5584 mole
3070 5529 3298 5583 locatur.

2108 5619 2283 5673 Ardua
2305 5627 2463 5674 caute
2485 5620 2676 5687 rigent,
2706 5620 2850 5674 silvis
2873 5620 3129 5687 depressa
3170 5619 3418 5674 laborant

2107 5708 2285 5767 Plana.
2311 5719 2599 5779 careatque
2628 5710 2824 5769 herbis.
2849 5709 3168 5763 horrescunt
3198 5707 3343 5763 edita
3365 5708 3540 5763 dumis
