4024 6186
278 374 382 427 969

1207 374 1845 431 COMMENTARIORUM
1884 374 1953 430 IN
1987 376 2277 435 GENESIN
2314 379 2437 437 LIB.
2478 382 2542 437 Π.

3417 396 3525 452 950

276 482 389 538 ucu
434 481 627 552 quibus
657 481 770 537 haec
810 490 1056 551 spectant
1078 483 1265 548 oculis,
1308 498 1416 553 quo
1462 492 1683 553 pectore
1722 497 1842 537 cer-
1868 485 1922 545 Α
1947 484 2004 540 Si
2019 484 2191 555 juvat,
2217 491 2408 546 exaudi
2430 494 2507 548 nil
2533 494 2588 548 in
2609 502 2699 550 tua
2724 495 2881 566 jussa
2894 512 3195 569 precantes.

1599 573 1776 643 [nunt,

271 661 511 727 Quorum
539 662 731 717 animis
748 661 1025 730 paradisus
1067 663 1223 727 inest,
1246 678 1367 731 quae
1386 677 1545 718 causa
1573 663 1779 719 doloris

272 751 387 806 Una
416 754 619 817 subest,
642 752 768 807 dum
796 762 1108 809 cunctorum
1126 753 1235 822 jam
1257 754 1414 824 plena
1444 753 1704 808 malorum

268 843 337 898 Se
359 845 547 912 pandit
570 842 733 898 facies
759 842 918 912 longe
945 844 1267 908 tristissima,
1295 852 1420 913 post
1446 851 1524 898 tot

266 930 520 999 Delicias,
550 931 813 1001 paradise,
844 940 986 999 tuas,
1009 941 1065 987 et
1084 946 1293 988 amoena
1314 933 1558 988 locorum

266 1023 471 1079 Gaudia
492 1024 743 1079 fertilium
765 1063 781 1088 ,
805 1039 1033 1094 quorum
1057 1025 1341 1079 vanissima
1362 1038 1596 1094 praesens

263 1114 496 1184 Semper
515 1114 666 1169 adest
690 1115 972 1184 tristesque
996 1114 1202 1169 animos
1227 1114 1358 1168 idaea
1386 1114 1596 1183 fatigat.

264 1206 419 1260 Nune
437 1207 611 1260 honor
632 1204 722 1259 ille
744 1205 884 1259 sacri
912 1204 1146 1259 nemoris
1175 1205 1377 1274 majore
1402 1220 1595 1260 sereno

262 1292 512 1359 Irradiat,
542 1309 684 1348 nunc
708 1293 921 1348 divitias
948 1294 1212 1349 succurrit
1241 1293 1525 1363 ademptas

262 1382 409 1437 Silva
433 1384 611 1450 beata,
637 1392 754 1438 tuas
777 1424 793 1451 ,
822 1398 964 1438 nunc
990 1383 1135 1452 pomi
1160 1382 1368 1439 dulcior
1397 1399 1526 1438 usus

261 1471 663 1540 Nectareusque
689 1486 845 1541 sapor
868 1510 885 1533 .
915 1471 1050 1526 vivis
1076 1485 1217 1527 nunc
1235 1469 1455 1526 ﬂoribus
1474 1471 1666 1525 halans

261 1560 447 1616 Tellus
475 1562 681 1616 absenti
703 1560 885 1615 tristes
912 1560 1199 1615 contristat
1233 1561 1420 1616 odore.

261 1648 305 1702 0
333 1664 495 1718 quam
524 1665 630 1705 non
656 1650 841 1705 eadem
867 1648 1236 1720 (exclamant),
1273 1648 1544 1719 paradise,
1566 1648 1835 1720 rependis,

259 1737 432 1793 Immo
453 1739 615 1793 etiam
634 1747 836 1809 quanto
864 1754 975 1811 prae
1001 1740 1104 1794 illis
1135 1739 1250 1795 haec
1273 1739 1413 1794 dona
1435 1738 1605 1795 beatis

258 1828 478 1883 Deliciis
500 1830 682 1899 pejora
698 1831 851 1898 facis,
875 1832 955 1887 sic
976 1831 1221 1887 tristibus
1246 1831 1351 1887 illis
1410 1858 1417 1861 λ

257 1919 378 1974 Iam
405 1921 523 1975 vitae
560 1921 700 1991 perit
723 1922 892 1978 almus
913 1938 1083 1991 amor,
1122 1923 1344 1993 penuria
1381 1937 1561 1979 rerum

257 2007 498 2064 Insinuat
518 2010 631 2079 jam
657 2008 815 2067 dulce
840 2012 1002 2077 mori,
1021 2026 1089 2067 ne
1109 2010 1282 2079 major
1295 2019 1508 2081 egestas

254 2101 522 2156 Occurrat
547 2102 791 2172 graviore
819 2103 988 2169 malo;
1012 2118 1137 2157 nam
1164 2102 1370 2158 viscera
1392 2111 1549 2158 terra:

254 2191 503 2250 Scrutari
527 2206 725 2247 vesana
745 2192 932 2259 fames,
960 2201 1016 2248 et
1034 2208 1273 2263 quaerere
1300 2193 1446 2262 cogit

253 2281 371 2345 Qua
394 2282 605 2337 steriles
624 2282 717 2336 dat
736 2282 870 2338 silva
889 2283 1072 2353 dapes,
1097 2282 1233 2338 adeo
1254 2298 1423 2351 usque
1444 2282 1689 2353 malignis

252 2365 554 2424 Ilerbarum
581 2370 770 2427 dubias
796 2372 994 2441 passim
1016 2371 1283 2426 radicibus
1303 2387 1457 2427 escas

252 2458 550 2530 Explorare
563 2463 734 2533 juvat,
757 2474 1111 2535 ventremque
1137 2464 1356 2534 explere
1381 2467 1682 2523 latrantem.

252 2548 496 2607 Tandem
515 2560 847 2621 cunctarum,
872 2556 1066 2623 quibus
1087 2555 1288 2624 indiget
1315 2572 1459 2621 usus,
1484 2570 1687 2624 egenos

250 2641 429 2709 Atque
449 2641 636 2711 inopes
653 2658 855 2710 rerum,
880 2642 1065 2700 docuit
1082 2661 1201 2699 sors
1225 2646 1411 2701 ultima
1434 2646 1629 2700 summi

249 2728 521 2783 Auxilium
541 2745 760 2799 sperare
788 2731 962 2787 Patris
986 2749 999 2786 :
1025 2740 1136 2788 tum
1157 2742 1359 2789 stratus
1386 2743 1612 2803 uterque

249 2816 490 2873 Membra
512 2820 648 2885 solo,
673 2819 922 2890 lacrymis
954 2830 1157 2876 tantum
1186 2832 1442 2893 mutoque
1462 2824 1649 2880 dolore

251 2910 379 2975 Quae
408 2920 683 2978 nequeunt
702 2912 879 2967 verbis
900 2922 1130 2983 poscunt
1157 2914 1351 2970 solatia
1380 2916 1539 2980 votis,

251 2997 384 3052 Dum
409 3000 580 3069 pudor
598 3000 820 3057 internis
840 3003 1087 3059 subducit
1109 3004 1269 3059 verba
1290 3006 1542 3074 querelis.

249 3085 387 3156 Ergo
412 3090 498 3144 ubi
521 3092 774 3159 cognovit
794 3101 991 3148 mutuae
1016 3094 1119 3149 sibi
1146 3095 1353 3151 reddita
1382 3095 1575 3165 linguae

248 3175 491 3241 Munera,
514 3193 842 3249 consurgens
868 3181 963 3235 tali
987 3197 1148 3251 prece
1170 3184 1435 3254 supplicat
1460 3185 1628 3239 Adam
1664 3203 1678 3239 :

321 3266 698 3335 Omnipotens,
743 3276 933 3324 auctor
951 3271 1156 3335 mundi,
1188 3288 1475 3343 rerumque
1515 3283 1747 3338 creator,

250 3353 417 3421 Quem
438 3356 569 3410 mihi
596 3356 719 3412 labe
733 3358 860 3413 mali
888 3358 1151 3415 infensum
1180 3370 1341 3431 atque
1368 3364 1658 3424 audacibus
1679 3365 1824 3422 ausis

250 3443 513 3498 Constitui
537 3442 665 3499 felix
686 3445 834 3512 olim,
855 3447 982 3503 dum
1011 3450 1118 3504 vita
1146 3462 1412 3521 maneret,

248 3530 313 3586 Et
333 3533 549 3588 celeres
576 3536 785 3591 animos
812 3538 927 3593 visu
947 3553 1109 3609 super
1136 3550 1282 3597 astra
1323 3542 1543 3599 daretur

247 3620 411 3678 Posse
436 3624 587 3692 sequi
614 3624 722 3679 late
746 3626 949 3681 circum
977 3643 1177 3698 perque
1206 3632 1383 3685 omnia
1406 3631 1524 3687 fuso
1556 3671 1570 3695 ,

245 3708 354 3766 llos
376 3725 479 3780 ego
501 3727 598 3767 cur
617 3714 803 3770 oculos
826 3724 915 3770 tua
953 3718 1224 3785 quondam
1251 3734 1448 3775 arcana
1480 3730 1690 3778 tuentes

245 3800 342 3855 Vel
361 3800 476 3870 jam
502 3817 610 3857 non
638 3803 832 3871 habeo,
874 3805 960 3860 vel
989 3821 1179 3876 magna
1209 3823 1277 3863 ex
1318 3819 1471 3879 parte
1493 3814 1748 3883 minutos,

242 3888 310 3943 Et
331 3898 476 3945 tetro
498 3892 709 3949 clausos
733 3897 930 3950 terreni
953 3897 1183 3951 carceris
1203 3906 1360 3954 antro
1386 3918 1398 3952 :

244 3978 315 4035 Ut
331 3980 445 4049 jam
470 3982 544 4036 nil
565 3983 677 4037 veri
700 3992 893 4054 praeter
918 3988 1164 4042 mortalia
1186 3989 1429 4058 quaedam
1461 4001 1518 4047 et

245 4070 414 4127 Fluxa
442 4073 619 4129 videre
647 4074 849 4141 datum,
886 4092 951 4132 ac
990 4080 1245 4135 mundum
1289 4082 1344 4136 in
1392 4084 1577 4154 pejora
1629 4086 1817 4139 laban-

1596 4178 1605 4245 Ι
1620 4185 1747 4243 tem,

243 4256 420 4328 Atque
467 4257 608 4325 ideo,
657 4257 1028 4331 Omnipotens,
1057 4263 1145 4333 qui
1190 4279 1405 4335 semper
1434 4274 1579 4322 totus
1623 4268 1819 4337 ubique

420 4423 424 4427 .
1647 4359 1748 4431 [εδ.

244 4437 322 4492 Ad
347 4448 400 4494 te
425 4439 781 4510 confugimus,
808 4443 1009 4514 trepida
1041 4454 1093 4500 te
1116 4454 1297 4501 mente
1320 4462 1622 4518 precamur,

244 4527 447 4583 Exaudi
475 4531 722 4599 miseros,
753 4550 889 4603 quos
910 4551 1122 4605 semper
1150 4540 1328 4594 cernis
1355 4548 1410 4594 et
1433 4539 1602 4595 audis.

245 4618 374 4672 Cum
399 4635 487 4672 me
506 4620 633 4675 olim
661 4625 799 4691 parti
828 4624 1090 4680 damnatae
1109 4636 1395 4685 annectere
1413 4631 1574 4685 vellet

244 4705 337 4761 Ille
357 4717 520 4778 caput
539 4710 823 4777 scelerum,
850 4715 1030 4768 mundi
1052 4716 1440 4774 infensissimus
1467 4720 1654 4787 hostis,

244 4796 321 4852 Nil
347 4815 444 4868 per
458 4815 518 4855 se
543 4802 739 4866 solum,
764 4820 833 4859 ne
863 4805 1033 4861 victus
1061 4808 1298 4874 cederet,
1330 4826 1511 4877 ausus,

243 4890 520 4960 Serpentis
542 4892 765 4948 formam
794 4897 1083 4966 accipiens,
1107 4907 1161 4953 et
1183 4901 1426 4971 conjugis
1447 4902 1538 4956 illa

242 4981 402 5035 Anna
426 4998 558 5037 meae
580 4983 715 5040 duro
737 4987 966 5042 confecit
988 4990 1225 5058 vulnere,
1249 4992 1327 5047 sic
1349 5010 1447 5048 nos

241 5078 474 5134 Artificis
496 5081 759 5137 scelerum
788 5083 931 5140 fraus
958 5086 1243 5157 improvisa
1264 5092 1493 5160 subegit.

240 5168 483 5236 Cumque
501 5182 601 5237 ego
629 5170 911 5228 damnarer
925 5173 1069 5243 justa
1100 5193 1196 5247 pro
1217 5180 1438 5236 crimine
1460 5197 1635 5252 pmna,

239 5257 469 5325 Agnovit
489 5259 700 5328 culpam
728 5271 879 5318 tanto
905 5281 1056 5320 mens
1082 5268 1185 5322 icta
1214 5268 1426 5339 dolore,

240 5349 309 5404 Ut
329 5352 457 5405 mihi
482 5368 569 5407 me
588 5354 655 5409 de
679 5371 765 5411 me
785 5371 997 5426 poenam
1016 5360 1256 5426 prmbere
1282 5372 1545 5431 putarem,

239 5438 444 5497 Idcirco
467 5452 523 5496 et
540 5445 769 5512 gemitus
788 5462 979 5517 paenae,
1010 5450 1380 5523 lacrymasque
1407 5458 1612 5523 negavi,

241 5529 639 5601 Amplexusque
660 5534 838 5591 animo
861 5538 1052 5592 solatia
1079 5538 1252 5595 dulcia
1283 5557 1474 5610 pmuae,

242 5614 391 5671 "anc
418 5618 586 5688 ipsam
606 5624 846 5691 postth
866 5642 1018 5682 sacra
1041 5628 1181 5684 inter
1204 5646 1424 5685 munera
1447 5650 1654 5702 ponens

245 5708 347 5763 Pro
372 5711 526 5765 venia
544 5714 763 5771 sceleris
782 5758 801 5784 ,
826 5735 931 5773 non
949 5720 1059 5789 jam
1075 5723 1313 5779 detrecto
1334 5724 1564 5789 labores,

245 5796 601 5874 Quoscunque
631 5807 920 5878 addideris;
947 5821 1121 5870 tamen
1146 5816 1369 5881 interea,
1398 5817 1597 5885 optimc
1620 5820 1808 5887 judex,

1947 574 2059 631 Nec
2072 575 2184 645 jam
2205 579 2346 634 istud
2383 581 2631 654 lacrymis
2658 593 2713 641 et
2740 598 2927 644 maesta
2948 605 3081 645 voce
3108 606 3421 660 precamur,

1944 668 2139 725 Judicii
2169 687 2394 729 censura
2419 678 2493 731 tui
2513 693 2622 747 quo
2644 696 2703 737 se
2731 682 2817 737 illa
2840 686 3094 751 resolvat,

1947 758 2084 814 Tota
2113 763 2207 816 sed
2230 772 2288 816 ut
2309 764 2494 834 plenas
2517 777 2697 825 teneat
2724 778 2987 830 sententia
3012 780 3170 835 vires.

1946 849 2155 906 Jussisti
2177 863 2323 909 mota
2346 856 2545 913 victum
2570 876 2655 915 me
2674 878 2914 931 quaerere
2933 868 3121 937 gleba,

1947 942 2015 996 Et
2036 944 2246 999 steriles
2267 944 2446 1014 spinas
2466 964 2647 1018 sparsa
2669 968 2767 1021 pro
2790 954 2939 1025 fruge
2962 959 3215 1016 levandas

1944 1031 2153 1098 Dixisti,
2184 1044 2239 1090 et
2261 1036 2480 1091 tribulos
2502 1054 2600 1108 pro
2625 1042 2879 1101 fructibus
2905 1063 2920 1112 ;
2952 1063 3079 1118 ergo
3114 1051 3339 1107 serenda
3362 1062 3446 1109 est

1945 1118 2016 1175 Ut
2036 1122 2187 1177 fallat
2205 1139 2323 1179 mea
2344 1134 2469 1181 vota
2490 1141 2647 1197 seges
2668 1134 2888 1201 quaesita
2910 1136 3113 1192 labore.

1944 1209 2180 1267 Noscere
2206 1212 2273 1268 da
2294 1228 2413 1283 quae
2434 1216 2539 1271 sint
2560 1228 2791 1287 segetes,
2819 1236 2925 1292 quo
2950 1239 3101 1280 more
3145 1229 3407 1298 serendae,

1944 1300 2255 1358 Fructiferaa
2273 1319 2391 1373 quae
2412 1307 2518 1361 sint
2544 1307 2745 1374 herbae,
2769 1326 2888 1380 quae
2913 1311 3084 1369 forma
3113 1315 3333 1371 laboris.

1942 1390 2037 1455 Da,
2072 1392 2248 1458 Pater,
2283 1394 2535 1448 auxilium
2566 1398 2842 1465 miserans,
2879 1401 3066 1470 hisque
3088 1404 3263 1459 imbue
3284 1421 3509 1479 sensus;

1942 1478 2094 1535 Tune
2115 1484 2240 1547 erit,
2272 1494 2331 1539 ut
2350 1499 2527 1539 rerum
2558 1502 2783 1557 compos
2810 1498 2870 1544 et
2893 1500 3042 1545 certa
3064 1493 3270 1560 salutis,

1940 1570 2149 1628 Serviat
2174 1573 2283 1629 Eva
2313 1576 2460 1641 mihi,
2491 1593 2796 1648 saevumque
2822 1591 3041 1650 experta
3069 1586 3304 1653 parentis

1939 1662 2288 1733 Supplicmm,
2312 1668 2486 1737 pariat
2511 1671 2738 1739 populos
2762 1679 2820 1724 ut
2847 1673 3069 1729 crimine
3094 1685 3282 1731 nostro

1940 1752 2269 1823 Plectantur,
2298 1768 2594 1828 purgetque
2616 1770 2825 1829 patrum
2854 1774 3097 1833 peccata,
3114 1777 3369 1837 nepotum

1870 1832 1915 1893 Β
1939 1844 2198 1903 Mortibus
2217 1858 2474 1905 aeternam
2500 1850 2702 1908 faciens
2730 1857 3000 1910 successio
3028 1871 3263 1925 poenam.

2005 1936 2211 1993 Interea
2239 1940 2362 1995 dum
2391 1942 2467 1997 sic
2494 1952 2667 2009 orant,
2696 1946 2957 2014 serpentis
2983 1947 3162 2017 imago

1934 2025 2110 2084 Indice
2133 2030 2245 2083 visa
2266 2038 2411 2085 metu
2439 2033 2602 2087 tacito
2623 2048 2682 2089 se
2703 2036 2915 2091 tramite
2938 2036 3096 2101 ferre,

1933 2115 2152 2173 Leniter
2171 2119 2238 2172 ad
2266 2120 2455 2175 molles
2482 2123 2639 2191 Spiris
2664 2126 2999 2193 reptantibus
3025 2126 3218 2184 herbas
3246 2146 3260 2181 :

1934 2207 2078 2263 ln-se
2105 2211 2369 2264 convertit
2397 2213 2653 2281 trepidos,
2676 2214 2884 2284 dirique
2904 2215 3103 2289 doloris

1932 2297 2174 2355 Exeusso
2194 2301 2346 2356 senio
2368 2311 2623 2370 cognatas
2653 2306 2813 2359 traxit
2840 2306 2893 2360 in
2932 2307 3057 2361 iras.

1932 2390 2001 2445 Et
2024 2394 2170 2462 prior
2192 2392 2304 2449 Eva
2330 2396 2447 2450 viro
2489 2414 2503 2448 :
2534 2395 2591 2451 Si
2613 2402 2665 2450 te
2685 2412 2933 2464 suprema
2963 2398 3225 2453 malorum

1931 2480 2105 2539 Causa
2126 2495 2326 2547 movet,
2358 2500 2488 2554 rape
2525 2501 2653 2539 saxa
2677 2502 2858 2552 manu,
2890 2487 3044 2541 datur
3063 2503 3188 2543 ecce
3213 2488 3433 2547 facultas

1932 2572 2219 2627 Auctorem
2244 2574 2376 2628 lethi
2396 2574 2542 2629 letho
2570 2575 2701 2629 dare
2728 2592 2744 2641 ;
2772 2575 2993 2630 callidus
3020 2576 3107 2630 ille

1932 2662 2215 2733 Suppliciis
2244 2664 2437 2720 doceat
2459 2668 2706 2737 propriis,
2737 2677 2792 2723 et
2818 2677 2993 2725 morte
3015 2678 3256 2735 cruenta,

1931 2753 2101 2819 Quam
2126 2756 2196 2809 sit
2224 2756 2373 2812 triste
2401 2759 2558 2824 mori,
2590 2760 2681 2827 qui
2709 2774 2797 2814 me
2823 2761 2964 2815 male
2984 2761 3213 2830 perdidit
3239 2771 3295 2818 et
3321 2772 3393 2817 tc.

1932 2843 2091 2906 Dixit,
2121 2853 2176 2899 et
2202 2846 2439 2915 elapsum
2464 2863 2622 2903 cursu
2662 2848 2932 2917 petrisque
2959 2860 3141 2905 secuta
3164 2860 3248 2906 est

1926 2930 2210 2987 Missilibus
2241 2949 2256 2996 ;
2287 2934 2415 3001 quin
2444 2942 2499 2989 et
2524 2934 2684 2990 duras
2712 2951 2809 3005 per
2835 2938 3029 2991 robora
3053 2945 3255 3003 cautes,

1926 3019 2044 3085 Quo
2066 3036 2124 3075 se
2145 3023 2406 3090 reptando
2435 3023 2699 3079 condebat
2724 3026 2947 3081 callidus
2975 3027 3183 3094 anguis,

1924 3110 2094 3164 Ambo
2118 3112 2406 3180 projiciunt
2436 3131 2448 3166 :
2474 3127 2699 3181 quarum
2727 3115 2899 3183 rigido
2929 3131 3033 3170 una
3061 3116 3265 3172 lacerto

1846 3183 1895 3247 C
1925 3198 1986 3253 In
2008 3200 2205 3254 nudum
2234 3216 2361 3257 casu
2384 3203 2586 3258 silicem
2613 3204 2832 3260 dimissa
2861 3208 3108 3273 resultat,

1924 3288 2328 3361 Seintillamque
2355 3294 2463 3350 ciet
2492 3335 2508 3361 ,
2540 3296 2687 3351 sicco
2726 3312 2844 3366 quae
2871 3312 2903 3353 e
2924 3296 3107 3352 fomite
3131 3306 3253 3354 nata

1923 3380 2067 3436 Exiit
2093 3382 2147 3436 in
2174 3382 2459 3451 flammam,
2484 3395 2538 3441 et
2563 3388 2753 3443 crinita
2772 3389 3016 3445 incendia
3045 3391 3151 3446 late

1922 3470 2228 3529 Extendens
2257 3481 2370 3529 tota
2392 3474 2501 3544 jam
2527 3476 2657 3531 silva
2692 3478 2912 3534 ardebat
2932 3482 3144 3550 adepta.

1922 3560 2022 3617 llic
2048 3563 2288 3632 horrent,
2320 3566 2656 3635 latebrasque
2674 3568 2841 3636 gradu
2871 3570 3173 3639 trepidante
3200 3573 3497 3640 requirunt,

1922 3651 2028 3707 Sed
2056 3655 2276 3723 pavidos
2303 3664 2490 3725 stupor
2508 3656 2622 3726 ipse
2644 3665 2809 3725 tenet,
2839 3672 3126 3729 curamque
3148 3676 3393 3730 sagacem

1921 3742 2093 3811 lnjicit
2122 3744 2347 3799 insolitae
2374 3744 2601 3799 ﬂammae
2634 3763 2647 3798 :
2678 3760 2836 3815 quam
2866 3761 3088 3802 cernere
3128 3764 3357 3815 rursum,

1922 3833 1989 3887 Et
2017 3835 2187 3889 timidi
2209 3844 2451 3905 spectare
2479 3837 2700 3901 volunt;
2732 3838 2947 3907 paulum
2975 3853 3102 3908 ergo
3131 3841 3320 3895 remoti

1923 3924 2148 3979 Telluris
2168 3926 2329 3982 dorso
2348 3927 2544 3982 sterilis
2569 3929 2829 3984 mirantur
2843 3944 3038 3999 opacas

1920 4013 2214 4072 Defluxisse
2241 4030 2441 4081 comas,
2466 4031 2853 4089 nemorumque
2881 4019 3103 4075 horrere
3132 4019 3352 4085 favillas,

1922 4103 2243 4173 Fuscarique
2266 4105 2431 4174 diem,
2462 4114 2602 4161 totas
2622 4109 2994 4177 splendescere
3023 4118 3211 4178 terras,

1921 4190 1989 4245 Et
2008 4192 2179 4247 lucem
2206 4193 2303 4249 sub
2330 4194 2443 4247 sole
2471 4210 2664 4249 novam
2692 4214 2703 4247 ε
2744 4210 2844 4250 nec
2872 4204 3049 4251 mente
3071 4199 3251 4266 quieta

1921 4283 2202 4352 Accipiunt
2227 4285 2459 4354 crepitus
2486 4285 2833 4341 stridentibus
2861 4287 3091 4356 undique
3111 4288 3284 4351 silvis,

1924 4371 2304 4441 Undantesque
2331 4373 2520 4442 globos
2548 4374 2880 4429 ﬂammarum
2911 4376 2964 4429 in
2988 4377 3158 4430 sidera
3183 4376 3339 4441 latos,

1919 4463 2029 4518 Nec
2052 4462 2195 4533 quod
2218 4463 2422 4520 radices
2443 4465 2723 4519 immersus
2751 4465 2919 4519 tendit
2949 4467 2999 4519 in
3023 4467 3154 4521 imas

1838 4543 1895 4605 Β
1918 4550 2060 4619 Ignis
2085 4552 2218 4607 edax
2247 4551 2477 4622 penitus,
2508 4562 2721 4621 sumpto
2747 4569 2855 4622 quo
2874 4555 3012 4608 victa
3037 4556 3217 4611 calore

1922 4638 2085 4694 Terra
2102 4654 2226 4694 suas
2262 4640 2446 4710 pandit
2465 4655 2723 4709 generosa
2753 4641 2822 4696 ad
2846 4658 3067 4698 munera
3090 4635 3278 4701 venas.

1919 4728 2046 4793 Quae
2070 4744 2193 4783 eum
2215 4727 2325 4797 jam
2354 4738 2547 4785 cuncto
2567 4730 2765 4785 siccata
2794 4730 3004 4800 liquore
3031 4730 3238 4798 fuisset,

1918 4814 2043 4870 Mox
2066 4814 2178 4869 fieri
2208 4816 2383 4885 liquor
2406 4816 2635 4887 incepit,
2658 4817 2893 4887 rivisque
2919 4818 3135 4873 metalla

1917 4902 2161 4958 Fundere
2187 4918 2411 4972 quaeque
2438 4906 2548 4959 suis
2578 4922 2594 4970 ;
2623 4905 2766 4961 fulvo
2795 4907 2919 4961 hinc
2948 4914 3188 4964 torrente
3215 4921 3462 4968 coruscat

1916 4992 2046 5046 Auri
2072 5007 2309 5047 summus
2328 4992 2517 5059 honos,
2549 4983 2795 5050 candenti
2827 4996 2968 5052 laete
2996 4999 3246 5055 renidens

1916 5081 2096 5138 Emuit
2121 5091 2417 5152 argentum,
2449 5084 2591 5152 rigor
2611 5085 2731 5141 aeris
2750 5086 2981 5142 lubricus
3009 5098 3175 5156 errat,

1915 5169 1982 5225 Et
1996 5172 2204 5239 eogitin
2230 5171 2447 5227 mollem
2475 5173 2712 5230 resoluto
2740 5191 2969 5246 corpore
2993 5193 3243 5233 massam.

1916 5262 2007 5317 Vis
2027 5262 2274 5318 brevibus
2302 5263 2525 5319 formam
2563 5265 2800 5321 ardentis
2826 5268 3210 5337 comprendere
3237 5268 3422 5322 silvae?

1914 5355 2172 5412 Sullureae
2197 5355 2425 5411 volitant
2450 5356 2686 5411 nemoris
2707 5372 2804 5426 per
2828 5372 2997 5426 opaca
3027 5357 3235 5424 favillae,

1914 5447 2029 5502 Non
2054 5449 2207 5503 aliter
2225 5463 2383 5518 quam
2408 5446 2533 5503 dum
2563 5449 2732 5519 ruptis
2749 5452 2889 5506 sicca
2920 5450 3081 5505 [Etna
3108 5451 3351 5517 caminis,

1914 5537 2096 5607 Egerit
2120 5539 2374 5595 immixtis
2410 5538 2687 5595 stridentia
2715 5542 2913 5597 sulfura
2944 5540 3165 5595 ﬂammis
3190 5558 3204 5593 :

1913 5629 2047 5684 Tum
2068 5644 2127 5684 se
2153 5629 2387 5685 decoctis
2414 5632 2569 5686 telius
2596 5632 2937 5703 pinguissima
2967 5632 3135 5700 glebis

1915 5731 1970 5784 In
1993 5729 2128 5785 fetus
2148 5731 2316 5786 movit
2341 5733 2535 5797 varios,
2568 5749 2704 5802 quos
2726 5732 2893 5787 imbre
2913 5732 3105 5786 marito

1915 5822 2218 5879 Parturicus
2246 5825 2388 5894 putri
2409 5823 2649 5881 dissolvit
2676 5838 2797 5880 rura
2819 5833 3027 5892 meatu,
