4024 6186
519 427 623 485 9⁸31

530 544 645 608 Qua
674 538 859 595 tumidi
885 551 1143 608 crepuere
1168 535 1333 598 sinus,
1364 532 1610 602 elataque
1637 528 1824 585 messis

529 632 767 697 Exstitit,
787 639 842 686 et
865 630 1024 685 motis
1045 627 1252 683 undans
1278 624 1559 695 trepidavit
1585 620 1781 687 aristis,

530 724 771 778 Disceret
791 730 849 777 ut
864 720 1098 791 speciem
1126 716 1321 786 segetis
1343 730 1514 770 novus
1544 710 1727 767 accola
1755 708 1929 763 cultae.

529 812 613 866 Nil
644 822 821 868 tamen
835 812 958 867 hinc
986 810 1175 878 longus
1198 808 1483 878 quidquam
1512 804 1613 860 sibi
1634 801 1864 858 vindicet
1881 812 2027 863 usus,

530 904 612 958 Nil
639 919 795 959 casus
815 901 1026 957 virtutis
1054 901 1227 969 inops,
1251 898 1388 952 Deus
1414 895 1591 951 omnia
1620 906 1778 948 nosse

530 995 659 1060 Qua:
686 994 829 1049 bona
849 1000 975 1047 sunt
1001 1006 1123 1048 cum
1142 989 1262 1043 luce
1283 985 1445 1049 dedit,
1473 981 1777 1051 mundoque
1796 975 2011 1040 minori,

531 1082 801 1151 Quidquid
829 1082 1002 1150 major
1025 1079 1205 1145 habet,
1227 1089 1382 1130 sacro
1408 1074 1741 1127 innotescere
1769 1082 1947 1131 sensu,

532 1170 709 1239 Seque
738 1185 835 1240 per
860 1170 972 1225 haec
992 1167 1160 1221 voluit
1192 1182 1206 1218 :
1237 1162 1380 1233 quod
1402 1162 1446 1215 si
1468 1160 1668 1214 illibata
1696 1162 1957 1217 maneret,

540 1259 606 1315 Ut
632 1260 756 1313 data
783 1273 934 1313 mens
978 1254 1178 1311 homini
1207 1261 1310 1320 est,
1354 1250 1590 1318 nullique
1616 1246 1845 1303 obnoxia
1885 1242 2052 1311 culpae
2076 1280 2098 1305 ,

533 1349 651 1405 Non
674 1349 815 1403 illam
835 1345 1061 1416 species,
1089 1360 1194 1399 non
1226 1342 1369 1396 illam
1396 1353 1621 1409 corpora
1650 1351 1849 1398 rerum,

534 1437 649 1492 Non
676 1436 865 1492 modus
893 1443 1180 1499 astrorum,
1212 1446 1463 1495 numerus
1486 1444 1587 1483 nec
1620 1427 1795 1481 mollis
1820 1437 1996 1478 arenae

533 1526 782 1594 Falleret,
796 1532 889 1579 aut
915 1522 1127 1593 quantis
1141 1536 1260 1576 cum
1284 1532 1475 1587 magno
1503 1526 1645 1570 terra
1673 1512 1938 1585 profundo

533 1616 766 1670 Extensa
794 1623 876 1669 est
895 1612 1098 1682 spatiis,
1124 1618 1218 1664 aut
1247 1624 1366 1678 qua:
1390 1621 1638 1661 mensura
1669 1610 1884 1673 peracta
1914 1606 1998 1655 est

532 1704 705 1760 Molis.
739 1702 875 1770 Quid
904 1707 1123 1757 resonet
1148 1706 1298 1753 motu
1316 1694 1680 1766 septemplicis
1700 1692 1815 1746 axis

533 1794 834 1851 Harmoniae
862 1792 1047 1848 vocale
1068 1790 1257 1855 melus,
1282 1804 1423 1843 nunc
1449 1787 1670 1841 discitur
1690 1797 1789 1837 usu

1855 412 1959 469 CL.
2002 411 2047 466 Μ
2058 453 2069 465 .
2114 406 2422 465 VICTORIS

2130 530 2177 587 Α
2206 520 2484 591 Flagitium
2510 516 2804 574 addidimus
2842 533 2854 569 :
2891 515 3107 586 jamque
3135 519 3216 568 est
3260 510 3404 581 quod
3432 509 3658 566 callidus
3680 524 3771 563 an-

3669 392 3773 449 953

3567 599 3709 671 [subi

2199 700 2449 771 Objiciat,
2479 700 2524 756 si
2552 700 2662 755 fors
2690 699 2841 753 illum
2868 710 3121 753 accusare
3144 695 3391 759 velimus,

2200 792 2355 859 Quod
2375 790 2663 846 morimur:
2694 801 2922 857 namque
2948 786 3014 842 ad
3035 786 3307 843 cumulum
3333 783 3504 855 prima
3532 781 3619 837 illa
3648 794 3772 850 ιιι-ος

3543 870 3709 941 [raso

2202 969 2471 1034 Criminis,
2503 966 2701 1035 adjecit
2728 972 2979 1032 mortem,
3010 964 3329 1034 culpamque
3351 968 3631 1031 parentum

2202 1062 2477 1116 Inductam
2507 1060 2707 1115 mundo
2737 1058 3090 1129 (horrendum
3128 1062 3209 1111 est
3238 1054 3291 1108 id
3317 1050 3518 1119 dicere)
3546 1047 3674 1103 fecit

2203 1153 2449 1223 Impietas
2477 1151 2652 1206 scelus
2679 1164 2796 1204 esse
2821 1164 3039 1215 novum,
3067 1147 3146 1202 sic
3166 1145 3350 1214 impie,
3369 1142 3446 1196 sic
3474 1150 3530 1195 tu

2204 1244 2325 1298 Dire
2343 1242 2497 1310 Cain,
2519 1242 2754 1312 primore
2783 1255 2977 1295 novum
3001 1238 3144 1294 unde
3172 1236 3343 1292 inlicis
3362 1234 3547 1288 orbem
3586 1250 3598 1283 :

2204 1330 2310 1386 Pro
2330 1347 2434 1400 qua
2465 1324 2751 1401 perpetuas
2779 1343 2967 1398 pmnas
2991 1328 3101 1396 jam
3131 1333 3304 1380 morte
3327 1323 3531 1377 solutus

2206 1419 2592 1487 Eternumque
2619 1417 2786 1481 dabis,
2818 1417 2975 1484 longe
2994 1422 3241 1484 serpente
3268 1411 3499 1468 nefando

2206 1509 2469 1575 Deterior,
2498 1516 2587 1561 tua
2619 1508 2867 1561 metimur
2892 1507 2936 1560 si
2964 1506 3185 1561 crimina
3213 1522 3225 1555 :
3259 1516 3490 1570 namque

2206 1595 2400 1650 Attulit
2426 1597 2515 1651 ille
2536 1611 2721 1650 necem
2752 1595 2928 1660 nobis,
2957 1609 3060 1648 non
3084 1592 3261 1647 intulit
3287 1609 3300 1644 ε
3334 1591 3391 1645 at
3422 1607 3519 1646 nos

2204 1687 2454 1757 Cepimus
2482 1686 2718 1752 allatam,
2750 1694 2809 1739 tu
2832 1701 2961 1740 vero
2990 1686 3128 1739 hanc
3148 1683 3394 1754 primitus
3418 1680 3597 1736 infers.

2206 1784 2378 1839 Tanto
2405 1783 2495 1838 ille
2522 1783 2694 1853 pejor,
2725 1781 2880 1837 vitari
2906 1780 3147 1850 publicus
3175 1778 3345 1834 hostis

534 1886 878 1955 Assiduisque
904 1882 1062 1938 datur
1090 1879 1279 1936 studiis
1302 1920 1319 1946 ,
1350 1892 1655 1948 quanquam
1682 1882 1798 1929 arte
1826 1872 1909 1927 vel
1938 1886 2036 1925 usu
2134 1871 2181 1931 B
2207 1874 2360 1941 Quod
2387 1874 2562 1943 potuit
2592 1892 2605 1926 :
2638 1881 2694 1927 tu
2722 1872 2959 1942 privatus
2984 1872 3129 1925 nulla
3158 1880 3274 1924 arte
3302 1867 3480 1923 caveri

535 1975 684 2045 Quod
705 1974 944 2044 capimus
971 1971 1198 2026 Domino
1218 1982 1430 2038 semper
1450 1967 1682 2022 donante
1711 1972 1975 2018 tenemus.

602 2064 673 2119 At
698 2078 829 2118 vero
855 2059 925 2115 ad
953 2059 1157 2130 primos
1183 2067 1243 2114 ut
1269 2073 1328 2113 se
1363 2057 1597 2127 digressa
1626 2063 1877 2125 parentes

533 2152 725 2209 Nostra
753 2148 935 2220 chelys
980 2146 1196 2214 referat,
1218 2145 1349 2215 jam,
1381 2159 1583 2215 quaeso,
1615 2142 1872 2197 attendite
1900 2139 2102 2211 paucis.

534 2240 724 2297 Pulsus
741 2239 809 2293 ab
835 2237 1073 2306 angustis
1093 2234 1327 2306 paradisi
1348 2234 1562 2289 sedibus
1588 2230 1775 2296 Adam,

534 2335 743 2389 Nullum
765 2332 951 2387 habuit
977 2330 1123 2401 prius
1150 2327 1404 2392 officium,
1421 2341 1583 2396 quam
1597 2323 1839 2393 conjugis
1858 2335 2034 2385 usum,

536 2426 708 2494 Atque
736 2438 953 2479 omnem
980 2421 1120 2477 natis
1158 2434 1378 2492 operam
1412 2433 1609 2473 navare
1636 2413 1902 2471 creandis.

535 2514 675 2583 Ergo
701 2514 789 2568 ubi
817 2514 988 2583 prima
1022 2512 1212 2567 domus
1234 2510 1374 2564 natis
1392 2509 1503 2577 jam
1524 2507 1678 2578 plena
1703 2505 1927 2571 duobus,

535 2604 677 2659 Inter
703 2612 811 2657 tam
839 2603 1017 2657 varios
1042 2602 1231 2656 solatia
1260 2600 1427 2653 multa
1449 2599 1661 2653 labores

536 2693 745 2753 Attulit,
769 2699 931 2761 atque
960 2705 1155 2745 novum
1192 2703 1253 2744 se
1277 2688 1409 2743 vidit
1437 2696 1661 2758 uterque
1699 2695 1997 2757 parentem,

536 2781 883 2852 Multiplicata
909 2794 1101 2849 graves
1120 2779 1377 2834 relevavit
1395 2793 1522 2834 cura
1547 2778 1761 2833 dolores
1791 2817 1806 2843 ,

535 2873 601 2928 Et
626 2887 749 2942 spes
771 2870 883 2940 jam
910 2868 1072 2926 subiit
1098 2868 1331 2939 propriis
1358 2868 1590 2937 gaudere
1618 2867 1875 2923 ministris

535 2965 694 3020 Ruris
723 2964 775 3019 in
794 2962 972 3019 oﬂicio
1004 2980 1018 3015 :
1049 2976 1277 3031 quorum
1298 2962 1389 3032 qui
1418 2960 1681 3017 maximus
1698 2976 1833 3028 :evo,

535 3056 674 3111 Arva
700 3053 832 3110 Cain
859 3053 1010 3110 duris
1028 3052 1271 3108 vertebat
1298 3053 1513 3123 pinguia
1542 3052 1752 3117 rastris;

536 3149 603 3202 At
621 3148 744 3201 vivo
770 3146 1005 3216 gaudere
1026 3145 1176 3200 lucro
1204 3144 1542 3213 dignissimus
1568 3144 1700 3198 Abel

537 3237 772 3292 Collibus
800 3237 853 3290 in
873 3236 1029 3290 nudis
1056 3246 1110 3289 et
1137 3235 1264 3289 sicci
1291 3237 1530 3304 germine
1550 3234 1724 3304 campi

537 3327 794 3381 lnnoeuas
814 3324 1070 3394 pascebat
1093 3339 1243 3388 oves,
1281 3335 1337 3380 et
1364 3326 1503 3381 lacte
1528 3333 1798 3394 parentes.

538 3416 733 3471 Verum
760 3414 1054 3484 exspectati
1083 3429 1299 3469 sensere
1326 3422 1386 3470 ut
1421 3414 1615 3483 gaudia
1641 3414 1861 3476 fructus,

537 3508 724 3563 Divino
753 3507 946 3563 intuitu
973 3505 1113 3562 vinci
1141 3520 1235 3561 sua
1266 3513 1392 3561 vota
1421 3504 1606 3560 favore
1633 3522 1665 3559 τ’

538 3596 658 3652 Mox
678 3596 916 3651 decrevit
940 3603 1165 3664 uterque
1186 3596 1269 3650 sui
1296 3595 1546 3649 libamina
1576 3593 1779 3650 fructus

538 3688 710 3743 I‘rima
737 3689 917 3744 dicare
944 3688 1077 3755 Deo,
1100 3704 1279 3744 sacras
1298 3690 1447 3760 prior
1468 3688 1689 3758 impedit
1707 3703 1829 3742 aras

537 3779 794 3847 Frugibus
822 3778 912 3834 ille
936 3779 1106 3845 novis,
1136 3779 1293 3833 niveo
1322 3780 1490 3848 magis
1511 3780 1596 3834 hic
1630 3780 1748 3833 litat
1774 3792 1929 3846 agno.

538 3871 712 3926 Prima
736 3870 1075 3927 sacerdotum
1106 3871 1335 3941 species,
1358 3886 1483 3924 mox
1506 3870 1681 3925 hostia
1710 3869 1885 3922 fratris

538 3962 721 4032 Impia,
752 3961 847 4017 sed
868 3961 1137 4018 Christum
1166 3961 1323 4028 longe
1346 3969 1525 4013 tamen
1547 3968 1675 4014 ante
1699 3959 1863 4027 ﬁgura

538 4054 789 4121 Signans,
830 4059 1122 4120 perpetuus
1148 4065 1272 4103 nam
1300 4063 1420 4103 cum
1451 4050 1587 4102 foret
1615 4047 1704 4101 ille
1732 4045 2001 4109 sacerdos,

538 4144 746 4200 Summi
774 4141 1161 4196 Melchisedech
1189 4154 1257 4193 ex
1279 4138 1466 4193 ordine
1497 4157 1508 4190 :
1538 4139 1779 4208 protinus
1808 4139 1860 4191 in
1889 4153 1948 4192 se

538 4233 783 4290 Conﬂata
804 4230 1022 4295 invidia,
1046 4236 1101 4283 et
1124 4227 1346 4282 fratrum
1368 4228 1537 4282 livore
1563 4243 1780 4283 suorum
1808 4235 1910 4294 est,

539 4327 721 4382 IIostia
737 4320 970 4379 salvifiea
997 4322 1124 4377 dum
1145 4320 1341 4390 pendet
1360 4321 1427 4375 ab
1455 4319 1646 4375 arbore
1674 4318 1864 4374 factus.

538 4415 628 4470 Sic
647 4414 774 4469 olim
803 4420 927 4467 ante
958 4411 1041 4467 sui
1062 4409 1341 4481 prmsensit
1362 4407 1616 4463 candidus
1644 4407 1779 4461 Abel

538 4504 794 4559 Invidiam
814 4501 992 4557 fratris
1022 4519 1035 4554 :
1066 4516 1189 4557 nam
1217 4515 1338 4556 cum
1366 4500 1433 4554 de
1456 4499 1605 4567 fruge
1632 4499 1835 4554 litasset

539 4593 648 4650 Iste
681 4609 798 4660 sua,
829 4582 986 4649 niveo
1012 4592 1104 4647 ille
1129 4606 1288 4660 agno,
1319 4606 1445 4645 mox
1474 4590 1716 4659 protinus
1738 4589 1903 4643 altum

540 4685 598 4741 In
618 4687 811 4741 caelum
837 4685 1079 4739 ascendit
1097 4684 1376 4739 combusto
1405 4678 1578 4736 fumus
1599 4681 1666 4734 ab
1686 4694 1845 4747 agno.

540 4778 612 4831 At
638 4786 825 4831 contra
852 4790 951 4846 per
970 4777 1130 4829 inane
1158 4773 1346 4828 volans
1373 4772 1439 4828 de
1468 4770 1705 4840 frugibus
1734 4770 1839 4825 illis

542 4869 603 4924 lu
632 4876 829 4921 terram
858 4866 1015 4919 rediit
1042 4863 1264 4932 fugienti
1291 4862 1465 4916 fumus
1486 4860 1702 4930 olympo
1736 4877 1749 4912 :

543 4960 652 5014 Aut
678 4955 822 5025 quod
847 4956 1059 5025 pejores
1080 4954 1309 5009 Domino
1331 4959 1660 5017 sacraverat,
1683 4959 1775 5005 aut
1797 4951 1940 5020 quod

542 5048 625 5105 Illi
644 5064 753 5104 non
780 5054 990 5115 gratum
1011 5053 1111 5113 est,
1135 5046 1315 5099 animo
1343 5042 1488 5113 quod
1519 5041 1697 5113 prodit
1721 5056 1907 5096 avaro.

544 5140 673 5196 Inde
699 5140 832 5194 Cain
855 5146 1035 5191 tamen
1063 5136 1277 5189 insanas
1305 5132 1609 5189 ﬂammatur
1628 5133 1683 5186 in
1711 5132 1841 5194 iras,

544 5227 765 5286 Invidia:
791 5231 990 5285 ducens
1003 5226 1094 5280 illo
1117 5224 1184 5279 de
1207 5224 1352 5279 fonte
1376 5237 1664 5290 venenum,

546 5321 701 5379 Unde
728 5318 1039 5390 propinarat
1062 5329 1306 5384 serpens,
1333 5314 1660 5382 fratremque
1688 5311 1912 5368 cavendi

544 5410 814 5484 Ignarum,
836 5423 974 5465 saeva
994 5413 1283 5461 mactatum
1310 5405 1454 5460 caede
1482 5404 1732 5459 trucidat.

618 5498 992 5561 IIeuJ‘acinus!
1018 5498 1136 5564 Quo
1158 5511 1266 5550 non
1294 5495 1519 5549 miseros
1540 5494 1739 5548 furiosa
1767 5493 1951 5555 libido,

549 5595 669 5661 Quo
691 5607 800 5647 non
828 5591 926 5654 ira,
942 5603 1129 5644 recens
1157 5586 1356 5651 odium,
1383 5593 1439 5638 et
1468 5584 1547 5637 vis
1576 5584 1815 5651 improba
1838 5585 2017 5652 cogit?

544 5684 681 5751 Quid
703 5690 873 5738 meret
900 5681 1159 5735 innocuus
1187 5674 1387 5729 frater?
1408 5687 1534 5727 num
1558 5671 1793 5726 Sanctior
1821 5672 1911 5726 ille

548 5771 705 5839 Quod
729 5772 845 5837 fuit,
874 5768 1105 5825 interimi
1130 5766 1354 5823 meruit?
1378 5764 1486 5832 jam
1516 5762 1654 5816 facta
1671 5773 1949 5831 parentum

549 5862 763 5916 Nonest
782 5861 1066 5924 posteritas
1094 5856 1237 5927 quod
1269 5855 1557 5927 quidquam
1587 5862 1824 5921 accuset,
1855 5863 1908 5908 et
1932 5854 2031 5923 ipsi

2209 1964 2326 2019 Jam
2354 1972 2573 2033 poteras
2597 1981 2610 2016 :
2633 1963 2752 2031 quis
2775 1962 2916 2018 enim
2942 1961 3139 2016 dilecto
3162 1976 3191 2014 a
3219 1959 3395 2014 fratre
3425 1959 3669 2013 timeret?

2208 2054 2277 2108 At
2304 2070 2434 2109 vero
2464 2053 2607 2107 nulla
2636 2060 2720 2107 est
2745 2051 2979 2106 hominis
3006 2059 3111 2104 tam
3143 2049 3258 2103 dira
3284 2046 3499 2102 nefandi

2208 2144 2395 2214 Culpa,
2427 2144 2567 2199 Deus
2588 2158 2746 2211 quam
2777 2158 2884 2197 non
2914 2142 3093 2196 animo
3120 2140 3383 2197 clemente
3410 2138 3663 2203 remittat,

2208 2234 2265 2290 Si
2289 2234 2449 2289 modo
2475 2234 2733 2302 pmniteat
2752 2232 2877 2287 facti
2903 2249 2916 2284 :
2948 2230 3090 2300 quod
3121 2238 3255 2285 teste
3281 2227 3451 2282 Caino

2207 2325 2528 2394 Accipimus,
2559 2337 2721 2394 quem
2748 2332 2875 2377 tunc
2896 2320 3131 2376 fraterna
3160 2319 3304 2375 aede
3324 2318 3643 2384 madentem,

2207 2416 2324 2470 Non
2351 2415 2622 2484 indignum
2645 2415 2832 2469 habuit
2861 2415 3034 2485 (tanta
3062 2418 3144 2468 est
3171 2411 3481 2480 clementia)
3510 2425 3625 2464 sese

2206 2505 2531 2575 Correptore
2557 2506 2716 2568 Deus,
2747 2505 2873 2572 quin
2902 2503 3096 2557 blanda
3125 2516 3259 2556 voce
3288 2508 3557 2566 rogatum,

2207 2595 2399 2651 Frater
2425 2596 2513 2649 ubi
2542 2611 2671 2649 suus
2698 2594 2787 2648 ille
2814 2594 2972 2656 foret,
3004 2592 3310 2659 facinusque
3340 2597 3619 2657 negantem

2208 2687 2414 2755 Arguit,
2444 2695 2497 2740 et
2526 2686 2715 2739 leviter
2736 2693 2885 2738 tanto
2916 2699 3013 2752 pro
3039 2682 3259 2736 crimine
3287 2680 3458 2749 punit.

2208 2775 2339 2832 Nam
2378 2774 2657 2847 profugum
2700 2782 2904 2830 tantum
2946 2780 3107 2843 atque
3146 2779 3416 2826 extorrem
3454 2769 3520 2823 ab
3548 2776 3781 2835 utroque

3465 2861 3709 2930 [parente

2209 2959 2443 3029 Longius
2469 2958 2741 3023 amandat,
2764 2965 3045 3025 vastasque
3072 2954 3273 3025 relegat
3294 2953 3349 3006 in
3376 2968 3519 3015 oras,

2113 3094 2121 3102 .
2214 3050 2281 3105 Et
2304 3051 2457 3120 jubet
2479 3065 2510 3104 a
2539 3050 2725 3119 patriis
2754 3047 3033 3104 confestim
3054 3044 3313 3099 excedere
3340 3042 3517 3098 terris.

2212 3140 2325 3195 Hac
2350 3142 2512 3196 etiam
2531 3139 2689 3208 longe
2717 3138 2914 3193 misero
2936 3136 3162 3190 feliciter
3187 3136 3239 3187 in
3267 3149 3328 3187 re

2134 3218 2181 3282 C
2211 3227 2527 3283 Gratificans
2558 3245 2570 3279 :
2597 3227 2811 3295 gravior
2839 3240 2961 3280 nam
2988 3224 3159 3279 multo
3186 3230 3271 3278 est
3298 3237 3456 3292 pmna
3484 3219 3642 3276 videri

2209 3320 2353 3373 Inter
2373 3320 2552 3374 felices
2574 3325 2629 3372 et
2656 3332 2787 3387 pura
2818 3324 2999 3371 mente
3020 3317 3209 3371 beatos

2210 3407 2430 3463 Victuro
2457 3414 2578 3476 post
2604 3404 2919 3474 supplicium
2947 3403 3180 3473 factique
3209 3404 3487 3474 pudorem.

2212 3503 2389 3574 l‘tque
2416 3504 2484 3557 sit
2511 3499 2757 3557 exsilium
2784 3499 2973 3561 levius,
3007 3513 3190 3553 comes
3217 3498 3427 3552 additur
3455 3510 3585 3550 uxor

2211 3593 2341 3649 Fida
2370 3608 2463 3647 reo
2485 3592 2682 3655 forsan,
2714 3605 2782 3644 ne
2803 3588 3111 3659 desperatio
3138 3589 3307 3643 solum

2213 3686 2488 3753 Arriperet
2519 3700 2531 3734 :
2566 3691 2678 3736 tum
2705 3682 2866 3736 etiam
2894 3695 3011 3750 qua:
3039 3680 3202 3734 duras
3229 3679 3463 3749 pectoris
3490 3677 3611 3746 aegri

2213 3772 2444 3828 Molliret
2467 3786 2641 3837 curas,
2673 3780 2729 3826 et
2748 3778 2902 3824 ‘moto
2930 3785 3158 3836 corpore
3183 3770 3405 3823 fractum

2212 3861 2442 3915 Sisteret
2465 3860 2713 3929 amplexu
2747 3878 2760 3912 :
2788 3860 3023 3928 nullique
3045 3860 3278 3915 obnoxia
3309 3859 3497 3928 culpaa,

2214 3950 2280 4004 Et
2302 3950 2581 4005 Dominum
2608 3949 2749 4005 votis
2767 3956 2825 4004 et
2852 3964 2983 4018 pura
3010 3957 3191 4004 mente
3218 3948 3464 4013 colendo,

2214 4041 2445 4096 Eliceret
2466 4039 2722 4110 quidquid
2746 4050 2927 4110 posset
2954 4040 3083 4095 satis
3109 4054 3231 4098 esse
3258 4039 3485 4096 duobus.

2214 4130 2303 4186 Sic
2324 4132 2489 4205 multa
2517 4140 2760 4186 extorres
2787 4132 3073 4186 comitatur
3093 4132 3282 4201 gratia,
3312 4147 3536 4201 quorum

2217 4221 2379 4276 Auxit
2407 4220 2765 4289 multiplicans
2784 4235 2882 4291 per
2909 4221 3124 4274 nomina
3153 4219 3302 4274 mille
3332 4228 3581 4289 nepotum

2218 4310 2536 4379 Progeniem
2557 4310 2699 4366 Deus
2719 4310 3079 4378 omnipotens,
3106 4322 3396 4379 regemque
3424 4305 3634 4364 Cainum

2217 4398 2349 4454 Esse
2375 4398 2522 4454 dedit
2540 4398 2771 4469 populis,
2796 4412 2932 4466 quos
2958 4399 3173 4467 cingere
3199 4398 3463 4455 mmnibus
3491 4398 3637 4453 urbes

2220 4490 2445 4557 Erudiit,
2473 4491 2743 4560 praelonga
2770 4490 2955 4545 videns
2982 4490 3035 4544 in
3065 4498 3310 4559 tempora
3339 4499 3516 4544 natos.

2144 4581 2197 4640 Ι)
2290 4583 2497 4639 Interea
2526 4593 2719 4639 moesto
2746 4599 2957 4639 rursum
2984 4584 3161 4653 gravis
3189 4583 3301 4640 Eva
3335 4585 3546 4648 marito,

2217 4672 2476 4728 Pensarat
2503 4674 2731 4743 primum
2755 4681 2940 4729 sancto
2963 4673 3075 4741 jam
3103 4674 3327 4743 pignore
3347 4673 3610 4736 damnum,

2218 4761 2652 4829 Reddideratque
2681 4761 2871 4816 iterum
2900 4768 3025 4815 nata
3052 4761 3162 4829 jam
3191 4762 3342 4831 prole
3372 4760 3573 4831 parenti

2218 4849 2537 4919 Multiplices
2566 4849 2726 4903 animi
2749 4864 2927 4916 curas,
2952 4857 3008 4904 et
3027 4850 3196 4903 mixta
3224 4849 3410 4904 labore

2218 4941 2420 4997 Gaudia
2451 4960 2463 4994 :
2490 4940 2622 4995 Setli
2652 4956 2819 5010 puero
2848 4955 3045 4995 nomen
3072 4938 3271 5004 fecere,
3302 4940 3421 4995 vice
3450 4937 3575 4993 Abel

2220 5033 2389 5099 Quem
2415 5032 2561 5087 dedit
2597 5033 2936 5101 omnipotens
2962 5031 3065 5087 illis
3096 5031 3237 5087 Deus
3261 5050 3273 5085 :
3299 5031 3444 5090 unde
3470 5036 3632 5087 secuta
3655 5031 3731 5080 est

2222 5124 2534 5186 Posteritas,
2566 5123 2717 5191 cujus
2737 5122 2806 5177 de
2833 5124 3037 5178 semine
3061 5123 3259 5193 prodiit
3282 5122 3445 5189 Enos,
3537 5184 3545 5199 .

2221 5215 2322 5282 Qui
2352 5215 2554 5284 primus
2574 5214 2736 5268 tacita
2762 5213 2934 5269 lectus
2953 5214 3150 5269 virtute
3176 5214 3445 5277 sacerdos,

2226 5303 2388 5358 Posse
2415 5304 2557 5357 ciere
2586 5303 2686 5372 piis
2714 5303 2983 5371 precibus,
3015 5312 3251 5371 votoque
3276 5311 3543 5373 potentem

2223 5393 2488 5462 Speravit,
2520 5393 2820 5460 meruitque
2850 5392 3039 5455 Deum,
3071 5394 3437 5461 populumque
3465 5398 3677 5449 secutum

2225 5484 2436 5547 Imbuit,
2467 5483 2654 5537 :eterni
2682 5482 2886 5537 cultum
2908 5495 3121 5537 servare
3148 5479 3417 5535 Parentis.

2225 5574 2390 5644 Cujus
2418 5574 2485 5628 de
2509 5575 2649 5629 serie
2671 5574 2878 5644 pollens
2904 5572 3185 5628 virtutibus
3214 5571 3401 5628 Enoch

2227 5664 2587 5729 Descendens,
2616 5664 2820 5719 meritis
2847 5663 3007 5717 etiam
3034 5677 3139 5717 non
3172 5662 3345 5732 impar
3373 5661 3538 5724 avitis,

2230 5761 2485 5816 Redditus
2506 5763 2558 5815 in
2587 5760 2739 5816 sedes
2767 5761 2963 5829 patrias
2991 5760 3285 5828 orbemque
3305 5760 3537 5822 beatum,

2229 5853 2369 5909 Vivit
2391 5852 2584 5919 adhuc,
2616 5861 2668 5908 et
2688 5851 2847 5907 habet
2870 5850 2988 5907 vitae
3013 5850 3123 5920 jam
3145 5863 3307 5920 regna
3335 5848 3534 5903 futune.
