4024 6186
404 316 513 375 953

405 426 504 481 Hic
536 426 665 495 justi
692 440 920 496 proavus
940 425 1052 482 Noe
1079 426 1177 482 sub
1201 436 1439 497 tempora
1469 428 1621 496 cujus

404 514 591 570 Infecit
619 523 789 569 totum
816 514 1003 570 studiis
1027 515 1381 571 concordibus
1402 517 1585 569 orbem

401 604 569 674 Culpa
599 605 868 674 frequens,
899 607 1147 677 vitiisque
1175 622 1401 676 sequens
1426 607 1666 676 adjunxit
1688 606 1843 662 avitis

402 692 696 749 Posteritas
725 694 910 749 vitium
942 713 955 748 :
980 704 1310 766 quapropter
1334 696 1480 749 mille
1503 711 1599 765 per
1627 711 1816 761 annos,

401 781 510 835 Aut
529 796 696 851 prope
722 782 955 851 majores
978 798 1101 839 cum
1128 784 1309 838 vivere
1336 785 1755 845 consuevissent,

403 872 479 927 Ne
501 874 742 941 perversi
771 873 1047 929 hominum
1074 888 1256 928 mores
1283 875 1649 929 crescentibus
1678 873 1831 928 annis

401 965 758 1033 Augnientum
789 965 1109 1033 acciperent,
1138 965 1277 1019 vitiis
1299 974 1358 1019 ut
1384 966 1641 1019 terminus
1664 973 1825 1030 esset,

405 1055 639 1111 Maxima
696 1057 802 1111 vita
838 1056 1114 1111 hominum
1156 1057 1323 1111 lustra
1370 1057 1436 1110 ad
1476 1056 1721 1112 duodena
1756 1056 1969 1110 redacta

1771 1147 1899 1218 [εει.

472 1239 710 1308 Namque
734 1237 1082 1306 Cainigenum
1111 1253 1235 1292 cum
1262 1253 1321 1293 se
1350 1236 1637 1305 conjuncta
1668 1236 1902 1306 profanis

402 1332 718 1385 Damnasset
741 1330 989 1384 thalamis
1018 1330 1069 1384 in
1093 1330 1247 1399 pejus
1272 1345 1436 1399 prona
1460 1328 1716 1398 juventus
1738 1368 1753 1395 ,

403 1422 461 1475 In
483 1422 687 1476 varium
708 1420 932 1485 facinus,
958 1420 1223 1490 Superum
1251 1421 1465 1475 deserta
1496 1420 1700 1486 favore,

405 1513 639 1577 Prosilit,
666 1513 826 1580 inque
854 1526 1042 1566 omnes
1061 1511 1230 1566 currit
1252 1511 1538 1567 temeraria
1558 1510 1759 1578 lapsus.

404 1602 538 1657 'I‘um
569 1603 709 1657 Deus
738 1615 928 1655 averso
956 1608 1065 1654 tam
1093 1601 1259 1655 multa
1285 1601 1355 1656 ob
1383 1600 1603 1654 crimina
1634 1599 1831 1654 mundo

403 1690 694 1745 Confestim
720 1688 975 1755 infensus,
1007 1704 1168 1744 voces
1194 1690 1424 1758 erumpit
1448 1690 1500 1742 in
1530 1690 1660 1742 istas
1685 1706 1699 1740 2

403 1782 746 1849 Nequaquam
776 1780 1009 1850 posthaec
1029 1780 1261 1833 humana
1284 1780 1336 1831 in
1365 1787 1522 1847 gente
1544 1777 1780 1831 manebit

402 1871 633 1940 Spiritus
658 1869 747 1924 ille
771 1884 942 1932 meus,
971 1870 1137 1923 vitam
1161 1884 1262 1924 nec
1289 1868 1526 1939 proferet
1545 1868 1684 1923 ultra
1709 1885 1723 1920 :

404 1962 601 2017 Vivere
626 1963 867 2017 bissenos
891 1961 1068 2016 decies
1093 1968 1346 2017 contenta
1372 1975 1469 2030 per
1495 1974 1665 2014 annos

404 2052 524 2108 Vita
548 2068 746 2108 nocens
767 2053 1043 2108 hominum
1072 2070 1084 2105 :
1109 2052 1361 2121 quoniam
1386 2060 1599 2107 terrena
1626 2050 1797 2105 secuti

403 2142 532 2197 Plus
552 2145 726 2199 carnis
750 2158 909 2212 quam
938 2142 1132 2197 mentis
1156 2142 1375 2196 habent.
1407 2141 1495 2196 Sic
1515 2154 1643 2209 ergo
1671 2155 1858 2195 severa

404 2233 528 2288 ΔΕνί
549 2233 825 2288 constituit
848 2241 1063 2301 tempus
1082 2231 1350 2287 sententia
1379 2238 1586 2285 certum

404 2321 605 2375 Iudicis
626 2320 848 2385 immoti,
873 2321 1044 2387 longa:
1068 2334 1134 2373 ne
1162 2327 1403 2387 tempora
1429 2318 1552 2371 vita:

404 2410 655 2465 Criminis
680 2409 906 2477 augendi
928 2424 1140 2464 causam
1170 2417 1422 2477 priestare
1447 2407 1707 2461 valerent.

406 2497 617 2566 Flagitii
645 2496 771 2566 quid
792 2499 935 2551 enim
957 2496 1068 2565 jam
1092 2512 1199 2551 non
1220 2495 1444 2550 auderet
1465 2496 1630 2565 iniqui

406 2596 573 2666 Impia
600 2609 729 2665 gens
754 2595 1069 2649 hominum?
1098 2608 1220 2647 nam
1249 2605 1441 2660 magna
1469 2591 1611 2645 mole
1635 2589 1904 2658 gigantes,

408 2684 646 2739 Monstra
673 2683 941 2739 horrenda
965 2683 1262 2750 hominum,
1291 2682 1442 2735 vario
1469 2680 1537 2735 de
1563 2679 1769 2737 semine
1795 2678 1929 2748 nati,

408 2775 493 2829 Nil
522 2790 628 2829 non
652 2774 955 2838 audebant,
976 2775 1096 2843 quls
1120 2788 1225 2827 una
1253 2780 1308 2827 et
1329 2771 1560 2825 maxima
1583 2771 1749 2825 virtus

409 2864 526 2919 Non
552 2864 667 2921 fore
692 2864 759 2919 ad
788 2871 1087 2919 extremum
1115 2877 1329 2932 pravos,
1360 2877 1495 2932 quos
1522 2861 1638 2916 dira
1660 2859 1826 2915 libido

406 2956 621 3012 Crimen
644 2957 699 3012 in
728 2970 888 3012 omne
917 2955 1165 3021 trahens,
1213 2954 1386 3010 nullas
1427 2954 1543 3008 sine
1581 2954 1840 3024 sanguine
1877 2968 1979 3010 no-

1753 3042 1910 3113 [ctes,

415 3138 524 3193 Aut
543 3137 658 3194 sine
683 3137 829 3194 cattle
848 3137 963 3192 dies
989 3151 1223 3207 unquam
1244 3135 1466 3191 ductare
1492 3135 1739 3190 sinebat:

408 3229 759 3285 Immemores
782 3227 917 3297 juris
945 3227 1128 3292 divini,
1159 3227 1541 3296 hominumque
1568 3226 1778 3296 suique,

407 3317 750 3386 Aﬂ'ectusque
776 3317 870 3386 pii,
896 3325 1253 3388 matrumque,
1283 3324 1604 3387 patrumque
1625 3331 1865 3383 suorum,

409 3408 766 3477 Auctorisque
785 3407 914 3462 Dei:
941 3414 1254 3476 tantumque
1284 3407 1337 3461 in
1363 3407 1586 3461 crimina
1611 3421 1817 3484 summa

410 3496 728 3553 Processum
753 3504 856 3564 est,
886 3496 1135 3552 homines
1157 3496 1442 3551 Dominum
1462 3503 1523 3551 ut
1543 3495 1800 3550 formasse
1828 3494 1980 3564 pige-

1786 3586 1910 3653 [ret,

415 3676 485 3732 llt
508 3677 941 3747 perversaetiam
964 3677 1105 3732 Deus
1124 3677 1195 3733 ob
1221 3684 1442 3747 peccata
1470 3683 1783 3743 nocentum,

407 3766 662 3823 Criminis
685 3776 933 3838 expertes
960 3767 1187 3835 animas,
1210 3767 1534 3823 convolvere
1560 3765 1745 3833 vellet,

410 3857 589 3926 Atque
614 3858 907 3928 superfusis
933 3864 1104 3913 terras
1132 3857 1451 3926 immergere
1476 3858 1727 3929 lymphis,

412 3948 616 4003 Rursus
638 3948 693 4003 in
716 3949 988 4018 antiquam
1016 3948 1215 4004 mundo
1236 3948 1492 4025 redeunte
1514 3948 1755 4019 figuram.

488 4036 633 4092 Unus
653 4044 769 4093 erat
796 4036 910 4092 Noe
930 4036 1125 4106 justus,
1155 4053 1318 4108 quem
1347 4046 1567 4107 propter
1594 4038 1646 4091 in
1675 4037 1782 4091 iras

411 4127 660 4184 Dill'erret
684 4127 901 4198 prodire
924 4127 1066 4183 Deus
1090 4145 1103 4180 :
1126 4142 1288 4197 quem
1314 4129 1425 4182 vita
1454 4127 1626 4182 fidelis

411 4221 529 4275 Jam
555 4236 654 4290 per
678 4222 999 4290 quingentos
1018 4218 1307 4275 immunem
1332 4218 1573 4275 criminis
1599 4231 1770 4272 annos

411 4313 666 4379 Duxerat,
694 4319 751 4366 et
776 4318 959 4365 sancta
986 4310 1268 4379 degentem
1298 4310 1351 4364 in
1379 4310 1499 4378 lege
1525 4310 1801 4379 probarat.

407 4405 504 4460 Cui
532 4405 611 4461 sic
636 4412 820 4459 sancta
851 4402 993 4458 Deus
1018 4402 1259 4473 pandens
1287 4416 1480 4456 arcana
1513 4401 1737 4456 revelat.

406 4495 638 4564 Jamque
665 4493 943 4550 hominum
964 4492 1107 4547 vitiis
1132 4489 1383 4546 infectam
1410 4491 1653 4561 turpibus
1677 4506 1891 4547 onmem

408 4586 553 4639 Aera
581 4598 703 4639 cum
730 4583 884 4637 terris
907 4582 960 4636 in
987 4580 1257 4636 deteriora
1287 4580 1513 4649 relapsis

409 4672 628 4739 Eluere,
654 4679 709 4726 et
737 4670 940 4726 tumido
968 4669 1138 4724 visum
1160 4676 1244 4725 est
1272 4670 1616 4736 submergere
1641 4676 1808 4738 ponto
1834 4687 1848 4723 :

411 4761 479 4814 Et
503 4760 631 4814 dum
657 4768 849 4814 cuncta
875 4774 1036 4814 ruens
1057 4760 1254 4829 operit,
1282 4758 1571 4828 jussusque
1595 4759 1779 4814 residit

407 4852 629 4920 Gurgite
655 4851 935 4921 praecipiti,
965 4850 1229 4920 pollutum
1253 4851 1419 4905 diluat
1447 4851 1656 4917 orbem,

408 4940 808 5011 Implicitasque
845 4941 1117 5008 homines,
1164 4948 1219 4996 et
1255 4939 1515 5012 quidquid
1555 4928 1740 4997 vivere
1774 4940 1982 5011 jussum

1812 5033 1915 5104 [est

407 5126 582 5182 Causa
609 5126 907 5192 hominum,
938 5123 1104 5180 inflati
1133 5125 1418 5180 convolvat
1442 5125 1566 5179 labe
1592 5122 1861 5193 profundi.

407 5215 519 5272 Sed
537 5216 662 5285 quia
690 5224 749 5271 tu
774 5216 920 5271 solus
944 5215 1031 5270 cui
1057 5215 1205 5270 cordi
1229 5222 1411 5269 nostra
1434 5214 1703 5283 voluntas,

408 5306 673 5361 Devotum
702 5305 900 5360 sanctis
918 5302 1113 5357 duxisti
1137 5301 1345 5369 legibus
1363 5317 1559 5370 aevum,

409 5387 683 5451 Perversis
710 5408 924 5463 semper
949 5399 1078 5446 voto
1105 5389 1328 5444 meliore
1356 5404 1660 5459 repugnans
1684 5408 1698 5443 :

407 5484 497 5539 Sic
521 5485 861 5540 decretorum
882 5480 1202 5540 moderabor
1224 5478 1343 5548 jura
1364 5495 1630 5546 meorum,

410 5581 478 5638 Ut
508 5584 635 5639 mihi
665 5598 785 5639 cum
809 5582 978 5651 justas
1002 5580 1161 5635 luerit
1186 5593 1318 5650 gens
1342 5578 1501 5647 impia
1531 5593 1739 5648 pugnas,

407 5669 759 5741 Purgatusque
786 5669 933 5725 orbis
972 5668 1122 5725 faeces
1149 5686 1163 5720 :
1191 5676 1302 5721 tum
1323 5656 1530 5735 dignius
1555 5679 1586 5718 a
1609 5676 1663 5719 te

409 5761 634 5832 Incipiat
658 5761 885 5818 mortale
914 5775 1103 5831 genus,
1129 5773 1498 5822 summumque
1524 5766 1801 5824 parentem

1352 316 1984 372 (IOMMENTARIORUM
2024 317 2090 372 IN
2125 315 2409 373 GENESIN
2448 318 2573 375 LIB.
2612 289 2706 375 un

3540 318 3642 373 951

1996 436 2045 491 Α
2075 430 2150 485 Te
2171 440 2456 485 numerent
2475 434 2653 503 populi
2684 441 2805 504 post
2826 434 2939 490 haec
2958 436 3048 505 qui
3072 445 3312 505 tempora
3332 436 3531 490 vivent.

2072 521 2351 587 Quadratis
2371 523 2529 591 igitur
2551 524 2787 580 trabibus
2806 534 3060 581 contexta
3094 535 3309 595 paretur

2072 610 2209 664 Arca
2240 611 2351 676 tibi,
2374 612 2565 667 cubitis
2585 613 2678 668 sed
2706 629 2824 683 qua:
2852 616 2920 670 sit
2947 614 3103 684 longa
3133 617 3403 675 trecentis.

2072 697 2202 751 Lata
2225 698 2588 768 quaterdenis,
2617 700 2786 755 denos
2812 718 2973 773 super
2997 722 3010 755 :
3034 719 3157 758 aera
3188 704 3241 757 in
3266 704 3430 758 altum

2072 785 2328 841 Terdenis
2356 802 2601 855 surgens,
2630 790 2846 844 cubitali
2866 800 3057 845 ornata
3084 792 3337 846 fenestra.

2071 876 2294 945 Insuper
2316 892 2345 930 a
2375 876 2506 930 laava
2536 886 2768 945 ponatur
2790 878 2953 947 janua
2978 890 3153 950 parte.

2072 965 2223 1019 'I‘unc
2251 965 2478 1020 calidum
2504 965 2681 1020 bibula
2707 969 2913 1037 spirans
2933 985 3190 1041 compage
3218 971 3454 1025 bitumen

2072 1054 2349 1125 Exploret,
2370 1064 2563 1111 tenues
2581 1064 2637 1111 et
2658 1058 2853 1111 vestiat
2872 1059 3103 1127 undique
3123 1061 3302 1125 rimas,

2070 1144 2311 1216 Cumque
2332 1147 2521 1216 triplex
2551 1149 2778 1217 spatium
2802 1148 3114 1204 discreverit
3140 1167 3263 1204 area
3284 1150 3497 1220 duplex,

2071 1239 2161 1296 Sic
2181 1241 2555 1297 discernantur
2580 1243 2811 1312 propriis
2838 1244 3125 1297 animantia
3150 1244 3299 1306 nidis,

2082 1333 2161 1389 Ne
2183 1335 2384 1389 violent
2411 1335 2674 1404 permixta
2703 1348 2891 1403 genus,
2915 1335 3303 1404 commissaque
3325 1341 3581 1403 pugnent,

2072 1422 2515 1493 Confundantque
2537 1424 2707 1491 cibos,
2735 1438 2963 1492 quorum
2987 1432 3039 1479 te
3062 1423 3297 1478 condere
3320 1438 3415 1492 par
3438 1432 3522 1477 est

2073 1513 2301 1569 Tantum
2330 1514 2607 1569 materiem
2633 1532 2646 1568 :
2679 1529 2801 1568 nam
2830 1514 3137 1584 dispensata
3167 1513 3401 1582 receptis

2071 1602 2149 1658 Ne
2174 1605 2331 1666 desit,
2358 1612 2612 1673 pmstare
2639 1620 2817 1659 meum
2839 1612 2943 1659 est.
2972 1602 3097 1659 Ilaec
3129 1612 3311 1659 mente
3338 1602 3475 1656 fideli

2073 1691 2186 1747 Noe
2207 1693 2515 1762 concipiens
2544 1693 2781 1761 (sensum
2809 1693 2922 1762 ipse
2949 1693 3291 1760 animumque
3319 1691 3637 1753 ministrans,

1999 1788 2048 1848 B
2073 1782 2225 1838 Velle
2253 1792 2308 1839 et
2328 1799 2488 1853 posse
2516 1784 2677 1837 dabat
2705 1782 2924 1847 famulo,
2956 1782 3316 1851 quodcunque
3339 1780 3583 1848 jubebat)

2072 1873 2284 1929 Iussum
2312 1890 2447 1944 opus
2474 1875 2797 1944 aggreditur,
2823 1874 3017 1929 densas
3046 1882 3387 1944 prosternere
3412 1872 3574 1927 silvas

2073 1966 2356 2036 Incipiens,
2380 1976 2540 2037 atque
2560 1982 2792 2022 annosas
2818 1966 3163 2037 proscindere
3192 1978 3442 2033 quercus,

2073 2057 2371 2111 Admittunt
2394 2058 2503 2113 luci
2524 2056 2721 2123 radios,
2747 2057 3055 2125 umbrisque
3077 2056 3281 2110 levatur

2072 2145 2321 2216 Campus,
2353 2155 2410 2203 et
2435 2162 2671 2216 aequva
2698 2147 2999 2216 spoliantur
3026 2145 3222 2200 robore
3244 2143 3431 2197 valles.

2072 2236 2179 2291 Sed
2208 2252 2331 2291 cum
2361 2246 2467 2290 tam
2494 2237 2663 2291 multo
2687 2235 2844 2290 fuerit
2866 2241 3150 2305 properata
3178 2233 3366 2287 labore

2074 2329 2293 2383 Summa
2315 2328 2492 2398 operis
2519 2327 2703 2397 ccepti,
2728 2334 2946 2382 centum
2971 2324 3213 2379 differtur
3231 2324 3283 2377 in
3312 2337 3501 2385 annos,

2077 2418 2149 2474 Ut
2173 2420 2314 2475 bona
2342 2420 2448 2473 vita
2476 2434 2724 2488 sequens,
2746 2420 2869 2472 vita:
2889 2418 3079 2473 delicta
3105 2417 3299 2487 prioris

2077 2508 2362 2576 Emendet,
2391 2515 2667 2577 mutetque
2688 2507 2830 2564 feros
2857 2522 2989 2577 gens
3010 2507 3171 2577 impia
3198 2520 3394 2561 mores.

2076 2597 2122 2652 0
2148 2599 2346 2664 miseri,
2378 2614 2515 2668 quos
2540 2605 2647 2654 tam
2665 2598 2823 2668 justze
2845 2597 3029 2651 dilatio
3056 2611 3230 2666 paena:

2078 2685 2206 2743 Plus
2228 2689 2353 2742 facit
2371 2703 2491 2743 esse
2511 2703 2636 2743 reos
2663 2705 2677 2740 :
2704 2702 2804 2742 nec
2821 2688 2931 2756 jam
2963 2700 3060 2755 pro
3083 2685 3304 2739 crimine
3328 2691 3532 2737 tantum

2080 2776 2379 2846 Prteterito,
2408 2786 2464 2831 at
2485 2778 2639 2848 longe
2670 2778 2881 2846 gravius
2903 2777 3205 2846 plectentur
3228 2774 3297 2828 ob
3320 2770 3492 2842 ipsum

2079 2864 2358 2938 Temporis
2376 2865 2564 2921 indulti
2590 2866 2835 2934 spatium,
2867 2866 3185 2933 veniamque
3212 2863 3510 2932 neglectam
3542 2879 3556 2916 :

2079 2957 2212 3012 Cum
2243 2965 2530 3012 testaretur
2550 2971 2609 3011 se
2635 2970 2860 3025 parcere
2880 2950 3039 3009 malle
3068 2953 3319 3014 reversis.

2082 3043 2348 3116 Tempore
2374 3044 2540 3100 dilato
2570 3044 2843 3099 Dominus.
2876 3041 2994 3097 Jam
3023 3042 3166 3096 mole
3191 3048 3431 3111 peracta,

2003 3134 2050 3195 C
2082 3135 2326 3190 Machina
2346 3135 2627 3206 constabat
2652 3134 2880 3189 laterum
2908 3146 3169 3202 compage
3196 3129 3404 3200 capaci,

2081 3225 2365 3297 Diffugium
2395 3225 2540 3295 quod
2559 3238 2867 3294 supremum
2895 3231 3051 3293 pater
3076 3221 3192 3292 ipse
3214 3226 3423 3290 pararat

2080 3316 2378 3388 Naufragiis
2407 3326 2598 3372 natura
2626 3316 2752 3382 tuis,
2782 3315 3092 3385 rapidisque
3121 3312 3354 3368 ﬂuentis.

2151 3405 2289 3462 Tum
2311 3407 2451 3462 Deus
2472 3420 2503 3462 e
2530 3404 2677 3461 celso
2705 3403 2964 3459 famulum
2994 3403 3243 3471 dignatus
3264 3401 3502 3472 olympo,

2081 3496 2231 3551 Voce
2254 3504 2440 3551 monet
2458 3495 2573 3551 Noe
2600 3509 2866 3549 summum
2886 3495 2997 3560 jam
3029 3499 3239 3559 tempus
3266 3490 3479 3553 adesse,

2081 3586 2329 3642 Condere
2352 3600 2413 3642 se
2437 3584 2678 3649 latebris,
2708 3589 2866 3636 natos
2889 3597 3010 3637 cum
3037 3585 3227 3641 uxore;
3249 3592 3523 3647 nurusque

2082 3674 2304 3745 Eripere
2331 3673 2548 3729 instanti
2576 3673 2764 3739 exitio,
2788 3670 3085 3738 mortisque
3106 3668 3364 3732 tenebris,

2082 3765 2397 3833 Cunctaque
2423 3761 2655 3816 vivificis.
2676 3758 2925 3813 animalia
2952 3757 3175 3812 reddere
3203 3755 3451 3815 claustris
3478 3772 3492 3809 :

2081 3857 2208 3912 Sive
2231 3870 2297 3910 ea
2325 3864 2467 3909 terra
2490 3850 2654 3919 fovet,
2684 3865 2781 3906 seu
2802 3848 2981 3905 clarus
3002 3848 3229 3903 sustinet
3255 3863 3390 3912 aer;

2081 3945 2303 4016 Singula
2330 3944 2398 3999 de
2417 3942 2629 3998 mundis
2655 3949 2899 4013 septena,
2930 3948 2987 3996 et
3014 3938 3219 4007 singula
3247 3938 3374 3992 bina

2082 4037 2163 4091 Ex
2188 4036 2251 4091 iis
2271 4049 2390 4105 quae
2414 4033 2581 4089 sacris
2606 4033 2779 4087 minus
2799 4039 2945 4101 apta,
2976 4028 3248 4085 immunda
3275 4034 3553 4093 vocantur,

2083 4128 2195 4183 Nec
2216 4141 2367 4182 mora
2389 4122 2469 4193 fit,
2496 4121 2750 4194 quidquid
2773 4136 3018 4177 convexo
3046 4118 3266 4175 cardine
3293 4117 3415 4173 coeli

2082 4218 2349 4282 Nascitur,
2373 4216 2611 4284 ignotum
2633 4214 2857 4269 diversis
2876 4211 3115 4283 partibus
3136 4209 3305 4275 orbis,

2084 4307 2239 4374 Quod
2261 4315 2443 4378 stupet
2462 4305 2622 4372 Eous,
2645 4305 2790 4375 quod
2811 4303 3039 4376 pallidus
3065 4302 3252 4357 horret
3277 4300 3482 4368 Iberus,

2085 4399 2346 4455 Australis
2374 4396 2553 4469 Libya:
2579 4396 2763 4453 calidis
2789 4394 2933 4465 quod
2960 4394 3128 4448 nutrit
3151 4392 3353 4461 arenis,

2007 4488 2061 4549 D
2087 4489 2297 4545 Scindit
2323 4487 2699 4560 Hyperboreas
2726 4486 2863 4540 miro
2890 4483 3031 4553 quod
3057 4482 3259 4537 lumine
3283 4490 3490 4550 noctes,

2087 4576 2329 4633 Festinat
2356 4574 2631 4645 trepidans
2655 4581 2711 4628 et
2729 4580 2927 4642 aperta:
2956 4570 3291 4639 immergitur
3318 4586 3477 4637 arae,

2087 4672 2351 4727 Diluvium
2379 4669 2528 4725 dicas
2549 4667 2661 4738 jam
2686 4664 3048 4737 praesensisse,
3073 4664 3295 4732 Deoque

2087 4761 2309 4817 Auctori
2338 4776 2529 4831 parere
2555 4774 2676 4826 suo,
2702 4766 2757 4813 et
2784 4756 3014 4827 pecudes
3041 4756 3251 4810 ratione
3278 4763 3525 4810 carentes

2087 4852 2215 4908 Plus
2239 4867 2398 4920 quam
2425 4850 2789 4921 imprudentes
2817 4849 3062 4903 homines
3087 4847 3300 4902 ratione
3324 4848 3527 4914 valere,

2087 4939 2157 4995 Et
2182 4940 2227 4995 si
2256 4940 2330 4994 nil
2358 4941 2591 5009 sapiunt.
2622 4938 2765 5006 Ergo
2792 4937 2939 4993 omni
2961 4937 3166 4992 semine
3189 4936 3315 4991 vita;

2088 5030 2479 5101 Praegravidam
2500 5037 2561 5084 ut
2586 5029 2818 5099 primum
2845 5027 3021 5083 claudi
3048 5026 3188 5082 Deus
3212 5027 3442 5095 imperat
3461 5036 3639 5077 arcam

2086 5123 2206 5179 Nox
2232 5121 2357 5187 ruit,
2386 5128 2442 5175 et
2470 5120 2659 5175 subita;
2688 5119 2883 5175 coelum
2918 5118 3192 5174 obduxere
3220 5118 3475 5181 tenebrae,

2086 5216 2377 5285 Etlusoque
2400 5212 2599 5268 cadens
2626 5208 2798 5267 terras
2825 5211 2949 5266 ferit
2975 5225 3101 5266 aere
3123 5210 3357 5274 nimbus,

2086 5304 2156 5359 Et
2180 5303 2328 5369 lurit,
2357 5310 2414 5357 et
2441 5307 2557 5356 toto
2585 5300 2786 5371 pariter
2812 5299 3030 5356 desaevit
3057 5300 3111 5353 in
3138 5299 3291 5353 orbe.
3462 5372 3468 5377 _

2088 5395 2199 5450 Nec
2224 5394 2356 5449 satis
2383 5391 2591 5447 excidio
2613 5399 2697 5447 est
2723 5392 2812 5461 qui
2843 5390 3069 5445 nubibus
3096 5386 3263 5442 ellluit
3292 5385 3480 5446 imher,

2089 5484 2334 5553 Antiqua:
2361 5483 2608 5537 laxantur
2634 5496 2802 5551 aquae,
2829 5479 3046 5548 jamque
3073 5476 3274 5531 :ethere
3300 5480 3489 5543 aperto

2085 5575 2144 5629 In
2173 5575 2339 5630 nubes
2366 5589 2563 5629 vacuas
2589 5572 2782 5628 malum
2807 5570 2958 5639 pluit,
2988 5574 3043 5621 et
3067 5573 3303 5619 reserata

2088 5664 2283 5719 Defluit
2311 5666 2362 5719 in
2395 5665 2635 5735 lymphas
2658 5660 2883 5715 mundus
2908 5656 3141 5713 celestis
3162 5656 3378 5726 abysso,

2088 5757 2262 5825 Atque
2288 5770 2458 5812 novos
2482 5752 2670 5827 pandit
2698 5750 2890 5812 fontes,
2921 5746 3252 5802 torrentibus
3278 5760 3482 5815 aequos.
