4058 6186
460 303 565 355 955

473 416 702 481 Dumque
730 426 836 464 uno
865 408 1162 463 immixtum
1194 405 1385 474 raptim
1413 418 1471 457 se
1501 400 1709 469 gurgite
1732 397 1925 466 jungit,

472 501 616 566 Quod
654 500 867 563 malum,
894 497 1038 565 quod
1060 505 1199 551 terra
1229 493 1413 555 vomit,
1437 490 1579 560 quod
1600 489 1780 543 nubila
1806 485 2031 541 fundunt

473 590 691 645 lnvolvit
719 604 924 645 mersos
952 588 1130 641 mixtis
1156 584 1451 638 cultoribus
1478 595 1654 649 agros,

474 680 863 749 .mplicitosque
890 691 1077 745 greges
1099 674 1337 736 stabulis,
1375 687 1497 725 cum
1524 670 1727 725 civibus
1752 666 1928 727 urbes.

473 767 656 822 Obruit
678 768 820 821 inter
846 779 1010 835 aquas
1033 782 1047 815 :
1078 762 1366 832 populique
1393 768 1612 814 natante
1634 757 1808 820 ruina,

474 860 622 913 Nulla
644 865 825 911 manet
850 870 1029 910 rerum
1056 853 1220 907 facies
1245 870 1258 905 :
1284 851 1414 917 tegit
1438 848 1617 904 omnia
1646 845 1864 910 flumen,

474 947 877 1013 Crescendoque
899 959 1054 999 suum
1080 942 1308 1012 perdunt
1331 949 1386 994 et
1405 939 1619 993 flumina
1649 949 1865 989 nomen.

474 1038 591 1090 Mox
615 1038 773 1089 etiam
796 1051 975 1098 cursu,
1001 1034 1159 1087 nullis
1186 1030 1443 1085 satiabilis
1470 1042 1705 1097 unquam

476 1126 728 1178 Amnibus
748 1123 1012 1189 Oceanus,
1043 1130 1150 1175 tam
1177 1135 1369 1189 magna
1397 1120 1538 1173 mole
1566 1124 1783 1172 ruentes

476 1214 585 1267 iam
610 1214 884 1283 praesentit
910 1227 1076 1280 aquas
1106 1228 1118 1262 :
1152 1218 1309 1263 aucto
1335 1222 1467 1278 quas
1491 1207 1697 1275 gurgite
1723 1203 1895 1272 major

476 1302 648 1368 Pellit,
677 1314 733 1357 et
752 1304 804 1357 in
835 1303 1102 1357 cumulum
1127 1300 1412 1354 redeuntes
1439 1311 1656 1364 surgere
1682 1296 1840 1363 cogit.

478 1396 655 1450 Donec
678 1395 967 1449 contractis
989 1402 1177 1447 :cstum
1200 1392 1478 1446 attollente
1499 1388 1765 1459 profundo

479 1484 721 1554 Undique
750 1486 1015 1539 littoribus
1037 1500 1245 1539 summo
1270 1499 1330 1537 se
1358 1483 1543 1536 circite
1567 1479 1742 1548 jungit

450 1567 457 1574 ’
480 1577 713 1641 Fluctus,
738 1586 793 1631 et
820 1577 1089 1645 Oppressis
1117 1584 1444 1630 concurrunt
1471 1586 1685 1642 aequora
1715 1568 1889 1623 terris.

550 1667 615 1720 Et
636 1668 747 1734 jam
776 1676 858 1720 ter
889 1666 1064 1735 quinis
1092 1681 1253 1735 super
1273 1665 1451 1719 omnia
1477 1662 1672 1717 celsior
1698 1658 1838 1713 ulnis

482 1757 615 1811 Area
642 1756 910 1811 ferebatur
939 1757 1191 1825 (namque
1218 1757 1331 1810 haec
1361 1768 1607 1808 mensura
1634 1764 1913 1819 supremos

483 1846 721 1901 Excessit
744 1847 975 1915 montes)
1002 1862 1122 1902 cum
1143 1846 1494 1916 quadraginta
1523 1843 1709 1898 diebus

484 1937 647 1992 Unius
674 1938 865 2007 pluviae
892 1937 1059 2000 furor,
1092 1946 1149 1991 et
1175 1952 1319 1991 mors
1350 1951 1449 1989 una
1480 1936 1684 1988 fuisset.

484 2027 588 2082 Ter
613 2030 999 2098 quinquagenis
1024 2029 1217 2084 dehinc
1245 2029 1451 2083 solibus
1478 2042 1602 2082 aere
1626 2026 1759 2081 sudo

486 2119 788 2172 Consimilis
812 2120 961 2188 ponti
990 2119 1178 2174 modus
1206 2128 1261 2173 et
1284 2133 1532 2173 mensura
1557 2117 1831 2172 remansit.

485 2207 616 2261 Dum
648 2216 799 2276 pater
825 2211 1162 2278 omnipotens
1177 2208 1489 2277 jamdudum
1520 2208 1571 2261 in
1600 2223 1815 2261 carcere
1844 2205 2019 2276 gentis

485 2294 758 2354 Conclusa
779 2300 1057 2365 miserans,
1092 2300 1249 2353 terris
1277 2299 1568 2354 abscedere
1590 2311 1841 2365 magnum

486 2386 744 2442 Paulatim
769 2388 926 2457 jussit
953 2392 1193 2459 pelagus,
1217 2390 1519 2459 sensimque
1548 2390 1715 2443 relabi
1740 2406 1752 2440 :

486 2478 563 2532 Ne
589 2480 781 2546 raptim
810 2478 1013 2547 fugiens
1040 2492 1208 2534 terras
1234 2480 1566 2533 subverteret
1589 2490 1797 2541 omnes,

486 2564 552 2617 Et
578 2566 819 2619 stabilem
850 2566 903 2619 in
932 2568 1111 2620 sedem
1140 2567 1295 2620 tellus
1324 2575 1381 2619 ut
1408 2567 1547 2619 sicca
1578 2572 1801 2619 mearet.

487 2656 723 2724 Denique
744 2654 934 2709 difluso
964 2656 1153 2725 planus
1178 2671 1303 2710 mox
1333 2670 1459 2709 aere
1487 2664 1674 2709 vertex

487 2742 719 2798 Prodere
746 2759 805 2798 se
832 2744 995 2813 cmpit
1022 2743 1368 2815 pedetentim,
1396 2753 1450 2797 et
1477 2759 1684 2798 summa
1715 2742 1881 2798 videri

488 2832 646 2889 Posse
668 2833 816 2903 juga,
856 2850 918 2889 ac
948 2836 1137 2904 planos
1165 2835 1400 2906 scopulis
1425 2834 1747 2891 descendere
1778 2833 1987 2901 fluctus,

487 2923 725 2992 Cumque
746 2924 998 2978 residenti
1026 2926 1219 2981 sensim
1243 2942 1592 2996 prorumpere
1621 2927 1780 2981 silvas

490 3011 749 3082 Aiquore,
779 3022 835 3071 et
859 3016 1099 3071 occultos
1121 3018 1378 3086 paulatim
1406 3032 1624 3086 surgere
1655 3017 1840 3072 colles.

489 3100 709 3171 iamque
737 3105 887 3174 niger
912 3106 1091 3174 patula
1119 3108 1423 3174 speculator
1452 3108 1643 3162 missus
1662 3108 1730 3162 ab
1759 3124 1903 3172 arca,

490 3192 627 3244 Aera
658 3201 965 3259 reppererat
990 3194 1277 3261 placidum,
1309 3196 1594 3265 praedaque
1621 3204 1832 3264 reperta

492 3281 605 3334 Non
633 3282 743 3349 jam
774 3283 993 3334 curabat
1021 3292 1280 3337 consueta
1308 3286 1361 3338 in
1391 3284 1622 3338 claustra
1652 3285 1847 3340 reverti
1873 3303 1884 3337 :

491 3370 628 3437 Ergo
656 3370 847 3425 emissa
877 3372 1044 3425 semel
1068 3372 1215 3426 vitali
1240 3388 1270 3427 e
1291 3372 1418 3428 sede
1441 3374 1709 3439 columba,

492 3463 573 3515 Nil
605 3460 844 3518 referens
872 3465 1026 3530 certi,
1059 3480 1272 3519 rursum
1301 3464 1519 3519 dimissa
1547 3473 1788 3536 reportat

493 3554 743 3619 I’acifcrze
770 3554 936 3621 frugis
957 3570 1178 3624 parvum
1209 3555 1438 3609 libamen
1461 3556 1637 3610 olivae.

492 3643 690 3698 Tantus
719 3644 786 3699 ad
805 3645 1060 3713 judicium
1089 3646 1214 3711 hoc,
1244 3646 1422 3713 magni
1445 3660 1564 3700 cum
1587 3644 1741 3699 laude
1771 3646 2008 3715 parentis

492 3734 803 3789 Clausorum
829 3734 1005 3801 ﬂetus,
1036 3748 1144 3803 quo
1166 3750 1226 3789 se
1251 3736 1485 3804 gaudere
1510 3737 1769 3802 revelant,

492 3823 736 3881 Exoritur
766 3845 780 3881 :
805 3836 1036 3895 quantus
1056 3828 1223 3882 muris
1256 3843 1381 3882 cum
1406 3828 1583 3883 victor
1606 3830 1829 3884 acerbus

493 3914 729 3985 lnsultat,
760 3919 994 3973 subitum
1020 3918 1255 3974 obsessis
1282 3920 1329 3973 si
1355 3917 1493 3973 forte
1519 3918 1726 3973 feratur

492 4009 754 4063 Auxilium
781 4026 795 4061 :
819 4018 1053 4077 quantus
1073 4025 1195 4064 cum
1219 4008 1400 4077 judice
1428 4010 1591 4064 missa
1621 4010 1864 4066 modesto

493 4099 749 4154 Addictos
776 4113 987 4153 rursum
1016 4099 1139 4152 vita:
1162 4098 1428 4152 sententia
1453 4099 1627 4153 reddit
1653 4117 1665 4152 :

494 4190 731 4255 Quantus
760 4190 813 4242 in
841 4188 1148 4256 ambiguum
1175 4187 1333 4243 funus
1359 4203 1481 4243 cum
1510 4191 1616 4243 vita
1640 4192 1870 4246 recurrit

494 4282 635 4337 Inter
656 4284 931 4350 lugentum
959 4282 1224 4354 lacrymas
1247 4289 1302 4338 et
1328 4284 1519 4351 gaudia
1544 4285 1720 4340 fletus.

564 4371 920 4439 Posteaquam
947 4388 1158 4427 rursum
1186 4375 1509 4443 speculatrix
1539 4392 1665 4429 arva
1696 4386 1881 4446 patere

496 4461 731 4524 Nuntiat.
762 4463 867 4519 hoc
891 4464 1009 4533 ipso
1037 4466 1196 4521 terris
1221 4467 1366 4536 quod
1388 4468 1549 4523 missa
1572 4469 1803 4537 receptis

497 4549 607 4606 Non
636 4551 813 4617 rediit,
847 4553 1010 4609 taedet
1038 4555 1217 4624 pigras
1245 4555 1482 4625 perferre
1506 4558 1757 4621 latebras,

498 4660 1154 4685 ~————_—_

1787 287 1890 342 CL.
1930 286 2001 339 Μ.
2042 285 2354 342 VICTORIS

3613 284 3721 338 956

2062 406 2111 460 Α
2138 398 2207 452 Ει
2229 398 2382 467 juvat
2408 400 2476 453 ad
2502 399 2622 455 cmli
2644 407 2831 461 ventos
2857 398 3064 468 spirare
3086 398 3335 468 patentis,

2137 490 2313 558 Atque
2340 490 2571 544 animam
2595 490 2828 543 aethereo
2857 489 3091 542 laxatam
3117 502 3337 556 pascere
3355 500 3516 541 sensu
3542 503 3555 538 :

2138 578 2246 634 Sed
2274 580 2404 634 nulli
2428 580 2661 635 claustro
2688 578 2767 633 fas
2791 586 2875 633 est
2896 577 3046 632 exire
3070 577 3295 647 patenti,

2139 674 2322 730 Donec
2349 674 2620 743 relliquias
2648 673 2772 728 illuc
2799 671 2891 741 qui
2915 671 3150 739 jusserat
3176 670 3322 724 orbis

2139 765 2430 834 lngredier,
2456 765 2645 835 jubeat
2669 763 2838 818 sacris
2864 760 3126 817 excedere
3150 761 3416 816 claustris.

2140 855 2364 911 leitus
2389 855 2720 910 admonitum
2749 852 2854 907 fida
2881 867 3004 908 cum
3039 852 3265 920 conjuge
3294 850 3426 914 Noe,

2141 943 2382 1015 Cumque
2408 944 2590 1008 domo,
2620 950 2676 997 et
2702 942 2843 997 natis
2870 941 3088 1011 pariter,
3121 940 3448 1008 nuribusque
3476 936 3694 1009 pudicis

2144 1033 2210 1089 Et
2233 1050 2370 1090 nova
2398 1034 2641 1089 deductis
2661 1034 2857 1087 iterum
2880 1031 3010 1086 dare
3036 1044 3162 1084 rura
3186 1029 3409 1090 colonis,

2144 1122 2456 1192 Cunctaque
2481 1122 2748 1177 succidua:
2774 1128 2985 1175 servata
3011 1120 3301 1174 animantia
3329 1119 3487 1189 proli,

2144 1214 2264 1269 Jam
2292 1215 2505 1284 captiva
2532 1213 2623 1268 diu
2650 1212 2897 1267 claustris
2925 1212 3171 1267 emittere
3197 1212 3415 1280 apertis,

2147 1303 2275 1370 Quae
2304 1305 2476 1359 bonus
2502 1303 2767 1357 humanos
2796 1299 2975 1371 opifex
3000 1308 3241 1356 servarat
3263 1301 3315 1354 in
3345 1316 3491 1355 usus.

2149 1394 2278 1459 Quae
2300 1401 2585 1464 postquam
2607 1393 2732 1447 data
2761 1399 2915 1461 porta
2942 1399 3142 1454 ruunt,
3166 1406 3288 1459 pars
3318 1405 3441 1445 aera
3463 1391 3678 1460 pennis.

2150 1482 2281 1537 Pars
2306 1483 2473 1537 saltus
2499 1483 2766 1551 silvasque
2792 1489 3019 1552 petunt,
3045 1496 3172 1550 pars
3196 1495 3367 1535 mersa
3396 1483 3642 1536 cavernis

2150 1574 2409 1629 lnfoditur
2438 1575 2633 1644 patulis
2654 1614 2670 1639 ,
2696 1584 2851 1629 terrae
2879 1590 3003 1644 pars
3030 1575 3199 1629 libera
3228 1576 3433 1645 campis

2151 1664 2395 1720 Exsultat
2420 1666 2592 1730 siccis,
2617 1674 2673 1720 et
2696 1674 2849 1737 prato
2876 1674 3064 1720 vernat
3087 1677 3294 1737 aperto.

2078 1758 2126 1818 Β
2224 1757 2294 1810 At
2322 1772 2448 1812 vero
2476 1757 2660 1812 mundi
2684 1758 2903 1812 sortitus
2924 1773 3088 1827 regna
3113 1758 3331 1813 secundi

2151 1847 2356 1902 Cuncta
2385 1848 2555 1903 oculis
2581 1848 2693 1903 Noe
2721 1848 2969 1911 lustrans,
3002 1863 3066 1903 ac
3093 1857 3273 1903 mente
3295 1848 3476 1916 capaci

2153 1937 2451 2006 Accipiens,
2483 1937 2826 2004 animumque
2852 1936 3042 1991 volens
3068 1945 3309 1991 saturare
3333 1936 3590 2006 replendo
3606 1978 3622 2001 ,

2153 2030 2355 2085 Cuncta
2380 2029 2577 2095 haurit,
2606 2028 2792 2098 rapido
2818 2028 3147 2099 perlustrans
3174 2028 3353 2082 omnia
3378 2028 3511 2092 visu,

2156 2121 2228 2177 Ut
2256 2136 2393 2176 nova
2414 2121 2637 2175 miratur
2660 2138 2673 2173 :
2698 2128 2827 2175 noto
2854 2118 3139 2188 fulgentior
3167 2127 3290 2171 ortu

2154 2212 2224 2267 Et
2250 2227 2405 2280 mage
2431 2212 2513 2265 sol
2536 2211 2723 2265 rutilus
2750 2211 2887 2265 ridet
2918 2228 2933 2275 ;
2959 2209 3163 2278 majore
3191 2224 3387 2263 sereno

2158 2302 2297 2357 Laeta
2327 2303 2436 2372 poli
2465 2301 2646 2368 facies,
2678 2309 2735 2357 et
2760 2301 3041 2370 desperata
3071 2300 3339 2354 virescunt

2156 2392 2376 2450 Fetibus
2402 2406 2525 2445 arva
2550 2392 2701 2445 novis
2726 2409 2739 2444 :
2764 2391 2857 2445 sed
2885 2390 3056 2443 adhuc
3084 2397 3325 2443 versatur
3346 2387 3522 2454 imago

2159 2481 2300 2536 Ante
2328 2481 2531 2546 oculos,
2563 2488 2725 2534 tantae
2752 2495 2962 2549 semper
2983 2477 3326 2534 memoranda
3350 2478 3534 2532 ruinae.

2158 2566 2303 2627 [nter
2327 2584 2492 2640 aquas
2516 2570 2641 2639 quid
2667 2568 2998 2639 pertulerint,
3029 2565 3157 2635 quid
3185 2579 3405 2619 munere
3431 2578 3591 2618 sacm

2159 2660 2277 2718 Non
2300 2662 2460 2717 etiam
2488 2660 2729 2724 tulerint,
2760 2656 3014 2712 fremeret
3037 2670 3157 2711 cum
3185 2652 3412 2707 verbere
3428 2666 3572 2707 stevo

2161 2752 2387 2821 Pontus,
2416 2759 2471 2806 et
2500 2750 2664 2805 illisas
2688 2754 3055 2804 contemneret
3076 2761 3199 2800 arca
3230 2744 3513 2814 procellas.

2161 2844 2404 2911 Cumque
2430 2840 2539 2895 suis
2561 2839 2675 2894 Noe
2702 2853 2863 2907 quam
2888 2844 3134 2907 prompta
3163 2842 3216 2888 et
3242 2834 3348 2886 lata
3377 2831 3605 2886 revolvit

2163 2930 2235 2985 Se
2260 2931 2460 2986 circum
2486 2926 2676 2983 summi
2706 2924 2867 2980 fuerit
2889 2923 3100 2992 largitio
3129 2921 3321 2986 Patris,

2165 3021 2322 3089 Cogit
2350 3028 2406 3075 et
2433 3017 2695 3073 attonitos
2721 3014 2902 3069 mirari
2930 3028 2994 3068 ac
3017 3012 3233 3067 volvere
3259 3024 3462 3074 secum,

2091 3116 2137 3179 C
2171 3112 2323 3168 Unde
2350 3119 2431 3166 tot
2455 3124 2579 3165 esca
2607 3107 2798 3161 animis
2824 3112 2941 3160 toto
2964 3102 3233 3183 suffecerit
3253 3117 3416 3165 anno,

2167 3204 2297 3271 Quis
2324 3211 2500 3273 potus,
2530 3215 2761 3270 namque
2789 3199 2894 3253 hoc
2921 3203 3152 3263 constat,
3182 3195 3229 3250 si
3259 3204 3451 3249 cmtera
3480 3193 3602 3246 vita:

2165 3296 2544 3364 Suppeterent,
2576 3291 2806 3355 clausos,
2836 3286 2961 3341 dum
2992 3284 3210 3340 fluctuat
3234 3298 3383 3348 arca,
3412 3282 3589 3351 perire

2164 3387 2310 3445 Inter
2337 3398 2499 3453 aquas
2523 3380 2759 3451 potuisse
2784 3372 2872 3431 siti
2896 3416 2911 3442 ,
2939 3376 3040 3430 nisi
3070 3383 3247 3429 rector
3274 3372 3476 3443 olympi

2167 3478 2470 3548 Depositos,
2497 3472 2773 3529 hominum
2801 3468 3000 3523 auxilio
3021 3467 3268 3534 donoque
3295 3470 3563 3526 carentes,

2166 3570 2518 3625 Sustinuisset
2546 3581 2612 3620 eo
2639 3578 2747 3633 quo
2775 3560 3014 3618 condidit
3040 3558 3220 3614 omnia
3250 3564 3403 3610 nutu.

2166 3660 2260 3715 llle
2289 3659 2492 3713 animas
2520 3656 2691 3722 longte
2714 3652 2981 3722 perituras
3008 3661 3222 3704 carcere
3250 3644 3429 3700 noctis

2168 3748 2377 3804 Afi‘ectu
2406 3746 2538 3801 lucis
2566 3742 2825 3814 spolians,
2857 3740 3057 3794 virtute
3085 3735 3330 3806 replevit.

2166 3838 2263 3892 llle
2289 3844 2349 3890 ut
2380 3844 2488 3889 tam
2512 3846 2729 3902 segnem
2753 3830 2964 3900 possint
2984 3826 3222 3897 perferre
3245 3824 3503 3893 quietem,

2167 3927 2364 3983 lnfudit
2392 3925 2525 3996 pigri
2552 3922 2818 3993 placidum
2847 3918 3079 3990 torporis
3102 3930 3337 3971 amorem
3365 3932 3383 3970 :

2168 4017 2518 4086 Omnipotens
2539 4012 2663 4084 quid
2686 4012 2827 4067 enim
2856 4024 2965 4064 non
2993 4007 3107 4077 ejus
3135 4005 3357 4060 dextera
3384 4003 3569 4075 possit,

2171 4108 2273 4174 Qui
2301 4106 2460 4175 gelidi
2486 4104 2679 4173 raptim
2704 4116 2911 4157 mersos
2938 4099 3037 4153 sub
3065 4096 3286 4167 gurgitis
3314 4092 3489 4149 undas

2171 4200 2307 4255 Cum
2334 4198 2507 4251 visum
2535 4203 2616 4251 est
2641 4192 2828 4248 ardere
2850 4190 2992 4255 facit,
3024 4187 3371 4255 flammasque
3402 4184 3500 4239 sub
3527 4184 3665 4253 ipsas

2171 4291 2366 4358 Algere
2394 4286 2668 4342 invectos?
2701 4292 2756 4338 et
2782 4281 2872 4352 qui
2898 4295 3040 4335 nunc
3067 4287 3309 4347 tempore
3332 4288 3501 4344 parvo

2175 4380 2339 4435 Posse
2366 4377 2541 4447 perire
2567 4375 2811 4429 homines
2839 4369 3020 4426 docuit
3047 4366 3410 4435 mergentibus
3430 4363 3605 4425 undis,

2092 4466 2144 4525 D
2170 4470 2426 4527 Ostendet
2453 4465 2679 4521 flammis
2706 4472 2866 4532 atque
2887 4459 3041 4515 undis
3069 4472 3227 4528 posse
3246 4454 3477 4510 renasci.

1155 4659 3254 4688 ____—_________________________—

1482 4736 1960 4842 LIBER
2043 4734 2351 4840 TER
2377 4730 2531 4836 T1
2547 4729 2754 4838 US.

564 4921 713 4977 Talia
737 4929 917 4976 mente
937 4935 1149 4990 gerens,
1177 4929 1510 4991 venturaque
1533 4920 1725 4976 saecula
1748 4935 1996 4987 cernens,

498 5010 612 5066 Non
644 5013 790 5081 prius
817 5010 979 5065 officii
1004 5011 1295 5080 quidquam
1319 5018 1563 5065 servatus
1592 5010 1728 5064 inire

500 5102 788 5157 Constituit
824 5115 985 5170 quam
1008 5115 1160 5155 sacra
1189 5100 1301 5155 Deo
1328 5100 1621 5169 laudesque
1644 5099 1921 5170 rependat,

500 5194 795 5264 Cratesque
821 5210 986 5250 evaso
1007 5195 1204 5248 referat
1230 5192 1535 5247 discrimine
1563 5190 1696 5246 Noe.

501 5284 623 5339 Mox
648 5286 804 5339 niveo
831 5300 984 5341 sacra
1011 5291 1307 5351 exsurgunt
1334 5284 1524 5337 altaria
1553 5296 1707 5346 saxo,

502 5374 835 5443 Agnovitque
862 5374 977 5430 hate
998 5377 1170 5443 prima
1196 5387 1385 5427 recens
1407 5371 1595 5424 altaria
1622 5370 1868 5423 mundus.

502 5464 669 5519 Antea
696 5473 843 5520 totus
870 5465 1035 5526 enim,
1064 5477 1309 5519 convexo
1338 5461 1549 5514 tramite
1577 5459 1720 5522 coeli,

503 5552 777 5625 Templum
801 5555 1030 5610 mundus
1056 5562 1193 5620 erat,
1224 5561 1335 5605 tum
1362 5549 1561 5605 dudum
1587 5548 1657 5603 ad
1685 5562 1839 5603 sacra
1876 5548 2078 5617 paratis

506 5645 695 5714 Affugit
722 5661 753 5703 e
781 5646 1028 5715 gregibus
1056 5643 1292 5714 septenis
1313 5641 1487 5697 hostia
1512 5655 1752 5711 prmccps
1775 5679 1790 5704 ,

500 5736 609 5791 Seu
635 5735 913 5791 volucrum
940 5750 1007 5791 ex
1035 5732 1233 5803 specie,
1261 5731 1435 5789 mollis
1461 5747 1596 5800 quas
1616 5730 1844 5786 sustinet
1873 5744 1995 5793 aer;

2176 4919 2301 4974 Sive
2324 4933 2394 4973 ex
2420 4917 2504 4972 his
2525 4930 2646 4986 qua:
2669 4923 2809 4969 terra
2835 4910 3013 4982 parit;
3040 4922 3163 4961 nam
3183 4905 3410 4975 septima
3437 4913 3657 4972 qumque

2177 5009 2299 5063 Aris
2326 5014 2636 5062 sternuntur
2663 5004 2859 5059 devota
2887 4997 3137 5054 animalia
3162 4996 3347 5052 sacris.

2179 5097 2440 5153 Ethereo
2465 5106 2578 5150 tum
2605 5108 2732 5148 mox
2759 5090 2896 5159 ignis
2919 5087 3180 5143 demissus
3202 5086 3422 5156 olympo

2181 5188 2334 5243 Libat
2362 5186 2616 5241 odoratos
2636 5181 2702 5236 ad
2730 5196 2882 5235 sacra
2911 5177 3097 5232 altaria
3128 5177 3287 5237 fetus,

2182 5278 2626 5343 Ambrosiumque
2651 5273 2762 5326 Deo
2791 5270 3015 5337 flagrant
3040 5266 3352 5320 holocausta
3380 5273 3655 5329 vaporem.

2182 5371 2251 5424 Et
2274 5382 2579 5439 quanquam
2610 5362 2780 5418 nostri
2808 5362 2883 5415 nil
2907 5357 3148 5413 muneris
3172 5355 3390 5421 indiget,
3422 5352 3517 5405 ille

2187 5459 2379 5514 Totius
2407 5455 2589 5511 mundi
2617 5453 2978 5518 Dominusque
3002 5448 3271 5515 Deusque,
3302 5456 3523 5497 suorum

2183 5548 2434 5602 Attamen
2461 5543 2650 5598 officiis
2678 5539 2923 5595 venerari
2948 5543 3003 5592 et
3029 5548 3253 5589 munere
3283 5531 3499 5601 gaudet.

2181 5637 2283 5705 Qui
2304 5634 2534 5708 lymphis
2559 5631 2778 5687 tandem
2802 5630 2880 5684 sic
2904 5627 3017 5681 Noe
3041 5624 3235 5677 affatur
3263 5623 3543 5691 ademptis.

2255 5726 2321 5780 Et
2348 5726 2392 5781 si
2420 5739 2585 5790 parva
2616 5722 2735 5785 fuit,
2764 5728 2917 5773 tanto
2946 5731 3045 5786 pro
3074 5713 3322 5778 crimine,
3351 5726 3519 5781 pana.-
