4058 6186
256 340 352 395 957

259 472 421 534 Ultio,
447 471 739 526 vindicibus
762 471 972 540 pluviis,
998 470 1245 538 cmloque
1266 468 1445 524 refuso

256 562 359 616 Tot
384 564 642 617 scelerum
668 561 948 616 damnasse
970 577 1111 625 reos,
1142 560 1430 628 sedemque
1452 566 1732 613 nocentem

254 651 562 716 Terrarum,
594 666 748 719 mage
774 651 963 706 diffuso
992 665 1245 719 purgasse
1274 649 1540 719 profundo
1567 666 1580 701 :

254 740 370 794 Non
402 753 581 793 tamen
612 740 817 805 offensi,
847 741 1095 794 feriemus
1118 740 1342 792 verbere
1370 738 1462 791 tali

255 827 489 882 Ulterius
511 829 736 882 mortale
762 843 927 897 genus
951 847 964 881 :
987 828 1230 897 quamvis
1254 828 1487 881 ruituras

254 917 354 972 Per
376 918 581 971 varium
610 917 836 985 facinus,
858 933 956 988 per
978 918 1198 986 crimina
1226 915 1447 985 pristina
1475 928 1660 968 rursus

254 1007 521 1061 IIumanas
546 1014 754 1061 mentes
780 1007 1003 1071 videam,
1035 1014 1325 1075 gentesque
1353 1004 1624 1073 profanas,

254 1097 366 1153 Non
392 1106 569 1151 tamen
597 1098 801 1152 interea
823 1100 1054 1153 cessabit
1075 1098 1296 1151 dextera
1324 1095 1539 1157 vindex,

254 1194 525 1264 Supplicia
557 1195 766 1262 injustis
793 1209 911 1262 qua:
937 1195 1147 1257 reddat,
1171 1192 1386 1260 praemia
1411 1191 1591 1259 justis.

254 1284 363 1337 Vos
389 1283 567 1353 igitur,
592 1297 727 1349 quos
754 1283 861 1335 vita
889 1285 1081 1351 probat
1102 1282 1394 1349 justissima
1426 1281 1599 1345 nobis,

254 1372 509 1434 Crescite,
542 1372 712 1425 securi
737 1379 791 1424 et
820 1372 1042 1426 fecunda
1069 1372 1221 1441 prole
1252 1370 1448 1425 referte

255 1463 426 1524 Arva,
450 1473 650 1528 nosque
671 1457 760 1531 [1⁷.
797 1457 1094 1529 novosque]
1116 1472 1306 1528 greges
1343 1458 1514 1526 longis
1543 1457 1826 1512 distendite

1520 1550 1715 1621 [terris

254 1639 553 1696 Servabant
574 1640 840 1697 elementa
868 1641 1034 1705 vices,
1066 1640 1379 1708 cunctisque
1406 1638 1595 1695 diebus

255 1732 465 1799 Sparsis
492 1731 783 1786 seminibus
810 1731 1064 1785 reddetur
1091 1729 1271 1784 debita
1300 1729 1510 1783 messis.

255 1820 447 1873 Currct
473 1834 608 1888 opus
635 1818 822 1872 mundi
850 1833 1090 1886 compar,
1115 1816 1448 1871 discordibus
1475 1814 1618 1869 heris
1644 1832 1656 1867 :

258 1914 453 1969 [Estati
482 1915 707 1969 certabit
732 1914 921 1977 hiems,
951 1929 1014 1968 ac
1045 1920 1283 1983 tempora
1315 1912 1515 1965 librans

257 2010 407 2064 Vcris
435 2014 488 2062 et
509 2007 747 2060 autumni
774 2005 981 2074 fugiens
1001 2004 1345 2074 replicabitur
1368 2017 1559 2056 annus.

258 2109 469 2176 Vosque
495 2105 710 2175 (quibus
730 2102 1126 2176 regnum_solidi
1150 2101 1488 2170 permisimus
1516 2097 1683 2162 orbis)

260 2172 396 2251 Tota
417 2172 628 2258 tremet,
649 2172 1138 2261 metuetqueampli
1160 2190 1456 2247 substantia
1481 2188 1681 2247 mundi,

260 2285 539 2355 Imperium
564 2299 691 2338 ecce
712 2283 897 2336 damus
920 2281 1072 2337 vobis
1091 2296 1179 2335 res
1202 2294 1425 2349 prorsus
1453 2279 1505 2331 in
1535 2293 1725 2331 omnes
1740 2319 1754 2339 ,

260 2376 464 2443 Totque
491 2374 628 2428 inter
648 2372 854 2442 species
876 2387 1055 2426 rerum
1080 2389 1091 2424 :
1119 2386 1237 2439 quae
1260 2379 1453 2440 sponte
1476 2378 1758 2422 moventur

262 2473 463 2527 Carnea
489 2473 727 2527 membra
755 2472 969 2539 quidem
993 2480 1202 2526 vestros
1229 2470 1485 2537 largimur
1511 2470 1563 2523 in
1588 2484 1733 2533 usus,

264 2565 572 2632 Quanquam
602 2560 871 2615 interdum
901 2560 1051 2615 vobis
1078 2575 1108 2613 a
1138 2560 1392 2627 sanguine
1413 2558 1546 2611 vivis

264 2650 393 2706 Esse
411 2652 530 2705 volo
547 2665 729 2719 :quem
744 2650 787 2704 si
805 2650 1086 2718 quisquam
1100 2648 1286 2712 ederit,
1302 2646 1444 2701 haud
1459 2661 1614 2701 secus
1632 2643 1771 2697 acris

263 2741 409 2796 Illum
428 2741 611 2810 judicii
638 2741 839 2812 plectet
866 2740 1154 2805 sententia,
1185 2754 1345 2808 quam
1366 2737 1411 2790 si

263 2832 511 2887 flauserit
536 2833 764 2885 humana
787 2830 1004 2885 fluidum
1028 2830 1096 2885 de
1119 2829 1262 2885 unde
1288 2841 1533 2883 cruorem
1564 2843 1576 2878 :

264 2925 428 2992 Quem
456 2933 695 2995 repetam
723 2940 936 2993 semper
954 2922 1175 2983 vindex,
1199 2919 1443 2987 adeoque
1465 2916 1752 2985 requiram,

258 3017 331 3073 Ut
355 3019 483 3073 mihi
513 3034 620 3073 non
648 3017 795 3073 solus
820 3015 1021 3086 pendat
1048 3014 1277 3072 rationis
1305 3011 1581 3066 abundans

258 3107 607 3177 Supplicium,
636 3106 731 3162 sed
748 3106 906 3160 bruta
934 3105 1096 3159 etiam
1121 3122 1133 3156 :
1159 3118 1319 3157 cruor
1341 3100 1585 3154 omnibus
1605 3112 1757 3166 aeque

262 3197 343 3253 Sit
372 3212 525 3252 sacer
548 3197 831 3251 humanus.
859 3195 1056 3248 Verum
1079 3208 1145 3246 ne
1172 3199 1355 3262 postea
1384 3190 1663 3259 quisquam

263 3289 526 3343 Diluvium
555 3295 779 3354 metuat,
811 3286 902 3340 tali
931 3286 1001 3339 sit
1021 3283 1219 3339 foedere
1245 3291 1406 3336 tutus.

328 3376 463 3431 Cum
487 3377 617 3431 levis
646 3376 698 3430 in
720 3375 942 3430 nebulas
962 3372 1198 3445 pendens
1221 3388 1279 3428 se
1302 3370 1522 3425 verterit
1549 3370 1759 3431 humor,

266 3467 327 3520 Et
354 3468 531 3536 nigras
552 3466 835 3522 cumularit
856 3482 1024 3536 aquas
1050 3467 1102 3519 in
1129 3480 1361 3523 concava
1390 3463 1576 3521 nubes.

267 3559 541 3614 Effundam
569 3558 769 3623 radios,
794 3566 848 3610 ct
873 3558 1152 3626 pulchrum
1180 3555 1365 3610 circite
1391 3568 1597 3607 summo

269 3648 459 3704 Arcum
487 3655 774 3717 componet
793 3648 923 3700 mihi
953 3647 1084 3701 solis
1110 3647 1286 3713 imago
1308 3658 1611 3709 recurvum,

269 3737 577 3805 Pingentem
603 3750 841 3790 convexa
871 3734 1001 3803 poli,
1033 3735 1122 3802 qui
1146 3734 1265 3787 luce
1292 3732 1506 3788 colores

269 3828 527 3881 Exhibeat
555 3827 753 3891 varios,
785 3834 841 3880 et
861 3826 914 3879 in
942 3840 1066 3879 acra
1089 3823 1314 3894 dissipet
1342 3823 1558 3888 imbres,

269 3924 404 3993 Ignis
427 3924 548 3993 plus
570 3924 767 3977 habeat
788 3922 1031 3985 rutilans,
1056 3930 1112 3976 et
1134 3922 1246 3991 jam
1271 3921 1450 3976 minus
1478 3921 1658 3975 imbris
1683 3939 1695 3973 :

270 4026 420 4093 Quod
438 4026 539 4081 sibi
567 4025 779 4081 venturi
802 4025 1072 4095 specimen
1094 4039 1417 4093 praesumere
1442 4022 1578 4091 signi

270 4125 562 4179 I’osteritas
582 4132 768 4179 secura
798 4130 996 4190 potest,
1024 4129 1083 4175 ut
1105 4120 1305 4177 foedere
1328 4121 1421 4175 tali

271 4226 399 4281 l’ost
420 4227 535 4279 haec
557 4222 814 4278 diluvium
841 4222 1027 4278 credat
1051 4238 1159 4277 non
1183 4237 1303 4278 esse
1326 4221 1637 4275 timendum.

269 4316 489 4369 Talibus
514 4313 708 4367 attenti
730 4312 966 4380 imperiis
986 4327 1108 4367 cum
1132 4311 1364 4379 conjuge
1385 4310 1519 4373 Noe,

272 4404 401 4458 Post
429 4402 640 4457 habitas
663 4400 890 4455 Domino
912 4410 1115 4469 grates,
1142 4401 1429 4467 laudesque
1456 4414 1739 4467 repensus,

273 4494 528 4549 Certatim
550 4502 605 4547 et
627 4493 752 4547 limo
779 4493 1026 4561 dulcique
1051 4492 1250 4559 uligine
1272 4491 1394 4543 larta

274 4585 413 4638 Arva
437 4592 591 4652 pater
614 4582 830 4652 natique
851 4582 1029 4645 simul,
1054 4582 1174 4650 quis
1197 4580 1400 4635 firmius
1424 4596 1619 4645 :evum,

275 4675 396 4729 Mox
422 4675 671 4743 subigunt
690 4675 897 4737 rastris,
920 4682 975 4728 et
996 4673 1200 4727 semine
1219 4687 1345 4727 rura
1363 4673 1632 4727 maritant.

275 4763 411 4820 Tum
434 4781 565 4820 vere
592 4764 769 4820 effusis
796 4766 905 4820 late
929 4764 1243 4820 densissima
1262 4765 1465 4833 campis

276 4855 454 4912 Ilerba
478 4858 674 4922 virens,
700 4856 864 4910 flavas
883 4870 1002 4911 cum
1023 4855 1325 4910 duravisset
1352 4857 1563 4922 aristas,

278 4946 421 5002 Solis
446 4946 515 5001 ob
537 4947 757 5001 ardores
778 4946 830 4999 in
851 4946 1060 5013 frugum
1086 4945 1226 4999 lacte
1254 4946 1433 5013 gelato

280 5035 475 5091 Reddit
501 5036 847 5105 multiplicem
871 5032 1143 5088 cumulato
1174 5032 1379 5089 {tenore
1403 5048 1632 5090 messem
1659 5054 1669 5087 :

280 5123 349 5180 Et
378 5141 512 5180 nova
535 5124 864 5195 pnegravido
880 5122 990 5191 jam
1012 5122 1233 5190 palmite
1255 5123 1411 5178 vinea
1436 5123 1587 5182 dulci

282 5217 539 5271 Luxuriat
559 5215 747 5279 fructu,
780 5222 997 5284 totaque
1018 5228 1083 5268 ex
1106 5214 1299 5269 arbore
1319 5224 1505 5270 nectar

285 5306 538 5371 Parturit,
571 5314 626 5360 et
652 5305 784 5360 duro
814 5304 1088 5359 nascentia
1113 5304 1303 5373 pocula
1332 5304 1495 5372 ligno.

352 5397 515 5451 Forte
537 5395 649 5449 Deo
668 5395 781 5449 Noe
807 5394 1109 5449 celebrabat
1134 5394 1286 5447 laetus
1302 5394 1555 5458 honores,

285 5486 568 5554 Indulgens
588 5483 757 5539 sacris
784 5484 971 5553 epulis,
997 5484 1282 5552 vinumque
1304 5484 1599 5553 propinans

288 5575 464 5629 Prima
493 5591 525 5628 e
548 5575 658 5627 vite
676 5588 872 5627 novum
898 5590 911 5625 :
942 5588 1048 5640 quo
1067 5572 1280 5627 demum
1305 5572 1501 5641 largius
1523 5574 1715 5627 hausto
1729 5614 1744 5638 ,

291 5667 425 5722 llinc
447 5666 555 5720 alto
575 5664 824 5733 gravidus
849 5680 1055 5729 somno,
1080 5664 1440 5733 membrisque
1458 5665 1646 5719 solutis
1661 5706 1676 5727 ,

292 5759 407 5813 Non
436 5757 571 5811 bene
591 5752 885 5823 composita
913 5769 1034 5809 cum
1060 5765 1207 5811 veste
1230 5754 1451 5823 jaceret,
1474 5754 1727 5823 humique

1187 329 1827 393 COMMEN'I‘ARIORUM
1867 330 1933 385 IN
1970 330 2255 386 GENESIN
2295 331 2420 387 LIB.
2462 332 2548 388 III.

3388 326 3492 380 938

1852 468 1898 522 A
1927 462 2251 525 Prostratus,
2281 468 2569 534 spectanda
2597 467 2752 523 daret
2773 468 3025 537 genitalia
3054 469 3193 521 natis

1924 553 2160 608 Membra
2182 555 2313 618 suis,
2345 556 2436 609 uni
2461 557 2554 611 tibi
2582 556 2749 611 Cham
2778 558 3050 611 teterrime
3077 558 3242 609 risum

1925 641 2088 697 Movit
2107 644 2256 711 origo
2280 645 2377 711 tui,
2404 660 2501 700 nec
2522 646 2633 714 jam
2655 662 2910 716 peccasse
2937 655 3020 700 sat
3043 646 3132 699 uni

1924 732 2056 789 Esse
2078 735 2169 788 tibi
2196 735 2439 799 credens,
2466 735 2656 792 fratres
2679 740 2960 806 aspergine
2976 738 3145 805 culpa:

1923 824 2213 880 Contendis
2240 826 2511 880 maculare
2537 835 2640 880 tua:
2665 846 2677 879 :
2708 829 2973 883 sententia
3002 828 3171 881 multo

1925 915 2071 982 Quos
2095 916 2303 980 melior,
2330 917 2631 986 meliorque
2653 921 2889 986 animus,
2914 921 3122 975 detecta
3148 908 3385 989 parentis

1925 1006 2145 1077 Objecta
2174 1008 2356 1062 docuit
2384 1009 2562 1063 celare
2585 1010 2754 1064 virilia
2779 1012 2921 1079 palla
2947 1031 2959 1064 :

1925 1097 2057 1151 Nam
2079 1099 2309 1166 patrium
2338 1099 2542 1153 aversis
2562 1099 2808 1153 manibus
2830 1110 3014 1156 texere
3041 1101 3292 1169 pudorem
3318 1119 3331 1153 :

1925 1186 2031 1241 Sed
2056 1188 2213 1241 simul
2240 1197 2400 1256 atque
2422 1187 2633 1258 Japhet,
2663 1190 2757 1243 tali
2783 1189 3088 1258 dignissima
3112 1200 3266 1259 patre

1926 1275 2177 1344 Pignora,
2200 1293 2336 1345 quos
2360 1278 2479 1334 ideo
2506 1279 2684 1334 fratris
2705 1280 2850 1334 dedit
2872 1296 2991 1334 esse
3010 1282 3232 1335 minoris

1926 1368 2051 1422 Jure
2074 1377 2225 1438 pater
2253 1370 2521 1435 dominos,
2545 1386 2735 1426 somno
2762 1373 2991 1441 vinoque
3017 1374 3242 1427 solutus.

1926 1460 2027 1524 Qui
2052 1476 2178 1515 mox
2203 1470 2449 1516 natorum
2478 1463 2734 1530 evigilans
2761 1463 3037 1519 benefacta
3060 1482 3299 1531 suorum,

1927 1548 1993 1604 Et
2013 1550 2179 1605 Cham
2203 1553 2516 1607 demeritum
2550 1555 2641 1607 tali
2667 1555 2911 1611 mercede
2939 1557 3203 1625 rependit.

1927 1638 2093 1693 Cham
2125 1650 2199 1706 tu,
2232 1644 2420 1711 inquit,
2460 1644 2773 1699 maledictus
2795 1646 2920 1707 eris,
2952 1661 3247 1714 servusquc
3288 1654 3498 1699 tuorum

1929 1734 2212 1788 Aiternum
2238 1734 2331 1791 fies
2352 1746 2574 1791 ventura
2607 1738 2656 1790 in
2683 1738 2875 1790 saecula
2902 1735 3141 1791 fratrum.

1860 1810 1906 1867 Β
1931 1824 2055 1878 Sem
2082 1840 2208 1879 vero
2235 1826 2551 1881 benedictus
2573 1827 2694 1891 erit,
2729 1826 3053 1893 fratremque
3082 1826 3343 1880 minorem

1931 1912 2248 1984 Participem
2279 1932 2461 1972 secum
2486 1918 2755 1971 communi
2777 1916 2901 1971 sede
2932 1918 3195 1972 bonorum

1928 2002 2162 2067 Efliciet,
2186 2020 2414 2073 quorum
2437 2006 2546 2060 late
2571 2007 2837 2075 possessio
2863 2016 3063 2060 currat.

1928 2090 2055 2147 llaec
2075 2092 2213 2147 fatus
2236 2094 2437 2161 senior,
2470 2110 2592 2149 cum
2617 2094 2727 2162 jam
2756 2095 3061 2150 decurreret
3086 2111 3257 2149 annos

1928 2182 2072 2237 Mille
2093 2186 2267 2238 minus
2287 2185 2466 2240 decies
2486 2187 2697 2254 quinos,
2724 2187 2775 2239 in
2806 2202 2936 2255 pace
2965 2187 3183 2254 quievit.

1995 2275 2203 2331 Interea
2226 2277 2434 2331 Domini
2462 2277 2585 2331 dum
2616 2286 2801 2331 sancta
2834 2278 2885 2330 in
2915 2278 3033 2345 lege
3056 2278 3261 2344 vigeret

1927 2364 2238 2431 Posteritas,
2270 2368 2450 2422 multis
2468 2368 2686 2436 jamque
2708 2378 2866 2422 aucta
2895 2369 3196 2438 nepotibus,
3224 2376 3277 2422 et
3306 2383 3364 2422 se

1926 2454 2196 2509 leorum
2227 2472 2289 2511 ac
2314 2466 2467 2512 terra:
2496 2455 2722 2513 Domino
2751 2459 3112 2514 committeret
3140 2460 3230 2512 uni
3259 2478 3269 2511 :

1930 2546 2077 2600 Tunc
2105 2548 2305 2601 sanctis
2332 2549 2606 2602 hominum
2630 2549 2896 2618 parebant
2921 2551 3098 2604 omnia
3123 2549 3305 2619 jussis,

1928 2635 2091 2691 Terra
2114 2637 2307 2704 gravis,
2339 2632 2595 2704 liquidum
2626 2639 2862 2707 pelagus,
2886 2641 3203 2709 vegetabilis
3229 2656 3340 2705 acr,

1929 2726 2044 2780 Non
2073 2742 2206 2796 Opus
2235 2736 2349 2782 arte
2379 2723 2501 2792 illis,
2529 2728 2733 2783 caelesti
2760 2744 2989 2798 namque
3010 2731 3265 2797 magistro

1927 2814 2114 2871 Omnia
2145 2816 2439 2871 discebant.
2475 2814 2578 2872 Sed
2601 2825 2887 2887 postquam
2918 2819 2970 2872 in
2992 2820 3217 2874 crimina
3242 2821 3468 2874 mundus

1929 2903 2087 2969 Exiit,
2119 2914 2173 2959 et
2202 2901 2311 2961 late
2333 2908 2475 2961 vitiis
2496 2922 2611 2962 sese
2636 2908 2836 2961 abdidit
2864 2909 3004 2973 nnis,

1929 2994 2167 3051 Perdidit
2190 2998 2391 3064 insigne
2413 2999 2514 3052 hoc
2542 3012 2732 3052 munus
2760 2997 3010 3052 damnata
3036 3012 3292 3069 propago,

1930 3083 2268 3153 Oblitamque
2292 3086 2383 3139 Dei
2410 3086 2591 3155 plures
2621 3085 2874 3155 effingere
2895 3085 3047 3140 divos

1855 3153 1903 3217 ο
1933 3174 2047 3227 Non
2071 3174 2258 3243 puduit
2282 3193 2294 3226 :
2323 3153 2452 3227 tanti
2485 3183 2569 3229 est
2592 3153 2825 3244 supremi
2854 3175 3050 3231 oblivio
3072 3176 3261 3231 Patris.

1936 3266 2070 3323 Tum
2100 3270 2274 3337 gravis
2302 3269 2550 3323 inventor
2576 3270 2706 3323 lethi
2735 3284 2947 3323 cessare
2975 3285 3226 3340 capacem

1935 3356 2159 3409 Fraudis
2184 3358 2461 3410 materiam
2484 3372 2590 3410 non
2618 3372 2822 3425 passus,
2855 3366 3042 3412 cuncta
3070 3359 3307 3426 maligno

1935 3444 2179 3499 Subdidit
2203 3446 2443 3507 arbitrio,
2474 3461 2581 3515 quo
2611 3444 2773 3499 fatum
2799 3446 3079 3501 induceret
3102 3448 3240 3513 orbi,

1936 3533 2307 3602 Suaderetque
2337 3534 2504 3589 Deum
2533 3534 2617 3589 vel
2642 3536 2752 3602 jam
2783 3550 2887 3587 non
2919 3550 3054 3600 esse,
3086 3535 3171 3589 vcl
3201 3535 3301 3588 ista

1938 3622 2191 3677 lnferiora
2220 3622 2379 3691 hujus
2407 3630 2751 3676 contemnere
2776 3622 2954 3675 munia
2980 3622 3183 3676 mundi.

2010 3710 2149 3778 Ergo
2170 3726 2257 3765 res
2284 3711 2557 3764 hominum
2580 3719 2818 3771 cunctas,
2851 3718 3149 3780 eventaque
3168 3726 3346 3766 rerum

1942 3799 2069 3866 Quae
2094 3799 2321 3853 Domino
2342 3798 2513 3852 fuerat
2540 3810 2637 3867 par
2663 3800 2935 3867 assignare
2958 3814 3207 3868 supremo
3230 3818 3243 3853 :

1943 3886 2227 3955 Assignare
2246 3887 2393 3953 vagis
2416 3887 2679 3955 persuasit
2706 3886 2962 3942 subdolus
2989 3888 3164 3953 astris,

1944 3977 2119 4045 Atque
2148 3975 2323 4029 avium
2353 3983 2598 4046 spectare
2620 3975 2800 4041 ﬁbras,
2825 3984 3111 4045 motusque
3131 3977 3422 4039 volantum,

1945 4066 2013 4121 Et
2032 4067 2209 4121 studio
2233 4067 2436 4135 ingenti
2463 4066 2682 4134 magica:
2711 4067 2889 4121 scelus
2910 4067 3086 4121 intulit
3108 4067 3255 4128 artis,

1946 4156 2014 4210 Et
2039 4156 2218 4226 plures
2238 4170 2393 4209 orare
2414 4154 2567 4219 deos,
2598 4154 2847 4223 idolaque
2868 4162 3017 4208 muta

1948 4244 2053 4297 Aut
2078 4243 2245 4311 magis
2271 4243 2425 4298 idolis
2452 4243 2752 4297 latitantem
2778 4251 2968 4308 semet,
2996 4243 3049 4297 in
3079 4242 3207 4312 ipsis

1948 4334 2127 4388 Suasit
2150 4332 2378 4394 adorari,
2406 4332 2575 4386 multo
2598 4346 2752 4400 mage
2772 4332 2964 4400 dignus
2985 4331 3156 4385 aduri.

1950 4420 2112 4490 Inque
2139 4420 2364 4474 nefanda
2390 4421 2533 4490 prior
2558 4420 2838 4474 descendit
2865 4421 3087 4474 crimina
3114 4418 3377 4483 Nimroth,

1879 4516 1926 4573 D
1950 4510 2240 4578 lmpietatis
2265 4525 2400 4579 apex
2432 4510 2597 4565 Cham
2624 4523 2782 4563 servo
2808 4524 2840 4562 e
2868 4510 3072 4563 semine
3094 4519 3269 4573 natus,

1949 4598 2089 4655 Mole
2117 4608 2175 4654 et
2198 4608 2376 4654 mente
2396 4600 2562 4667 gigas,
2593 4598 2887 4668 Babylonia
2912 4613 3076 4666 regna
3106 4600 3409 4665 gubernans
3435 4615 3449 4661 ;

1953 4686 2228 4742 Persarum
2251 4688 2338 4742 hic
2357 4689 2563 4741 animos
2582 4688 2820 4755 capiens,
2845 4695 3071 4741 venator
3098 4686 3328 4755 iniquus,

1952 4778 1997 4830 A
2019 4780 2162 4832 veris
2188 4778 2397 4831 Domini
2427 4778 2594 4831 sacris
2616 4778 2851 4831 traduxit
2873 4775 2942 4829 ad
2974 4777 3168 4844 ignem.

1952 4866 2061 4921 Nec
2088 4866 2249 4920 modo
2279 4866 2398 4935 plus
2417 4880 2572 4935 aequo
2599 4865 2826 4935 cupidis,
2850 4865 2951 4919 hac
2973 4873 3090 4921 arte
3109 4867 3287 4934 sagaci

1950 4956 2046 5010 Ille
2073 4963 2234 5023 caput
2256 4955 2537 5019 scelerum,
2565 4955 2751 5009 mundi
2782 4955 3170 5010 infensissimus
3193 4956 3382 5022 hostis,

1953 5044 2122 5098 llIusit
2145 5044 2288 5100 curis
2309 5044 2604 5105 hominum,
2637 5046 2730 5098 sed
2753 5044 3022 5100 mentibus
3048 5045 3179 5113 ipsis

1953 5134 2128 5198 Irruit,
2153 5144 2207 5188 et
2232 5148 2421 5189 sensus
2449 5132 2664 5202 penitus
2686 5133 2963 5189 descendit
2989 5134 3041 5188 in
3071 5150 3279 5197 omnes,

1952 5224 2077 5279 Mox
2097 5232 2152 5279 et
2171 5225 2223 5278 in
2246 5223 2465 5278 allectus
2488 5239 2503 5274 :
2534 5238 2657 5276 nam
2686 5238 2806 5278 cum
2826 5224 2993 5292 patris
3021 5225 3178 5278 unica
3201 5224 3377 5292 proles

1952 5312 2111 5381 Spem
2134 5313 2345 5380 generis
2362 5312 2513 5365 letho
2537 5326 2718 5365 secum
2750 5312 3001 5367 traxisset
3026 5312 3219 5367 acerbo
3244 5351 3259 5375 ,

1955 5399 2142 5455 Infelix
2171 5400 2429 5464 Nimroth,
2452 5400 2715 5470 Iacrymas
2742 5411 3035 5471 noctesque
3064 5401 3284 5468 diesque

1957 5488 2307 5552 Continuans,
2331 5488 2617 5558 hebetique
2647 5491 2867 5544 trahens
2893 5489 3148 5558 plangore
3175 5487 3453 5555 querelas,

1958 5575 2092 5630 Dum
2117 5576 2261 5639 furit,
2289 5585 2346 5631 et
2369 5586 2578 5646 raptum
2600 5579 2791 5647 quierit
2816 5592 2915 5647 per
2942 5576 3149 5643 singula
3178 5584 3361 5629 natum
3385 5614 3400 5640 ,
3496 5636 3499 5639 δ

1959 5664 2155 5720 Είϊυειίι
2180 5676 2425 5721 mmstum
2449 5666 2655 5720 solatur
2675 5666 2903 5733 imagine
2922 5664 3144 5724 luctum,

1962 5755 2025 5809 Et
2050 5754 2204 5811 Pario
2224 5756 2466 5813 effectam
2490 5755 2584 5811 filii
2613 5756 2681 5813 dc
2718 5770 2983 5810 marmore
3003 5753 3228 5808 formam
