4058 6186
521 342 624 397 959

523 447 754 504 Credidit
773 445 954 500 infelix
994 446 1198 503 incluso
1219 443 1398 498 vivere
1418 453 1602 506 sensu,

524 539 590 591 Et
610 543 832 606 questus
860 536 1051 591 audire
1076 551 1221 589 suos.
1247 532 1368 586 Mox
1391 529 1514 584 inde
1536 524 1727 581 dicatis

526 627 833 693 Erectisque
857 627 968 680 aris
989 625 1195 679 divinos
1223 619 1370 674 addit
1389 619 1647 677 honores,

527 716 691 783 Inque
721 713 848 770 loco
873 715 1022 782 jubet
1049 726 1168 765 esse
1188 709 1306 774 Dei,
1331 715 1446 761 tum
1468 704 1714 774 protinus
1743 714 1932 756 omnes

530 802 805 870 Amplexa:
830 809 1016 869 gentes
1043 799 1216 852 scelus
1245 797 1366 859 hoc,
1400 793 1713 860 crimenque
1732 795 1953 852 secutae,

530 891 631 944 l‘ro
652 889 756 946 diis
775 903 998 958 qumque
1019 889 1128 941 suis
1150 900 1305 940 caros
1331 884 1566 937 habuere
1592 887 1872 949 parentes,

532 980 659 1033 l‘ost
679 981 844 1035 etiam
866 977 1023 1033 simili
1054 990 1207 1044 reges
1227 975 1280 1027 in
1307 975 1514 1027 honore
1541 970 1808 1032 locarunt,

537 1070 907 1137 Dixeruntque
932 1067 1063 1121 deos
1087 1083 1100 1118 ;
1127 1077 1357 1134 quorum
1385 1059 1482 1115 sub
1513 1058 1728 1114 nomine
1749 1054 1979 1111 mendax

533 1157 756 1223 Cnncia,
783 1157 911 1210 dum
930 1155 1078 1210 veris
1098 1153 1229 1207 falsa
1253 1151 1524 1206 insinuare
1553 1145 1784 1209 laborat,

537 1247 752 1300 Addidit
779 1246 1038 1300 obscuras
1057 1241 1209 1296 vanis
1233 1237 1531 1294 rationibus
1559 1234 1795 1297 umbras,

536 1335 811 1389 Excusans
833 1332 1066 1387 tumulos
1091 1338 1253 1397 atque
1274 1327 1439 1380 indita
1463 1323 1680 1378 nomina
1709 1319 1878 1376 bustis
1901 1337 1913 1372 :

539 1426 720 1480 Donec
747 1437 843 1490 per
869 1421 1080 1491 species
1106 1433 1226 1474 sese
1244 1413 1513 1470 dementia
1540 1417 1763 1467 cunctas

538 1513 816 1575 Proderet,
842 1519 898 1564 et
925 1506 1343 1564 rebus‘minimis
1363 1501 1727 1568 membrisque
1747 1494 2009 1567 pudendis

540 1603 746 1657 Nomen
767 1601 925 1655 inane
952 1599 1066 1664 Dei,
1099 1597 1298 1651 mundo
1319 1594 1549 1658 ridente,
1575 1590 1815 1644 daretur.

541 1692 758 1745 Talibus
778 1703 1020 1743 errorum
1042 1685 1269 1740 salebris
1301 1682 1539 1736 fomenta
1561 1677 1802 1738 daturus,

541 1780 800 1845 Ambigua
831 1778 1078 1831 inventor
1104 1773 1234 1828 lethi
1264 1783 1520 1838 responsa
1551 1766 1726 1820 ciebat
1754 1780 1768 1815 :

545 1869 680 1945 Usus
707 1869 775 1923 ad
802 1867 1020 1922 insidias
1049 1873 1141 1918 aut
1169 1862 1296 1932 igni,
1321 1868 1414 1913 aut
1433 1857 1581 1912 fonte
1613 1852 1827 1915 calenti,

541 1961 647 2011 Aut
670 1966 813 2010 terra
840 1972 906 2010 ex
936 1954 1106 2008 antris
1133 1960 1324 2006 ventos
1345 1948 1582 2017 spirante
1611 1945 1883 2011 loquaces,

543 2047 609 2101 Et
635 2047 824 2102 falsum
855 2047 977 2100 vani
1002 2045 1100 2100 sibi
1129 2057 1322 2097 nomen
1348 2038 1608 2108 Apollinis
1629 2034 1834 2090 indens.

543 2137 758 2191 Talibus
782 2152 812 2190 a
840 2136 1065 2190 Domino
1096 2140 1282 2201 gentes
1313 2138 1433 2184 trux
1453 2129 1542 2182 ille
1568 2133 1803 2181 remotas

543 2227 808 2296 Captabat
835 2225 1039 2295 laqueis
1067 2239 1175 2293 quo
1203 2221 1404 2277 ducens
1433 2233 1643 2287 cunque
1670 2214 1883 2271 volebat
1910 2229 1921 2263 :

545 2316 702 2370 Tanti
731 2323 813 2371 est
835 2331 866 2369 a
886 2322 1072 2369 sancto
1102 2312 1314 2367 Domini
1335 2309 1611 2364 discedere
1633 2305 1796 2360 cultu.

617 2406 686 2458 At
705 2420 833 2458 vero
855 2402 1055 2472 egressi
1087 2402 1227 2456 unde
1254 2415 1456 2463 sumus,
1488 2397 1768 2451 redeamus
1793 2390 1859 2444 ad
1886 2389 2031 2443 illam

546 2492 808 2562 Majorum
833 2492 1053 2557 seriem,
1084 2506 1205 2560 qua)
1235 2503 1432 2558 paucos
1453 2493 1607 2538 aucta
1637 2497 1732 2550 per
1759 2494 1952 2543 annos,

548 2579 727 2649 Usque
747 2581 882 2635 adeo
912 2580 1167 2644 excrevit,
1198 2577 1340 2646 quod
1369 2591 1494 2629 mox
1521 2572 1740 2626 Oriente
1768 2569 1975 2632 relicto,

547 2675 675 2730 lude
704 2690 868 2729 novas
891 2674 1016 2726 alibi
1041 2670 1302 2740 compulsi
1327 2679 1568 2738 quaerere
1592 2663 1769 2726 sedes,

547 2767 606 2821 ln
631 2780 880 2835 campum
905 2763 1166 2835 (Sennaar
1186 2769 1394 2816 veteres
1415 2754 1622 2825 dixere)
1651 2759 1927 2825 patentem

548 2866 874 2922 Perveniunt
899 2883 911 2918 :
943 2877 1172 2932 cumque
1193 2862 1276 2916 his
1304 2859 1466 2915 etiam
1489 2855 1766 2912 discedere
1786 2852 1944 2907 terris

547 2963 770 3033 Cogitur
797 2964 851 3018 in
880 2962 1053 3017 varias
1075 2969 1254 3032 partes
1281 2955 1578 3028 spargenda
1602 2953 1876 3023 juventus,

549 3056 724 3125 Coepit
750 3056 803 3108 in
833 3057 948 3109 haec
972 3061 1192 3110 maestas
1217 3050 1520 3108 tristissima
1549 3046 1710 3101 verba
1737 3041 1984 3112 querelas
2008 3055 2022 3092 :

552 3146 668 3200 Heu
690 3146 703 3196 l
737 3161 896 3212 quam
927 3160 1034 3198 non
1056 3152 1234 3199 certus
1255 3143 1375 3194 vita:
1396 3146 1568 3194 status
1595 3135 1786 3191 ordine
1806 3139 1983 3201 empto

551 3237 680 3292 Fert
707 3236 984 3290 homines!
1028 3248 1297 3302 quamque
1343 3232 1557 3300 ignaros
1599 3226 1685 3281 vel
1724 3235 1981 3363 prosperla
2021 3218 2120 3274 fal-

1907 3310 1916 3363 I
1963 3317 2056 3363 unt

1907 3310 1926 3381 [
1942 3310 2056 3363 lunt

554 3413 656 3469 Per
677 3411 858 3466 varios
886 3408 1067 3465 casus!
1100 3422 1258 3476 quam
1288 3405 1400 3460 voti
1429 3416 1637 3458 summa
1665 3400 1820 3471 petiti

553 3503 748 3560 Tendit
775 3501 827 3556 in
856 3499 1172 3555 adversum!
1195 3497 1306 3565 jam
1335 3512 1434 3550 nos
1459 3495 1526 3565 (si
1547 3491 1730 3547 dicere
1755 3490 1834 3545 fas
1855 3489 1962 3558 est)

552 3592 707 3660 Quod
731 3598 945 3662 sperata
971 3597 1181 3659 patrum
1213 3585 1462 3656 precibus
1489 3595 1772 3637 numerosa
1801 3585 2052 3649 nepotum

552 3683 736 3738 Crevit
763 3681 943 3747 turba,
964 3678 1108 3749 piget
1135 3695 1147 3730 :
1179 3674 1474 3746 spargenda
1501 3681 1584 3728 est
1603 3672 1800 3741 quippe
1827 3685 1923 3740 per
1941 3669 2125 3724 orbem

553 3771 758 3826 Exsilio
784 3770 1052 3826 cumulata
1080 3781 1294 3833 manus,
1319 3765 1661 3833 perituraque
1692 3761 1850 3830 longe

554 3862 776 3917 Finibus
796 3876 826 3915 a
856 3859 1042 3931 patriis
1066 3875 1080 3911 :
1109 3872 1210 3911 nos
1231 3871 1357 3924 ergo
1385 3855 1584 3909 Siccine
1612 3852 1827 3906 tandem

553 3953 735 4021 Longa
758 3952 1012 4022 pauperie
1042 3948 1272 4014 defecta,
1305 3947 1673 4012 inhonoraque
1700 3942 1939 3997 membra

552 4045 755 4115 lgnotis
783 4043 1028 4098 dabimus
1048 4040 1245 4110 passim
1277 4034 1584 4090 tnmulanda
1612 4032 1905 4102 sepulcris?

553 4136 663 4191 Nec
689 4135 881 4189 saltem
903 4129 1085 4185 miseri
1108 4126 1325 4182 tumulis
1352 4123 1664 4178 claudemur
1691 4121 1884 4175 avitis?

553 4225 813 4290 Nullaque
839 4220 942 4274 erit
968 4216 1137 4271 nostri
1157 4221 1281 4284 post
1298 4221 1524 4266 mortem
1553 4211 1690 4264 fama
1717 4208 2017 4278 superstes!

555 4316 734 4381 Quare
754 4312 911 4381 agite,
944 4324 977 4363 ο
1001 4306 1242 4377 juvenes,
1274 4304 1396 4359 dum
1425 4304 1564 4358 vires
1592 4301 1747 4356 turba
1774 4302 2059 4365 ministrat,

555 4403 685 4468 Quze
705 4400 854 4455 vobis
873 4403 1139 4468 superest,
1169 4410 1287 4464 qua:
1317 4393 1474 4448 finem
1500 4393 1703 4447 nesciat
1729 4392 1915 4458 ullum,

555 4491 834 4561 Egregiam
856 4489 1069 4546 aeternis
1090 4487 1282 4541 famam
1311 4484 1561 4539 dimittite
1583 4483 1758 4538 factis.

556 4581 753 4638 Urbem
780 4580 1089 4643 condamus,
1123 4576 1276 4644 cujus
1303 4575 1400 4630 sub
1428 4574 1624 4629 moenia
1649 4582 1849 4626 turrem

559 4673 737 4743 Usque
764 4671 1092 4733 attollamus,
1122 4668 1297 4722 donec
1325 4666 1598 4736 pingentia
1618 4664 1814 4719 ccelum

553 4764 740 4819 Sidera
766 4771 821 4818 et
846 4760 1043 4816 excelsi
1070 4772 1308 4814 convexa
1330 4757 1556 4824 attingat
1575 4755 1796 4825 olympi,

553 4853 742 4909 Nescia
770 4851 1058 4922 posteritas
1087 4856 1145 4903 ut
1165 4864 1260 4902 nos
1288 4849 1414 4902 hinc
1438 4847 1568 4901 orbe
1587 4845 1778 4901 relicto

553 4942 610 4996 In
640 4943 836 4998 omium
865 4941 1128 5010 migrasse
1153 4945 1324 5007 putet.
1349 4935 1440 4991 Sic
1466 4942 1612 4990 mota
1630 4934 1881 5004 juventus

554 5031 862 5086 Contemnit
882 5036 1085 5091 cautes,
1116 5035 1170 5082 et
1188 5025 1442 5096 quidquid
1469 5034 1652 5081 monte
1673 5027 1846 5082 reciso

555 5122 767 5188 Detinit,
790 5137 856 5176 ac
877 5120 1091 5176 domita:
1113 5117 1265 5172 fictos
1291 5116 1359 5171 de
1385 5116 1591 5171 viscere
1617 5125 1775 5170 terra:

554 5213 938 5279 Constringunt
963 5210 1068 5277 igni
1097 5209 1312 5273 lateres,
1335 5207 1618 5276 operisque
1648 5204 1811 5259 futuri

555 5303 832 5357 Materiam
863 5299 1080 5370 proprio
1101 5298 1308 5352 malunt
1333 5296 1530 5350 debere
1557 5294 1731 5350 labori
1758 5311 1771 5346 :

555 5392 708 5447 lianc
733 5394 873 5447 inter
896 5399 1120 5445 stratum
1149 5390 1226 5444 sic
1256 5387 1421 5442 nectit
1441 5387 1708 5454 utrimque
1736 5385 1994 5453 bitumen,

559 5480 630 5536 Ut
647 5481 844 5536 solidas
862 5479 1113 5535 simulent
1131 5475 1458 5537 circumdata
1487 5474 1682 5529 mmnia
1713 5484 1920 5530 cautes.

556 5569 682 5625 Mox
710 5571 871 5624 turris
889 5577 1176 5644 properata
1204 5566 1364 5627 subit,
1397 5579 1522 5618 mox
1549 5563 1754 5618 vertice
1781 5566 1948 5622 nubes

561 5660 834 5726 Transilit,
862 5676 924 5715 ac
952 5660 1142 5714 fruitur
1169 5658 1292 5714 οωιὶ
1319 5657 1572 5733 propiore
1598 5671 1812 5710 sereno.

628 5749 763 5807 Tum
793 5751 953 5809 Pater
975 5752 1321 5823 Omnipotens
1344 5748 1546 5806 cmlesti
1575 5762 1708 5805 voce
1739 5756 1984 5804 senatum

1870 321 1976 378 CL.
2019 320 2087 377 M.
2127 318 2439 376 VICTORIS

2124 436 2178 492 Α
2202 431 2505 498 Congregat
2525 428 2842 500 angelicum,
2869 426 3036 481 turbte
3063 425 3245 479 insana
3275 421 3518 492 superba:

3679 309 3787 362 960

2209 519 2375 572 Facta
2396 527 2638 588 stupens,
2666 517 2847 571 istliaec
2869 514 3019 583 regni
3046 512 3382 569 consortibus
3405 510 3521 564 infit
3545 529 3558 564 :

2210 606 2290 660 En
2317 615 2529 662 terrena
2551 607 2788 676 phalanx
2816 620 2923 674 quo
2940 603 3051 673 jam
3071 603 3355 657 temeraria
3384 608 3574 671 pergat

2209 697 2460 767 Cernitis,
2486 707 2540 754 et
2559 708 2788 768 quantos
2809 697 3112 766 imprudens
3134 696 3300 750 tendit
3320 694 3372 747 in
3402 708 3585 747 ausus.

2209 788 2423 843 Mortali
2445 804 2563 859 quae
2586 796 2785 844 structa
2814 803 2974 841 manu
2993 787 3304 853 contingere
3325 784 3498 839 celsos
3674 849 3678 852 ~

2210 877 2391 933 Credit
2411 893 2568 948 posse
2592 878 2762 947 polos,
2787 884 2841 931 et
2862 875 2932 929 ad
2956 877 3156 930 aethera
3182 874 3379 929 ducere
3404 879 3650 926 nostrum
3677 908 3693 934 ,

2212 967 2344 1024 Cum
2367 983 2525 1023 nemo
2547 967 2762 1022 indutus
2791 975 3006 1021 terreno
3036 979 3285 1034 corpore,
3314 963 3509 1018 omium

2214 1058 2499 1123 Ascendat,
2521 1057 2619 1110 nisi
2648 1056 2737 1125 qui
2766 1056 2904 1110 etelo
2927 1054 3262 1110 descenderit
3283 1053 3412 1106 alto.

2216 1148 2323 1205 Sed
2367 1149 2492 1219 quia
2540 1161 2672 1217 gens
2719 1163 2824 1202 una
2871 1156 2976 1212 est,
3017 1147 3205 1203 eadem
3244 1160 3458 1215 quoque
3499 1145 3673 1200 forma
3709 1145 3791 1200 lo-

3471 1236 3715 1310 [quendL

2217 1330 2274 1385 In
2299 1328 2666 1400 componenda
2685 1327 2972 1397 persistent
3000 1335 3166 1390 turre,
3189 1339 3288 1380 nec
3315 1333 3441 1380 ante

2216 1420 2482 1474 Desistent
2502 1434 2661 1487 quam
2683 1427 2865 1472 mutua
2892 1433 3028 1487 opus
3055 1415 3333 1472 consensio
3360 1423 3595 1484 imptum

2217 1510 2470 1564 Finierit:
2503 1517 2649 1564 tanta
2679 1517 2762 1564 est
2789 1509 3031 1562 humana:
3056 1507 3258 1561 insania
3278 1507 3491 1561 mentis.

2217 1601 2357 1670 Ergo
2388 1601 2528 1671 agite
2566 1602 2648 1670 (ut
2675 1599 2897 1656 vetitum
2936 1599 3116 1654 norint
3143 1598 3287 1668 quod
3329 1612 3486 1668 posse
3538 1605 3788 1664 negatum

3558 1687 3698 1758 [39!)

2143 1789 2191 1850 Β
2216 1780 2333 1836 Jam
2361 1781 2774 1847 descendamus,
2805 1778 3203 1849 tumefactaque
3229 1777 3391 1834 corda
3416 1778 3650 1848 superbo

2215 1872 2492 1930 Consensu
2516 1875 2647 1929 varii
2670 1875 2946 1928 turbemus
2973 1874 3195 1928 vocibus
3222 1873 3354 1939 oris,

2224 1964 2296 2021 Ut
2313 1966 2457 2036 quod
2485 1973 2778 2036 peccamnt
2803 1964 3084 2020 concordis
3109 1963 3331 2018 crimine
3357 1963 3573 2026 mentis,

2217 2055 2469 2113 Confusa:
2488 2057 2707 2112 damnet
2725 2055 2916 2110 melior
2942 2054 3204 2109 discordia
3227 2055 3432 2120 linguze.

2288 2146 2451 2210 Dixit,
2483 2154 2538 2200 et
2558 2145 2793 2200 intentos
2820 2143 2991 2212 operi,
3015 2143 3316 2211 molemque
3343 2143 3584 2196 levantes

2219 2235 2485 2290 Mentibus
2510 2234 2770 2298 attonitis,
2801 2233 3040 2301 subjecta
3071 2233 3268 2285 oblivio
3292 2232 3520 2300 primum

2218 2323 2403 2387 Intrat,
2427 2330 2483 2377 et
2501 2322 2694 2390 ignotae
2714 2319 2857 2375 subit
2882 2319 3207 2388 imperfectio
3231 2319 3438 2385 linguae.

2218 2413 2544 2484 lncrepitant
2571 2413 2748 2482 operis
2775 2412 2951 2466 studio
2981 2418 3227 2467 cessante
3247 2411 3483 2479 magistri

2219 2503 2541 2559 Cunctantes
2561 2503 2757 2569 socios,
2787 2501 2881 2557 sed
2907 2517 3094 2556 vocem
3119 2516 3275 2556 nemo
3302 2502 3522 2555 remittit

2224 2592 2339 2647 Non
2363 2592 2648 2646 intellectis
2674 2609 2685 2643 :
2711 2591 2853 2659 quod
2880 2589 2924 2644 si
2951 2590 3068 2659 quis
3099 2598 3289 2654 tentat,
3315 2595 3472 2642 inane

2220 2682 2428 2746 Sibilat,
2461 2691 2554 2736 aut
2581 2682 2722 2750 rupti
2752 2680 2966 2735 fremitu
2989 2681 3250 2735 sermonis
3278 2679 3512 2733 anhelat.

2221 2771 2278 2826 Si
2302 2788 2495 2827 vanum
2517 2787 2677 2842 prava
2706 2778 3009 2841 susceptum
3038 2777 3216 2823 mente
3237 2768 3474 2822 laborem

2223 2860 2468 2915 Destituit
2488 2859 2739 2915 frustrata
2763 2875 2951 2913 manus
2977 2899 2994 2927 ,
3019 2873 3128 2926 jam
3159 2872 3315 2912 nemo
3344 2856 3721 2925 propinquum,

2222 2949 2389 3006 Nemo
2449 2959 2656 3019 patrem
2708 2947 2948 3018 sequitur
2970 2985 2987 3013 ,
3034 2960 3192 3015 quem
3243 2945 3466 3014 quisque
3513 2943 3790 3010 intelligit,

3554 3031 3726 3102 [addit

2148 3134 2198 3197 C
2229 3129 2679 3198 Agglomeratque
2705 3128 2823 3193 sibi,
2855 3126 3165 3193 sociumque
3190 3121 3475 3192 adjungere
3495 3129 3666 3177 curat.

2227 3221 2469 3289 Dumque
2494 3220 2634 3290 perit
2661 3219 2826 3272 divisa
2853 3216 3010 3285 hujus
3035 3214 3285 3282 cognatio
3307 3213 3508 3281 gentis,

2224 3311 2450 3368 Gentem
2479 3312 2655 3378 lingua
2681 3309 2840 3363 facit:
2873 3314 3191 3376 sparguntur
3219 3302 3473 3359 classibus
3499 3299 3685 3369 aequis,

2227 3403 2582 3471 Diductasque
2603 3407 2795 3469 petunt
2815 3399 2962 3452 vario
2992 3398 3090 3452 sub
3110 3395 3285 3450 sidere
3305 3401 3496 3447 terras.

2227 3491 2380 3545 Haud
2401 3492 2554 3545 aliter
2572 3489 2817 3544 volucres
2838 3488 3009 3557 campi
3032 3503 3126 3556 per
3154 3485 3329 3540 mollia
3361 3484 3538 3554 plana,

2226 3579 2368 3646 Quas
2387 3579 2634 3649 gregibus
2661 3578 2841 3632 mixtis
2869 3592 3050 3631 errare
3070 3585 3123 3629 et
3151 3589 3391 3644 quaerere
3413 3573 3610 3626 victum

2227 3669 2496 3724 Persuasit
2522 3683 2709 3724 secura
2734 3667 2865 3733 dies,
2892 3681 3014 3721 cum
3038 3667 3196 3720 nocte
3222 3665 3515 3734 propinqua

2227 3759 2474 3816 Frondea
2503 3766 2645 3814 tecta
2672 3765 2879 3828 petunt,
2899 3763 3148 3825 exempto
3176 3770 3296 3809 cum
3325 3766 3482 3821 grege
3511 3751 3664 3805 turba

2228 3850 2426 3919 Vulgus
2453 3863 2681 3917 quaeque
2701 3862 2854 3903 suum
2881 3845 3141 3914 sequitur,
3163 3843 3453 3911 rabidoque
3473 3842 3658 3896 volatu

2227 3938 2539 4005 Miscentur,
2568 3938 2754 3992 similis
2781 3950 2885 4006 qua
2906 3934 3115 3989 duxerit
3139 3941 3231 3987 aut
3258 3932 3409 3987 color
3437 3938 3528 3984 aut
3552 3946 3652 3985 vox
3677 3947 3688 3982 :

2227 4029 2318 4083 Sic
2343 4035 2470 4082 tunc
2497 4027 2550 4081 in
2580 4034 2759 4097 partes
2784 4024 3007 4095 populus
3028 4039 3088 4079 se
3107 4023 3339 4077 disseeat
3364 4036 3519 4084 unus,

2227 4117 2296 4172 Et
2319 4117 2524 4187 species
2552 4116 2610 4170 fit
2634 4129 2860 4186 quaeque
2887 4126 3054 4183 genus
3073 4153 3088 4179 ,
3113 4109 3626 4179 longeque'remotis

2227 4209 2528 4265 Considunt
2552 4207 2727 4272 terris,
2755 4214 2916 4274 atque
2943 4205 3128 4260 orbem
3151 4203 3398 4271 gentibus
3418 4197 3659 4269 implent.

2227 4300 2340 4356 Nec
2366 4309 2542 4355 tamen
2569 4300 2675 4353 hoc
2701 4297 2843 4352 sacri
2866 4296 3012 4367 (cum
3047 4297 3118 4350 sit
3141 4309 3240 4349 sua
3266 4307 3423 4363 ptena
3451 4286 3757 4358 nocentimi)

2228 4391 2467 4446 Muneris
2493 4399 2578 4446 est
2604 4402 2831 4443 vacuum
2857 4405 2869 4439 :
2902 4402 3024 4441 nam
3044 4385 3288 4454 quamvis
3319 4383 3452 4437 ultio
3473 4381 3618 4448 justa

2156 4492 2209 4549 ι)
2235 4480 2362 4534 Haec
2390 4480 2567 4545 fuerit,
2590 4494 2726 4548 quos
2751 4493 2858 4532 non
2879 4477 3053 4546 tetigit
3075 4474 3377 4530 reverentia
3406 4471 3550 4536 creti,

2232 4571 2362 4636 Quze
2389 4569 2544 4626 sedes
2570 4568 2785 4639 propria
2808 4575 2891 4622 est
2918 4565 3126 4630 mundi,
3149 4575 3440 4632 rerumque
3468 4560 3725 4630 parentis,

2238 4660 2309 4716 Ut
2335 4677 2434 4715 nec
2452 4675 2512 4715 se
2531 4666 2848 4728 agnoscant,
2878 4658 3040 4711 verba
3067 4657 3384 4710 inconsueta
3404 4655 3682 4722 loquentes
3709 4667 3723 4715 ;

2235 4753 2481 4808 Attamen
2512 4751 2565 4806 id
2590 4750 2817 4806 multum
2849 4748 2998 4818 quod
3025 4755 3184 4817 rupto
3213 4747 3317 4802 hoc
3363 4744 3564 4799 foedere
3590 4750 3788 4797 cautum

3602 4834 3725 4906 Iesu

2235 4931 2333 4996 Ne,
2361 4946 2524 5000 quam
2553 4941 2841 5000 paucorum
2868 4927 3122 4982 attulerat
3140 4926 3417 4996 persuasio
3441 4923 3675 4992 culpam,

2235 5023 2562 5077 Cunctorum
2583 5031 2801 5075 assensu
2831 5034 3015 5073 rursus
3039 5017 3377 5084 contingeret
3400 5029 3607 5078 omnes,

2236 5109 2301 5164 Et
2331 5110 2527 5165 faceret
2542 5123 2826 5164 commune
2852 5106 3002 5161 nefas
3027 5124 3040 5159 :
3072 5120 3140 5161 ne
3169 5104 3351 5174 praelia
3373 5104 3529 5169 dura,

2234 5202 2301 5257 Et
2321 5201 2509 5257 rabido
2538 5201 2750 5271 populis
2771 5213 2916 5254 mors
2936 5197 3252 5254 arcessenda
3277 5196 3458 5250 furore

2236 5292 2445 5347 Bellum
2475 5290 2578 5344 illis
2601 5288 2754 5344 civile
2780 5287 2918 5342 foret
2942 5305 2954 5340 :
2988 5287 3066 5341 sic
3089 5284 3291 5355 profuit
3313 5283 3439 5346 illis,

2231 5384 2397 5450 Inque
2423 5382 2625 5436 bonum
2648 5395 2803 5434 versa
2833 5388 2916 5433 est
2943 5379 3130 5448 prima:
3149 5374 3429 5430 distractio
3457 5373 3664 5438 linguaz,

2236 5474 2550 5538 Quanquam
2576 5484 2678 5524 nec
2701 5483 2948 5537 prorsum
2969 5467 3178 5521 sublata
3207 5463 3394 5518 Ebrzea
3423 5458 3668 5529 loquendi

2236 5558 2578 5617 Consuetudo
2602 5559 2736 5614 fuit:
2765 5572 2886 5614 cum
2909 5565 3036 5612 tunc
3059 5552 3414 5625 permanserit
3441 5551 3551 5605 oris

2238 5659 2411 5714 Ebraei
2433 5659 2661 5726 sonitus,
2691 5669 2976 5723 sermoque
2995 5653 3267 5721 antiquus,
3292 5652 3344 5705 in
3368 5650 3469 5704 illis

2238 5747 2338 5813 Qui
2363 5748 2531 5814 culpte
2559 5755 2823 5814 expertes.
2853 5742 2984 5799 Pars
3003 5757 3110 5798 non
3143 5741 3338 5810 injusta
3365 5737 3578 5793 fuerunt
