4024 6186
309 275 404 330 96I

308 385 565 439 Natorum
585 393 720 450 quos
746 378 870 434 Sem
892 377 1094 446 genuit,
1123 377 1364 433 custodia
1386 376 1514 445 justi

305 473 452 538 Quos
481 471 669 535 tenuit,
697 469 1011 537 Dominique
1035 467 1196 522 etiam
1226 467 1526 522 reverentia
1556 467 1714 521 rexit.

374 563 482 618 Sed
508 551 933 631 postquam'toto
962 558 1229 613 dementia
1249 558 1453 626 percita
1478 557 1698 621 mundo,

304 652 402 724 (Ut
421 659 628 706 taceam
647 649 837 720 magici
861 648 1038 703 scelus
1058 647 1359 702 intestabile
1387 647 1636 716 monstri)

304 740 364 798 In
393 751 612 797 truncos
635 749 690 794 et
714 754 844 794 saxa
865 739 1026 794 etiam
1053 737 1277 808 durique
1304 739 1510 793 metalli

305 835 436 890 Arte
463 847 623 888 cavas
641 833 867 901 species,
898 839 953 884 et
979 845 1158 885 cassas
1177 830 1297 884 luce
1323 828 1540 897 ﬁguras,

304 923 530 993 Impegit
548 922 777 977 mortale
796 934 986 989 genus,
1011 928 1323 990 mentesque
1351 921 1598 989 supernis

305 1014 544 1069 Intentas
564 1011 740 1079 fregit,
771 1019 1032 1079 terraeque
1052 1010 1272 1066 adduxit
1299 1011 1478 1076 inerti,

304 1103 699 1172 Convolvitque
727 1102 885 1155 simul
909 1101 1062 1155 foedae
1090 1101 1338 1168 contagio
1361 1100 1516 1166 labis,

304 1192 425 1247 Non
452 1206 608 1247 secus
637 1190 951 1259 [Ethiopum
978 1188 1304 1245 ferventibus
1332 1191 1511 1245 excita
1541 1190 1695 1245 terris

304 1283 499 1339 Nubila
526 1281 859 1347 morborum,
884 1287 1140 1348 corrupto
1167 1279 1381 1334 tramite
1409 1279 1530 1334 coeli

304 1372 444 1427 Dum
470 1378 710 1436 currunt,
733 1369 974 1439 quisquis
1011 1384 1320 1439 percussum
1343 1368 1562 1423 fulmine
1587 1368 1715 1424 lethi

303 1462 600 1531 Ingemuit,
624 1460 782 1515 simul
811 1460 924 1529 ipse
943 1458 1071 1523 ruit,
1093 1459 1400 1528 quicunque
1426 1458 1703 1513 cadentem

303 1552 619 1622 Conspexit,
650 1550 872 1615 cecidit,
904 1557 1265 1619 congestaque
1291 1549 1477 1604 funera
1503 1549 1701 1619 passim

303 1645 432 1700 Dira
453 1645 567 1700 lues
594 1642 801 1705 stravit,
833 1656 1156 1712 camposque
1176 1640 1390 1710 reliquit
1412 1641 1637 1694 inanes:

304 1735 398 1791 Sic
425 1744 552 1789 tunc
573 1733 833 1804 praecipiti
860 1731 1172 1802 complexos
1198 1731 1341 1786 mole
1368 1729 1589 1796 furoris,

303 1826 386 1881 Ne
405 1825 535 1879 nihil
562 1825 814 1879 infectum
841 1831 956 1877 toto
983 1822 1276 1877 dimitteret
1301 1820 1452 1886 orbe,

302 1915 656 1986 Comprendit
677 1921 942 1984 repetens,
968 1927 1104 1982 quos
1117 1911 1228 1982 jam
1256 1912 1529 1968 dimiserat
1557 1926 1726 1967 error.

303 2009 488 2063 Donec
507 2005 740 2062 Chaldaei
768 2006 1008 2073 generis,
1032 2005 1100 2060 de
1127 2005 1331 2060 semine
1359 2004 1555 2070 Thare,

305 2097 400 2154 Vir
422 2098 618 2167 justus,
647 2106 997 2164 metuensque
1027 2095 1140 2161 Dei,
1163 2110 1284 2151 cum
1303 2096 1470 2165 stirpe
1493 2109 1707 2149 suorum

308 2187 510 2243 Urbem
537 2188 715 2253 aliam,
739 2201 1022 2256 moresque
1047 2201 1234 2252 novos,
1265 2186 1556 2254 sedemque
1577 2187 1874 2254 requirens,

304 2278 500 2333 Mansit
527 2277 581 2332 in
609 2276 840 2347 Assyriis
864 2275 1079 2331 demum
1106 2291 1278 2331 novus
1298 2276 1478 2330 accola
1500 2271 1734 2331 Carrhis.

303 2367 406 2433 Qui
429 2365 784 2436 quadragenis
812 2365 993 2422 lustris
1021 2365 1109 2420 ubi
1132 2365 1282 2429 vixit,
1313 2373 1370 2420 et
1397 2381 1524 2428 uno,

303 2457 597 2512 Infaustam
623 2457 764 2512 hanc
788 2457 951 2511 vitam
981 2456 1119 2511 felici
1140 2464 1314 2511 morte
1342 2456 1590 2511 redemit.

305 2546 464 2610 Iluic,
497 2546 702 2602 meritis
729 2561 911 2616 parem
929 2585 945 2610 ,
977 2554 1031 2600 et
1057 2545 1258 2600 sanctis
1285 2545 1567 2599 virtutibus
1593 2557 1811 2614 aequatis

309 2638 415 2690 Aut
442 2637 600 2704 longe
625 2650 904 2705 superans,
934 2635 1192 2690 successit
1221 2633 1360 2689 ﬁlius
1378 2635 1595 2698 Abram,

311 2724 406 2779 Vir
431 2725 569 2779 caelo
590 2724 797 2792 dignus,
820 2739 943 2777 nam
970 2724 1143 2793 primo
1173 2739 1204 2777 a
1230 2723 1413 2778 limine
1442 2724 1562 2777 vitae
1578 2763 1593 2788 ,

310 2813 510 2868 Verum
533 2821 711 2868 mente
738 2812 906 2867 Deum
932 2828 1225 2875 venerans,
1256 2813 1473 2881 gentilia
1496 2827 1708 2882 semper

308 2905 600 2958 Aversatus
622 2909 765 2970 erat,
795 2917 954 2973 quem
974 2911 1256 2972 postquam
1279 2912 1454 2958 morte
1473 2904 1710 2972 parentis

305 2991 463 3048 Jussa
491 2993 642 3062 sequi
667 2992 776 3060 jam
795 3007 956 3061 posse
983 2992 1098 3057 Dei,
1127 2993 1243 3048 sine
1270 2992 1454 3047 fraude
1483 2992 1738 3059 liquebat,

304 3084 404 3138 llis
432 3082 687 3138 Dominus
715 3083 968 3138 famulum
995 3083 1202 3137 meritis
1227 3082 1474 3151 dignatus
1499 3081 1644 3137 adire
1670 3092 1772 3138 est.

379 3171 821 3240 Quandoquidem
846 3180 960 3226 toto
987 3179 1040 3226 te
1068 3171 1240 3226 solum
1271 3172 1569 3226 invenimus
1592 3172 1722 3226 orbe

302 3261 477 3328 Quem
507 3261 715 3316 sincera
745 3260 874 3316 fides
888 3260 1042 3330 juvat
1065 3269 1120 3315 et
1146 3262 1448 3320 reverentia
1478 3262 1646 3316 nostri
1677 3279 1689 3314 :

304 3351 515 3419 Linque
541 3351 725 3420 procul
753 3350 907 3406 sedes
927 3351 1144 3420 patrias,
1177 3359 1481 3420 terramque
1507 3360 1809 3416 nocentem,

304 3441 682 3511 Pollutamque
707 3443 923 3497 domum
955 3460 970 3497 :
1000 3443 1246 3511 cognatio
1269 3451 1382 3497 tota
1411 3441 1631 3511 profana
1661 3453 1775 3508 est,

303 3531 376 3613 1th
405 3533 650 3601 fugienda
675 3533 805 3600 tibi;
833 3542 988 3588 terra:
1007 3534 1243 3589 melioris
1271 3534 1322 3587 in
1352 3547 1510 3600 agros

301 3623 392 3678 Me
417 3624 554 3678 duce
579 3624 859 3693 pervenies
891 3642 904 3677 :
933 3639 1002 3678 ne
1020 3624 1092 3677 sis
1115 3638 1236 3692 pars
1255 3624 1429 3691 gentis
1457 3623 1670 3691 iniquze,

301 3713 410 3782 Qui
437 3723 634 3770 sancta:
658 3723 819 3786 caput
845 3730 962 3770 esse
991 3725 1166 3785 potes,
1197 3725 1309 3768 tum
1337 3729 1486 3769 sacra
1515 3715 1703 3770 dicabo

300 3802 437 3870 Quae
463 3811 735 3871 maneant,
761 3805 1058 3868 benedicte,
1091 3804 1204 3867 tibi,
1240 3818 1542 3872 nomenque
1572 3821 1668 3874 per
1692 3820 1879 3862 omnes

301 3892 648 3965 Magnificum
696 3893 914 3950 reddam
964 3893 1213 3964 populos,
1268 3893 1407 3948 bona
1451 3903 1640 3949 cuncta
1685 3911 1880 3964 repen-

1629 3986 1804 4059 [dens,

300 4074 371 4130 Et
397 4075 711 4131 benedictus
732 4075 856 4144 erit,
880 4076 973 4131 tibi
1001 4077 1090 4145 qui
1119 4076 1470 4144 benedixerit,
1495 4080 1663 4149 atqui,

300 4166 406 4233 Qui
425 4166 708 4222 maledicta
737 4167 834 4222 tibi
865 4169 1213 4238 conviciaque
1235 4170 1439 4237 ingeret
1461 4211 1476 4236 ,
1504 4171 1594 4226 ille

300 4256 596 4312 Confestim
623 4258 937 4314 maledictus
965 4261 1069 4314 erit
1093 4277 1108 4326 ;
1139 4261 1440 4316 benedictio
1469 4277 1565 4330 per
1595 4270 1647 4317 te

300 4347 601 4418 Spargetur
627 4348 867 4404 tribubus
892 4351 1114 4414 cunctis,
1142 4365 1364 4419 aevoque
1393 4350 1590 4405 futuro.

301 4437 466 4504 Dixit,
498 4445 555 4493 et
580 4439 817 4507 imperiis
843 4448 1077 4494 mentem
1106 4453 1224 4506 quae
1249 4447 1442 4509 pareat
1472 4441 1628 4507 indit,

301 4526 694 4598 Promissisque
720 4529 822 4598 piis
841 4529 1043 4583 credat.
1076 4527 1223 4583 Mora
1246 4529 1387 4584 nulla
1414 4541 1636 4599 repente

299 4618 454 4674 Dicto
481 4619 761 4673 intercedit
789 4619 1016 4684 Domini,
1043 4618 1139 4674 sed
1169 4620 1411 4689 protinus
1432 4621 1625 4676 Abram

296 4706 432 4762 Cum
460 4708 708 4776 gregibus
735 4709 865 4762 varii
895 4709 1104 4777 generis
1122 4749 1137 4775 ,
1165 4710 1482 4780 famulisque
1504 4714 1762 4782 paternis,

295 4797 537 4867 Conjuge
559 4813 681 4852 cum
703 4798 826 4862 fida,
849 4799 957 4854 cari
985 4813 1106 4854 cum
1133 4800 1356 4869 pignore
1383 4800 1584 4866 fratris,

298 4888 420 4958 (Cui
448 4887 584 4943 Loth
605 4904 800 4944 nomen
830 4888 968 4961 erat)
991 4889 1278 4958 digressus,
1311 4891 1477 4947 limite
1503 4902 1655 4949 recto

295 4976 540 5046 Ignotum
567 4980 667 5034 sibi
695 4981 867 5050 carpit
895 4981 997 5035 iter
1021 4999 1033 5034 :
1066 4983 1376 5038 mollissima
1402 4984 1550 5038 laetas

295 5070 543 5124 Praebent
569 5086 695 5124 arva
720 5072 834 5126 vias
854 5113 870 5139 ,
896 5072 1256 5143 blandumque
1277 5075 1576 5129 faventibus
1601 5075 1796 5131 austris

294 5158 572 5223 Arridens,
605 5160 764 5214 nullis
788 5161 1030 5215 turbatur
1051 5163 1281 5217 motibus
1301 5177 1412 5228 aer,

293 5243 350 5300 In
372 5246 644 5301 Chanaam
671 5257 841 5304 terras
869 5257 924 5303 et
950 5264 1113 5317 regna
1136 5250 1402 5305 uberrima
1426 5250 1640 5306 Sichem

293 5335 474 5392 Donec
498 5339 835 5407 perveniens,
865 5338 1047 5394 didicit
1068 5341 1348 5409 sobolique
1375 5342 1581 5410 sibique

293 5425 477 5481 Isthmo
503 5428 556 5482 in
587 5438 788 5485 sortem
816 5429 1024 5499 imperii
1054 5444 1268 5484 cessura
1299 5431 1482 5485 futuri.

297 5514 444 5572 Unde
473 5518 582 5574 Deo
607 5521 831 5590 supplex
858 5522 1080 5576 devotas
1099 5523 1325 5576 exstruit
1350 5537 1471 5577 aras
1487 5563 1502 5588 ,

294 5603 360 5658 Et
387 5615 594 5664 veteres
612 5625 893 5678 revocans,
916 5611 1089 5667 cultor
1114 5627 1301 5676 novus,
1327 5624 1481 5680 auget
1504 5615 1750 5670 honores.

295 5693 425 5754 lude
451 5703 577 5771 petit
621 5701 892 5759 Bethelem
909 5744 925 5771 ,
957 5703 1114 5761 sedes
1141 5718 1257 5771 quze
1285 5705 1416 5758 lecta
1437 5703 1579 5757 beati

1286 263 1919 324 COMMENTARIORUM
1960 260 2025 318 IN
2056 259 2340 318 GENESIN
2378 259 2502 314 LIB.
2538 258 2622 314 Ill.

1898 382 1947 438 Α
1979 372 2233 442 llospitiis
2254 380 2464 426 sacrata
2493 372 2624 437 viri,
2651 381 2976 442 cunctasque
2997 376 3242 446 superbis

3450 264 3558 322 96‘)

1977 462 2220 518 Excessit
2247 463 2450 517 meritis
2475 471 2666 531 terras,
2695 464 3015 534 quandoque
3042 466 3276 520 secundo

1977 552 2104 606 Post
2125 551 2316 606 cmlum
2349 553 2675 608 numeranda
2705 553 2847 620 loco,
2876 568 2998 607 nam
3027 554 3155 608 sede
3184 570 3411 624 superna

1977 643 2194 711 Dignior
2218 642 2317 697 ista
2346 642 2472 708 Dei,
2505 659 2626 714 quae
2651 645 2843 714 pignus
2867 646 2987 713 lege
3013 646 3202 700 salutis

1977 732 2242 788 Emissum
2270 731 2472 786 mundo
2493 741 2700 788 tantum
2730 735 2956 790 mirante
2981 744 3227 804 paratum

1976 822 2258 892 Exciperet
2291 823 2403 876 visa
2427 831 2527 888 est,
2553 824 2931 894 hominemque
2961 827 3259 880 remitteret
3286 827 3465 882 astris.

1977 912 2074 967 Hic
2101 927 2316 981 quoque
2343 912 2610 967 solemnes
2638 913 2830 969 Abram
2854 923 3007 983 pater
3025 917 3253 970 exstruit
3273 931 3414 981 aras,

1979 1003 2046 1058 Et
2068 1005 2355 1074 linquenda
2385 1005 2538 1059 novis
2567 1005 2867 1061 habitacula
2892 1009 3044 1076 ponit
3074 1009 3125 1062 in
3151 1009 3312 1064 arvis.

2053 1093 2293 1163 Namque
2315 1095 2456 1150 fame
2483 1111 2692 1150 rursum
2712 1096 2865 1151 sedes
2885 1108 3091 1154 mutare
3128 1110 3345 1156 coactus

1976 1185 2162 1241 Castra
2176 1196 2373 1253 movet,
2393 1196 2665 1257 totamque
2676 1188 2908 1251 domum.
2918 1190 3246 1261 famulosque
3260 1209 3553 1265 gregesque

1975 1276 2166 1331 Secum
2194 1278 2304 1345 agit
2327 1317 2342 1340 ,
2371 1287 2428 1333 et
2454 1279 2614 1332 rebus
2635 1281 2956 1334 commercia
2980 1281 3122 1348 justa
3153 1286 3453 1353 rependens

1976 1364 2144 1419 Intrat
2174 1366 2226 1418 in
2256 1364 2568 1437 Egyptum,
2601 1375 2657 1421 et
2677 1367 2828 1422 Sarai
2856 1369 3126 1437 appellare
3149 1387 3388 1428 sororem

1977 1453 2179 1508 Mavult
2207 1470 2366 1523 quam
2390 1470 2631 1521 uxorem,
2663 1471 2727 1510 ne
2765 1456 2990 1511 barbara
3014 1467 3232 1528 pectora
3257 1464 3424 1518 sancti

1977 1541 2217 1611 Hospitis
2245 1542 2298 1596 in
2326 1542 2523 1597 aedem
2561 1543 2798 1598 stimulet
2825 1544 3021 1599 furiosa
3056 1547 3237 1602 libido.

1979 1632 2130 1688 Unde
2152 1640 2206 1688 et
2230 1648 2354 1687 mox
2379 1632 2589 1688 Pharao
2618 1633 2873 1688 radiantis
2905 1635 3136 1705 imagine
3158 1637 3340 1693 formae

1901 1728 1947 1788 Β
1973 1723 2114 1778 lctus
2144 1723 2447 1786 inardescit,
2480 1724 2850 1792 thalamosque
2880 1733 2935 1780 et
2963 1725 3159 1781 foedera
3190 1739 3336 1782 certa

1981 1813 2122 1881 Lege
2144 1821 2300 1883 parat
2329 1854 2346 1881 ,
2376 1813 2563 1881 longos
2592 1814 2774 1870 isthtec
2801 1817 3064 1870 connubia
3090 1817 3141 1871 ih
3170 1833 3340 1874 annos

1974 1902 2254 1968 Ducturus,
2287 1905 2341 1959 ni
2371 1905 2528 1972 longe
2551 1906 2706 1960 aliter
2734 1906 3045 1975 disponeret
3067 1908 3155 1962 ille

1975 1993 2176 2048 Auctor
2197 1993 2451 2064 conjugii,
2483 1995 2569 2049 cui
2597 2011 2718 2051 cum
2743 1998 2922 2050 minus
2947 1997 3046 2051 ista
3069 1998 3377 2067 placerent,

1975 2083 2115 2138 Ecce
2139 2099 2306 2154 pavor
2327 2085 2437 2153 regi
2467 2099 2637 2140 mersa
2668 2085 2948 2140 formidine
2977 2087 3173 2142 mixtus

1976 2171 2199 2242 Ingruit,
2229 2181 2284 2227 et
2311 2174 2488 2228 subito
2506 2174 2680 2243 quatit
2700 2173 2940 2243 improba
2964 2176 3124 2231 corda
3153 2177 3401 2241 tumultu,

1979 2259 2338 2330 Exterretque
2362 2263 2569 2317 animos
2597 2263 2749 2330 niger
2773 2264 2985 2329 horror,
3013 2273 3068 2319 et
3095 2266 3329 2336 implicat
3355 2276 3504 2326 artus
3530 2287 3548 2326 :

1982 2349 2053 2405 Ut
2079 2366 2175 2406 rex
2207 2353 2479 2422 sacrilega:
2503 2356 2678 2422 gentis
2705 2362 2815 2409 tam
2842 2356 3012 2411 tristia
3039 2366 3161 2412 vota

1981 2440 2220 2498 Sentiret
2244 2443 2526 2500 damnasse
2544 2445 2730 2513 Deum,
2762 2447 2852 2516 qui
2885 2448 2991 2502 tale
3028 2449 3274 2518 profecto

1981 2536 2273 2593 Consilium
2300 2538 2493 2616 infudit
2519 2539 2748 2606 famulis,
2779 2550 2838 2596 ut
2867 2542 3127 2598 barbarus
3154 2545 3323 2600 hostis

1982 2623 2113 2681 Esse
2136 2627 2312 2681 virum
2340 2626 2493 2683 Sarai
2521 2643 2768 2684 securum
2796 2641 3112 2698 agnosceret
3138 2633 3334 2688 Abram
3360 2653 3373 2688 :

1985 2712 2118 2768 Cum
2147 2714 2284 2770 foret
2312 2726 2567 2786 expertus
2593 2734 2752 2788 quam
2783 2736 2890 2775 non
2917 2723 3132 2792 impune
3157 2726 3382 2793 profano

1987 2803 2278 2873 Appeteret
2305 2804 2445 2862 ferro
2475 2823 2633 2876 quem
2662 2825 2761 2864 nec
2786 2811 3007 2867 viduare
3035 2813 3238 2868 liceret.

1986 2895 2190 2964 Sponte
2211 2897 2390 2965 igitur,
2426 2898 2571 2952 nulla
2598 2899 2850 2953 violatam
2880 2900 3018 2966 labe,
3049 2904 3244 2958 marito

1989 2983 2212 3049 Reddit,
2244 2994 2299 3040 et
2326 2987 2526 3054 ingenti
2553 2987 2881 3042 cumMatum
2909 2988 3060 3057 fruge
3087 2993 3312 3047 remittit

1909 3084 1955 3148 α
1984 3073 2042 3129 ln
2064 3073 2300 3142 Sichem,
2338 3075 2718 3144 Bethelemque
2744 3093 2894 3132 suam
2920 3096 2932 3132 :
2965 3093 3073 3148 quo
3100 3081 3292 3137 deinde
3319 3088 3519 3155 recepti

1987 3161 2119 3217 Cum
2147 3163 2500 3232 gregibusque
2518 3165 2783 3236 domoque
2803 3176 2973 3236 pater,
2998 3183 3119 3224 cum
3139 3171 3364 3243 conjuge
3387 3176 3552 3244 salva,

1986 3250 2252 3306 Exercent
2277 3267 2517 3322 campos,
2549 3263 2604 3308 et
2630 3256 2845 3323 pinguia
2872 3273 3067 3326 pascua
3093 3259 3199 3315 late

1983 3346 2244 3403 Immixtis
2270 3359 2495 3418 carpunt
2523 3351 2790 3419 gregibus.
2830 3350 2964 3404 Dum
2988 3352 3163 3421 jurgia
3193 3355 3382 3410 crebra

1980 3437 2125 3493 Inter
2146 3447 2390 3510 pastores
2415 3442 2590 3510 patrui
2618 3451 2744 3496 nata
2772 3449 2933 3511 atque
2959 3446 3198 3514 nepotis,

1982 3527 2117 3582 Dum
2147 3545 2254 3583 non
2285 3530 2593 3584 suflicerent
2621 3533 2891 3600 capiendis
2917 3549 3044 3586 arva
3071 3534 3302 3589 duorum

1982 3617 2250 3672 Armentis
2276 3629 2500 3688 angusta
2525 3620 2701 3683 nimis,
2731 3621 3072 3690 plenissimus
3099 3637 3227 3691 ergo

1981 3708 2178 3762 Abram
2201 3708 2420 3776 justitia:
2448 3716 2610 3778 atque
2637 3709 3143 3768 observantissimus
3161 3715 3300 3783 aequi
3321 3755 3338 3780 ,

1980 3797 2100 3864 Quo
2127 3797 2343 3851 dirimat
2370 3796 2510 3863 lites,
2542 3805 2597 3852 et
2610 3797 2786 3867 jurgia
2817 3799 2968 3854 tollat
2997 3816 3181 3867 avara,

1984 3888 2052 3942 Ut
2078 3897 2205 3943 natu
2233 3890 2425 3958 major,
2456 3904 2743 3944 concessus
2771 3889 2958 3945 dividit
2984 3906 3142 3962 agros
3169 3909 3184 3946 :

1979 3978 2168 4034 Junior
2192 3979 2371 4047 elegit,
2401 3994 2505 4049 qua
2535 3979 2774 4035 dulcibus
2804 3981 3036 4052 undique
3065 3981 3194 4036 fusis

1981 4070 2122 4125 Rura
2148 4071 2365 4126 maritat
2391 4072 2562 4141 aquis,
2593 4072 2832 4141 ripisque
2859 4073 3229 4129 umbrantibus
3249 4072 3390 4130 inter

1980 4164 2200 4220 Labitur
2221 4173 2276 4220 et
2299 4173 2496 4220 teretes
2523 4166 2689 4219 saltus
2715 4163 2963 4220 Iordanis
2987 4174 3241 4222 ammnat.

1979 4254 2121 4325 Ergo
2149 4272 2255 4326 quo
2285 4257 2453 4324 fugiat
2481 4267 2756 4327 pastorum
2780 4259 2978 4327 jurgia,
3009 4259 3077 4314 ab
3106 4259 3300 4314 Abram

1981 4347 2279 4415 Declinans,
2304 4348 2520 4418 junctos
2545 4348 2794 4404 Sodomae
2821 4349 2960 4404 Loth
2997 4351 3191 4419 migrat
3216 4352 3270 4406 in
3299 4367 3476 4420 agros.

1899 4442 1957 4504 1)
1980 4436 2114 4491 Cum
2141 4438 2284 4493 Deus
2312 4439 2413 4493 hac
2442 4439 2636 4493 Abram
2665 4440 2838 4494 moesti
2863 4438 2958 4509 ‘spe
2983 4448 3202 4509 pectora
3227 4441 3443 4499 firmans
3467 4461 3482 4498 :

1975 4525 2054 4579 Ne
2082 4527 2364 4592 movearis,
2396 4528 2492 4592 ait,
2523 4527 2700 4581 fratris
2728 4527 2874 4597 quod
2903 4529 3053 4597 prole
3081 4530 3268 4585 relicta

1975 4613 2127 4670 Nunc
2154 4617 2300 4671 solus
2327 4617 2543 4671 videare
2571 4617 2664 4671 tibi
2689 4635 2704 4682 ;
2733 4618 3119 4675 innumerabile
3141 4622 3328 4690 vulgus

1974 4706 2056 4762 Tu
2079 4708 2205 4761 mihi
2226 4708 2373 4763 solus
2400 4709 2524 4773 eris,
2561 4709 2850 4778 populique
2879 4709 3017 4764 idem
3048 4720 3236 4766 auctor
3261 4715 3440 4770 amici.

1976 4797 2203 4867 Suspice
2227 4798 2511 4868 quadrifidi
2540 4809 2721 4869 partes
2749 4799 2986 4855 intentus
3013 4801 3081 4856 ad
3105 4803 3275 4872 orbis,

1975 4888 2182 4958 Inspice
2209 4905 2350 4944 nunc
2372 4899 2609 4946 austrum
2635 4905 2840 4957 versus,
2869 4898 3410 4964 septemquetriones,

1977 4978 2090 5045 Qua
2118 4979 2197 5032 sol
2224 4981 2481 5045 exoritur,
2509 4996 2612 5050 qua
2641 4996 2865 5050 vespere
2893 4985 3128 5039 concidit
3154 4987 3264 5043 imo
3287 5007 3298 5040 :

1976 5066 2103 5124 Haec
2131 5069 2369 5134 tibimet,
2401 5071 2642 5139 prolique
2668 5079 2791 5136 tuae,
2819 5075 3138 5144 populisque
3167 5085 3380 5132 tuorum

1975 5157 2297 5227 Concedam,
2327 5169 2558 5215 mtcrnos
2588 5161 2692 5217 illis
2715 5162 3004 5218 habitanda
3034 5180 3131 5234 per
3156 5183 3326 5222 annos
3349 5208 3366 5232 ,

1975 5250 2106 5317 Quis
2134 5259 2192 5305 tu
2221 5252 2383 5306 etiam
2408 5252 2566 5306 terris
2594 5253 2751 5322 longe
2772 5255 2987 5325 lateque
3019 5258 3228 5312 fruaris.

1973 5342 2162 5411 Surge,
2191 5351 2247 5397 et
2264 5356 2368 5410 qua
2396 5351 2614 5412 pateant
2640 5357 2826 5412 gressu
2850 5347 2998 5415 prius
3021 5347 3232 5416 hospite
3255 5347 3437 5401 lustra.

1971 5432 2096 5488 Hmc
2125 5435 2236 5488 ait:
2265 5435 2354 5489 ille
2382 5435 2552 5490 libens
2577 5445 2752 5505 paret,
2779 5437 3065 5505 sedemque
3093 5438 3400 5507 relinquens

1971 5525 2226 5594 Emigrat,
2256 5525 2615 5597 Chebronque
2644 5528 2806 5590 subit,
2835 5528 2934 5586 sub
2962 5527 3083 5583 ilice
3112 5527 3261 5595 nigra

1971 5617 2048 5671 Ad
2066 5619 2302 5678 Mambre
2315 5628 2566 5688 querceta
2599 5627 2749 5687 pater
2780 5617 3006 5672 tentoria
3039 5617 3170 5684 figit.

1970 5705 2064 5761 llic
2085 5723 2296 5776 quoque
2318 5711 2584 5764 solemnes
2617 5708 2840 5762 Domino
2864 5709 3054 5772 struit,
3085 5718 3142 5764 ut
3170 5709 3331 5774 colat.
3358 5726 3497 5766 aras.
