4058 6186
594 266 699 324 965

662 384 869 436 Interea
898 392 1094 448 magno
1122 379 1323 435 circum
1354 379 1604 433 turbante
1634 379 1861 431 tumultu

592 473 771 527 Ilostis
799 471 951 526 adest
978 471 1183 538 avidus,
1210 472 1353 525 varia
1376 486 1536 539 quem
1559 470 1686 524 dote
1720 469 1916 524 referta

590 562 853 618 Sollicitat
881 563 1057 627 tellus,
1090 562 1293 630 campis
1320 561 1456 614 illisa
1486 561 1714 615 resultat

591 651 817 721 Ungula,
845 660 900 706 et
921 652 1100 706 effusis
1127 659 1271 705 errat
1298 650 1585 719 populator
1614 649 1855 711 habenis,

593 743 881 798 Adversum
910 741 1158 795 Sodoma:
1184 740 1527 809 pinguissima
1568 754 1763 807 pascua
1791 738 1982 806 gentis.

595 834 732 887 Loth
762 847 891 886 vero
918 831 1086 899 portis
1114 844 1234 883 cum
1254 843 1380 897 rege
1400 829 1629 897 erumpit
1657 829 1879 897 apertis,

591 922 655 976 Et
681 924 853 978 vicina
880 936 1069 975 manus
1098 933 1279 987 regum
1308 920 1453 973 socia
1483 932 1628 972 arma
1656 919 1915 973 ferentum
1934 958 1951 983 ,

591 1013 784 1067 Secum
846 1010 1053 1079 equites
1118 1009 1432 1078 peditesque
1494 1008 1770 1061 trahunt:
1842 1005 2165 1060 distenditur

1840 1097 1856 1167 [
1880 1111 2091 1165 agmen,

589 1192 892 1259 Conﬂigunt
920 1192 1062 1245 acies
1090 1189 1309 1259 pariter,
1340 1195 1692 1256 sternuntque
1714 1186 2037 1255 caduntque.

588 1281 693 1335 Sed
726 1281 894 1349 turpis
920 1279 1170 1334 Sodoma)
1198 1279 1328 1331 luxu
1356 1277 1591 1330 emollita
1616 1276 1885 1343 juventus,

590 1369 660 1423 Ut
691 1385 902 1423 rursum
933 1369 1133 1423 exarsit
1161 1368 1421 1436 repetitus
1451 1367 1654 1420 clamor
1680 1366 1732 1418 in
1764 1366 1888 1427 iras,

588 1457 813 1511 Vertunt
835 1464 982 1525 terga
1011 1464 1155 1511 metu
1184 1474 1196 1508 :
1234 1456 1419 1525 rapido
1449 1471 1571 1523 pars
1598 1456 1791 1509 muenia
1821 1470 2002 1520 cursu,

590 1546 721 1600 Pars
750 1558 957 1601 montes
985 1547 1248 1613 silvasque
1275 1553 1484 1614 petunt,
1512 1559 1636 1613 pars
1662 1552 1812 1612 septa
1842 1543 2071 1597 catervis

590 1636 824 1698 Porrigit
852 1638 1066 1705 ignavas
1087 1637 1153 1690 ad
1185 1636 1353 1690 tristia
1386 1635 1594 1689 vincula
1621 1634 1843 1703 palmas.

662 1728 729 1783 Ut
751 1744 882 1783 vero
911 1738 1133 1797 patruus
1160 1737 1372 1795 captum
1405 1726 1539 1780 Loth
1570 1726 1737 1778 audiit
1766 1725 1984 1787 Abram,

590 1818 703 1873 Non
731 1819 874 1883 ﬂetu,
908 1820 1054 1888 (quid
1084 1818 1224 1872 enim
1255 1816 1408 1870 ﬂetus
1435 1814 1704 1869 conferret
1730 1815 1967 1883 inanis?)

589 1907 695 1962 Sed
718 1910 911 1963 virtute
941 1918 1092 1976 parat
1122 1908 1268 1961 fratri
1298 1920 1609 1961 succurrere
1636 1914 1814 1974 capto.

589 1996 882 2053 Instructos
913 1999 1071 2067 igitur
1099 2005 1397 2052 tercentum
1427 1996 1613 2064 deligit
1640 1998 1786 2050 omni

592 2086 669 2141 De
691 2102 870 2155 grege,
893 2089 1081 2156 bisque
1102 2102 1293 2141 novem
1328 2086 1575 2154 famulos,
1600 2101 1735 2155 quos
1754 2095 1879 2140 ante
1898 2092 2167 2155 prmuntes

588 2176 899 2247 Insequitur
926 2180 1144 2240 sensim,
1178 2193 1281 2246 qua
1313 2179 1533 2233 tendere
1562 2178 1793 2247 prodidit
1817 2178 2023 2231 hostem

590 2269 815 2322 Lentum
847 2269 1022 2337 praeda
1052 2269 1227 2336 gravis
1255 2287 1267 2321 :
1296 2284 1523 2337 quorum
1544 2268 1611 2322 de
1640 2276 1797 2321 nocte
1824 2267 2003 2322 silenti

589 2359 829 2427 Corpora
859 2358 1130 2428 (conﬂictu
1160 2358 1286 2411 dum
1318 2360 1428 2427 jam
1458 2359 1765 2427 languentia
1792 2357 1928 2411 duro

590 2448 796 2515 Irrigat,
826 2458 880 2501 et
905 2447 1071 2502 fessos
1101 2447 1275 2502 dulcis
1302 2464 1468 2517 sopor
1494 2449 1679 2517 alligat
1704 2447 1872 2512 artus)

590 2535 925 2603 Aggreditur,
956 2538 1029 2591 nil
1060 2546 1340 2591 venturum
1368 2538 1470 2593 sibi
1500 2538 1607 2590 tale
1626 2543 1945 2614 putantum:

592 2626 660 2681 Ut
687 2644 806 2682 eum
830 2629 998 2697 jejuni
1022 2632 1195 2685 rabies
1216 2647 1412 2686 vasana
1440 2632 1629 2697 leonis,

590 2714 647 2769 In
678 2718 939 2785 pecudqu
968 2719 1104 2773 saltu
1128 2722 1426 2788 penetravit
1454 2729 1603 2790 septa
1632 2722 1855 2786 volucri,

590 2804 657 2857 Et
684 2805 843 2860 dente
870 2816 1031 2875 atque
1058 2809 1193 2876 pede
1220 2811 1508 2873 exanimat,
1537 2811 1891 2880 cupidamque
1914 2814 2137 2868 vorandi

590 2894 667 2948 Ira
699 2894 889 2951 famem
916 2908 1150 2968 superat,
1182 2900 1308 2955 dum
1336 2910 1478 2955 meta
1505 2902 1706 2958 doloris
1734 2904 1914 2957 acerbi

588 2984 809 3055 Jamque
835 2990 1023 3044 ovibus
1054 3006 1248 3046 vacuas
1272 2992 1509 3048 effecerit
1537 2993 1722 3047 ultima
1750 2995 1950 3048 caulas.

588 3078 738 3132 lIaud
767 3095 922 3134 secus
950 3081 1039 3135 ille
1063 3082 1227 3136 duces
1253 3098 1442 3138 somno
1484 3085 1716 3152 vinoque
1744 3084 1985 3154 sepultos

588 3167 1004 3236 Sternentesque
1032 3170 1227 3223 Abram
1254 3173 1480 3240 populos
1498 3214 1513 3239 ,
1544 3188 1804 3242 regesque
1834 3172 2083 3236 trucidat,

594 3253 683 3306 Sic
713 3264 891 3308 tamen
920 3265 977 3308 ut
1006 3258 1182 3310 nullus
1209 3260 1500 3313 confundat
1526 3270 1700 3315 castra
1731 3263 2004 3315 tumultus.

589 3342 757 3396 Nemo
784 3344 1006 3408 gradum
1036 3348 1228 3409 sentit,
1259 3347 1359 3401 nisi
1384 3365 1541 3417 quem
1572 3366 1721 3403 mens
1749 3350 1929 3404 deficit
1955 3358 2010 3405 et
2036 3366 2161 3417 vox,

589 3428 755 3485 Nemo
780 3448 971 3487 sonum
998 3435 1177 3499 caedis,
1209 3437 1310 3489 nisi
1337 3452 1495 3505 quem
1524 3454 1669 3493 mors
1693 3440 1911 3502 excitat,
1936 3441 2084 3494 audit
2108 3459 2121 3494 :

588 3520 856 3589 Sanguine
881 3532 1073 3578 cuneta
1103 3526 1319 3580 madent
1344 3544 1357 3579 :
1385 3527 1528 3582 sicco
1558 3529 1798 3584 resoluta
1827 3544 2021 3583 sereno

587 3607 766 3666 Tellus
795 3614 916 3667 tabe
941 3614 1079 3678 coit,
1109 3627 1457 3685 gressumque
1484 3627 1729 3673 morante
1758 3633 1952 3673 cruore

587 3699 815 3757 Lubrica
843 3705 1108 3772 stagnanti
1136 3705 1367 3759 titubant
1393 3708 1613 3775 vestigia
1636 3723 1848 3777 campo.

586 3789 693 3846 Nec
723 3800 897 3848 tamen
924 3810 1084 3849 omne
1108 3795 1350 3850 animans
1375 3797 1563 3864 gladiis
1590 3799 1859 3853 occumbit
1884 3798 2104 3868 apertis,

585 3880 879 3937 Servantur
903 3886 1097 3953 praedae
1121 3903 1133 3938 :
1172 3892 1321 3940 tanta
1346 3895 1427 3941 est
1454 3888 1754 3943 moderatio
1779 3888 1909 3956 justi

589 3973 834 4038 Victoris,
867 3976 1100 4044 reliquos
1123 3979 1322 4046 sparsit
1349 3978 1470 4046 fuga
1497 3981 1685 4047 turpis,
1719 3990 1774 4035 et
1801 3996 1958 4049 agros

588 4058 766 4130 Usque
795 4064 1153 4120 Damascenos
1178 4067 1383 4121 instans
1411 4067 1637 4121 formido
1665 4080 1846 4124 secuta
1875 4082 1977 4126 est.

587 4154 654 4206 At
677 4154 849 4207 victor
876 4155 1007 4207 tanti
1028 4155 1101 4207 nil
1131 4163 1308 4209 motus
1337 4156 1493 4210 laude
1521 4158 1800 4227 triumphi,

587 4236 726 4295 Inter
748 4256 952 4310 equos,
994 4242 1365 4313 pecudumque
1406 4259 1594 4315 greges
1617 4287 1633 4313 ,
1679 4249 2041 4321 populumque
2069 4268 2156 4308 re-

1806 4339 1827 4411 [
1848 4351 2083 4410 ceptum,

589 4426 691 4474 Aut
712 4426 945 4488 captum,
977 4433 1241 4491 gazasque
1271 4424 1450 4489 (avido
1478 4441 1596 4495 qure
1618 4428 1858 4496 pondere
1885 4432 2059 4486 vietos

587 4510 931 4579 Victoresque
956 4513 1207 4585 movent)
1238 4514 1314 4568 nil
1339 4531 1557 4585 prorsus
1586 4520 1835 4588 concupit
1862 4520 2053 4575 horum

586 4600 891 4669 Magniﬁeus
915 4620 927 4656 :
957 4602 1055 4658 sed
1081 4606 1223 4659 enim
1249 4614 1395 4660 tanta
1424 4608 1563 4662 inter
1590 4610 1780 4676 gaudia
1810 4611 1974 4675 mitis,

587 4689 648 4744 Et
676 4692 854 4746 varios
879 4691 1154 4748 hominum
1186 4702 1402 4765 reputat
1427 4699 1525 4751 sub
1556 4706 1775 4766 pectore
1800 4714 1975 4766 casus,

582 4777 777 4833 Omnes
806 4782 1024 4836 omnino
1050 4784 1276 4852 pnedas,
1307 4793 1363 4839 et
1398 4787 1613 4854 praemia
1641 4789 1765 4843 belli
1846 4782 1859 4789 ’

584 4869 814 4939 Direptis
840 4873 1035 4941 passim
1055 4875 1286 4945 populis,
1315 4876 1536 4944 regique
1562 4889 1834 4934 reservat:

584 4959 696 5014 Non
721 4961 821 5015 sibi
848 4977 907 5017 se
934 4977 1196 5033 pugnasse
1224 4965 1444 5031 docens,
1478 4966 1739 5024 decimam
1773 4981 1952 5027 tamen
1973 4972 2130 5029 oil'ert

583 5050 835 5108 Ilostibus
862 5069 1115 5120 excussa,
1153 5071 1272 5125 qua:
1295 5074 1424 5112 vera
1446 5069 1528 5114 est
1555 5061 1748 5127 h0stia,
1782 5064 1974 5131 prtedaz

582 5141 993 5209 Melchisedech,
1024 5146 1312 5214 vinumque
1339 5156 1393 5201 et
1415 5164 1605 5217 panem
1633 5152 1703 5205 ab
1726 5153 1873 5209 caede
1900 5169 2117 5210 reverso

581 5232 878 5300 Obtulerat,
908 5249 1003 5288 rex
1032 5235 1119 5289 ille
1146 5234 1344 5304 Salem,
1374 5240 1463 5306 qui
1493 5255 1713 5295 munere
1744 5243 1835 5297 tali

579 5322 798 5393 Mystiea
828 5325 1083 5392 prmmisit
1109 5327 1300 5380 summi
1327 5328 1575 5385 libamina
1599 5330 1796 5386 Christi
1822 5351 1835 5386 :

579 5414 740 5481 Cujus
767 5413 833 5468 de
858 5416 1103 5470 manibus
1128 5432 1343 5472 sumens
1371 5417 1606 5474 Ecclesia
1637 5437 1834 5491 corpus

579 5502 855 5559 Viviﬁcum
884 5520 1094 5574 panem,
1134 5508 1338 5562 ecelesti
1364 5517 1496 5578 pota
1524 5526 1717 5564 cruore
1737 5521 1838 5565 est.

578 5591 645 5644 At
668 5608 796 5647 vero
825 5594 1003 5649 hostili
1028 5596 1340 5651 redeuntem
1369 5614 1399 5652 e
1424 5597 1607 5652 funere
1637 5600 1834 5655 lassqu

577 5679 926 5749 Omnipotens
953 5687 1129 5742 verbis
1153 5688 1357 5744 solatur
1383 5690 1575 5745 talibus
1602 5691 1817 5747 Abram.

1948 265 2050 319 CL.
2096 264 2163 317 Μ.
2206 263 2519 319 VICTORIS

3742 264 3837 320 BM

2344 375 2779 445 Quandoquidem
2808 375 2967 429 nullis
2992 374 3243 445 cupidum
3271 382 3323 429 te
3346 374 3529 445 praeda
3556 376 3771 445 subegit

2269 467 2557 530 Illecebris,
2590 466 2821 536 pretium
2852 464 2993 531 fidei,
3024 480 3336 536 mercesque
3362 466 3608 520 laborum

2266 562 2471 618 Mecum
2500 564 2657 633 plena
2679 564 2774 617 tibi
2812 572 2913 627 est,
2943 572 3101 632 teque
3124 571 3181 619 et
3207 570 3295 617 tua
3322 572 3515 619 cuncta
3545 565 3747 620 tuebor

2265 652 2473 708 Ilzcredi
2503 655 2765 709 servanda
2796 662 2913 719 tuo,
2948 668 3105 721 quem
3134 652 3372 719 germine
3399 667 3522 708 sero

2266 741 2629 811 Progenitum,
2656 757 2810 811 mage
2837 742 3007 797 multo
3033 742 3196 797 etiam
3224 742 3343 811 pius
3370 750 3559 797 auctor
3582 740 3812 795 amabis.

2264 833 2349 889 Nil
2371 842 2454 888 est
2475 835 2618 903 quod
2646 844 2855 888 metuas
2879 851 2893 885 :
2925 833 3097 887 haeres
3123 841 3244 887 tuus
3270 832 3359 887 ille
3386 832 3685 887 Damascus

2266 923 2336 978 Ut
2357 925 2486 989 fuat,
2513 925 2625 994 ipse
2653 934 2745 979 tuo
2765 938 2953 978 cernes
2980 923 3047 978 de
3074 924 3277 978 semine
3307 933 3512 988 natum,

2266 1014 2534 1069 Accendat
2562 1014 2712 1082 cujus
2737 1013 2940 1082 patrios
2966 1012 3187 1067 infantia
3213 1028 3423 1069 sensus.

2265 1104 2484 1174 Suspice
2508 1120 2808 1159 connexum
2832 1120 2990 1174 quam
3014 1105 3181 1160 denso
3210 1105 3409 1158 lumine
3437 1104 3639 1159 ctelum

2265 1195 2412 1248 Picta
2446 1205 2606 1250 nocte
2632 1197 2831 1261 micat,
2864 1196 3079 1266 quantis
3103 1203 3355 1263 congesta
3381 1202 3697 1263 premantur

2264 1284 2448 1339 Sidera
2473 1285 2753 1350 sideribus,
2784 1301 3063 1340 numerum
3087 1299 3207 1355 qua:
3237 1284 3447 1352 objecta
3470 1294 3761 1342 recusent:

2265 1373 2494 1429 Seminis
2520 1375 2625 1429 hoc
2653 1376 2929 1444 exemplar
2954 1375 3143 1441 habes,
3168 1373 3456 1443 stirpisque
3485 1372 3686 1429 futura:

2265 1462 2571 1533 Multiplicis
2593 1462 2837 1518 formam.
2872 1463 2959 1519 Sic
2986 1463 3143 1527 fatus,
3171 1464 3286 1517 linit
3310 1481 3321 1515 :
3346 1472 3400 1516 at
3427 1463 3518 1517 ille

2264 1552 2521 1618 Credidit,
2546 1562 2601 1607 et
2624 1553 2781 1608 nuda:
2808 1554 2931 1609 fidei
2965 1555 3248 1609 consensio
3274 1554 3389 1609 sola

2266 1643 2484 1698 Plenam
2512 1642 2580 1696 ad
2599 1642 2815 1710 justitia:
2840 1651 2895 1698 et
2922 1644 3098 1698 meriti
3126 1651 3372 1713 reputata
3399 1657 3659 1697 coronam
3686 1650 3785 1697 est.

2197 1725 2241 1784 Β
2267 1731 2440 1800 Atque
2460 1731 2596 1786 adeo
2620 1732 2743 1787 hinc
2771 1733 2968 1787 Abram
2998 1740 3145 1787 tanta
3168 1733 3416 1788 mercede
3445 1732 3724 1799 docemur,

2268 1821 2464 1888 Quanti
2495 1822 2565 1876 sit
2592 1822 2768 1876 meriti
2802 1821 2979 1877 divina
3004 1822 3223 1877 credere
3250 1821 3449 1877 Verbo.

2275 1910 2529 1965 Demeriti
2557 1918 2743 1965 contra
2769 1911 2954 1980 quanti
2982 1927 3090 1967 non
3114 1910 3371 1967 credere:
3403 1922 3635 1980 namque
3664 1918 3723 1965 ut

2266 2002 2522 2063 Credidit,
2552 2003 2655 2058 hac
2682 2019 2894 2059 rursum
2920 2003 3097 2058 divina
3126 2019 3258 2060 voce
3278 2013 3514 2059 meretur

2266 2091 2462 2157 Solari,
2485 2091 2836 2164 Omnipotens
2861 2095 2989 2150 dum
3017 2096 3195 2152 verbis
3221 2096 3410 2166 incipit
3436 2097 3553 2152 istis
3579 2115 3592 2151 :

2334 2182 2426 2236 Ille
2454 2195 2554 2249 ego
2580 2198 2696 2238 sum
2725 2184 2865 2239 Deus
2892 2200 2957 2241 ac
2986 2185 3260 2252 Dominus,
3287 2187 3379 2256 qui
3410 2194 3567 2256 teque
3606 2194 3823 2251 tuosque

2266 2270 2510 2325 Chaldaca
2536 2272 2605 2327 de
2631 2281 2791 2341 gente
2813 2274 2930 2340 tuli,
2959 2275 3281 2347 tandemque
3303 2279 3541 2346 paternis

2266 2359 2559 2432 Exceptum
2578 2364 2724 2422 Vitiis
2742 2406 2758 2431 ,
2789 2373 2931 2421 terra
2961 2367 3181 2422 meliore
3204 2369 3408 2434 locavi,

2267 2451 2336 2508 Ut
2362 2452 2428 2508 de
2450 2462 2503 2508 te
2529 2453 2740 2521 genitus
2760 2456 2987 2525 populus
3007 2473 3159 2513 meus
3183 2473 3307 2513 arva
3336 2460 3492 2514 beata

2263 2539 2488 2608 Incolat,
2516 2551 2571 2595 et
2598 2542 2792 2597 seriem
2817 2543 2973 2612 longe
3001 2545 3214 2614 lateque
3233 2555 3510 2617 propaget,

2264 2630 2519 2685 Gentibus
2543 2632 2796 2699 ekpulsis,
2836 2647 2972 2701 quas
3000 2634 3139 2689 [dido
3166 2650 3350 2692 errore
3377 2646 3659 2708 parentum

2264 2718 2564 2788 Sacrilegos
2591 2721 2727 2775 ritus
2751 2720 2876 2777 olim
2900 2721 3075 2778 fecere
3097 2724 3325 2793 profani.

2263 2807 2418 2874 Quod
2446 2813 2852 2867 cunctabundus
2879 2813 3100 2869 nimium
3128 2817 3253 2886 quia
3279 2818 3497 2874 credere
3520 2819 3720 2889 ὤσει-ε,

2264 2896 2499 2953 Trimam
2529 2914 2679 2955 sume
2701 2901 2828 2955 mihi
2851 2909 3001 2956 torva
3020 2902 3131 2972 jam
3152 2903 3327 2960 fronte
3346 2906 3656 2975 iuvencam,

2261 2986 2394 3044 Cum
2421 3006 2525 3058 qua
2555 3006 2653 3060 par
2679 2994 2832 3049 annis
2854 2993 3049 3050 blando
3073 3008 3234 3064 grege
3262 2997 3399 3053 lecta
3429 3001 3657 3069 capella,

2188 3077 2233 3139 C
2266 3077 2658 3150 Aiquazvusque
2684 3082 2825 3136 aries
2847 3092 3031 3138 nostro
3054 3089 3322 3140 mactetur
3348 3086 3559 3155 honori,

2266 3166 2423 3223 Casta
2451 3184 2665 3239 quoque
2692 3172 2940 3229 humanae
2967 3182 3141 3230 turtur
3171 3174 3453 3244 conjuncta
3480 3179 3756 3236 columbae.

2265 3260 2332 3312 At
2360 3276 2491 3315 vero
2519 3262 2792 3317 volucrum
2823 3278 2928 3318 non
2956 3266 3153 3321 Sentiat
3178 3267 3353 3321 hostia
3378 3268 3595 3333 ferrum,

2264 3348 2490 3404 Tantum
2522 3352 2661 3406 inter
2686 3353 2889 3409 medias
2916 3355 3149 3423 pecudes
3172 3356 3469 3414 discindere
3490 3376 3615 3416 cura
3635 3400 3653 3425 ,

2263 3436 2405 3504 Quas
2426 3441 2503 3495 sic
2525 3441 2763 3497 diductas
2791 3444 3003 3500 mundis
3023 3445 3334 3515 distinguito
3355 3451 3557 3513 arenis,

2263 3527 2332 3581 Ut
2358 3531 2612 3585 membris
2640 3540 2830 3586 coeant
2853 3533 3169 3592 altrinsecus
3186 3537 3377 3592 :emula
3404 3541 3662 3598 membra.

2262 3618 2434 3685 Dixit,
2466 3629 2523 3675 at
2551 3621 2639 3677 ille
2666 3622 2761 3677 Dei
2789 3625 3024 3682 monitus
3044 3642 3263 3684 servare
3290 3629 3518 3686 libenter

2261 3706 2539 3776 Assuetus,
2570 3712 2760 3781 raptim
2787 3724 3041 3784 praperat
3065 3718 3314 3773 mandata
3337 3728 3552 3789 patrare
3577 3740 3589 3774 :

2260 3796 2367 3852 Sed
2393 3814 2512 3853 eum
2541 3801 2873 3871 dispositam,
2905 3818 3012 3872 quo
3034 3804 3270 3872 jusserat
3293 3808 3498 3874 ordine,
3532 3817 3684 3864 teme

2260 3888 2545 3945 Stravisset
2573 3894 2792 3959 s‘eriem,
2825 3895 3002 3951 subito
3030 3912 3218 3953 manus
3240 3899 3437 3967 ingruit
3464 3910 3582 3957 atra

2260 3978 2684 4048 Importunarum
2712 3984 2943 4052 praedam
2972 3986 3228 4041 insectata
3256 3989 3551 4055 volucrum,

2260 4070 2388 4136 Quae
2410 4087 2476 4125 ne
2498 4080 2750 4141 contactu
2775 4074 3041 4130 violarent
3060 4090 3214 4131 sacra
3236 4079 3484 4148 profano,

2262 4159 2508 4229 Undique.
2528 4163 2788 4219 sollicitus
2810 4174 2982 4233 cavet,
3013 4175 3067 4222 et
3085 4168 3444 4239 circumspicit
3470 4172 3685 4227 Abram.

2261 4249 2365 4305 Sed
2393 4267 2514 4306 eum
2543 4259 2707 4321 opere
2732 4255 3015 4309 attonitum
3046 4266 3218 4325 tanto,
3247 4274 3346 4313 nec
3378 4262 3492 4315 sole
3509 4261 3750 4330 cadente,

2260 4340 2512 4395 Vinceret
2538 4342 2695 4396 oﬂicii
2721 4343 2891 4398 moles
2921 4353 3027 4399 tam
3054 4360 3245 4415 magna
3271 4352 3470 4420 recepti
3496 4390 3512 4415 ,

2179 4427 2232 4488 D
2256 4428 2394 4485 Ecce
2420 4432 2571 4499 niger
2597 4441 2788 4498 terror,
2822 4442 3023 4490 tremor
3044 4436 3310 4504 horridus,
3338 4449 3394 4494 et
3414 4455 3578 4510 sopor
3596 4443 3751 4496 intrat

2264 4517 2455 4573 Nuntia
2476 4520 2621 4589 jussa
2643 4522 2835 4589 ferens,
2868 4533 3195 4595 venturaque
3217 4530 3408 4585 sazcula
3431 4531 3679 4587 formans.

2262 4606 2462 4674 Credo,
2495 4610 2772 4666 videbatur
2796 4619 3005 4680 septum
3032 4615 3131 4669 sibi
3159 4632 3383 4674 cernere
3406 4619 3581 4676 Nilum

2266 4698 2465 4755 Ebrzeze
2493 4704 2666 4769 gentis
2691 4704 2917 4773 populo,
2947 4722 3203 4776 serosque
3229 4723 3472 4780 nepotes,

2221 4795 2225 4800 ’
2263 4788 2612 4861 Ingentesque
2638 4810 2795 4863 supra
2821 4812 3100 4852 numerum
3128 4814 3454 4868 cognoscere
3485 4804 3695 4859 turbas:

2264 4880 2387 4935 Inde
2414 4891 2589 4938 truces
2614 4893 2806 4951 motus,
2836 4886 3171 4958 deductaque
3193 4900 3371 4946 castra
3393 4909 3629 4962 suorum,

2258 4968 2647 5026 Transmissum
2677 4975 2894 5042 pelagus
2912 4977 3058 5030 sicco
3079 4977 3233 5045 pede,
3255 4994 3433 5036 mersa
3459 4981 3711 5050 profundo

2256 5068 2500 5136 Agmina,
2531 5071 2857 5140 naufragium
2889 5075 3031 5129 rndla
3056 5091 3176 5131 cum
3205 5078 3377 5133 classe
3402 5090 3661 5149 secutum,

2256 5156 2584 5227 Ereptosque
2611 5162 2743 5215 mari
2768 5161 3001 5229 Ebrazos,
3024 5164 3216 5222 dehinc
3245 5176 3357 5222 tota
3379 5170 3548 5225 beata:

2257 5245 2438 5314 Regna
2468 5247 2762 5305 Palaestinae
2792 5254 2988 5322 populo
3017 5251 3252 5323 patuiSse
3280 5275 3519 5315 reverso.

2329 5336 2544 5395 Talibus
2572 5343 2800 5396 attonito
2830 5345 2954 5398 visis
2981 5360 3088 5399 non
3118 5347 3287 5402 deluit
3310 5350 3485 5405 almus

2255 5426 2522 5496 lnterpres
2549 5446 2560 5481 :
2590 5427 2871 5486 Pramosee
2897 5442 3036 5497 tuos,
3061 5434 3411 5506 sobolemque
3446 5447 3673 5503 tuorum,

2256 5518 2448 5585 lnquit,
2473 5518 2523 5571 iu
2546 5522 2781 5574 externis
2810 5536 2905 5590 per
2932 5524 3123 5578 saaeula
3145 5536 3400 5593 quattuor
3429 5531 3569 5597 agris

2255 5609 2436 5662 Niliaci
2469 5609 2607 5665 illius
2630 5628 2901 5667 sensuram
2929 5614 3041 5667 dira
3064 5619 3276 5684 tyranni

2252 5700 2474 5766 Imperia
2501 5718 2515 5764 ;
2538 5709 2593 5755 at
2613 5716 2732 5756 cum
2765 5711 2841 5756 tot
2868 5706 3145 5773 peregrina
3175 5710 3471 5779 expleverit
3498 5726 3679 5771 annos.
