4054 6182
308 280 411 338 965

307 391 539 463 Ser-vitio
566 388 786 459 eripiam
803 428 818 454 ,
859 396 1178 455 gentemque
1203 384 1433 439 ulciscar
1461 383 1694 452 iniquam
1718 424 1733 447 ,

306 482 376 535 Et
399 481 615 535 reddam
643 479 816 541 terris,
841 475 1037 530 blando
1065 487 1199 543 quas
1224 473 1432 541 gurgite
1453 471 1675 539 cingunt

308 571 460 625 Nilus
486 576 540 623 et
558 566 876 636 Euphrates.
913 563 1020 618 Sed
1046 578 1165 618 cum
1193 569 1419 632 peccata
1449 569 1734 615 nocentum

307 661 494 717 Gentis
522 657 843 712 Amorrhaeaa
880 655 1170 725 populique
1197 654 1312 708 haec
1340 666 1502 720 regna
1535 652 1765 706 tenentis

309 747 588 817 Explerint
614 758 875 800 summam
904 743 1184 807 scelerum,
1221 741 1474 811 dignique
1501 740 1740 810 paternis

308 836 537 892 Sedibus
564 834 759 904 expelli
786 832 1017 896 fuerint,
1057 840 1293 885 attamen
1324 838 1449 883 ante

313 925 579 993 Longmvo
605 924 731 978 felix
759 921 1026 977 decedens
1053 921 1222 974 limite
1241 920 1389 983 vitae,

316 1015 559 1075 Ploratas
586 1013 727 1068 natis
754 1027 873 1067 cum
898 1025 1033 1080 pace
1052 1018 1108 1064 et
1133 1023 1355 1063 munere
1376 1016 1564 1061 nostro

314 1106 393 1159 Ad
418 1112 635 1158 sanctos
661 1102 912 1171 migrabit
935 1115 1085 1155 avos.
1123 1099 1213 1154 Sic
1239 1100 1398 1164 fatus,
1422 1107 1477 1152 et
1503 1098 1614 1151 alto

313 1192 448 1247 Cum
473 1191 582 1261 jam
610 1207 715 1245 nox
746 1191 905 1245 terris
932 1189 1127 1243 densas
1152 1188 1427 1243 induceret
1450 1187 1687 1252 umbras,

315 1283 539 1350 Signum
569 1296 600 1336 e
626 1288 810 1335 monte
834 1278 1018 1334 dedit:
1052 1277 1335 1333 confestim
1365 1278 1571 1331 fumeus
1592 1276 1713 1331 istic

316 1374 553 1444 Apparet
579 1372 840 1433 clibanus,
863 1370 1175 1439 lampasque
1204 1368 1367 1437 ignita
1394 1367 1602 1423 videtur
1626 1383 1641 1432 ;

318 1462 456 1515 Tum
483 1476 664 1516 sacras
690 1460 893 1529 epulas,
920 1458 1261 1526 mediumque
1288 1458 1496 1511 invecta
1526 1464 1792 1526 paratum,

321 1551 584 1622 Prmcipiti
611 1567 768 1606 cursu
792 1550 1031 1605 delibans
1059 1547 1272 1603 flamma
1305 1548 1534 1602 voravit.

390 1639 598 1695 interea
618 1646 799 1694 certus
819 1639 988 1705 regni,
1016 1638 1288 1707 prolisque
1313 1635 1522 1700 futurze,

320 1730 513 1785 Munus
538 1729 685 1783 adire
708 1727 876 1796 patris
901 1728 1049 1796 cupit
1074 1728 1271 1782 Abram
1296 1744 1309 1779 :
1338 1735 1485 1782 casta
1513 1725 1608 1780 sed
1634 1739 1769 1779 uxor

324 1820 520 1875 Abnuit
544 1818 805 1883 oﬂicium,
836 1816 979 1884 quod
1008 1818 1221 1871 inanem
1248 1815 1407 1871 effeta
1435 1824 1682 1871 senectus

324 1910 548 1979 Jamque
574 1919 785 1966 uterum
810 1910 912 1966 sibi
942 1909 1194 1973 fecisset;
1224 1909 1320 1963 sed
1349 1908 1504 1962 dulce
1532 1907 1714 1962 mariti

244 2037 265 2060 ο
326 2000 523 2070 Pignus
550 2014 807 2070 spemque
832 2014 1026 2055 novam
1048 2012 1368 2067 quacunque
1388 2013 1455 2052 ex
1482 1998 1673 2068 pellice
1700 1998 1873 2055 fusam

325 2090 454 2147 Esse
480 2107 629 2147 suam
657 2091 900 2157 credens,
929 2090 1182 2144 famulam
1212 2090 1318 2162 (cui
1334 2090 1517 2158 junior
1537 2098 1688 2156 satas,

326 2180 470 2249 Agar
496 2194 693 2235 nomen
720 2187 855 2245 erat,
888 2178 1047 2233 tellus
1073 2178 1301 2233 Nilotica
1323 2179 1495 2250 origo)

327 2272 594 2343 Subrogat
629 2274 685 2328 in
725 2272 987 2329 thalamos
1007 2312 1023 2338 ,
1082 2273 1439 2344 precibusque
1482 2286 1737 2343 aggressa
1785 2288 1903 2328 ma-

1673 2363 1833 2417 ritum

328 2450 521 2507 Servili
546 2466 729 2506 semen
750 2451 1078 2508 concredere
1106 2451 1340 2521 perpulit
1368 2451 1511 2506 alvo.
1633 2364 1649 2435 ι

334 2543 476 2599 Proh
505 2543 699 2599 servile
720 2541 868 2599 nefas
892 2544 904 2596 !
939 2551 998 2598 ut
1026 2543 1257 2613 primum
1283 2543 1463 2597 vivere
1490 2542 1658 2597 sensit

332 2631 477 2700 Agar
502 2632 701 2685 ventris
728 2647 890 2699 onus,
919 2631 1058 2686 fastu
1087 2630 1373 2686 tumefacta
1401 2632 1659 2700 superbo,

331 2720 588 2793 Despexit
610 2721 900 2785 dominam,
932 2730 987 2777 et
1011 2721 1282 2775 dominam
1310 2721 1395 2775 cui
1421 2721 1609 2776 matris
1636 2734 1877 2775 amorem

330 2812 572 2867 Debebat
598 2825 941 2879 causamque,
974 2811 1057 2864 sui
1086 2810 1283 2864 furiosa
1314 2811 1559 2865 tumoris.

334 2904 502 2958 Recte
529 2902 688 2971 igitur
714 2900 891 2969 ﬂagris
914 2900 1052 2955 hanc
1077 2901 1158 2954 vir
1179 2899 1505 2968 justissimus
1532 2898 1733 2954 Abram

334 2992 587 3062 Coniugis
613 2991 848 3046 addixit:
880 3004 1107 3057 quorum
1132 2990 1299 3056 magis
1325 2996 1444 3043 acta
1470 2988 1693 3057 pudore,

336 3084 393 3138 In
422 3085 633 3139 deserta
661 3082 849 3152 procul
876 3090 1193 3150 secretaque
1230 3082 1398 3137 lustra
1425 3080 1663 3135 ferarum

336 3175 565 3228 Abditur
584 3174 880 3242 indignans,
910 3187 1071 3241 quam
1098 3172 1248 3227 exsul
1277 3186 1378 3227 nec
1403 3186 1657 3241 spernere
1686 3180 1883 3226 cessat.

341 3264 451 3320 Sed
474 3279 684 3320 rursum
708 3264 966 3332 obsequio
992 3264 1207 3333 privans
1225 3264 1367 3331 quod
1387 3262 1571 3317 debuit
1595 3263 1739 3317 illam

339 3355 647 3412 Contemnit
672 3368 779 3422 quo
802 3368 952 3408 more
980 3362 1177 3423 potest,
1209 3352 1515 3420 mavultque
1541 3352 1741 3422 pericla

340 3445 581 3499 Desertae
603 3443 842 3513 perferre
867 3443 968 3496 via:
992 3460 1004 3495 :
1040 3443 1095 3497 ni
1123 3443 1315 3497 missus
1342 3442 1559 3513 olympo
1619 3447 1625 3455 '

343 3534 580 3603 Angelus
606 3540 883 3598 occurrat,
922 3531 1279 3601 famulamque
1300 3532 1367 3587 ad
1395 3533 1619 3602 pristina
1646 3546 1771 3586 rura

344 3624 614 3679 Restituat
638 3621 753 3676 miti
781 3621 1029 3688 dominae,
1057 3621 1358 3690 blandoque
1386 3622 1651 3676 refectam

344 3714 569 3768 Hortatu
592 3713 782 3767 melius
800 3711 988 3780 jubeat
1010 3726 1228 3781 sperare
1253 3727 1546 3778 reversam,

345 3805 413 3859 Et
443 3819 636 3858 nomen
664 3803 776 3857 nati
802 3803 1013 3867 doceat,
1043 3816 1327 3871 moresque
1353 3817 1669 3872 manusque,

346 3894 764 3960 Innumerasque
789 3905 975 3960 greges
1003 3891 1095 3945 tali
1121 3891 1187 3945 de
1211 3892 1380 3961 stirpe
1404 3892 1631 3947 futuros.

347 3983 469 4050 Quo
501 3985 707 4052 majore
731 3981 870 4036 redit
890 3990 1018 4036 voto
1041 3982 1151 4050 jam
1172 3991 1319 4037 certa
1347 3981 1530 4047 futuri,

348 4073 413 4127 Et
441 4081 595 4143 partu
618 4073 893 4128 dominum
914 4071 1039 4126 fecit
1063 4073 1211 4141 prior
1237 4074 1350 4141 ipsa
1372 4072 1671 4129 Parentem.

348 4166 485 4221 Cum
511 4164 620 4233 jam
649 4164 859 4219 decursi
886 4165 1072 4233 spatiis
1092 4164 1333 4220 felicibus
1359 4166 1457 4219 :evi

349 4256 527 4324 Supra
554 4253 823 4322 octoginta
852 4254 934 4308 bis
961 4262 1145 4308 ternos
1172 4254 1447 4310 clauderet
1474 4269 1674 4319 annos,

351 4345 435 4399 Ad
460 4346 560 4399 bos
586 4344 827 4399 bissenas
852 4358 971 4397 cum
995 4343 1170 4412 justus
1194 4351 1251 4397 et
1278 4344 1496 4413 insuper
1524 4359 1683 4397 unam

353 4433 590 4489 Adderet
613 4440 829 4486 :estates
850 4473 867 4496 ,
897 4433 1057 4487 solito
1078 4434 1219 4487 hunc
1244 4447 1455 4487 rursum
1488 4431 1647 4487 Pater
1675 4433 1847 4487 almus

358 4524 609 4592 Alloquio
634 4522 882 4592 dignatus
903 4523 1034 4589 adit,
1059 4523 1318 4591 jussitque
1346 4531 1620 4579 senectam

359 4616 564 4669 Ducere
591 4613 800 4668 felicem
821 4651 839 4678 ,
867 4614 1023 4667 simul
1050 4623 1106 4668 et
1130 4615 1390 4682 promissa
1419 4614 1666 4681 revolvit,

356 4703 426 4757 Et
445 4718 566 4759 cum
593 4702 893 4758 mercedem
922 4712 1197 4771 exspectet
1222 4742 1237 4767 ,
1266 4711 1378 4757 tum
1398 4719 1627 4774 corpore
1657 4720 1830 4774 prono

358 4796 561 4851 Abram
588 4795 899 4865 suppliciter
928 4795 1210 4850 Dominum
1247 4805 1545 4866 prostratus
1577 4798 1786 4853 adorat.

358 4889 404 4941 A
428 4902 537 4956 quo
565 4902 692 4941 mox
715 4885 865 4940 audit
892 4887 1097 4941 firmata
1125 4902 1257 4942 voce
1280 4887 1514 4943 futurum

359 4976 432 5030 Se
461 4983 667 5044 patrem
688 4975 979 5029 innumera:
1003 4977 1195 5042 gentis,
1229 4977 1440 5045 lateque
1463 4980 1718 5046 patentis,

359 5064 426 5120 Et
453 5064 604 5133 cujus
626 5064 843 5118 veniant
868 5065 1029 5119 etiam
1058 5067 1125 5120 de
1144 5068 1346 5120 semine
1371 5081 1543 5135 reges.

360 5156 478 5211 Hoc
506 5164 682 5210 tamen
713 5170 743 5209 a
770 5153 989 5225 reliquis
1012 5155 1193 5224 jussus
1219 5157 1523 5214 discernere
1550 5160 1703 5227 signo

361 5246 606 5300 Ebrmam
634 5254 845 5313 gentem
868 5246 1099 5315 populis,
1129 5256 1188 5300 ut
1212 5258 1401 5317 sponte
1429 5260 1633 5305 resecta

362 5338 539 5391 Carne
566 5350 895 5406 supervacua
925 5351 983 5391 se
1008 5338 1367 5404 circumcidat,
1398 5347 1451 5393 et
1472 5355 1684 5395 omnem

362 5428 618 5483 Mascnlei
643 5442 803 5482 sexus
830 5436 1254 5497 prteseutemque
1283 5438 1444 5497 atque
1472 5428 1700 5484 futuram

366 5516 682 5585 Progeniem
708 5554 723 5577 ,
750 5516 926 5585 jussus
953 5532 1148 5587 pueros
1175 5531 1205 5570 a
1234 5527 1405 5572 matre
1431 5529 1691 5582 recentes,

367 5606 545 5673 Atque
572 5606 735 5660 rudes
761 5606 914 5671 vitae,
944 5607 1069 5660 dum
1098 5621 1249 5662 mens
1279 5608 1457 5675 ignara
1484 5608 1697 5663 dolendi
1727 5618 1826 5673 est,

370 5695 641 5764 Prmputio
669 5704 881 5761 exutos,
914 5706 1101 5751 octava
1133 5698 1249 5752 luce
1274 5712 1503 5751 sacrare.

1250 268 1891 329 COMMENTARIORUM
1929 267 1996 325 IN
2034 264 2316 325 GENESIN
2375 264 2501 321 LIB.
2542 263 2628 320 Ill.

3441 257 3545 313 966

1901 386 1951 443 Α
1980 381 2131 449 Quod
2163 382 2255 449 qui
2280 387 2391 433 tam
2418 385 2665 433 sanctum
2691 388 3034 444 corrumpere
3060 380 3439 429 testamentum

1980 471 2233 534 Auderet,
2263 483 2479 523 cessans
2506 467 2610 535 legi
2640 465 2896 520 inservire
2923 474 3154 532 rogatae,

1981 560 2233 614 Exhreres
2262 559 2414 613 fieret
2441 558 2588 626 regni
2617 557 2848 623 vitaeque
2873 555 3083 609 futurae.

2052 650 2121 703 At
2148 648 2304 703 simul
2332 654 2393 700 ut
2418 661 2549 702 vero
2577 646 2678 700 sibi
2707 644 2955 700 crederet
2983 652 3317 711 argumento,

1985 739 2246 793 Venturas
2274 737 2561 806 aliquando
2589 752 2687 791 suo
2713 736 2779 790 de
2804 736 3008 791 semine
3032 744 3221 805 gentes

1983 831 2312 897 Innumeras,
2340 843 2535 884 nomen
2562 828 2817 885 Dominus
2843 836 3137 883 commutat
3160 827 3407 896 utrique:

1986 921 2100 974 Non
2128 918 2279 973 Sarai
2305 918 2431 984 tibi,
2462 918 2555 983 ait,
2584 918 2677 971 sed
2709 917 2866 971 Sarra
2896 917 3172 973 vocabitur
3202 932 3372 980 uxor;

1988 1010 2054 1063 Et
2082 1019 2137 1064 tu
2160 1026 2266 1065 non
2295 1011 2512 1076 Abram,
2535 1008 2629 1061 sed
2656 1009 2872 1063 nomine
2897 1010 3093 1063 clarior
3117 1018 3276 1062 aucto

1989 1100 2236 1154 Ventura:
2265 1098 2533 1153 Abraham
2562 1105 2683 1166 post
2710 1097 2824 1151 haec
2852 1099 3156 1152 vocitabere
3184 1100 3350 1167 genti.

1987 1189 2140 1252 Quod
2168 1202 2452 1243 commune
2482 1187 2606 1241 ideo
2638 1188 2843 1241 tibimet
2873 1202 2994 1241 cum
3021 1189 3249 1256 conjuge
3276 1203 3399 1243 vera
3429 1198 3532 1259 est,

1990 1278 2243 1333 Promissi
2271 1279 2523 1346 quoniam
2556 1278 2707 1348 (nihil
2736 1285 2818 1332 est
2840 1293 2897 1331 re
2925 1278 3122 1333 certius
3151 1280 3274 1349 ista)

1989 1367 2158 1421 Mater
2184 1368 2287 1422 erit
2311 1367 2523 1437 generis
2540 1406 2556 1431 ,
2587 1376 2747 1435 teque
2773 1382 2969 1420 annum
2997 1367 3112 1421 sole
3138 1382 3385 1425 remenso

1991 1458 2118 1514 Esse
2144 1467 2352 1529 patrem
2382 1460 2560 1525 faciet,
2591 1461 2833 1529 quamvis
2854 1461 3071 1516 ridenda
3098 1465 3297 1530 putetis

1996 1549 2216 1603 Virtutis
2242 1550 2509 1618 promissa
2537 1564 2670 1603 mea:
2693 1592 2708 1616 ,
2740 1565 2841 1604 nec
2864 1559 3041 1605 vestra
3071 1561 3322 1609 senectus

1992 1635 2251 1706 lmpediet
2277 1638 2404 1706 quin
2434 1638 2599 1693 divini
2626 1640 2890 1693 sententia
2915 1639 3049 1707 juris

1931 1726 1971 1784 Β
2003 1727 2257 1783 ,λΕιρινιιοε
2284 1742 2496 1798 semper
2522 1738 2736 1785 maneat
2763 1729 2996 1783 stabilita
3026 1745 3122 1799 per
3148 1745 3337 1784 annos.

1998 1816 2104 1872 Sed
2136 1827 2312 1872 tamen
2342 1819 2611 1887 ignoscam
2639 1819 2839 1885 dubiis,
2875 1833 3152 1889 pueroque
3180 1821 3358 1873 futuro

2000 1909 2271 1979 imponam
2302 1926 2516 1976 nomen,
2548 1911 2691 1980 quod
2717 1912 2925 1981 culpam
2951 1912 3090 1965 hanc
3119 1919 3326 1979 arguat,
3354 1910 3506 1967 lsac:

1999 1999 2101 2068 Qui
2131 2001 2298 2056 nostri
2325 2001 2542 2056 indubie
2569 2011 2785 2056 servato
2814 2001 3014 2057 foedere
3043 2003 3185 2071 pacti

2001 2088 2181 2145 Haeres
2209 2100 2388 2161 certus
2415 2090 2536 2154 erit,
2567 2099 2758 2145 cuncta
2782 2106 2902 2145 cum
2932 2090 3099 2159 stirpe
3125 2105 3366 2144 suorum.

1999 2182 2109 2237 Nec
2136 2190 2316 2236 tamen
2343 2180 2552 2249 lsmael,
2583 2183 2723 2250 Agar
2747 2182 2814 2236 de
2841 2183 3044 2236 semine
3072 2191 3246 2247 natus,

2003 2270 2205 2341 Expers
2231 2272 2372 2327 dotis
2395 2272 2500 2326 erit
2521 2313 2536 2338 ,
2570 2279 2757 2327 nostro
2784 2287 2905 2326 nam
2933 2287 3155 2327 munere
3185 2272 3348 2327 fultus

2004 2361 2164 2415 Millia
2192 2363 2360 2415 multa
2386 2362 2560 2416 virum
2587 2362 2655 2417 de
2678 2377 2737 2417 se
2764 2370 2985 2418 ventura
3014 2369 3322 2431 potentum,

2004 2449 2234 2504 liissenis
2263 2451 2465 2520 pariter
2489 2450 2711 2505 ducibus
2738 2450 3007 2518 regnanda
3036 2450 3253 2505 creabit.

2080 2539 2221 2594 Dixit
2245 2556 2258 2592 :
2303 2548 2357 2594 at
2383 2540 2472 2595 ille
2499 2540 2685 2595 avidus
2708 2549 2921 2610 pactum
2951 2540 3253 2595 accelerare
3280 2548 3554 2609 receptum

2006 2627 2124 2682 Jam
2150 2636 2363 2683 centum
2394 2626 2612 2698 pulsans
2641 2644 2811 2684 annos
2830 2628 2940 2697 jam
2970 2630 3171 2698 pubere
3201 2639 3348 2696 nato,

2007 2719 2080 2773 Se
2108 2720 2342 2787 primum
2366 2727 2693 2787 gnatumque
2715 2734 2892 2786 suum,
2921 2728 3250 2787 cunctosque
3280 2720 3505 2773 clientes

2009 2812 2085 2865 Ac
2114 2810 2339 2865 famulos
2366 2826 2573 2877 omnes,
2604 2826 2711 2879 quo
2734 2812 2941 2880 jussum
2970 2820 3080 2875 est,
3111 2813 3358 2878 stigmate
3384 2812 3578 2879 signat,

2010 2903 2074 2958 Et
2101 2905 2354 2974 populum
2382 2904 2506 2959 facit
2533 2919 2651 2959 esse
2679 2920 2898 2969 novum,
2924 2905 3233 2971 fontemque
3259 2905 3490 2972 piorum,

2013 2991 2128 3047 Una
2157 2992 2451 3061 eademque
2480 2993 2586 3057 via,
2621 3001 2765 3046 tanta
2796 3001 2880 3047 est
2906 2993 3121 3047 devotio
3150 2993 3319 3060 legem

1935 3076 1979 3137 C
2014 3084 2311 3155 Accipiens,
2344 3084 2672 3154 explensque
2700 3083 2878 3138 ﬁdem.
2909 3083 3044 3149 Quid
3067 3099 3174 3138 non
3205 3091 3376 3137 meret
3402 3095 3532 3150 ergo

2011 3174 2143 3227 Tam
2170 3187 2403 3243 praesens
2429 3173 2697 3242 veloxque
2729 3173 2901 3227 fides?
2929 3189 3051 3227 nam
3073 3189 3179 3228 non
3209 3174 3369 3227 timor
3394 3173 3554 3239 istud,

2013 3263 2120 3319 Sed
2148 3263 2387 3318 sincerus
2414 3277 2588 3329 amor,
2626 3261 2914 3332 famulique
2935 3263 3183 3332 probatio
3214 3262 3340 3331 justi
3363 3271 3473 3325 est,

2014 3354 2303 3419 Quodlibet
2331 3352 2613 3422 imperium
2636 3352 2844 3422 placida
2868 3353 2945 3408 sic
2971 3360 3151 3407 mente
3171 3352 3368 3406 subire.

2019 3444 2170 3500 Unde
2200 3445 2365 3499 Deum
2396 3444 2496 3499 sibi
2524 3445 2821 3513 promeruit
2846 3461 2859 3495 :
2896 3459 3091 3513 nempe
3120 3453 3278 3499 antea
3310 3452 3515 3498 tantum

2018 3536 2203 3590 Audiri
2231 3536 2439 3601 solitus,
2472 3535 2722 3589 meritum
2748 3542 2870 3603 post
2898 3535 3006 3587 tale
3038 3536 3266 3588 ministri

2016 3627 2135 3681 Jam
2164 3628 2364 3696 patitur
2390 3627 2556 3690 cerni,
2584 3640 2811 3693 eumque
2840 3625 3131 3693 indignatio
3153 3625 3294 3694 justa

2021 3719 2261 3774 Ultorem
2286 3718 2545 3783 stimulet,
2578 3717 2833 3771 mortales
2855 3732 2965 3771 non
2996 3726 3171 3771 tamen
3195 3717 3284 3771 ille

2021 3811 2244 3879 Respuit
2269 3817 2550 3879 aspectus;
2583 3825 2704 3863 nam
2736 3825 2857 3863 cum
2886 3810 3140 3863 damnare
3168 3818 3383 3879 pararet

2020 3900 2256 3955 Crimina
2286 3910 2548 3955 terrarum
2574 3901 2907 3969 ﬂammisque
2945 3900 3160 3954 abolere
3189 3911 3442 3955 nocentes
3468 3920 3482 3952 -.

2025 3991 2128 4044 Aut
2152 4004 2358 4052 verum,
2391 3998 2485 4043 aut
2510 3989 2723 4059 qualem
2749 3996 2907 4043 norat
2927 4003 2987 4043 se
3014 4004 3173 4058 posse
3200 3989 3388 4053 videri,

2023 4083 2087 4137 Et
2108 4097 2300 4137 nomen
2325 4095 2717 4148 numerumque
2745 4080 3011 4135 Abraham
3041 4080 3274 4149 prodidit
3302 4080 3421 4150 ipsi.

2094 4173 2173 4227 llli
2203 4186 2432 4241 namque
2452 4170 2595 4226 domi
2615 4170 2853 4225 Mambre
2880 4171 2934 4224 in
2966 4171 3208 4225 convalle
3235 4170 3473 4233 sedenti,

2026 4263 2160 4319 Tres
2181 4263 2357 4317 subito
2384 4268 2644 4331 apparent
2671 4269 2892 4329 angusta
2918 4262 3036 4316 luce
3063 4262 3344 4316 micantes.

2030 4355 2295 4408 Abraham
2326 4354 2460 4407 tanti
2479 4352 2781 4407 stimulatus
2810 4352 3038 4419 imagine
3058 4353 3221 4416 visus,

1953 4435 2002 4494 D
2027 4445 2323 4507 Procurrit,
2349 4442 2739 4510 Dominamque
2766 4442 2882 4496 solo
2905 4450 3206 4511 prostratus
3226 4441 3433 4507 adorat,

2030 4533 2269 4600 Tresque
2298 4532 2460 4586 etiam
2489 4531 2710 4600 supplex
2739 4530 2907 4584 forma
2936 4539 3220 4583 veneratur
3247 4530 3298 4582 in
3325 4544 3428 4583 una
3457 4546 3471 4581 :

2029 4621 2160 4687 Quis
2188 4629 2246 4675 ut
2273 4629 2453 4674 mente
2484 4620 2569 4689 pia
2600 4619 2757 4673 liceat
2785 4618 3005 4683 servire,
3043 4624 3312 4686 precatur,

2034 4710 2099 4763 Et
2127 4710 2291 4771 refici,
2328 4710 2380 4763 in
2409 4709 2614 4763 medios
2647 4715 2809 4762 :estus
2840 4706 3183 4761 tendentibus
3210 4706 3389 4769 horis,

2033 4800 2149 4854 Non
2177 4800 2531 4870 dedignentur
2558 4798 2739 4853 famuli
2763 4797 3067 4865 mensisque
3093 4796 3352 4864 cibisque.

2037 4889 2215 4958 Usque
2242 4891 2377 4944 adeo
2398 4889 2542 4943 visus
2563 4889 2702 4942 inter
2728 4901 3020 4954 sensusque
3048 4886 3303 4953 vigentes,

2036 4980 2257 5033 Errabat
2284 4978 2557 5041 dubitans,
2578 4979 2813 5033 hominis
2835 4976 3129 5032 substantia
3153 4992 3221 5031 an
3247 4985 3409 5039 esset,

2033 5070 2204 5137 Quem
2226 5076 2382 5122 norat
2404 5082 2557 5121 mens
2584 5082 2703 5122 esse
2731 5067 2896 5122 Deum
2922 5085 2934 5119 :
2970 5075 3145 5121 tamen
3175 5068 3360 5120 annuit
3388 5067 3496 5130 ille,

2033 5158 2382 5226 Officiumque
2410 5158 2482 5227 pii
2513 5172 2620 5211 non
2644 5165 2958 5225 aspernatus
2993 5158 3211 5220 alumni,

2034 5250 2356 5317 Oblatosque
2382 5249 2559 5311 cibos,
2591 5261 2912 5316 mensasque
2939 5248 3172 5303 sacravit
3200 5248 3417 5302 amicas.

2041 5340 2106 5395 Ut
2135 5356 2283 5405 vero,
2316 5339 2506 5393 ablatis
2533 5340 2704 5408 epulis
2732 5338 3045 5407 mensisque
3075 5339 3316 5400 remotis,

2037 5432 2347 5501 Hospitibus
2375 5432 2546 5485 visum
2570 5438 2654 5484 est
2682 5430 2825 5484 illinc
2850 5429 3149 5493 discedere,
3183 5437 3291 5483 tum
3316 5443 3439 5481 mox

2040 5522 2164 5575 inde
2190 5536 2413 5575 movens
2438 5534 2673 5590 gressus,
2701 5519 2853 5573 lateri
2885 5532 3067 5573 comes
3094 5518 3259 5571 haeret
3287 5526 3502 5571 euntum
3569 5531 3595 5555 -

2041 5610 2249 5677 llospes
2275 5624 2459 5674 ovans,
2493 5609 2735 5676 tristique
2759 5606 2931 5676 quatit
2959 5620 3217 5660 concussa
3238 5620 3436 5675 pavore

2048 5700 2289 5759 Pectora,
2320 5707 2372 5752 et
2403 5701 2686 5753 attonitum
2717 5697 3033 5752 venerabilis
3063 5698 3281 5751 attrahit
3306 5698 3512 5753 horror.
