4054 6182
530 242 631 297 967

531 352 738 420 Quippe
762 346 903 402 videt
929 343 1107 399 vultus
1132 339 1357 400 tacitos,
1397 334 1647 401 visusque
1675 342 1894 384 severos

619 414 906 495 Sodomam
930 434 1213 490 Dominum
1234 429 1421 498 juncta
1448 424 1687 479 vibrasse
1710 414 2032 479 Gomorrha,

536 532 690 587 Pacis
717 538 772 583 et
797 528 1022 582 emissos
1048 520 1303 583 famulos,
1336 517 1538 583 iraeque
1565 509 1857 564 ministros.

535 624 603 678 Et
630 638 750 677 cum
780 623 1065 687 cognosset
1101 619 1250 667 tanta
1277 607 1408 677 quid
1434 603 1577 659 mole
1607 606 1859 672 pararet,

538 716 807 767 Arcanum
836 706 1103 778 pandente
1130 703 1260 765 Deo,
1292 706 1618 763 causamque
1643 691 1890 750 docente,

543 803 691 860 Ultro
714 800 874 855 audet
897 796 1177 852 Dominum
1197 787 1422 846 scrutari
1450 802 1515 840 an
1539 782 1787 853 perderet
1806 778 2012 844 urbem,

541 892 780 947 Errantis
800 887 983 958 populi
1011 900 1109 955 per
1136 881 1359 937 crimina
1388 883 1580 931 cuncta
1607 877 1914 934 nocentem,

540 984 597 1038 Si
626 979 1006 1052 quinquaginta
1031 988 1239 1029 morum
1259 968 1528 1041 probitate
1554 963 1765 1034 piorum

542 1050 826 1144 Spectatus
853 1070 1039 1124 aleret.
1072 1066 1312 1132 Cumque
1340 1058 1439 1129 ipsi
1466 1056 1703 1111 diceret:
1734 1050 1845 1105 Illis
1867 1089 1884 1115 ,

544 1165 602 1221 Si
632 1176 912 1219 numerum
958 1158 1122 1212 talem
1165 1150 1379 1208 invenio
1401 1188 1418 1215 ,
1467 1145 1600 1201 mihi
1644 1154 1869 1213 parcere
1913 1143 2117 1191 certum

1885 1230 2046 1301 [esu

548 1345 684 1414 Quid
724 1342 770 1399 si
808 1340 1044 1410 quinque
1086 1335 1264 1391 minus
1303 1327 1547 1387 fuerint?
1590 1333 1703 1381 tum
1734 1319 1989 1378 subdidit.
2030 1315 2119 1381 Et,

1883 1411 1903 1482 ς
1926 1408 2054 1480 quid

550 1529 606 1585 Si
635 1523 986 1598 quadraginta
1007 1517 1153 1576 soli?
1179 1514 1309 1587 quid
1338 1513 1384 1570 si
1414 1510 1591 1568 minus
1619 1506 1709 1563 illo

552 1592 715 1677 For-te
741 1618 927 1673 decem
958 1610 1217 1667 numero?
1253 1606 1381 1676 quid
1417 1604 1462 1660 si
1492 1601 1573 1657 bis
1600 1597 1836 1669 quinque
1862 1592 2128 1648 dabuntur

553 1709 817 1768 lnnocui?
846 1720 972 1760 num
1000 1710 1057 1757 et
1081 1709 1138 1755 tu
1156 1697 1297 1761 urbi,
1322 1696 1465 1749 Deus
1493 1690 1717 1761 optime,
1749 1682 1983 1755 parces?

554 1799 797 1868 Cumque
824 1797 987 1849 etiam
1018 1801 1241 1844 numero
1268 1799 1329 1840 se
1356 1782 1493 1837 velle
1518 1780 1798 1848 ignoscere
1826 1771 1917 1826 tali

557 1859 808 1951 Dixisset,
831 1882 1193 1948 famulumque
1220 1876 1275 1930 in
1300 1872 1479 1929 medio
1506 1880 1758 1925 sermone
1784 1859 2025 1931 reliquit,

557 1980 890 2037 Tendentem
914 1972 1139 2029 ulterius
1156 2008 1173 2037 ,
1198 1979 1364 2037 seque
1390 1964 1445 2017 in
1472 1976 1569 2017 sua
1597 1970 1760 2026 regna
1788 1951 2014 2022 recepit.

635 2067 849 2124 Dimissi
876 2066 1080 2119 interea
1107 2059 1253 2115 cives
1277 2071 1309 2111 e
1330 2052 1457 2110 sede
1477 2062 1710 2121 superna
1781 2092 1787 2098 .

566 2160 830 2231 Angelici,
860 2158 915 2211 in
943 2154 1192 2211 Sodoma:
1218 2158 1411 2213 terras,
1444 2144 1580 2200 Loth
1607 2140 1745 2197 forte
1772 2136 2049 2195 sedentem

564 2252 705 2307 Ante
730 2248 875 2304 fores
902 2245 1069 2310 urbis,
1095 2243 1208 2312 jarn
1236 2237 1396 2295 terris
1422 2236 1539 2291 sole
1565 2231 1889 2303 propinquo,

565 2340 850 2397 Inveniunt
873 2354 887 2389 :
911 2335 1149 2404 quicum
1177 2329 1315 2385 miro
1341 2323 1628 2397 splendore
1651 2320 1859 2375 videret

567 2430 852 2499 Angelicos
875 2425 1084 2481 radiare
1111 2421 1276 2485 viros,
1297 2414 1626 2472 descendere
1651 2422 1861 2465 summo

568 2519 610 2573 Ε
627 2517 766 2575 ctelo
796 2524 962 2579 ratus,
994 2514 1048 2567 in
1067 2506 1266 2565 terram
1293 2511 1592 2576 prostratus
1614 2499 1840 2559 adorat;

569 2610 866 2676 Invitatque
893 2605 1133 2665 domum,
1163 2606 1483 2664 noctemque
1511 2597 1759 2646 avertere
1788 2594 1930 2640 tecto

571 2700 777 2756 Evincit
803 2695 1069 2767 precibus,
1095 2689 1255 2746 simul
1280 2695 1336 2744 et
1358 2686 1646 2743 convivere
1668 2678 1877 2742 suadet,

570 2790 946 2858 Innocuosque
975 2785 1127 2841 cibos
1153 2791 1209 2837 et
1232 2778 1426 2851 pocula
1453 2791 1615 2848 parca
1643 2772 1932 2829 ministrat.

572 2881 817 2950 Dumque
842 2876 1015 2948 epulis
1036 2872 1263 2942 sumptis
1291 2884 1480 2925 somno
1509 2866 1784 2934 indulgere
1810 2863 2086 2933 pararent,

573 2971 715 3027 Ecce
742 2970 841 3025 sub
867 2979 1117 3023 occasum
1144 2962 1298 3027 lucis,
1328 2958 1608 3026 noctisque
1631 2964 1926 3017 recursum,

574 3063 740 3121 Fmda
769 3075 961 3117 manus
985 3056 1150 3124 vulgi,
1178 3054 1223 3108 si
1253 3052 1331 3108 fas
1357 3050 1574 3112 dixisse,
1600 3045 1771 3101 virilis

576 3150 795 3207 Prosilit
821 3156 877 3203 et
891 3147 1164 3215 iuvenum.
1199 3140 1403 3195 Insanis
1430 3136 1689 3207 puerique
1712 3143 1973 3199 senesque

576 3240 794 3309 Ignibus
819 3243 1046 3289 uruntur
1068 3271 1084 3296 ,
1131 3231 1377 3297 Lothque
1404 3235 1464 3281 ut
1490 3225 1591 3280 sibi
1622 3222 1799 3278 tradat
1825 3219 1972 3275 abuti

580 3326 886 3395 Ilospitibus
913 3328 1113 3388 cogunt
1141 3336 1157 3384 ;
1186 3317 1313 3386 quid
1340 3331 1448 3370 non
1470 3328 1671 3368 vesana
1704 3311 1869 3366 libido

581 3416 774 3472 Ausit?
820 3413 888 3465 At
912 3411 1001 3465 ille
1028 3408 1215 3463 volens
1244 3405 1426 3476 populi
1450 3402 1663 3459 mollire
1690 3401 1924 3456 furorem

582 3505 777 3575 Insani,
801 3510 973 3567 natas,
1001 3500 1194 3569 quibus
1208 3496 1421 3551 illibata
1447 3493 1697 3549 manebat

584 3596 889 3666 Virginitas,
914 3590 1103 3656 offert,
1133 3599 1480 3658 quoscunque
1506 3583 1707 3653 optarit
1730 3582 1783 3636 in
1810 3596 1957 3638 usus.

584 3685 681 3740 Ast
700 3682 899 3739 effrena
920 3680 1136 3742 cohors,
1168 3677 1220 3731 in
1245 3674 1513 3730 deteriora
1533 3669 1786 3741 profundi

586 3774 758 3845 Lapsa
782 3771 931 3837 mali,
954 3768 1085 3823 vitio
1109 3780 1227 3822 sese
1251 3763 1551 3819 immiscere
1580 3760 1776 3815 minori

587 3864 705 3920 Vile
730 3868 904 3934 putat,
933 3858 1034 3913 nisi
1061 3872 1121 3914 se
1141 3854 1359 3911 summis
1391 3853 1553 3908 etiam
1576 3849 1847 3920 implicet;
1877 3860 2006 3913 ergo
2031 3886 2049 3911 ,

589 3951 863 4009 Infandum
890 3958 949 4004 ut
974 3954 1153 4018 patret
1176 3944 1400 4009 facinus,
1429 3939 1568 3995 Loth
1588 3938 1883 4009 opprimit,
1907 3945 1963 3991 et
1979 3935 2091 4005 jam

589 4039 654 4098 Vi
676 4040 881 4109 majore
906 4037 1109 4106 agitant
1129 4046 1291 4103 quam
1312 4043 1433 4098 qua:
1450 4030 1647 4083 virtute
1666 4024 1855 4094 repelli

591 4130 834 4188 Humana
860 4127 1063 4181 valeat:
1097 4137 1219 4178 cum
1247 4120 1490 4189 protinus
1503 4118 1699 4186 hospes
1724 4125 1951 4184 uterque

602 4220 888 4290 Angelicas
916 4215 1121 4267 nudant
1144 4208 1368 4264 mentito
1395 4220 1626 4276 corpore
1652 4205 1815 4268 vires,

597 4314 641 4367 Α
669 4308 980 4381 populoque
1007 4316 1190 4358 senem
1212 4307 1409 4356 (necata
1432 4305 1613 4354 mente
1640 4295 1851 4352 furente

1867 214 1973 271 CL.
2013 212 2085 269 M.
2126 207 2442 269 VICTORIS

2131 330 2179 385 Α
2206 322 2413 392 llospes
2442 326 2666 386 uterque
2695 299 2911 376 videns,
2972 308 3219 365 manibus
3264 317 3387 361 cum
3414 297 3647 367 conjuge
3692 306 3784 347 ra—

2156 1678 2205 1739 Β

3675 179 3784 238 968

3498 390 3516 458 l
3540 396 3717 458 ptum.

2212 500 2622 571 Virginibusque
2644 497 2754 553 suis
2775 491 2964 565 procul
2986 497 3139 547 extra
3162 484 3359 542 ma-nia
3386 480 3566 541 ducit,

2213 591 2283 646 Et
2299 569 2540 647 celerare
2554 588 2727 658 jubet,
2756 590 3073 649 montesque
3100 576 3333 633 evadere
3355 573 3410 626 in
3431 569 3590 625 altos.

2215 682 2332 736 Tali
2358 681 2478 749 lege
2497 680 2622 733 data
2649 694 2661 731 :
2687 690 2786 731 nec
2808 671 3012 729 (mlesti
3038 670 3162 739 igne
3188 664 3474 734 ﬂagrantes

2217 770 2347 827 Post
2372 748 2433 825 se
2461 767 2711 838 respiciat
2736 764 3015 834 quisquam
3036 758 3178 813 male
3206 763 3395 811 cautus
3415 751 3469 806 in
3494 748 3675 804 urbes.

2288 861 2428 915 Loth
2465 873 2595 914 vero
2621 864 2865 911 metuens
2882 893 2898 919 ,
2929 858 3141 906 montes
3167 861 3236 901 ne
3260 842 3464 899 tardius
3482 840 3624 895 altos

2218 952 2541 1021 Aggressum
2567 947 2725 1002 velox
2752 944 2873 1001 coeli
2901 945 3248 1012 pratverteret
3274 936 3353 990 ira
3374 974 3391 1001 ,

2217 1041 2338 1112 Ipse
2364 1038 2534 1107 Segor
2552 1035 2805 1107 lacrymis
2827 1032 3004 1103 petiit,
3028 1044 3215 1085 secura
3235 1038 3479 1082 recessus

2221 1132 2389 1186 Antra
2416 1129 2521 1195 sui,
2549 1128 2815 1197 lacrymas
2842 1131 3023 1178 autem
3050 1136 3158 1175 non
3186 1118 3354 1174 sensit
3382 1116 3590 1177 inanes,

2221 1222 2653 1287 Concessumque
2671 1215 2774 1271 sibi
2793 1213 2991 1269 donum
3020 1209 3256 1281 speciale
3282 1205 3469 1262 salutis

2224 1309 2469 1365 Pluribus
2490 1305 2746 1375 impertit,
2777 1301 3136 1368 meritumque
3158 1312 3191 1351 e
3217 1308 3444 1351 munere
3469 1291 3614 1346 fecit.

2224 1401 2291 1456 Et
2312 1401 2423 1470 jam
2453 1413 2557 1453 non
2587 1396 2773 1452 solitas
2797 1393 2992 1463 raptim
3022 1386 3346 1445 obducentia
3373 1380 3600 1450 omium,

2226 1494 2270 1548 A
2293 1492 2466 1563 patria
2492 1490 2691 1544 virtute
2712 1486 2823 1541 Deo
2841 1482 3125 1547 miscente,
3152 1485 3342 1534 coacta

2228 1560 2419 1638 Nubila
2444 1580 2733 1635 densarant
2752 1573 2973 1630 nebulas
2994 1611 3011 1637 ,
3034 1568 3129 1625 sed
3152 1581 3289 1637 quas
3309 1572 3453 1620 rotat
3474 1560 3657 1624 Etna,

2231 1674 2376 1743 Quas
2422 1670 2597 1727 vomit
2647 1666 2880 1723 Inarime
2912 1706 2930 1734 ,
2983 1670 3147 1732 atque
3201 1659 3420 1730 Aponus
3476 1651 3804 1709 ferventibus

3552 1740 3735 1812 [undis

2230 1855 2474 1921 Exhalat,
2500 1866 2635 1922 quas
2671 1847 2849 1906 vicino
2872 1855 3132 1901 concussa
3157 1839 3366 1895 Vesevo

2233 1948 2453 2003 Eructat
2476 1944 2655 2012 tellus,
2677 1940 2852 2011 Lycia:
2879 1951 3013 2007 quas
3036 1946 3174 1989 saeva
3187 1928 3470 1986 Chimra:

2232 2037 2340 2093 Ora
2368 2037 2487 2091 sinu
2504 2040 2658 2088 vasto
2681 2030 2833 2085 trime
2862 2022 3092 2082 fornacis
3117 2020 3367 2077 anhelat:

2234 2127 2305 2181 Et
2323 2136 2643 2195 quocunque
2662 2120 2784 2175 loco
2806 2115 3046 2171 fallentia
3066 2110 3271 2167 sulfura
3291 2108 3455 2163 velox

2235 2217 2465 2288 Spiritus
2484 2212 2837 2275 inflammans,
2867 2212 3093 2276 angusto
3115 2201 3327 2258 tramite
3346 2197 3513 2263 fusus,

2238 2306 2420 2362 Eiﬂuit
2446 2304 2499 2358 in
2519 2302 2693 2357 lucem
2717 2305 2875 2367 rupta
2898 2295 3090 2351 tellure
3116 2303 3402 2362 vaporans.

2238 2397 2358 2453 Non
2378 2393 2522 2464 quod
2544 2407 2649 2447 non
2670 2388 2841 2460 possit
2860 2386 3063 2457 pluvias
3083 2394 3297 2454 quoque
3320 2388 3533 2434 vertere
3560 2375 3613 2430 in
3635 2374 3800 2445 ignes,

2240 2488 2438 2543 Totum
2459 2486 2527 2541 de
2546 2481 2711 2538 nihilo
2731 2478 2904 2551 potuit
2922 2477 3014 2546 qui
3035 2472 3269 2530 condere
3292 2466 3589 2532 mundum;

2241 2579 2349 2635 Sed
2368 2576 2573 2646 majore
2590 2575 2765 2630 bonus
2782 2569 2946 2640 judes
2965 2565 3221 2622 damnare
3241 2566 3431 2632 paratu

2242 2668 2441 2724 Mavult
2466 2681 2603 2737 quos
2629 2666 2887 2739 miserans
2914 2658 3062 2712 urbis
3084 2665 3399 2720 morumque
3425 2648 3595 2704 ruina:

2244 2760 2403 2816 Punit
2422 2759 2476 2813 in
2499 2737 2801 2825 exemplum
2826 2770 2839 2805 :
2868 2766 2996 2805 mox
3022 2748 3209 2803 durum
3232 2744 3497 2801 elementa
3520 2737 3803 2797 minantur,

2242 2848 2687 2916 Concurruntque
2706 2840 2943 2899 undante
2966 2836 3126 2909 globo
3141 2874 3157 2903 ,
3186 2833 3485 2905 stipataque
3506 2827 3635 2880 flatu

2246 2940 2482 3009 Qumue
2508 2952 2628 3003 suo,
2655 2940 2853 2990 coeunt
2872 2929 3203 2985 flammarum
3229 2919 3424 2994 pabula
3449 2917 3507 2975 in
3525 2927 3694 2973 unum

2173 3022 2223 3088 C
2250 3029 2481 3098 Corpus,
2502 3033 2559 3081 et
2577 3021 2818 3078 infandas
2839 3028 3011 3075 terras
3031 3017 3297 3083 urbesque
3317 3014 3573 3066 nocentes

2251 3119 2481 3178 Sulfurei
2503 3114 2712 3172 testudo
2740 3112 2873 3181 tegit
2891 3117 3110 3166 curvata
3132 3104 3333 3161 metalli
3355 3120 3373 3170 ;

2254 3211 2426 3279 Quam
2446 3210 2584 3265 citus
2604 3196 2661 3262 et
2678 3204 2822 3259 vires
2841 3208 3066 3270 angusto
3089 3197 3301 3252 tramite
3327 3206 3565 3257 sumens,

2252 3301 2482 3372 Spiritus
2502 3300 2786 3357 incussam,
2815 3299 2967 3345 tanto
2987 3287 3251 3351 crepitare
3276 3282 3486 3351 fragore

2254 3391 2543 3463 Compulit,
2566 3393 2622 3442 et
2646 3382 2840 3440 crebro
2861 3378 3089 3434 tonitrus
3111 3375 3345 3443 agitante
3379 3382 3604 3426 corusco

2255 3461 2619 3541 Consternare
2645 3474 2873 3539 animos,
2898 3474 3164 3539 quotquot
3196 3461 3502 3535 spectacula
3523 3463 3751 3515 cernunt

2258 3576 2427 3631 Talia.
2456 3570 2591 3638 Quin
2612 3565 2772 3621 etiam
2800 3559 2960 3624 Loth,
2983 3556 3119 3612 heu!
3145 3551 3459 3609 miserabilis
3478 3563 3639 3614 uxor,

2260 3666 2371 3723 Seu
2392 3669 2542 3718 tanto
2563 3652 2860 3726 stupefacta
2883 3656 3049 3711 metu,
3079 3662 3176 3701 seu
3196 3643 3357 3700 stulta
3377 3640 3575 3710 cupido

2258 3755 2356 3811 Illa
2377 3752 2475 3807 fuit
2496 3748 2723 3804 vetitum
2748 3750 2935 3799 contra
2963 3748 3287 3815 consurgere
3310 3739 3544 3803 pactum,

2260 3840 2529 3900 Femineis
2555 3838 2737 3893 innata
2759 3832 2968 3892 animis,
2999 3841 3118 3897 qua:
3136 3822 3367 3891 denique
3392 3831 3603 3887 cunque

2263 3931 2439 3988 Causa
2460 3927 2563 3983 fuit
2584 3944 2597 3979 :
2624 3923 2913 3979 Sodomam
2939 3917 3245 3986 inspectaus
3265 3926 3323 3965 se
3343 3916 3506 3980 ponte
3525 3911 3791 3967 ruentem,

2264 4018 2559 4079 Confestim
2582 4027 2771 4086 pmnas
2788 4007 2988 4065 violata
3007 4006 3131 4074 lege
3150 4001 3366 4065 subivit,

2265 4115 2325 4172 In
2346 4120 2573 4170 statuam
2598 4116 2856 4161 conversa
2881 4099 3027 4163 salis,
3050 4094 3384 4165 spoliataque
3408 4087 3553 4153 luce,

2268 4207 2359 4263 Sic
2380 4204 2608 4258 animam
2632 4194 2816 4253 infelix
2838 4205 2959 4248 cum
2992 4201 3219 4258 corpore
3241 4183 3470 4255 perdidit
3496 4180 3666 4244 omni,

2273 4297 2345 4353 Ut
2365 4294 2569 4350 nullum
2590 4291 2827 4345 exstaret
2847 4281 3018 4337 forma
3037 4282 3355 4334 remanente
3377 4271 3625 4329 cadaver.

518 4432 521 4435 ι
599 4365 1055 4457 Loth-retrahunt
1075 4436 1091 4463 ,
1152 4393 1313 4462 inque
1367 4390 1482 4461 ipsa
1523 4388 1716 4444 domus
1767 4394 1973 4443 secreta
2020 4399 2173 4439 recC-
2197 4370 2249 4431 Ῐ)
2273 4387 2434 4443 Ocior
2453 4381 2578 4438 inde
2597 4379 2787 4447 Segor,
2815 4373 3016 4428 luctum
3039 4367 3359 4439 prohibente
3382 4365 3598 4426 timore,

1908 4473 1929 4545 [
1951 4483 2100 4543 ptum

602 4576 877 4634 Perdenda
906 4576 1191 4630 hortantur
1211 4568 1493 4628 confestim
1513 4564 1801 4622 abscedere
1828 4572 1992 4618 terra.

601 4669 703 4736 Qui
725 4668 853 4734 sint,
878 4664 1006 4735 quid
1029 4664 1266 4725 veniant,
1295 4668 1351 4716 et
1368 4672 1487 4728 qua:
1508 4662 1771 4727 prmeepta
1797 4650 2030 4708 ferentes

604 4758 728 4813 1on
756 4757 973 4825 explere
1002 4755 1185 4817 velint,
1212 4751 1287 4806 nil
1311 4749 1422 4819 jam
1446 4758 1696 4802 sermone
1718 4741 1924 4814 patenti

606 4846 983 4903 Dissimulant:
1013 4856 1068 4899 et
1094 4845 1161 4899 ab
1186 4844 1287 4898 hac
1306 4856 1366 4897 se
1392 4839 1546 4895 clade
1569 4835 1802 4894 evadere
1822 4834 2027 4891 salvum

608 4942 792 5002 Posse,
824 4938 1148 5004 domumque
1165 4950 1316 4990 suam
1343 4933 1544 4996 dicunt,
1574 4941 1909 4998 generosque
1934 4937 2173 4992 suosque

608 5032 872 5098 Colligere
893 5027 1097 5091 afﬁnes,
1117 5033 1174 5081 et
1195 5040 1375 5081 secum
1398 5023 1663 5079 abducere
1686 5019 1961 5075 mandant.

610 5124 706 5179 Ast
730 5121 853 5177 illos
875 5118 1035 5174 simili
1061 5131 1182 5172 cum
1210 5115 1367 5184 vulgo
1395 5113 1618 5169 crimine
1651 5119 1824 5166 tactos

613 5213 838 5271 Involvit
870 5208 1058 5265 similis
1084 5206 1369 5268 sententia,
1398 5219 1527 5259 sana
1547 5201 1788 5257 monenti

613 5303 844 5360 Credere
870 5300 996 5355 dum
1021 5295 1247 5361 nolunt;
1292 5308 1597 5363 quanquam
1638 5289 1783 5360 quod
1810 5285 2033 5343 credere
2079 5301 2179 5339 no-

1959 5374 2113 5446 [lunt

616 5484 731 5539 Non
753 5489 837 5537 est
862 5488 921 5534 ut
943 5476 1167 5532 multum
1187 5473 1401 5536 mirere,
1433 5468 1721 5525 abscedere
1747 5480 1868 5520 cum
1897 5461 2036 5517 Loth

617 5575 671 5628 Id
700 5585 914 5641 quoque
938 5566 1221 5623 ridiculum
1249 5561 1393 5632 quod
1420 5558 1737 5617 consuluere
1765 5562 1976 5625 putaret
2000 5571 2013 5605 :

618 5662 786 5728 Quem
810 5661 1037 5730 lentum,
1058 5656 1341 5729 pigrasque
1366 5665 1545 5709 moras
1566 5647 1681 5705 sine
1707 5646 1810 5700 line
1835 5643 2159 5703 trahentem,

2274 4474 2647 4541 Horrilicoque
2666 4464 2811 4522 malo
2830 4460 3091 4533 stupidus,
3114 4471 3242 4512 mox
3261 4452 3554 4522 ingreditur
3576 4448 3734 4505 Loth.

2347 4564 2484 4619 Tum
2512 4560 2593 4616 sol
2616 4555 2858 4613 exoritur
2878 4559 2995 4607 toto
3018 4546 3310 4603 ferventior
3340 4545 3485 4613 igne,

2275 4656 2477 4711 Irarum
2506 4650 2712 4717 fulgore
2736 4645 2959 4706 micans,
2982 4638 3267 4706 radiosque
3288 4648 3511 4691 severos

2486 4742 2537 4796 in
2562 4706 2890 4795 Sodomam:
2933 4730 3024 4801 qui
3046 4736 3330 4799 postquam
3357 4724 3557 4778 lumina
3585 4718 3803 4775 flammis
3912 4706 3913 4709 “

2271 4835 2550 4895 Involvere
2570 4829 2702 4893 suis,
2726 4823 3071 4889 resolutaque
3091 4816 3293 4873 sulfura
3317 4828 3488 4869 nexos

2275 4931 2468 4986 Secum
2497 4919 2833 4992 prmcipitant
2853 4914 3025 4981 ignes,
3050 4910 3303 4977 siccoque
3330 4904 3539 4992 liquore

2278 4991 2598 5085 Dispensata
2622 5007 2732 5064 suis
2759 5000 2965 5058 stillant
2990 4995 3235 5052 incendia
3255 4991 3427 5047 tredis.

2277 5078 2587 5161 Fulmineus
2606 5097 2774 5152 denso
2802 5102 3043 5161 prmeeps
3063 5083 3209 5141 cadit
3228 5096 3353 5138 aere
3373 5078 3585 5135 nimbus
3602 5117 3619 5142 ,

2280 5192 2615 5261 Involvitque
2638 5187 2821 5249 urbes,
2843 5190 2900 5238 et
2924 5181 3053 5236 totis
3078 5176 3229 5234 saevit
3250 5176 3305 5229 in
3334 5172 3476 5241 agris
3492 5212 3507 5235 ,

2287 5288 2366 5342 Ae
2387 5286 2557 5340 mixto
2584 5278 2815 5336 stridore
2837 5281 3008 5338 tonat,
3030 5270 3302 5337 vincitque
3324 5264 3576 5336 querelas

2283 5378 2557 5432 Flammea
2577 5375 2896 5439 tempestas;
2926 5378 3045 5433 qum
3072 5368 3355 5430 postquam
3376 5354 3569 5425 pabula
3597 5349 3750 5405 terris

2282 5462 2547 5534 Repperit
2568 5457 2816 5519 incensis,
2844 5454 3077 5523 ipsisque
3101 5446 3295 5502 insedit
3322 5444 3527 5499 arenis.

2288 5552 2458 5621 Erigit
2484 5550 2799 5605 immensam
2817 5541 3105 5610 conjuncto
3131 5534 3316 5589 fomite
3344 5540 3547 5586 metam

2285 5643 2446 5711 Ignis,
2477 5648 2532 5696 et
2552 5654 2581 5692 a
2611 5636 2768 5692 terris
2788 5632 3013 5691 redeunt
3032 5628 3085 5681 in
3107 5624 3285 5684 sidera
3312 5622 3560 5685 flammae,
