4054 6182
279 193 381 251 969

277 311 332 364 lu
358 309 571 365 cineres
590 307 761 364 donec
785 314 965 361 cautes
990 306 1257 376 tellusque
1286 308 1552 362 resultans

271 400 542 455 Transeat
558 440 574 467 ,
599 415 663 455 ac
688 399 903 469 penitus
930 412 1117 452 mersae
1139 398 1418 453 solvamur
1442 413 1637 463 arenae,

274 490 660 562 Depressisque
680 505 841 546 cavos
860 495 1178 558 consumpto
1212 489 1415 558 cespite
1437 488 1642 557 campis

274 583 525 640 Pandunt
550 599 677 639 arva
700 583 866 649 sinus,
896 583 1155 651 venisque
1176 579 1379 636 effusus
1408 582 1608 650 apertis

274 673 602 730 Consocians
628 675 771 729 vires
797 674 887 745 qui
909 681 1080 728 terras
1106 673 1396 727 strinxerat
1414 673 1609 728 humor

274 764 546 823 Privatum
566 766 733 835 gignit
751 766 993 837 pelagus,
1016 764 1271 836 quidnam
1299 780 1421 821 esse
1442 772 1712 834 putemus,

274 856 432 925 Quod
452 858 649 927 raptim
676 856 824 912 lacus
841 861 940 921 est,
962 871 1115 911 mera
1134 855 1336 911 virtute
1364 855 1616 919 refertus,

275 948 380 1016 Qui
406 947 503 1003 fuit
521 956 647 1004 ante
672 961 833 1020 rogus
853 949 876 1003 ?
894 948 973 1004 sic
995 947 1388 1019 omnipotentia
1416 950 1611 1005 summi

274 1039 479 1096 Judicis
505 1040 561 1111 in
584 1039 788 1109 gelidas
810 1040 987 1110 ignem
1011 1049 1337 1097 convertere
1359 1040 1624 1111 lymphas,

1032 193 1116 247 DE
1153 182 1530 249 PERV’ERSIS
1567 180 1723 251 SUE
1764 194 2033 251 ίΕΤΛΤίΞ
2070 194 2369 250 MORIBUS
2406 193 2755 249 EPISTOLA.

3418 172 3520 246 97o

1878 340 1924 396 Α
1956 312 2031 364 Ac
2053 324 2260 364 rursum
2287 310 2531 381 lymphas
2554 300 2835 365 ardentem
2864 310 3031 378 possit
3052 327 3105 365 tn
3127 312 3319 381 ignem.

1957 402 2067 456 Nec
2087 410 2270 457 tamen
2293 401 2383 456 hic
2407 402 2618 457 occulta
2646 409 2837 456 vacant
2856 402 3136 473 mysteria,
3168 419 3291 457 nam
3313 404 3454 474 quod
3552 423 3561 436 α

1960 492 2127 549 Unda:
2153 491 2239 548 hic
2256 501 2400 559 sunt,
2425 492 2514 547 ubi
2535 492 2748 548 flamma
2767 492 2887 558 fuit,
2914 493 3061 561 quod
3081 492 3329 549 ﬂammea
3350 494 3526 549 missis

1958 584 2199 653 Desuper
2219 583 2474 638 exstinxit
2502 581 2767 653 lymphis;
2797 583 3028 639 fortasse
3062 585 3285 640 notabat

1960 674 2207 729 Luxuriae
2226 672 2429 729 calidos
2450 673 2617 741 ignes,
2650 672 2997 745 fomentaque
3019 675 3179 746 primi

1962 765 2194 822 Peccato
2215 772 2495 821 contracta
2517 767 2704 835 patris,
2727 766 3038 824 caelestibus
3058 767 3215 824 undis

1955 855 2289 912 Exstinctum
2318 856 2640 927 quandoque
2666 857 2730 911 iri
2756 876 2769 910 :
2800 873 3007 928 proque
3027 860 3238 928 ignibus
3268 862 3409 919 acris

1956 946 2199 1012 Justitiae,
2230 946 2427 1016 quibus
2454 947 2545 1001 illa
2568 947 2696 1001 olim
2721 948 2810 1003 lex
2833 948 2968 1005 dura
2993 951 3228 1021 vigebat,

1957 1042 2218 1098 Salvificis
2241 1050 2524 1112 purgatum
2555 1041 2637 1106 iri,
2669 1050 2725 1096 et
2744 1041 3048 1099 lustralibus
3076 1045 3247 1102 undis.

1696 1174 2060 1185 ——————-

1185 1267 1624 1339 CLAUDII
1696 1264 2027 1340 ΜΑΒΙΙ
2108 1265 2623 1338 VICTORIS

457 1432 616 1515 DE
688 1430 1332 1516 PERVERSIS
1406 1431 1658 1516 SUfE
1733 1430 2163 1517 ᾹΞΤΑΤΙΒ
2242 1432 2776 1516 MORIBUS
2836 1432 3396 1519 EPISTOLA

1495 1568 1582 1617 AD
1622 1566 1964 1619 SALMONEM
2012 1566 2325 1619 ABBATEM.

387 1671 444 1728 Si
473 1670 685 1728 Domini
715 1671 972 1740 templum
990 1670 1218 1741 supplex
1248 1677 1434 1725 orator
1460 1668 1641 1737 adisti,

279 1763 397 1819 lmo
424 1771 480 1819 et
505 1761 785 1818 custodem
807 1761 1013 1832 templi,
1043 1761 1334 1832 populique
1363 1760 1695 1829 magistrum,

280 1856 444 1925 Quod
474 1865 530 1911 tu
557 1855 713 1911 isthic
732 1855 997 1918 homines,
1028 1862 1110 1909 tot
1138 1854 1337 1908 Christi
1360 1853 1549 1907 altaria
1577 1851 1792 1917 cernis;

281 1949 392 2005 Sed
418 1948 463 2004 si
489 1946 697 2002 collatis
718 1944 871 2015 juvat
890 1944 1164 2014 indulgere
1189 1943 1434 2015 loquelis,

283 2040 385 2096 llic
402 2039 609 2094 habitat
628 2048 751 2091 tuus
778 2036 867 2091 ille
895 2036 1114 2105 hospes,
1139 2049 1260 2089 mea
1282 2034 1490 2090 viscera
1518 2034 1789 2101 Thesbon,

279 2132 383 2188 Cui
412 2130 633 2185 fratrum
661 2127 728 2182 ad
754 2126 995 2198 requiem
1025 2126 1291 2185 frondosae
1310 2126 1434 2181 vitis
1461 2126 1517 2181 in
1544 2134 1699 2181 antro

279 2218 519 2277 Herbida
546 2216 833 2287 cespitibus
856 2224 981 2272 sunt
1013 2224 1215 2270 structa
1244 2216 1429 2271 sedilia
1451 2216 1608 2272 vivis.

282 2310 381 2366 Dic
403 2309 583 2377 igitur,
603 2306 841 2373 Salmon,
870 2320 987 2378 quae
1016 2321 1195 2361 rerum
1223 2321 1365 2361 nunc
1392 2305 1488 2361 tibi
1520 2320 1638 2361 sors
1664 2305 1789 2360 est?

283 2400 420 2469 Quis
443 2399 629 2471 patriae
654 2406 824 2454 status
850 2398 979 2453 est?
1004 2397 1131 2467 quid
1159 2406 1212 2453 te
1238 2396 1475 2452 delectat
1500 2397 1554 2451 in
1586 2396 1675 2450 illa
1698 2397 1723 2449 ?

282 2490 529 2561 Namque
555 2488 697 2559 agris
720 2529 736 2557 ,
780 2487 1081 2558 opibusque
1117 2486 1392 2542 hominum
1414 2529 1433 2556 ,
1477 2495 1740 2554 terraeque
1766 2501 1861 2541 θοι

1615 2577 1636 2649 [
1656 2578 1792 2633 lonis

281 2672 440 2730 Nunc
466 2672 695 2744 primum
725 2670 903 2727 illaesa:
922 2671 1138 2726 turbato
1165 2669 1367 2725 fcedere
1390 2669 1513 2724 vitae

281 2765 552 2821 Barbarus
578 2762 871 2818 incumbit:
898 2777 999 2817 nec
1024 2761 1197 2831 longae
1223 2760 1291 2815 ad
1319 2759 1514 2815 saecula
1536 2759 1677 2821 vitae,

280 2855 620 2914 Constructae
643 2861 871 2926 prosunt
897 2852 1070 2910 solido
1096 2852 1165 2909 de
1192 2866 1461 2908 marmore
1486 2850 1646 2915 villae,

282 2950 700 3020 Absumptaeque
719 2962 909 3003 omnes
936 2961 1071 3002 vana
1094 2946 1150 3001 in
1168 2943 1453 3017 proscenia
1481 2958 1660 3013 rupes.

283 3042 357 3095 At
379 3055 513 3096 vero
540 3039 762 3095 interior
789 3038 980 3108 pestis,
1008 3036 1315 3106 bellumque
1340 3033 1660 3106 profundum

283 3132 424 3187 Olim
454 3147 552 3187 nos
578 3131 742 3187 densa
773 3130 1002 3186 telorum
1022 3130 1165 3184 nube
1194 3127 1379 3197 fatigat
1406 3145 1421 3193 ;

284 3225 493 3279 Saevior
520 3229 575 3278 et
605 3231 776 3291 tanto,
804 3230 1005 3292 quanto
1030 3227 1113 3277 est
1140 3220 1401 3276 occultior
1430 3218 1599 3274 hostis
1625 3238 1634 3270 :

286 3316 357 3371 Et
385 3324 565 3371 tamen
594 3314 744 3387 (heu)
773 3315 819 3369 si
843 3313 970 3385 quid
998 3313 1228 3368 vastavit
1251 3311 1496 3367 Sarmata
1518 3351 1532 3377 ,
1565 3312 1611 3366 si
1635 3312 1764 3380 quid

287 3406 564 3462 Vandalus
592 3404 845 3471 incendit,
880 3405 1146 3476 veloxque
1170 3404 1388 3459 abducit
1412 3402 1630 3466 Alanus,

287 3498 566 3568 Ambiguis
589 3497 789 3567 spebus
817 3496 939 3550 licet
960 3502 1014 3549 et
1033 3494 1315 3549 conatibus
1342 3494 1515 3563 aegris,

287 3587 563 3645 Conamur
585 3588 853 3658 quandam
899 3588 952 3641 in
979 3587 1214 3657 speciem
1242 3600 1496 3655 reparare
1525 3584 1785 3654 priorum.

286 3679 382 3736 llla
410 3687 592 3736 autem
619 3686 807 3735 nostro
832 3693 951 3749 quae
978 3685 1103 3733 sunt
1130 3677 1326 3731 amissa
1354 3676 1555 3746 periclo

286 3771 636 3842 Negligimus,
664 3770 932 3839 longoque
959 3768 1062 3823 situ
1089 3766 1448 3838 squallescere
1479 3768 1672 3822 mentis

286 3865 474 3935 lgnavi
500 3866 755 3936 patimur,
785 3863 1131 3933 subjectaque
1156 3864 1292 3919 colla
1314 3864 1520 3919 catenis

288 3956 567 4024 Dedimus,
598 3963 653 4010 et
681 3955 905 4011 manicis
931 3955 1139 4024 peccati
1167 3954 1343 4024 praeda
1370 3954 1613 4023 ligamur.

289 4049 361 4105 Et
389 4048 538 4120 prius
565 4059 647 4104 est
674 4049 836 4103 vitem
861 4063 1111 4118 purgare,
1141 4046 1456 4103 abscindere
1476 4058 1674 4111 sentes,

290 4142 444 4197 Ostia
471 4141 724 4198 convulsa
762 4156 826 4195 ac
846 4141 1071 4197 fractam
1100 4156 1361 4197 renovare
1388 4142 1696 4205 fenestram,

292 4234 467 4301 Quam
496 4234 633 4289 latos
661 4249 879 4303 campos
902 4234 1112 4299 animae,
1142 4241 1197 4289 et
1224 4234 1519 4304 praecordia
1548 4234 1724 4289 cordis

296 4327 580 4393 Excolere,
613 4335 667 4382 et
694 4335 863 4395 captaa
891 4327 1181 4396 collapsum
1211 4326 1406 4381 mentis
1428 4327 1706 4379 honorem.

372 4419 457 4473 Nil
478 4417 666 4483 hostis,
697 4417 771 4471 nil
797 4418 909 4472 dira
930 4417 1118 4485 fames,
1143 4418 1215 4470 nil
1240 4417 1469 4485 denique
1500 4418 1671 4469 morbi

300 4512 574 4583 Egerunt:
602 4508 794 4564 fuimus
817 4510 909 4578 qui
938 4525 1079 4563 nunc
1107 4524 1309 4570 sumus,
1340 4508 1528 4577 hisque
1560 4510 1772 4577 periclis

299 4604 517 4659 Tentati
548 4602 715 4657 nihilo
738 4601 989 4656 meliores
1018 4600 1289 4655 reddimur
1318 4615 1572 4669 unquam,

298 4698 411 4754 Sub
432 4697 576 4752 vitiis
604 4696 751 4751 nullo
778 4696 1057 4765 culparum
1088 4694 1192 4749 line
1220 4703 1519 4756 manentes,

303 4787 390 4845 Nil
412 4797 657 4843 sanctum
684 4794 768 4841 est
792 4787 946 4840 nobis
976 4786 1076 4840 nisi
1103 4795 1337 4855 quaestus
1375 4805 1387 4837 :
1441 4794 1495 4838 et
1542 4784 1671 4839 illud
1716 4787 1883 4840 hone-

1501 4874 1679 4948 [stum
1706 4887 1807 4940 est,

297 4966 441 5023 Utile
466 4965 611 5036 quod
637 4965 815 5035 fuerit,
846 4967 1094 5036 vitiisque
1123 4968 1381 5023 vocabula
1415 4968 1556 5022 recti

296 5060 557 5125 lndimus,
584 5068 639 5115 et
671 5059 817 5129 parci
847 5074 1146 5129 cognomen
1173 5060 1337 5115 sumit
1362 5072 1574 5124 avarus,

298 5154 365 5206 At
395 5152 487 5222 qui
517 5151 776 5208 confessis
804 5153 967 5218 vitiis,
991 5161 1046 5207 et
1074 5154 1299 5208 crimine
1329 5162 1537 5222 aperto,

294 5243 411 5298 Non
442 5254 668 5313 potuere
694 5259 819 5299 suas
844 5244 1057 5299 virtutis
1084 5244 1315 5313 imagine
1335 5243 1549 5299 fraudes

293 5338 583 5407 Obtegere,
608 5339 820 5394 occulto
846 5337 1094 5394 foverunt
1122 5338 1339 5393 vulnere
1368 5340 1573 5407 plagas,

297 5432 445 5497 Quos
476 5441 688 5487 terrena
718 5432 882 5487 trahit
908 5434 1191 5503 sapientia,
1224 5434 1401 5488 nescia
1430 5436 1564 5489 veri.

301 5524 575 5591 Quosdam
603 5521 842 5585 infelices
864 5526 955 5593 qui
985 5525 1202 5594 decipit,
1233 5524 1419 5579 incitat
1441 5539 1616 5593 error,

304 5614 440 5667 Dum
468 5628 684 5669 causam
712 5614 987 5682 inquirunt
1014 5631 1212 5682 rerum,
1251 5623 1624 5684 astrorumque
1653 5624 1879 5683 meatus,

302 5705 433 5770 Qua:
462 5706 533 5761 sit
562 5706 730 5760 forma
758 5704 889 5775 poli,
921 5722 1017 5761 cur
1042 5708 1201 5777 longo
1231 5706 1448 5761 ﬂumina
1478 5723 1637 5764 cursu

551 5802 823 5861 Pn'non.
870 5801 1011 5867 LXI

1908 4441 1956 4497 D

1891 1677 1938 1737 Β
1966 1669 2083 1725 Non
2110 1681 2354 1741 pereant,
2384 1673 2522 1728 latus
2542 1672 2723 1741 jaceat
2748 1688 2856 1744 quo
2882 1673 3050 1728 limite
3071 1683 3266 1746 pontus
3290 1695 3304 1729 :

1962 1761 2195 1831 Quaeque
2222 1762 2334 1818 Deo
2359 1770 2566 1817 tantum
2593 1767 2718 1818 sunt
2745 1773 2903 1831 nota,
2930 1764 3207 1819 recondita
3237 1767 3461 1833 cunctis,

1960 1850 2114 1907 Scire
2149 1852 2335 1907 volunt
2364 1853 2499 1923 (heu
2517 1852 2717 1923 grande
2746 1852 2967 1920 nefas!)
2998 1861 3053 1907 et
3080 1855 3219 1911 scire
3244 1856 3509 1912 videntur.

1960 1941 2062 1997 Ista
2092 1943 2305 2013 quidem
2324 1985 2338 2008 ,
2367 1942 2586 1998 Salmon
2604 1986 2620 2011 ,
2643 1951 2768 1999 sunt
2794 1944 2963 2000 nostri
2990 1945 3210 1999 crimina
3239 1961 3414 2001 sexus.

2031 2034 2138 2090 Sed
2165 2036 2297 2090 levis
2323 2044 2406 2090 est
2431 2043 2611 2090 vestra
2637 2036 2889 2091 vitiorum
2916 2036 3136 2091 morbus
3164 2037 3218 2091 in
3239 2038 3390 2104 urbe,

1961 2126 2019 2181 Si
2047 2144 2155 2183 non
2185 2125 2397 2183 feminei
2419 2127 2589 2196 magis
2610 2142 2861 2182 exarsere
2891 2127 3116 2182 furores.

1962 2220 2101 2275 Ante
2120 2220 2279 2287 diem,
2310 2219 2552 2289 Salmon,
2578 2220 2811 2276 tenebris
2831 2235 2939 2276 nox
2966 2218 3180 2275 humida
3215 2220 3428 2285 condet,

1964 2310 2133 2378 Quam
2163 2312 2361 2380 possim
2385 2326 2563 2365 mores
2582 2310 2741 2380 hujus
2768 2325 3084 2380 percurrere
3108 2310 3297 2377 turbae,

1963 2402 2091 2469 Quae
2112 2418 2231 2457 cum
2263 2403 2381 2470 lege
2408 2402 2503 2457 Dei
2530 2402 2714 2456 vivant
2740 2402 2839 2457 sub
2860 2402 2976 2472 lege
2999 2403 3255 2470 virorum,

1963 2491 2105 2548 Proh
2130 2493 2302 2563 pudor
2326 2494 2338 2544 ἰ
2373 2491 2512 2546 haud
2536 2507 2770 2561 unquam
2804 2492 2921 2547 sine
2949 2501 3134 2548 nostro
3160 2493 3380 2547 crimine
3409 2508 3531 2561 pec-

3286 2585 3466 2658 [cant,

1962 2674 2098 2729 Nam
2122 2675 2223 2729 nisi
2245 2675 2453 2730 delictis
2478 2673 2661 2732 faciles
2688 2676 3026 2731 traherentur
3053 2692 3259 2743 earum,

1964 2764 2117 2821 Haud
2145 2766 2262 2822 illas
2290 2767 2430 2822 vitiis
2455 2765 2715 2821 vellemus
2745 2767 2926 2821 vivere
2954 2767 3183 2821 nostris:

1964 2857 2073 2914 Nec
2100 2859 2296 2927 rigidas
2324 2873 2457 2913 auro
2485 2866 2691 2920 vestes,
2721 2871 2823 2912 nec
2848 2857 3046 2912 vellera
3076 2858 3284 2922 Serum,

1965 2949 2075 3006 Nec
2102 2950 2306 3020 lapides
2334 2957 2449 3003 toto
2477 2963 2613 3016 quos
2641 2946 2743 3002 fert
2764 2955 3033 3002 mercator
3060 2948 3126 3001 ab
3155 2948 3306 3012 orbe,

1894 3055 1939 3116 ο
1970 3024 2276 3098 Ευηὸοῐιῖω
2304 3041 2489 3113 pretiis
2510 3049 2754 3095 emerent
2772 3041 2999 3112 suspiria
3030 3049 3239 3097 mmsta.

1972 3135 2248 3205 Iungimus
2273 3145 2328 3190 at
2347 3145 2533 3202 vanas,
2555 3150 2665 3191 non
2693 3143 2775 3190 est
2796 3134 2988 3204 pudor,
3021 3134 3217 3189 addere
3245 3150 3402 3191 curas

1972 3228 2029 3283 Si
2056 3229 2233 3298 gravis
2261 3227 2457 3297 ignotis
2484 3226 2746 3298 processit
2773 3224 2965 3281 Lesbia
2993 3226 3242 3295 gemmis,

1973 3320 2039 3375 Et
2058 3321 2236 3376 decies
2260 3318 2480 3375 Pessina
2500 3334 2641 3373 novo
2668 3317 2896 3372 radiavit
2922 3318 2976 3371 in
3005 3326 3153 3371 ostro
3177 3336 3189 3369 :

1971 3409 2263 3467 Confestim
2290 3419 2537 3466 ornatum
2566 3410 2666 3463 sibi
2688 3413 2915 3477 Quaeque
2943 3404 3188 3478 expoScit
3215 3408 3482 3463 eumdem.

1971 3500 2113 3572 Ergo
2134 3503 2279 3573 quod
2308 3503 2469 3557 variis
2495 3501 2749 3557 studeant
2776 3515 3059 3554 occurrere
3087 3500 3271 3556 formis
3295 3518 3307 3552 :

1971 3597 2146 3665 Atque
2175 3596 2299 3649 viris
2328 3595 2461 3648 alios
2490 3593 2730 3665 aliosque
2761 3600 3035 3661 opponere
3064 3591 3259 3657 vultus,

1972 3685 2159 3739 Nonne
2200 3684 2311 3738 haec
2358 3683 2514 3752 culpa
2552 3683 2649 3735 viri
2696 3683 2819 3736 est?
2854 3680 2989 3747 Quid
3036 3690 3198 3749 agunt
3240 3682 3293 3735 in
3317 3695 3543 3750 corpore

3281 3774 3300 3846 [
3320 3784 3469 3828 casto

1972 3870 2198 3926 Cerussa
2223 3874 2278 3923 et
2302 3868 2542 3932 minium,
2574 3874 2895 3934 centumque
2922 3881 3128 3919 venena
3157 3865 3441 3920 colorum?

1974 3961 2163 4017 Mentis
2188 3961 2393 4025 honor,
2424 3970 2741 4027 morumque
2767 3957 2931 4012 decus
2954 3965 3077 4011 sunt
3106 3956 3313 4010 vincula
3338 3957 3511 4010 sancti

1973 4054 2219 4123 Conjugii
2246 4074 2258 4107 :
2292 4054 2336 4107 si
2358 4052 2526 4106 forma
2556 4051 2753 4121 placet,
2785 4048 3121 4103 venientibus
3148 4048 3302 4103 annis

1974 4146 2142 4201 Cedet
2165 4161 2351 4200 amor:
2382 4144 2493 4198 sola
2517 4152 2621 4209 est,
2647 4142 2852 4196 senium
2874 4156 2991 4209 quae
3012 4140 3202 4203 nescit,
3233 4140 3509 4194 honestas.

2045 4236 2180 4290 Nam
2208 4235 2354 4304 quod
2377 4234 2649 4304 perpetuis
2671 4233 2998 4287 discursibus
3024 4233 3201 4285 omnia
3230 4232 3475 4291 lustrant,

1978 4326 2131 4392 Quod
2152 4333 2415 4395 pascunt,
2462 4326 2605 4393 quod
2634 4324 2799 4377 multa
2828 4330 3051 4392 gerunt,
3099 4323 3243 4390 quod
3270 4322 3437 4375 multa
3469 4322 3550 4373 lo-

3208 4412 3479 4483 [quuntur

1981 4509 2097 4565 Non
2126 4511 2313 4565 vitium
2341 4517 2581 4565 nostrum
2601 4509 2726 4561 est?
2754 4505 2919 4559 Paulo
2945 4515 3000 4559 et
3028 4505 3278 4560 Salmone
3304 4505 3512 4568 relicto,
3535 4562 3541 4569 ,

1980 4600 2133 4667 Quod
2159 4600 2307 4655 Maro
2332 4607 2578 4654 cantatur
2605 4596 2919 4657 thnissae,
2952 4606 3005 4650 et
3026 4596 3166 4650 Naso
3196 4595 3478 4665 Corynnae,

1982 4690 2136 4757 Quod
2168 4690 2409 4761 plausum
2436 4689 2704 4758 accipiunt
2733 4687 2847 4757 lyra
2878 4685 3053 4740 Flacci
3078 4727 3091 4751 ,
3134 4695 3227 4740 aut
3254 4700 3415 4741 scena
3445 4684 3557 4739 Tc-

3261 4775 3279 4847 [
3304 4777 3487 4831 renti?

1982 4875 2110 4941 Nos,
2141 4875 2333 4930 horum
2354 4888 2453 4928 nos
2478 4887 2639 4929 causa
2664 4886 2883 4927 sumus:
2910 4885 3007 4925 nos
3027 4871 3254 4940 turpiter
3282 4871 3397 4926 istis

1984 4967 2316 5023 Nutrimenta
2340 4963 2528 5019 damus
2553 4960 2780 5015 flammis
2805 4979 2817 5013 :
2848 4960 3075 5030 culpane
3094 4963 3378 5015 caremus?

1986 5060 2117 5116 Nam
2145 5059 2292 5114 velut
2318 5064 2567 5126 acceptas
2594 5054 2833 5111 referunt
2861 5054 3078 5123 specula
3103 5054 3303 5123 optima
3334 5053 3553 5120 formas,

1986 5156 2075 5209 Sic
2096 5153 2340 5223 exempla
2366 5152 2540 5206 virum
2568 5165 2762 5205 uxores
2784 5156 3003 5219 accepta
3029 5157 3341 5219 sequuntur.

1987 5246 2092 5301 Sed
2118 5262 2214 5301 cur
2232 5244 2415 5299 infelix
2436 5244 2487 5298 in
2510 5243 2668 5313 culpa
2691 5249 2772 5297 est
2794 5240 2990 5297 femina
3014 5248 3242 5304 tantum,

1988 5336 2121 5390 Cum
2143 5336 2319 5405 placet
2346 5332 2543 5388 stolido
2571 5332 2805 5401 conjunx
2835 5331 3023 5386 vitiosa
3052 5330 3285 5384 marito?

1994 5428 2137 5483 Unus
2166 5428 2361 5495 ubique
2389 5424 2558 5480 hostis
2584 5423 2774 5478 dilluso
2802 5422 3014 5476 turbine
3041 5420 3211 5485 saevit,

1992 5521 2101 5575 Nec
2128 5519 2319 5571 mirum
2349 5526 2431 5571 est
2459 5515 2598 5571 vinci
2619 5514 2744 5569 belli
2775 5514 2981 5567 terrore
3007 5512 3277 5566 subactos.

1993 5609 2145 5677 Quod
2166 5610 2209 5663 si
2238 5608 2464 5663 correcti
2486 5622 2673 5662 sanum
2702 5618 3030 5675 saperemus.
3062 5610 3117 5655 ct
3151 5599 3282 5653 atris

1994 5702 2186 5758 Libera
2214 5714 2367 5755 mens
2397 5699 2601 5755 nebulis
2630 5696 2841 5752 Christo
2871 5700 3091 5765 purgata
3122 5699 3351 5762 pateret,

3202 5790 3273 5850 31
