4058 6186
567 292 665 347 971

571 402 628 457 Si
655 400 846 454 falcem
867 395 1015 453 verbi
1044 394 1194 450 cordi
1215 393 1665 463 imprimerenius,
1691 396 1744 442 et
1764 387 1906 439 illinc

571 490 841 546 Vellemus
866 494 1106 543 veterum
1134 486 1387 540 vitiorum
1410 481 1719 538 abscindere
1750 478 1937 540 nodos,

572 581 840 637 Adversus
865 577 1063 635 Christi
1090 577 1317 631 fanndos
1344 576 1427 631 vis
1457 574 1598 628 nulla
1624 571 1829 626 valeret
1854 586 1867 621 :
1896 628 1897 631 η

572 674 683 731 Nec
701 688 802 728 nos
829 671 1032 741 Riphaei
1058 675 1426 739 prosterneret
1454 680 1608 720 arcus
1628 661 1804 726 Alani,

572 763 684 818 Nec
710 761 905 818 servile
930 760 1090 815 etiam
1111 759 1445 814 subverteret
1472 753 1652 811 omnia
1679 751 1897 812 bellum,

576 851 645 907 Et
670 854 761 922 qui
791 866 932 907 nunc
951 858 1134 905 nostra
1162 853 1474 917 grassantur
1491 844 1643 901 clade
1671 840 1905 911 superbi.

577 944 825 998 Attamen
855 944 908 997 in
926 949 1109 997 vestro
1135 940 1337 1010 populo
1365 954 1472 994 non
1494 952 1615 992 rara
1641 935 1910 989 bonorum

578 1033 753 1089 Turba
781 1034 943 1103 viget,
964 1033 1264 1101 multosque
1284 1032 1403 1100 pios
1424 1027 1665 1083 Ecclesia
1696 1024 1877 1080 nutrit.

648 1124 786 1181 Sunt
805 1127 964 1195 plane
992 1125 1231 1179 insontes
1259 1122 1430 1187 multi,
1463 1119 1624 1173 Pater
1651 1116 1854 1187 optime
1873 1154 1888 1177 ,
1922 1126 2149 1182 quorum

581 1217 709 1271 Esse
736 1218 897 1271 velim
924 1216 1112 1271 similis
1137 1232 1150 1267 :
1180 1229 1281 1269 nec
1310 1213 1506 1267 desunt
1533 1212 1588 1264 in
1616 1222 1777 1278 grege
1810 1214 1996 1260 nostro

582 1309 838 1364 Victrices
865 1307 1057 1361 reddat
1084 1321 1215 1375 quas
1239 1320 1400 1358 sexus
1430 1310 1655 1371 uterque
1682 1312 1930 1354 coronas.

1540 272 1969 334 MEROBAUDIS
2008 266 2283 325 CARMEN
2324 266 2407 321 DE
2442 261 2755 321 CHRISTO.

2167 386 2217 440 Λ
2246 378 2322 433 Ac
2345 377 2387 433 si
2410 377 2534 446 quid
2564 377 2789 446 patriam
2811 372 3169 437 commendat,
3200 372 3242 429 si
3265 370 3393 440 quid
3424 369 3478 423 in
3501 369 3592 422 illa
3616 376 3719 427 est,

2247 469 2401 537 Quod
2423 468 2622 538 juvat?
2648 468 2749 521 hoc
2769 480 2934 520 unum
2961 472 3063 526 est,
3088 464 3205 518 haec
3228 470 3355 518 sunt
3383 461 3577 516 solatia
3607 459 3752 511 vitae.

2248 562 2399 616 Nunc
2428 574 2547 629 age,
2580 559 2740 614 chare
2768 555 2946 621 Pater,
2974 555 3169 625 cupido
3187 555 3260 609 mi
3287 553 3401 608 fare
3425 552 3664 607 vicissim

3724 251 3826 303 972

2251 654 2379 721 Quae
2408 662 2461 708 te
2488 653 2644 720 digna
2665 650 2794 706 satis
2820 648 3035 719 requies
3061 646 3397 716 susceperit:
3424 660 3493 698 ex
3518 659 3630 713 quo

2254 746 2329 800 Te
2352 745 2516 801 corde
2546 743 2670 798 hinc
2693 749 2909 811 gestans
2936 739 3061 806 abii,
3084 745 3367 805 tecumque
3392 733 3592 797 refelli,

2252 836 2370 891 Non
2396 833 2644 904 equidem
2673 831 2870 886 invitus
2897 828 3132 884 recolam
3156 841 3275 880 mea
3306 825 3500 893 gaudia
3525 822 3770 884 Salmon,

2254 928 2363 983 Nec
2390 934 2446 981 te
2473 933 2753 979 taurorum
2776 920 2975 976 indicio
2997 917 3225 973 laudabo
3251 916 3540 971 bonorum.

2254 1017 2361 1074 Sed
2381 1016 2493 1087 jam
2519 1013 2759 1071 conelusi
2787 1027 2885 1067 nos
2910 1010 3163 1065 admonet
3189 1009 3321 1063 hora
3347 1006 3473 1071 diei,

2253 1110 2503 1178 Surgere,
2532 1117 2590 1162 et
2615 1105 2681 1159 ad
2704 1118 2888 1159 sacros
2914 1109 3222 1157 sanctorum
3250 1111 3536 1155 occurrere
3562 1102 3759 1160 «plus,

2256 1201 2499 1256 Crastina
2525 1199 2616 1251 lux
2646 1195 2822 1250 verbis
2845 1193 3070 1250 accedet
3096 1192 3264 1247 libera
3290 1189 3509 1245 nostris.

597 1388 3824 1467 θ

1810 1563 1977 1608 ANNO
2002 1560 2230 1605 DOMINI
2255 1552 2613 1601 CCCCXXVII.

692 1683 3749 1932 MEROBAUDEEEHOLASTICUS.

1991 1989 2482 2068 NOTITIA.

2031 2122 2126 2183 (Ex
2172 2116 2415 2177 Galland.)

634 2258 659 2311 'l
687 2297 701 2312 .
740 2254 914 2309 Pauca
942 2260 1065 2307 sunt
1093 2249 1377 2305 admodum
1416 2262 1535 2318 quae
1574 2254 1859 2303 occurrant
1885 2245 1953 2300 de
1982 2244 2161 2299 Mero-
2194 2245 2240 2305 Β
2336 2239 2398 2293 ll.
2440 2236 2624 2293 Fuerit
2652 2236 2833 2305 itaque
2860 2231 3076 2289 natione
3103 2228 3371 2301 Hispanus
3398 2228 3751 2286 Merobaudes
3779 2231 3847 2286 de

574 2346 764 2403 'naude
809 2344 1131 2401 scholastico
1171 2340 1414 2405 dicenda,
1447 2355 1621 2410 eaque
1648 2338 1792 2393 haud
1822 2338 1982 2408 plane
2018 2351 2170 2391 com-

596 2446 764 2509 perta.
807 2436 939 2490 Illud
979 2444 1155 2488 tamen
1192 2432 1526 2502 exploratum
1568 2430 1796 2493 videtur,
1828 2443 2113 2499 perperam
2142 2443 2173 2481 a

598 2528 865 2582 nonnullis
892 2526 1141 2581 confundi
1170 2533 1445 2579 auctorem
1471 2530 1711 2577 nostrum
1731 2537 1855 2577 cum
1884 2521 1964 2576 Fl.
1996 2520 2173 2576 Mero-

590 2618 792 2682 baude,
823 2617 915 2685 qui
957 2616 1143 2670 consul
1181 2613 1413 2685 primum
1461 2614 1719 2683 processit
1754 2628 1873 2667 cum
1921 2610 2175 2667 Gratiano

596 2724 741 2765 anno
770 2708 872 2763 577
914 2714 967 2763 et
1007 2707 1198 2761 iterum
1227 2720 1348 2759 cum
1383 2703 1670 2759 Saturnino
1704 2720 1845 2759 anno
1873 2703 1997 2770 585,
2028 2704 2177 2771 cuius

599 2798 897 2855 meminere
943 2795 1163 2850 Latinus
1206 2792 1434 2849 Pacatus
1465 2795 1541 2866 (a)
1572 2804 1627 2849 et
1662 2793 2049 2863 Philostorgius
2079 2793 2174 2867 (ὁ).

602 2893 671 2947 At
697 2907 826 2948 vero
852 2890 1201 2947 existimarim
1229 2888 1477 2959 equidem
1508 2905 1629 2943 cum
1664 2887 1954 2943 Sirmondo
1986 2887 2078 2958 (ο),
2111 2884 2179 2941 de

602 2992 788 3040 nostro
814 2980 1138 3038 Merobaude
1160 2981 1262 3036 ista
1290 2981 1549 3037 cecinisse
1575 2979 1852 3035 Sidonium
1882 2978 1959 3048 (ά)
1986 2996 1999 3031 :

787 3094 885 3144 Sed
911 3107 1006 3143 nec
1028 3096 1207 3143 tertius
1224 3091 1308 3141 ille
1333 3104 1462 3141 nunc
1486 3090 1704 3153 legetur,

790 3157 941 3205 Baetin
964 3157 1044 3216 qui
1069 3154 1275 3216 patrium
1300 3149 1857 3216 (eisemel'relin'quens

794 3212 1000 3265 Undoszé
1026 3212 1173 3275 péliit
1195 3212 1325 3275 sitim
1350 3212 1594 3262 Ravennae
1618 3247 1630 3259 .

793 3273 1036 3343 glosores‘
1047 3278 1123 3324 cui
1149 3273 1378 3343 fulgidam
1400 3274 1623 3343 quirites,

791 3337 851 3385 Et
866 3349 1007 3383 carus
1032 3334 1352 3395 popularitate
1374 3338 1621 3394 princeps,

795 3397 1000 3458 Trojano
1018 3394 1226 3445 statuam
1244 3394 1349 3443 foro
1370 3394 1602 3444 locarunt.

611 3506 709 3563 liis
729 3521 975 3563 consona
1006 3508 1153 3578 legas
1176 3509 1320 3580 apud
1356 3508 1606 3575 ldatium,
1636 3511 1729 3581 qui
1760 3513 1826 3566 ad
1858 3527 2057 3567 annum
2104 3513 2169 3569 19

2275 2346 2384 2400 quo
2411 2328 2715 2400 loquimur;
2745 2327 2836 2396 qui
2856 2325 3027 2380 solum
3047 2322 3280 2394 patrium
3300 2321 3649 2377 barbarorum
3675 2324 3847 2378 incur<

2274 2423 2515 2479 sionibus
2540 2420 2812 2476 turbatum
2842 2417 3165 2486 relinquens,
3196 2415 3252 2469 in
3280 2412 3481 2468 Italiam
3505 2412 3807 2482 confugerit
3834 2430 3849 2466 :

2276 2516 2368 2572 ubi
2397 2514 2587 2569 litteris
2621 2510 3027 2567 humanioribus
3055 2506 3298 2577 apprime
3326 2503 3589 2569 excultus,
3618 2504 3852 2558 maximo

2277 2606 2332 2661 in
2360 2605 2538 2675 pretio
2568 2602 2709 2673 apud
2736 2600 3007 2655 Romanos
3034 2596 3134 2652 fuit
3159 2595 3371 2650 habitus
3398 2608 3460 2649 ac
3483 2600 3662 2647 statua
3691 2592 3854 2647 douaa

2284 2706 2391 2749 tus.
2440 2690 2818 2749 Merobaudem
2863 2689 3167 2750 rhetorem,
3213 2693 3270 2740 et
3315 2684 3543 2739 fortasse
3590 2690 3857 2747 nostrum,

2282 2784 2465 2840 laudat
2505 2782 2675 2839 semel
2709 2782 3010 2847 iterumque
3046 2775 3264 2831 Boetius
3310 2772 3409 2845 (ἡ).
3453 2773 3531 2827 De
3570 2786 3638 2827 eo
3683 2781 3859 2828 autem

2280 2889 2393 2945 quo
2432 2874 2500 2930 de
2529 2872 2752 2942 agimus,
2782 2870 2936 2940 plura
2970 2867 3153 2923 videas
3185 2864 3323 2935 apud
3360 2862 3641 2918 Nicolaum
3691 2862 3858 2918 Anto-

2281 2966 2428 3021 nium
2453 2964 2527 3038 (i)
2555 2981 2568 3019 :
2599 2976 2772 3031 neque
2800 2966 3087 3030 praetereas
3116 2955 3273 3011 velim
3312 2954 3456 3009 viros
3482 2952 3747 3019 eruditos,
3774 2954 3860 3022 qui

2282 3054 2682 3113 conscribendte
2743 3049 2991 3106 Historiae
3053 3045 3326 3103 litterarizn
3381 3043 3601 3098 Gallica:
3658 3044 3861 3099 incum—

2285 3150 2419 3203 bunt
2458 3146 2549 3217 (j).

2354 3235 2440 3293 ΠΙ.
2482 3235 2651 3291 Porro
2691 3230 2998 3291 Merobaudi
3025 3230 3313 3299 ascriptum
3340 3225 3718 3283 circumfertur
3744 3242 3863 3281 car-

2286 3344 2412 3385 men
2440 3327 2503 3381 de
2530 3326 2732 3382 Christo
2754 3341 2772 3378 :
2794 3339 2901 3395 quo
2928 3337 3060 3378 sane
3088 3320 3303 3376 nomine
3338 3318 3528 3387 dignus
3565 3315 3864 3377 habendus,

2288 3421 2381 3490 qui
2407 3433 2563 3475 sacro
2589 3416 2664 3471 illi
2689 3430 2914 3471 numero
2946 3421 3225 3484 poetarum
3261 3408 3643 3479 Hispanorum,
3672 3406 3867 3463 Juven-

2289 3513 2361 3582 ci,
2393 3510 2665 3567 Prudentii
2692 3518 2748 3564 et
2781 3508 3008 3563 aliorum
3046 3511 3410 3561 accenseatur.
3444 3501 3713 3557 Caeterum
3749 3518 3868 3557 car-

610 3597 902 3654 Tlieodosii
956 3596 1198 3653 Junioris
1228 3598 1344 3653 lucc
1386 3598 1549 3655 habet
1587 3600 1708 3671 (f):
1741 3600 1956 3654 Asturio
1999 3604 2172 3671 magi-
2215 3617 2259 3682 ρ
2290 3618 2413 3661 men
2442 3602 2585 3659 idem
2610 3614 2859 3657 versuum
2894 3596 3251 3666 undetriginta
3290 3594 3496 3665 pluries
3524 3593 3665 3663 typis
3704 3605 3868 3647 excu-

609 3702 719 3745 stro
739 3693 1013 3761 utriusque
1035 3692 1243 3746 militia:
1265 3708 1419 3761 gener
1449 3693 1613 3760 ipsius
1640 3708 1909 3747 successor
1932 3692 2034 3760 ipsi
2054 3692 2175 3744 mit-

610 3786 734 3838 titur
765 3784 1127 3853 Merobaudis,
1165 3795 1295 3839 natu
1321 3784 1533 3851 nobilis,
1571 3794 1620 3840 et
1652 3785 1961 3854 eloquentia:
1990 3785 2174 3838 merito

609 3878 689 3931 vel
720 3877 951 3931 maxime
983 3880 1039 3932 in
1068 3880 1323 3948 poematis
1364 3877 1542 3931 studio
1596 3893 1716 3931 cum
1753 3876 2009 3931 veteribus
2039 3892 2183 3929 com-

607 3972 901 4038 parandus,
950 3973 1245 4025 testimonio
1301 3970 1463 4023 etiam
1514 3970 1815 4037 provehitur
1859 3976 2180 4023 statuarum.

609 4060 712 4128 Qui
743 4062 965 4133 quidem
996 4064 1149 4120 locus
1180 4061 1326 4117 haud
1356 4061 1496 4131 fugit
1521 4057 1929 4114 Tillemontium
1960 4059 2057 4130 (g).

612 4186 910 4310 pagg-Lat.
947 4186 1151 4253 Pacat.,
1188 4185 1451 4272 Panegyr.
1485 4202 1601 4258 cap.
1636 4186 1727 4256 28,
1766 4203 1889 4259 pag.
1925 4189 2027 4245 334
2056 4191 2183 4246 edit,

684 4325 760 4406 (ὁ)
786 4325 1136 4406 Ειιὶιοδιρνςη
1331 4327 1464 4383 eccl.
1496 4328 1586 4383 lib.
1621 4329 1785 4406 vim}
1818 4328 1868 4382 1.

612 4394 1076 4520 toEirmond.,
1115 4397 1183 4451 ad
1218 4396 1425 4462 Sidon.,
1466 4413 1586 4468 pag.
1623 4394 1783 4463 1255,
1819 4408 1932 4455 not.
1972 4402 2024 4466 b,
2057 4416 2181 4472 opp.

706 4537 761 4605 ά)
792 4536 1010 4605 Sidon.,
1043 4554 1209 4594 carm.
1242 4537 1292 4602 9,
1320 4554 1460 4594 vers.
1489 4537 1747 4593 295-298.

687 4606 762 4677 (ε)
792 4606 919 4678 Leg.
952 4606 1087 4664 forte
1115 4612 1300 4664 solum.

2290 3710 2407 3751 sum
2445 3694 2711 3757 novimus,
2741 3700 2855 3745 tum
2891 3705 2922 3743 a
2951 3688 3181 3757 Georgio
3226 3684 3471 3740 Fabricio
3504 3685 3647 3739 inter
3682 3693 3869 3754 poetas

2291 3785 2642 3853 Christianos,
2671 3792 2783 3838 tum
2813 3782 2879 3837 ab
2908 3780 3118 3836 Andrea
3146 3777 3337 3833 Rivino
3356 3792 3480 3832 cum
3506 3775 3717 3832 Rustici
3744 3774 3871 3830 Hel-

2291 3878 2442 3949 pidii,
2484 3875 2749 3932 Lactantii
2789 3875 3126 3942 aliorumque
3163 3870 3507 3934 carminibus,
3548 3884 3651 3924 nec
3677 3868 3873 3923 nonin

2289 3968 2630 4024 bibliothecis
2654 3966 2872 4022 Patrum
2892 3962 3301 4031 Parisiensibus,
3323 3960 3630 4017 Coloniensi
3647 3975 3713 4015 ac
3735 3959 3874 4031 Lug-

2292 4058 2540 4115 dunensi.

2459 4191 2620 4274 I_dat.,
2649 4189 2851 4246 Chron.
2879 4202 3001 4259 pag.
3034 4186 3160 4255 502,
3182 4162 3309 4258 opp.
3337 4185 3609 4242 Sirmond.
3640 4194 3778 4241 tom.
3814 4186 3875 4249 ll,

2296 4260 2428 4317 edit.
2464 4262 2633 4316 Paris.

2364 4333 2439 4404 (g)
2471 4332 2707 4404 Tillcm.,
2739 4330 2874 4385 Hist.
2912 4328 3008 4383 des
3046 4342 3276 4404 erepet,
3306 4334 3438 4404 tom.
3468 4325 3877 4404 VI,_Apag.__2.'5_l_.

2387 4394 2441 4486 ξ)
2472 4401 2625 4486 liget.
2647 4442 2662 4466 ,
2695 4394 2837 4472 ’opp.
2880 4412 3035 4469 pagg.
3074 4394 3177 4451 80—7
3213 4394 3270 4453 et
3310 4394 3416 4451 855
3439 4438 3453 4463 ,
3505 4394 3675 4451 θάίίιζ
3706 4396 3877 4453 Basil.

2293 4471 2738 4607 isip’l‘giifgintq
2756 4538 2892 4593 Bibl.
2906 4545 3016 4593 vet.
3036 4536 3186 4661 Hist?
3205 4536 3297 4593 lib.
3315 4552 3388 4602 tu,
3407 4552 3526 4607 cap.
3541 4538 3595 4604 5,
3610 4549 3734 4607 pag.
3754 4537 3851 4589 191
3870 4580 3876 4586 ,

2363 4543 2440 4684 δὲ]
2460 4609 2965 4667 Histoirelittéraire
2984 4608 3052 4663 de
3071 4608 3121 4662 la
3184 4622 3367 4677 rauce,
3382 4617 3514 4661 tom.
3535 4607 3593 4673 ll,
3608 4620 3728 4678 pag.
3751 4607 3859 4660 338

2381 4607 2440 4686 j),1
2460 4609 2965 4667 Histoirelittéraire
2984 4608 3052 4663 de
3071 4608 3121 4662 la
3141 4607 3367 4677 France,
3382 4617 3514 4661 tom.
3535 4607 3593 4673 ll,
3608 4620 3728 4678 pag.
3751 4607 3859 4660 338

1647 4803 2848 4924 MEBDBAUDIS

1888 4978 2150 5029 HISPANI
2196 4976 2603 5030 SCHOLASTICI

1240 5097 3260 5309 ΟΑΒΜΕΝ-ΙΞ-ΕΞ-ῼΗΒΙΒΤΟ.

674 5351 871 5407 Proles
894 5363 1020 5405 vera
1045 5349 1143 5405 Dei
1172 5350 1486 5419 cunctisque
1511 5350 1781 5419 antiquior
1801 5352 1979 5417 annis,

616 5446 767 5503 Nunc
793 5445 1002 5515 genitus
1029 5444 1121 5513 qui
1143 5458 1354 5513 semper
1383 5457 1522 5506 eras,
1547 5452 1572 5481 ἰ
1594 5443 1833 5514 lucisque
1856 5455 2118 5515 repertor,

619 5585 726 5702 ‘8;
744 5574 1037 5682 iuvencum
1074 5574 1341 5642 imitatur,
1379 5573 1514 5630 Hist.
1560 5573 1766 5644 Evang.
1806 5576 1898 5634 lib.
1937 5595 2011 5647 1v,
2047 5594 2185 5636 vers.

773 5709 783 5717 ⁵
850 5794 857 5799 ,
1226 5733 1347 5788 Vitae
1368 5733 1592 5800 lucisque
1609 5744 1851 5800 repertor.

2224 5359 2277 5417 D
2303 5353 2443 5409 Ante
2472 5361 2575 5407 tum
2602 5354 2891 5423 matrisque
2920 5369 3132 5423 parens,
3165 5368 3323 5423 quem
3353 5352 3498 5407 misit
3524 5352 3593 5406 ab
3619 5354 3777 5409 astris

2300 5447 2591 5517 :Equaavus
2619 5448 2848 5516 genitor,
2881 5448 3149 5518 Verbique
3176 5448 3229 5501 in
3258 5447 3465 5502 semina
3492 5444 3671 5501 fusum

2298 5578 2400 5647 Qui
2427 5586 2483 5634 et
2510 5579 2602 5635 lib.
2634 5596 2672 5645 ι,
2700 5595 2842 5635 vers.
2873 5579 2961 5642 55,
2990 5582 3065 5634 ait
3090 5598 3103 5633 :

2716 5671 2971 5731 Dominus,
2989 5670 3100 5719 coeli
3126 5680 3371 5732 terraique
3391 5676 3632 5731 repertor.

2295 5752 2479 5823 Neque
2506 5753 2660 5812 aliter
2685 5752 3026 5821 Prudentius,
3058 5757 3303 5829 Καθημερ.
3334 5752 3517 5824 hymn.
3548 5749 3603 5817 4,
3632 5764 3780 5805 vers.
3810 5753 3879 5805 9:
