2029 3093
280 159 342 188 ‘975

612 159 640 188 S.
661 157 843 187 ORlENTlUS
861 155 1044 184 El’lSCOPUS
1064 153 1267 183 AUSCIENSIS.
1281 171 1316 176 —
1331 152 1616 181 PROLEGOMENON.

1870 153 1920 181 976

289 218 357 247 Hinc
367 218 457 253 itaque
469 217 599 252 temporis
612 217 778 244 notationem
790 215 941 249 colligimus
954 220 1009 247 quo
1024 211 1078 240 cla-
1093 216 1117 244 Α
1131 212 1200 239 Aetii
1214 219 1247 240 ac
1261 211 1357 239 Litorii
1370 211 1468 238 ducum
1481 209 1665 237 Romanorum
1676 208 1805 237 adversus
1820 208 1924 238 Gotho-

289 264 342 291 ruit
353 267 445 291 noster
455 267 558 295 auctor,
570 262 640 289 circa
651 261 754 288 scilicet
765 267 863 287 annum
874 258 937 286 440.
948 258 987 286 De
997 258 1079 293 ipsius

289 314 380 337 autem
394 309 550 344 episcopatu
572 308 650 335 silent
663 306 772 341 quidem
784 305 950 333 Fortunatus
963 307 991 331 et
1004 303 1080 339 Sige-

289 354 381 382 bertus
394 362 400 380 :
413 358 441 381 at
455 360 548 381 eorum
561 352 697 380 silentium
709 359 764 378 non
777 355 818 378 est
833 350 941 378 demum
951 349 1018 376 tanti
1031 348 1080 375 du-

289 400 413 433 cendum,
438 405 468 426 ut
487 398 549 426 inde
570 398 636 426 satis
657 398 762 425 ﬁrmum
784 401 970 432 argumentum
985 403 1081 423 eruere

290 447 349 482 quis
364 454 443 482 posse
453 446 585 479 videatur,
599 452 653 480 quo
663 444 824 479 episcopalis
836 443 951 477 dignitas
960 441 1080 469 Orientio

290 492 476 527 abjudieetur:
497 491 627 526 imprimis
647 497 712 517 vero
735 489 758 517 si
776 492 938 524 spectemus,
954 495 1011 515 rem
1026 495 1080 515 uno

289 537 420 565 versiculo
434 537 580 571 transigere
589 536 765 563 Fortunatum
779 533 968 569 antiquiorem.
979 533 1082 561 Verum

290 584 342 611 hac
362 582 396 610 de
421 590 452 610 re
466 582 651 610 diflicultatem
677 581 795 612 demum,
810 581 833 607 si
846 588 899 614 qua
920 579 965 612 sit,
987 579 1081 606 tollere

290 633 433 658 censentur
447 628 515 656 Acta
532 628 617 655 sancti
635 627 747 654 Orientii
769 626 889 662 episcopi
916 625 1081 657 Ausciensis,

289 681 350 710 quae
368 674 474 709 vulgata
492 673 606 709 primum
621 680 636 700 a
657 671 779 707 Philippo
800 671 908 698 Labbeo
934 671 982 707 (a),
1007 670 1083 698 Actis

290 725 444 749 sanctorum
464 720 646 748 Bollandianis
660 719 734 748 fuere
748 720 874 754 deinceps
896 718 999 746 intexta
1020 719 1081 753 (b):

292 776 352 804 qua:
368 768 475 804 quidem
490 768 553 796 licet
568 767 723 803 primaevam
737 765 926 801 antiquitatem
940 773 995 792 non
1008 764 1080 792 refe-

290 819 362 849 rant,
383 815 410 843 in
424 814 457 842 iis
479 818 570 842 tamen
593 813 720 841 nonnulla
739 817 814 848 gesta
835 815 1004 844 enarrantur,
1020 819 1080 846 qure

291 861 373 889 variis
389 860 502 888 Orientii
521 859 724 889 Commonitorii
739 859 806 887 locis
829 858 909 893 plane
934 865 1084 892 congruere

1130 266 1190 286 rum
1208 264 1300 292 regem
1314 259 1457 284 averteret.
1471 255 1553 289 Cujus
1566 254 1673 290 quidem
1686 254 1831 289 legationis
1845 261 1921 289 egre-

1130 304 1202 339 giam
1219 303 1426 338 descriptionem
1433 300 1543 329 exhibet
1551 300 1691 328 Salvianus
1704 301 1753 337 (It),
1766 301 1798 328 iis
1813 309 1924 336 prorsus

1130 357 1277 378 consonam
1292 356 1352 384 quae
1363 349 1390 376 in
1401 347 1475 375 Actis
1486 347 1584 374 nostris
1599 351 1770 374 enarrantur.
1782 346 1853 374 llinc
1861 354 1925 374 vero

1131 399 1238 430 arrepta
1245 393 1365 422 Orientio
1380 398 1478 429 strages
1492 397 1517 419 et
1526 392 1646 419 incendia
1660 391 1830 420 describendi
1845 400 1924 420 occa-

1131 442 1182 475 sio,
1197 441 1294 476 quibus
1309 440 1415 477 fumavit
1426 439 1512 466 Gallia
1527 443 1589 472 tota,
1607 443 1636 466 ut
1651 439 1774 474 superius
1788 439 1924 466 intellexi-

1132 496 1201 516 mus.
1221 487 1278 515 Hoc
1300 491 1391 514 autem
1404 486 1506 514 bellum
1528 493 1544 512 a
1558 484 1661 512 Litorio
1680 484 1810 512 adversus
1823 483 1924 512 Gothos

1131 534 1272 562 infeliciter
1291 537 1411 567 gestum,
1426 539 1498 559 anno
1512 530 1612 558 Christi
1633 530 1687 558 459
1708 530 1855 565 contigisse
1870 534 1923 557 tra-

1131 580 1199 607 dunt
1212 579 1327 612 ldacins,
1342 577 1461 612 Prosper
1475 581 1503 604 et
1515 576 1704 604 Cassiodorius
1725 577 1752 603 in
1763 576 1922 603 Chronicis:

1133 625 1177 653 cui
1190 624 1303 660 proinde
1318 631 1389 651 anno
1404 623 1529 658 illiganda
1547 630 1608 650 esse
1632 630 1738 657 quoque
1756 621 1870 650 Orientii
1888 622 1923 649 le-

1133 671 1207 706 gatio
1228 670 1263 698 ad
1283 669 1408 697 eumdem
1431 669 1560 697 Litorium
1581 668 1745 704 perhibetur.
1763 668 1823 701 Quo
1837 672 1923 695 autem

1135 723 1206 743 anno
1222 715 1334 751 posthac
1348 722 1364 742 e
1376 715 1443 742 vivis
1457 715 1604 742 excesserit
1618 714 1713 741 beatus
1727 714 1854 746 antistes,
1868 721 1924 741 om.

1134 761 1199 788 nino
1213 761 1419 795 incompertum.
1436 760 1464 787 In
1479 759 1578 787 tabulis
1597 760 1784 788 ecclesiasticis
1797 760 1924 788 recolitur

1135 808 1193 842 ejus
1203 807 1333 835 memoria
1343 806 1462 835 calendis
1471 806 1548 834 Maii:
1558 806 1634 841 cujus
1645 806 1761 841 elogium
1771 805 1822 834 sub
1834 806 1926 834 eadem

1134 853 1179 881 die
1193 854 1220 881 in
1236 852 1350 881 Usuardi
1364 852 1560 888 martyrologio
1575 853 1680 880 sincero
1694 852 1732 880 ita
1745 852 1856 880 eﬁ'ertur
1875 854 1906 889 (ι)
1919 862 1925 880 ;

291 906 475 940 intelliguntur
489 914 496 931 ε
524 905 645 940 adeoque
663 904 743 932 tidem
768 904 879 931 omnino
899 903 993 931 iisdem
1009 902 1083 930 Actis
1099 905 1121 934 Β
1135 899 1209 935 Apud
1223 900 1352 926 civitatem
1367 899 1499 933 Auscium,
1514 896 1597 926 saucii
1618 897 1731 926 Orientis
1747 899 1872 934 episcopi,
1886 899 1927 935 qui

291 950 433 978 detrahere
456 949 526 977 haud
549 957 625 984 aequo
637 949 697 983 jure
719 948 778 983 quis
795 948 879 981 valet,
894 952 923 974 ut
937 951 1011 975 recte
1026 950 1081 974 sta-

294 998 373 1022 tuunt
386 994 484 1022 eruditi
495 994 545 1021 viri
560 994 683 1028 superius
697 993 798 1020 laudati
812 991 859 1028 (ο).

327 1038 370 1066 Ill.
396 1038 516 1066 Produnt
537 1039 627 1073 itaque
641 1037 791 1072 hujusmodi
808 1037 873 1064 Acta
890 1037 940 1073 (ά),
965 1037 1083 1064 beatissi-

290 1091 361 1109 mum
375 1081 528 1115 Orientium,
543 1082 682 1109 mundanae
695 1081 850 1109 lubricitalis
870 1081 989 1117 squalore
1003 1081 1083 1116 depo-

291 1129 354 1161 sito,
371 1136 399 1155 se
417 1131 497 1154 totum
510 1131 583 1154 casta
597 1131 681 1154 mente
694 1127 787 1154 divina:
798 1126 930 1161 majestati
943 1125 1083 1158 devovisse,

289 1177 318 1199 et
331 1171 465 1200 altioribus
477 1172 615 1199 honoribus
629 1171 739 1206 adeptis,
756 1170 913 1205 pontiﬁcalis
923 1170 1007 1197 Auxio
1020 1170 1084 1197 civi-

293 1217 371 1243 vitale
384 1216 511 1244 cathedra
524 1217 675 1251 dignitatem
690 1215 845 1242 ascendisse.
860 1214 909 1242 Hic
923 1222 986 1242 vero
1001 1215 1028 1242 in
1040 1222 1086 1242 an-

293 1268 427 1290 tecessum
440 1262 613 1297 improbanda
625 1262 742 1289 occurrit
755 1261 877 1296 Basnagii
897 1261 932 1297 (e)
950 1265 977 1289 et
989 1261 1084 1289 Fabri—

291 1307 329 1335 cii
346 1308 383 1342 (ι’)
399 1306 570 1341 conjectatio,
587 1315 619 1333 ex
634 1307 723 1333 verbis
738 1314 801 1333 mox
820 1306 982 1334 adducendis
997 1307 1085 1335 minus

295 1359 368 1381 recte
397 1354 513 1389 acceptis
540 1353 651 1386 ellicta,
677 1353 824 1380 Orientium
851 1353 977 1381 videlicet
1003 1353 1085 1382 fuisse

295 1399 382 1434 primo
408 1399 565 1427 idololatriae
591 1398 736 1426 addictum.
756 1398 873 1433 Pergunt
894 1406 975 1434 porro
991 1399 1084 1427 eadem

295 1446 361 1473 Acta
374 1454 380 1471 :
396 1444 585 1472 Ecclesiasticis
599 1453 708 1480 namque
722 1444 884 1479 dogmatibus
898 1445 1014 1480 apprime
1029 1453 1085 1472 eru-

290 1494 372 1526 ditus,
384 1494 547 1520 commissum
556 1492 605 1520 sibi
615 1493 736 1528 populum
749 1499 823 1519 sacro
834 1500 951 1519 sermone
960 1493 1083 1524 correxit,

295 1547 503 1571 PAGANORUKQUE
518 1545 737 1566 reuvsnsrrneu
752 1545 901 1565 nesrnuxrr
914 1546 920 1563 :
937 1542 960 1564 et
975 1538 1013 1564 ita
1028 1538 1084 1573 ple-

295 1585 400 1612 nissime
415 1584 504 1611 doctus
519 1588 591 1611 tanta
605 1584 724 1611 doctrina
743 1592 785 1610 eos
799 1584 922 1615 erudivit,
938 1588 967 1610 ut
983 1592 1084 1612 SPRETA
1099 1597 1121 1628 ρ

294 1637 428 1657 ιῡοιοκωι
440 1637 564 1656 νιιιτΑτΕ
577 1633 707 1656 auctorem
720 1637 795 1655 suum
805 1634 996 1664 cognoscerent,
1012 1634 1038 1657 et
1051 1630 1085 1657 ad

293 1675 377 1709 legem
402 1675 475 1710 ejus,
496 1673 657 1708 baptismatis
677 1673 789 1708 gratiam
811 1673 962 1701 accipiendo
986 1674 1085 1708 pertin-

296 1724 395 1756 gerent.
407 1719 472 1753 Quae
489 1719 597 1754 quidem
613 1718 707 1751 verba,
723 1722 752 1745 ut
771 1726 832 1746 cum
846 1718 977 1746 Martenio
991 1719 1087 1754 loquar

297 1764 357 1802 (g),
377 1772 459 1800 quam
477 1765 546 1792 bene
562 1764 728 1792 conveniunt
747 1763 780 1791 iis
799 1770 860 1798 qua:
882 1763 975 1791 scribit
991 1763 1087 1792 Orien-

298 1813 352 1841 tius
369 1812 429 1848 (h)!

389 1852 420 1878 Et
431 1858 474 1876 nos
482 1858 495 1876 a
506 1851 565 1876 nece
576 1851 727 1876 ethnicorum
736 1852 892 1882 emersimns,

390 1883 497 1914 Eamque
509 1884 607 1914 tandem
618 1884 727 1914 rupimus
736 1881 877 1914 caliginem,

391 1913 586 1946 Dum’spiritales
597 1913 741 1938 exaudimus
752 1913 861 1944 angelos.

295 1954 403 1991 Optima
415 1962 481 1983 sane
494 1954 543 1982 viri
558 1954 630 1981 docti
642 1954 837 1988 interpretatio.
849 1953 947 1988 Ecquis
960 1954 1032 1981 enim
1042 1954 1089 1981 dc-

297 2008 371 2028 mum
384 2008 438 2028 non
448 1999 538 2027 videat
549 1997 698 2026 Orientium
710 1998 755 2025 hic
768 2005 823 2025 non
837 1998 889 2030 sui,
904 1998 953 2026 sed
965 1998 1086 2033 neophy-

298 2050 389 2073 torum
400 2052 510 2072 suorum
520 2043 628 2071 nomine
639 2042 735 2076 quibus
745 2042 896 2070 erudiendis
906 2042 977 2070 hanc
988 2042 1091 2070 Oratio-

297 2099 357 2118 nem
377 2088 543 2123 composuit,
562 2086 644 2115 fuisse
659 2086 799 2114 locutum?
812 2087 859 2121 qui
876 2086 937 2113 dum
957 2087 1088 2122 spiritales

269 2166 274 2173 ι
296 2135 468 2163 exaudierunt
482 2132 598 2168 angelos,
614 2132 640 2159 id
654 2136 696 2160 est
707 2132 858 2168 episcopos,
869 2140 936 2167 quos
949 2132 986 2160 ita
1001 2132 1088 2160 nomi-

302 2185 381 2208 natos
395 2180 422 2206 in
437 2178 597 2214 Apocalypsi
611 2178 735 2205 novimus
745 2178 789 2214 (i),
804 2179 928 2206 lzetantur
940 2186 970 2206 se
990 2187 1007 2205 α
1026 2179 1089 2214 [tere

299 2228 457 2255 ethnicorum
481 2225 629 2257 emersisse,
645 2233 751 2260 eamque
766 2225 868 2252 tandem
883 2225 983 2260 rupisse
995 2225 1088 2260 caligi-

301 2283 367 2301 nem.
379 2273 506 2301 Facessat
516 2271 595 2306 igitur
600 2271 633 2298 de
639 2270 751 2299 Orientii
762 2271 914 2299 idololatria
928 2271 1007 2298 inane
1013 2279 1088 2299 com-
1105 2284 1128 2313 ο

301 2324 430 2347 mentum.

336 2365 381 2391 lV.
394 2364 525 2391 Praeterea
539 2370 574 2390 ex
589 2362 683 2390 iisdem
697 2362 771 2390 Actis
783 2362 919 2390 erudimur
933 2362 978 2398 (j),
993 2362 1087 2390 Oricn-

302 2411 368 2438 tium
381 2417 442 2436 cum
456 2413 590 2444 provectae
598 2408 654 2443 jam
665 2413 737 2436 esset
748 2408 844 2441 aetatis,
855 2413 951 2443 rogatu
962 2409 1088 2437 Theodo-

303 2456 351 2483 rici
374 2454 524 2482 Gothorum
542 2454 627 2488 regis,
644 2454 690 2488 qui
714 2458 770 2481 tum
790 2453 894 2482 Tolosa:
911 2455 1045 2482 residebat
1058 2463 1090 2482 ac

302 2503 355 2529 late
364 2509 412 2536 per
421 2501 592 2536 Aquitaniam
603 2505 630 2528 et
643 2500 917 2536 Novempopulaniam
932 2502 1089 2529 dominaba-

301 2552 355 2580 tur,
369 2547 465 2581 cuique
484 2546 597 2581 proinde
611 2546 720 2573 suberat
734 2550 842 2574 sanctus
857 2547 964 2581 pracsul,
976 2547 1090 2581 legatio-

301 2601 363 2620 nem
373 2591 533 2626 suscepisse,
544 2599 598 2626 quo
605 2592 660 2619 suis
670 2591 794 2627 precibus
805 2592 951 2619 terribilem
962 2592 1090 2627 impetum

336 2645 375 2681 (a)
396 2644 493 2681 halm,
507 2645 575 2673 Bibl.
595 2653 658 2673 nov.
675 2653 739 2673 mss.
755 2646 831 2680 libr.,
845 2650 912 2674 tom.
927 2646 947 2674 ll
958 2668 965 2680 ,
980 2652 1047 2675 sect.
1064 2648 1090 2680 5,

301 2680 378 2717 μείξε-
390 2680 446 2717 §9§
460 2688 518 2717 seq-

337 2716 374 2752 (b)
389 2715 527 2752 belland,
539 2716 600 2743 Act.
613 2715 669 2752 ss.
679 2715 755 2752 Maii,
767 2720 832 2743 tom.
848 2716 869 2748 l,
886 2724 963 2752 pagg.
976 2717 1006 2744 61
1020 2725 1076 2752 seq.

339 2750 375 2785 (c)
389 2750 458 2777 Hist.
472 2751 601 2779 littéraire
616 2751 649 2777 dc
663 2751 688 2777 la
703 2750 817 2783 France,
832 2752 850 2778 l.
867 2750 891 2779 c.

349 2786 376 2821 d)
389 2786 522 2822 poliam"
536 2786 595 2822 Act.
611 2785 671 2817 SS.,
686 2786 707 2822 l.
719 2793 756 2822 c.,
773 2794 832 2822 pag.
845 2786 889 2822 61,
904 2795 977 2814 num.
993 2788 1017 2814 1.

348 2823 372 2854 e)
389 2821 503 2855 Basnag.
513 2839 521 2852 ,
535 2820 553 2847 l.
568 2829 604 2853 c.,
620 2828 680 2855 pag.
698 2821 758 2854 164,
773 2820 786 2855 §
802 2821 829 2849 2.

355 2855 380 2891 f)
391 2855 512 2891 Eabric,
523 2856 541 2883 l.
553 2863 590 2889 c.,
606 2863 666 2891 pag.
682 2855 742 2883 509.

390 2889 549 2929 blamem‘l.
561 2889 669 2929 c.,—pag.
684 2890 727 2929 i9.

352 2924 712 2962 li)0ricnt.,0rat.21i,vcrs.
724 2925 757 2954 56
763 2935 850 2964 seqq.,
858 2927 937 2963 infra,
948 2927 998 2955 col.
1013 2926 1090 2954 1005.

1135 946 1269 973 virtutibus
1280 950 1387 973 ornatus
1397 949 1487 973 sancto
1500 945 1554 980 ﬁne
1563 945 1663 980 quievit.
1672 943 1775 978 Quibus
1784 952 1866 980 porro
1879 945 1928 972 ista

1135 1000 1169 1020 ex
1184 992 1391 1020 Sammarthano
1403 992 1502 1019 addere
1513 992 1603 1027 placet
1618 991 1666 1027 (m)
1679 1000 1687 1018 :
1705 1000 1715 1017 ι
1727 990 1927 1023 Monasterium,

1136 1039 1231 1073 inquit,
1254 1038 1340 1066 sancti
1355 1037 1468 1066 Orientii
1492 1038 1519 1065 in
1533 1038 1642 1065 civitate
1657 1037 1795 1065 Ausciensi
1808 1037 1929 1073 locuple-

1136 1086 1279 1117 tissimum,
1292 1084 1364 1119 quod
1375 1084 1488 1118 legimus
1498 1083 1636 1111 fundatum
1649 1091 1665 1111 a
1675 1083 1814 1111 Bernardo
1824 1082 1929 1111 Othone

1136 1131 1236 1158 comite
1249 1130 1461 1163 Fidentiacensi,
1486 1129 1545 1164 ejus
1558 1130 1643 1157 sacris
1656 1129 1776 1165 reliquiis
1788 1129 1927 1164 gloriatur.

1136 1176 1237 1203 Saltem
1251 1176 1287 1203 ibi
1301 1175 1459 1210 quiescebat
1473 1182 1545 1202 anno
1560 1174 1639 1202 1068.
1654 1184 1664 1201 ι

1172 1221 1204 1248 V.
1219 1220 1278 1248 Jam
1292 1229 1356 1249 vero
1370 1225 1399 1248 nt
1413 1220 1448 1248 de
1457 1221 1596 1256 scriptoris
1607 1221 1693 1248 nostri
1705 1220 1860 1248 litterarum
1871 1229 1928 1248 mo.

1138 1268 1273 1295 numentis
1296 1267 1428 1295 nonnulla
1442 1267 1614 1301 subjiciamus
1624 1286 1633 1299 ,
1655 1275 1687 1295 ea
1707 1267 1797 1303 potius
1810 1268 1845 1295 cl.
1861 1267 1929 1295 Mar-

1136 1314 1202 1341 tenii
1214 1313 1303 1341 verbis
1313 1320 1448 1348 exponere
1456 1313 1557 1347 juverit
1570 1313 1625 1347 (rt):
1643 1322 1652 1338 I
1670 1312 1757 1341 Habes
1767 1313 1822 1347 hic,
1835 1314 1927 1346 lector,

1137 1359 1232 1393 inquit,
1243 1357 1467 1386 Conuourromuu
1481 1366 1573 1386 ssnon
1582 1358 1715 1392 Omenrn,
1726 1358 1797 1386 inter
1806 1359 1929 1394 antiquos

1136 1408 1230 1439 poetas
1236 1403 1405 1432 Christianos
1413 1404 1592 1432 celeberrimi.
1601 1404 1716 1432 Carmen
1723 1404 1795 1432 istud
1803 1405 1930 1433 hactenus

1135 1448 1352 1476 desideraverant
1364 1449 1414 1477 viri
1431 1449 1549 1484 eruditi,
1565 1451 1681 1478 maxime
1695 1458 1760 1478 vero
1782 1451 1929 1479 illustrissi-

1136 1502 1196 1522 mus
1215 1495 1359 1523 Annalium
1377 1496 1620 1523 ecclesiasticorum
1646 1497 1825 1525 concinnator
1846 1498 1930 1525 cardi-

1136 1540 1205 1568 nalis
1213 1540 1345 1569 Baronius
1357 1541 1407 1578 (9),
1419 1541 1508 1569 dolens
1519 1541 1613 1569 nobilis
1622 1542 1721 1578 ingenii
1729 1544 1817 1570 omnia
1826 1544 1930 1579 periisse

1136 1586 1303 1619 monimenta,
1318 1587 1370 1613 imo
1384 1591 1409 1613 et
1422 1595 1514 1614 nomen
1527 1588 1612 1622 ipsum
1624 1596 1688 1623 pene
1702 1587 1829 1616 oblivione
1844 1591 1929 1624 sepul-

1138 1636 1192 1659 tum
1197 1641 1207 1665 ;
1221 1632 1289 1668 quod
1302 1633 1345 1659 via;
1355 1632 1457 1659 tandem
1471 1632 1636 1660 cruderatum
1649 1632 1799 1669 obtectaque
1813 1634 1929 1670 rubigine

1138 1682 1276 1713 purgatum
1286 1677 1391 1704 reddere
1398 1677 1483 1704 liceat.
1491 1676 1555 1712 Ejus
1561 1677 1630 1705 'votis
1639 1677 1728 1712 aliqua
1736 1685 1770 1705 ex
1782 1682 1861 1713 parte
1872 1678 1930 1706 fecit

1138 1723 1203 1751 satis
1215 1722 1345 1750 Martinus
1357 1723 1446 1750 Delrio
1457 1722 1601 1751 Societatis
1613 1723 1677 1751 Iesu
1688 1724 1828 1760 presbyter
1843 1725 1930 1752 erudi~

1138 1772 1192 1803 tus,
1205 1769 1251 1804 qui
1264 1772 1373 1804 reperto
1388 1769 1415 1796 in
1430 1776 1481 1796 ms.
1498 1769 1592 1797 codice
1605 1770 1822 1805 Aquicinctensis
1836 1778 1929 1798 mena-

1138 1814 1222 1842 sterio
1237 1814 1444 1842 Commonitorii
1464 1814 1533 1842 libro
1552 1815 1655 1850 primo,
1671 1819 1799 1851 tanquam
1822 1816 1930 1844 invento

1138 1860 1267 1888 thesauro
1276 1860 1396 1895 pretioso
1406 1860 1559 1893 exsultavit,
1568 1868 1683 1895 eumque
1692 1869 1772 1897 quam
1783 1863 1865 1890 citius
1872 1871 1929 1890 cum

1139 1906 1263 1933 omnibus
1282 1907 1365 1934 etiam
1379 1906 1476 1941 quibus
1497 1906 1637 1939 scatebat,
1653 1907 1758 1935 mendis
1777 1912 1806 1935 et
1829 1908 1929 1936 lacunis

1139 1959 1209 1978 anno
1222 1950 1290 1978 1600
1305 1952 1373 1987 typis
1385 1952 1506 1980 mandari
1516 1953 1620 1980 curavit
1631 1962 1638 1979 :
1651 1945 1728 1981 ratiis
1757 1952 1930 1982 nihilominus

1139 1997 1166 2024 in
1181 1997 1227 2024 illo
1239 2005 1288 2025 suo
1303 1997 1397 2025 codice
1411 1998 1543 2033 iutegrmn
1562 1997 1676 2026 Orientii
1693 2007 1761 2034 opus
1776 2008 1832 2027 non
1843 2001 1930 2028 conti-

1139 2044 1210 2078 neri,
1226 2043 1274 2071 sed
1294 2043 1372 2078 plura
1386 2044 1486 2077 deesse,
1501 2044 1636 2072 minimum
1653 2045 1686 2072 de
1697 2046 1795 2073 cazteris
1809 2047 1929 2081 peccatis,

1140 2089 1210 2125 gula,
1222 2090 1317 2121 ocidia,
1331 2090 1462 2125 superbia,
1474 2090 1528 2125 fors
1537 2094 1562 2117 et
1573 2091 1658 2125 plura.
1671 2090 1726 2118 Nec
1735 2098 1802 2118 sane
1814 2098 1863 2118 sua
1872 2098 1930 2118 eum

1140 2134 1234 2162 fefellit
1247 2135 1339 2170 opinio
1353 2144 1360 2161 :
1376 2142 1437 2162 nam
1455 2142 1550 2162 revera
1564 2135 1659 2162 deerat
1678 2136 1783 2170 integer
1809 2136 1877 2163 liber
1890 2144 1931 2162 se-

1139 2180 1251 2212 cundus,
1266 2188 1346 2215 quem
1360 2188 1422 2208 cum
1446 2181 1505 2208 aliis
1525 2181 1646 2216 ejusdem
1668 2182 1787 2209 auctoris
1800 2183 1929 2215 versibus,

1140 2225 1173 2252 de
1185 2225 1344 2260 Nativitate,
1356 2226 1391 2254 de
1404 2226 1552 2261 Trinitate,
1569 2227 1602 2255 de
1617 2227 1774 2255 nominibus
1787 2227 1893 2255 Domini
1903 2233 1930 2255 et

1140 2267 1323 2303 Orationibus,
1346 2279 1380 2298 ex
1395 2276 1549 2306 pet-vetusto
1562 2272 1656 2300 codice
1677 2273 1789 2307 insignis
1810 2274 1929 2301 ecclesia!

1142 2315 1228 2342 sancti
1241 2314 1349 2342 Martini
1363 2315 1527 2344 Turonensis
1541 2317 1574 2344 ab
1590 2317 1667 2344 annis
1681 2318 1789 2345 circiter
1803 2316 1855 2344 800
1870 2325 1929 2345 exa-

1141 2366 1211 2395 rato,
1223 2362 1352 2390 beneficio
1366 2363 1400 2390 cl.
1416 2363 1467 2390 viri
1488 2362 1594 2390 Gatiani
1608 2364 1639 2390 de
1652 2363 1775 2391 Calicwn
1790 2369 1855 2391 tunc
1865 2372 1929 2399 pra:-

1141 2408 1258 2435 centoris
1269 2408 1387 2443 ejusdem
1396 2409 1526 2441 ecclesiae,
1535 2418 1606 2437 nunc
1616 2410 1735 2445 episcopi
1745 2410 1927 2446 Agathopolis,

1140 2453 1316 2489 descriptum,
1338 2456 1485 2491 obtectaque
1504 2455 1621 2492 rubigine
1638 2461 1776 2492 purgatum
1799 2457 1929 2491 aliquibus

1141 2498 1238 2526 abhinc
1261 2500 1338 2527 annis
1361 2502 1449 2535 (anno
1471 2500 1558 2537 1700)
1585 2502 1684 2536 publici
1707 2502 1775 2537 juris
1801 2502 1872 2536 feci,
1899 2510 1929 2529 ac

1142 2543 1230 2571 denuo
1249 2545 1282 2572 ad
1306 2553 1356 2573 ms.
1373 2546 1494 2574 codicem
1516 2546 1687 2574 emendatum
1706 2547 1802 2575 iterum
1826 2547 1929 2582 profero

1143 2590 1230 2624 (anno
1256 2591 1357 2627 1717),
1388 2593 1485 2620 erratis
1519 2600 1579 2627 qua:
1600 2593 1626 2620 in
1645 2592 1765 2620 editione
1787 2593 1871 2621 Delrii
1889 2601 1930 2620 oc-

1180 2647 1210 2681 (i)
1226 2646 1315 2683 Apoc.
1327 2655 1347 2683 ι,
1359 2647 1407 2680 2ος
1422 2656 1451 2681 n,
1467 2648 1492 2679 1,
1507 2648 1534 2681 8,
1550 2648 1593 2681 12,
1609 2648 1657 2682 18;
1673 2657 1719 2683 in,
1735 2649 1760 2683 1,
1777 2649 1802 2680 7,
1819 2649 1862 2676 14.

1180 2682 1217 2717 (j)
1233 2682 1292 2709 Act.
1306 2682 1365 2716 SS.,
1383 2683 1399 2709 l.
1416 2691 1451 2715 c.,
1467 2691 1539 2710 num.
1556 2683 1582 2710 3.

1180 2719 1217 2755 (lt)
1227 2717 1409 2755 .S_alvian.,»(_le
1423 2718 1541 2746 Gubern.
1555 2719 1601 2746 lib.
1613 2727 1658 2751 vn,
1673 2727 1752 2755 capp.
1766 2719 1783 2747 9
1795 2724 1824 2747 et
1836 2719 1876 2755 10.

1143 2751 1351 2813 Πὲἓυδυπᾱη
1364 2753 1501 2789 Martyrol.
1517 2754 1626 2786 sincer.,
1644 2751 1750 2790 μηδ’ῗᾶ
1764 2755 1830 2782 edit.
1845 2754 1917 2781 Paris

1179 2822 1226 2858 (νη)
1234 2822 1411 2861 _S_ammarth.,
1421 2822 1489 2850 Gall.
1499 2824 1600 2861 Christ.
1609 2834 1683 2859 nov.,
1691 2830 1756 2854 tom.
1768 2825 1789 2859 Ι,
1800 2832 1861 2861 pag.
1868 2824 1929 2851 97$.

1177 2857 1220 2892 (ni
1231 2857 1357 2894 Martem,
1373 2859 1391 2894 l7.
1405 2866 1441 2890 c.,
1456 2866 1516 2894 pag.
1533 2860 1576 2887 17.

1177 2894 1214 2930 (ο)
1231 2893 1339 2928 Baron.,
1356 2893 1388 2921 ad
1402 2893 1464 2921 ann.
1479 2895 1540 2929 481,
1559 2896 1572 2931 §
1590 2896 1649 2923 l58.
