4054 6182
340 333 440 386 977

336 458 620 505 currerant
670 448 925 504 correctis
979 463 1041 503 ac
1095 448 1315 517 repletis
1364 448 1569 503 lacunis
1615 464 1628 499 :

335 538 528 606 religio
570 538 697 592 mihi
744 536 939 598 luerit,
986 551 1049 590 ea
1088 536 1267 590 omnia
1306 536 1361 590 in
1388 536 1583 605 quibus
1626 534 1911 605 aliquando

333 638 525 684 auctor
552 629 603 683 in
631 635 845 684 exactas
872 628 1003 681 artis
1031 627 1254 696 poetica:
1274 627 1418 695 leges
1437 626 1699 696 peccavit,
1722 626 1915 680 immu-

335 731 471 773 tare.
502 717 635 772 Nam
663 727 719 773 et
750 719 805 772 in
834 717 1068 785 antiquis
1088 716 1436 786 scriptoribus
1459 716 1544 770 vel
1578 716 1693 785 ipsa
1721 715 1914 770 menda

332 810 578 863 venerari
606 808 877 863 debemus.
899 826 917 860 ι
963 806 1078 862 Huc
1104 821 1274 876 usque
1301 807 1383 861 vir
1410 806 1620 862 doctus.
1652 804 1915 861 Caeterum

946 333 1003 386 S.
1043 332 1337 386 ORIENTII
1386 331 1688 389 EPlSCOPl
1724 332 2116 389 AUSCIENSIS
2154 332 2747 421 COMMONITORIUM.
2789 332 2916 388 LIB.
2954 333 2997 389 1.
3498 334 3599 389 978
3626 356 3638 381 η,

1700 448 1917 501 tametsi
1946 456 1997 515 Α
2024 448 2229 517 reliqua
2259 448 2327 503 de
2355 450 2535 519 operis
2562 449 2737 519 pretio
2764 450 3097 505 eruditorum
3120 450 3341 520 judicia,
3371 465 3472 507 nec
3493 466 3603 507 non

2024 542 2203 596 varias
2249 541 2485 610 ejusdem
2526 542 2791 599 editiones
2838 544 2925 598 hic
2961 556 3243 600 recensere
3281 546 3618 612 omittimus,

2020 648 2138 701 quae
2166 633 2304 701 apud
2334 632 2642 703 Leyserum,
2672 632 2973 689 Fabricium
2994 676 3009 700 ,
3042 644 3202 706 atque
3248 634 3464 695 Gallica:
3505 634 3596 689 Hic

2023 723 2204 776 storis:
2230 722 2502 776 litterarizn
2530 732 2777 778 auctores
2804 724 2859 778 ll.
2880 739 2960 779 cc.
2992 725 3146 780 facile
3175 732 3488 782 occurrunt.

1448 1058 1593 1173 S.
1646 1058 2494 1174 OBIENTII

1068 1245 2883 1398 COMMONITORIUM.

1167 1463 1261 1523 (Ex
1286 1475 1375 1511 ms.
1401 1463 1572 1513 codice
1598 1462 1803 1525 insignis
1826 1460 2053 1513 ecclesiae
2093 1462 2146 1513 S.
2190 1462 2384 1513 Martini
2425 1460 2767 1524 Turonensis.)

1769 1608 2163 1625 ν*

1477 1743 1853 1843 LIBER
1928 1743 2448 1846 PRIMUS.

470 1928 721 1998 Quisquis
749 1926 816 1982 ad
841 1934 1054 1982 aeternae
1082 1924 1306 1980 festinus
1334 1923 1553 1993 praemia
1581 1923 1724 1985 vitae,

543 2016 914 2088 Perpetuanda
936 2016 1106 2085 magis
1135 2029 1294 2085 quam
1324 2013 1563 2083 peritura
1593 2013 1761 2081 cupis,

471 2111 601 2178 Qute
628 2109 822 2164 coelum
850 2116 1094 2171 reseret,
1124 2115 1351 2161 mortem
1378 2106 1563 2173 luget,
1602 2120 1793 2176 aspera
1821 2105 1903 2159 vi-

1708 2198 1831 2271 lict.

540 2290 703 2346 Felici
730 2296 911 2345 currat
935 2289 1170 2353 tramite,
1195 2287 1342 2344 disce
1367 2287 1532 2343 viam.

396 2384 433 2439 5
469 2382 604 2437 Nam
636 2397 756 2447 nos,
784 2392 839 2436 et
866 2382 1043 2437 carnis
1070 2379 1230 2444 vitiis,
1263 2387 1318 2435 et
1346 2388 1588 2450 tempore
1615 2380 1761 2447 victi,

539 2474 833 2529 Terrenum
863 2475 1153 2541 gradimur,
1179 2474 1291 2529 sive
1320 2472 1522 2528 doloris
1549 2474 1652 2529 iter
1676 2491 1689 2527 :

470 2564 705 2634 Solaque
732 2564 1015 2634 permixtis
1044 2564 1157 2619 haec
1184 2570 1307 2618 sunt
1332 2562 1496 2617 modo
1523 2563 1717 2631 gaudia
1748 2564 1902 2630 votis,

542 2656 620 2725 Si,
651 2656 794 2725 quod
823 2672 929 2711 non
961 2654 1200 2722 facimus,
1232 2655 1423 2711 saltem
1451 2654 1541 2709 alii
1570 2654 1766 2710 faciant
1795 2674 1808 2721 ;

473 2747 545 2804 Ut
564 2749 689 2817 quia
712 2764 855 2803 nunc
880 2749 1040 2812 istud,
1069 2748 1213 2819 quod
1232 2749 1477 2818 protinus
1502 2746 1704 2818 ell'ugit,
1734 2762 1904 2802 aevum

364 2842 437 2897 l0
540 2840 721 2895 lnlidis
747 2841 887 2911 capti
915 2840 1157 2909 degimus
1184 2838 1467 2894 illecebris.

472 2930 753 2986 Lascivum
774 2971 791 2999 ,
822 2930 1094 2995 miserum,
1128 2928 1309 2992 fallax,
1342 2928 1525 2995 breve,
1564 2927 1782 2994 mobile,
1813 2943 1909 2981 va-

1662 3018 1833 3091 [num,

539 3112 657 3169 Heu
682 3112 822 3167 mala
850 3126 1110 3175 noxarum
1139 3109 1290 3178 origo
1320 3108 1635 3179 praecipitat.

472 3207 732 3262 Omnibus
756 3205 876 3272 his,
926 3204 1120 3273 raptim
1156 3218 1275 3271 qum
1311 3210 1437 3257 sunt
1476 3200 1735 3255 moritura
1760 3239 1774 3262 ,
1825 3215 1909 3254 re-

1637 3296 1798 3369 [lictis
1821 3314 1835 3347 ε

541 3392 619 3446 Tu
650 3390 770 3447 forti
800 3400 983 3447 teneas
1009 3406 1117 3445 non
1142 3390 1398 3445 moritura
1429 3388 1549 3442 fide.

369 3484 439 3541 l5
474 3482 615 3555 Ergo
638 3522 654 3547 ,
688 3498 786 3553 age
807 3524 825 3550 ,
876 3484 943 3539 da
972 3498 1172 3554 pronas
1198 3497 1358 3537 aures
1382 3524 1398 3550 ,
1446 3496 1771 3551 sensumque
1812 3498 1908 3534 va-

1568 3574 1799 3646 [cantem
1826 3591 1838 3627 :

543 3671 663 3725 Vita
688 3667 932 3745 docenda
958 3667 1089 3722 mihi
1118 3674 1222 3730 est,
1254 3666 1361 3721 vita
1390 3666 1625 3736 petenda
1648 3666 1766 3721 tibi.
1848 3734 1857 3747 ί

475 3765 599 3827 Sed,
630 3778 737 3830 quo
757 3761 827 3815 sit
853 3744 1042 3814 melior
1061 3759 1233 3814 nostri
1260 3759 1504 3814 doctrina
1533 3758 1721 3827 libelli,

541 3852 606 3906 Et
635 3857 816 3907 teneat
842 3857 1019 3905 rectas
1045 3850 1295 3905 carminis
1320 3849 1453 3905 ordo
1479 3850 1594 3905 vias
1620 3869 1631 3903 :

479 3946 573 4011 Te,
605 3946 745 4009 Deus
766 3943 1123 4011 omnipotens,
1156 3949 1212 3996 et
1240 3941 1422 4007 corde,
1454 3950 1510 3996 et
1535 3957 1670 3997 voce
1698 3956 1906 4011 rogare,

369 4044 441 4094 9.0
549 4038 624 4092 Te
644 4038 759 4092 sine
786 4050 888 4090 nec
915 4034 1149 4102 linguam
1178 4035 1407 4099 solvere,
1440 4034 1672 4101 Christe,
1702 4034 1907 4104 placet:

479 4131 701 4185 Demere
729 4129 821 4196 qui
849 4127 1096 4181 tenebras
1122 4135 1377 4181 revocato
1406 4126 1605 4181 lumine
1632 4126 1805 4192 caecis,

550 4220 801 4274 Auditum
829 4218 1003 4273 surdis
1031 4217 1248 4272 auribus
1273 4218 1530 4281 inserere,

477 4315 731 4384 Corporis
759 4321 815 4367 et
840 4312 1036 4367 mentis
1063 4326 1232 4366 saevos
1259 4311 1527 4380 depellere
1556 4310 1773 4366 morbos
1792 4353 1805 4375 ,

555 4404 777 4460 Solvere
805 4410 1075 4456 mutorum
1100 4403 1190 4471 qui
1218 4402 1336 4470 pius
1365 4418 1455 4455 ora
1481 4401 1624 4455 soles
1649 4419 1663 4453 :

370 4498 443 4552 25
482 4496 555 4551 Te
583 4511 749 4565 penes
776 4494 1009 4549 officium
1040 4494 1207 4547 nostri
1229 4501 1332 4559 est,
1361 4500 1417 4547 et
1441 4493 1616 4548 cordis
1645 4501 1700 4547 et
1723 4493 1850 4557 oris,

552 4588 627 4641 Da
653 4586 852 4640 sentire
881 4584 1028 4649 mihi,
1061 4583 1125 4639 da
1155 4584 1283 4638 mihi
1306 4599 1464 4653 posse
1491 4584 1635 4652 loqui
1661 4601 1673 4636 :

480 4676 740 4731 Nimirum
781 4684 839 4729 ut
888 4682 1129 4729 nostram
1156 4680 1407 4742 vcgetent
1435 4682 1523 4727 tua
1558 4687 1777 4727 munera
1810 4672 1913 4727 lin-

1625 4762 1802 4834 [guam
1826 4780 1840 4828 ;

551 4859 629 4915 Ac
653 4874 749 4929 per
775 4867 827 4913 te
853 4857 922 4913 de
948 4865 1004 4911 te
1038 4857 1107 4911 sit
1133 4856 1229 4910 tibi
1258 4870 1437 4911 sermo
1466 4855 1701 4924 placens.

480 4951 729 5008 Mandato
755 4968 874 5009 cum
896 4950 1044 5021 jussa
1075 4957 1170 5004 tuo
1200 4950 1534 5019 superaverit
1561 4964 1778 5004 omnem

372 5046 443 5102 30
552 5044 827 5112 Naturam,
858 5050 1039 5098 nostra
1068 5058 1202 5098 voce
1231 5040 1412 5097 fruens
1440 5042 1608 5111 asina,

477 5136 547 5190 Et
572 5136 798 5191 stimulis
815 5134 1033 5206 prepria
1060 5133 1393 5207 subigentem
1424 5118 1572 5203 terga
1601 5133 1816 5188 Balaam

409 5268 582 5323 Versu
610 5266 669 5339 8.
696 5267 780 5339 Al.
812 5266 953 5339 quid.

409 5338 583 5420 Versu
615 5338 701 5392 10.
730 5337 808 5391 lla
825 5335 884 5392 in
913 5335 1147 5392 editione
1172 5335 1331 5390 Delrii
1356 5353 1370 5403 ;
1397 5336 1450 5389 in
1481 5350 1580 5390 ms.
1616 5350 1745 5391 vero
1774 5336 1907 5404 legi-

756 5477 854 5533 llic
898 5492 1087 5533 versus
1132 5478 1338 5545 integer
1385 5477 1539 5533 deest
1581 5476 1632 5531 in
1671 5476 1908 5533 editione

341 5551 526 5603 Delrii.

414 5620 581 5674 Versu
608 5618 695 5671 20.
724 5617 931 5672 Delrius
951 5636 1035 5672 ne.

412 5690 581 5743 Versu
602 5689 692 5742 24.
724 5688 802 5742 ln.
828 5704 950 5750 ms.,
982 5690 1140 5741 solus.

415 5761 587 5813 Versu
615 5760 703 5812 27.
733 5759 814 5811 Al.
846 5774 935 5810 nec
965 5759 1165 5810 mirum.

414 5831 585 5886 Versu
612 5829 699 5883 28.
734 5829 957 5891 Delrius,
993 5829 1133 5882 mihi.

1942 5082 1992 5141 D

2223 1925 2494 1981 Terruerit
2522 1928 2658 1981 miro
2684 1928 2993 1998 quadrupes
3021 1928 3293 1998 alloquio:

2155 2013 2255 2082 Qui
2283 2031 2480 2085 magno
2510 2017 2651 2087 regis
2676 2018 2870 2087 trepidi
2898 2019 3196 2087 crebroque
3224 2029 3415 2089 rogatu
3432 2063 3448 2085 ,

2233 2105 2357 2161 Dira
2385 2123 2547 2177 super
2573 2116 2817 2163 sanctum
2845 2110 3008 2164 verba
3034 2124 3232 2180 parans
3261 2112 3536 2180 populum,

2047 2193 2116 2251 '55
2153 2195 2271 2253 Non
2311 2198 2487 2268 potuit
2538 2200 2756 2269 proprie
2803 2208 3011 2256 motam
3058 2201 3160 2256 sibi
3207 2200 3437 2257 subdere
3483 2201 3583 2257 lin-

3316 2291 3517 2365 [guann

2226 2379 2332 2438 Ore
2359 2382 2504 2439 aliud
2524 2382 2723 2451 dicens,
2754 2385 2918 2441 corde
2944 2384 3089 2441 aliud
3114 2386 3357 2458 cupiens.

2156 2472 2289 2528 Nam
2314 2474 2696 2530 maledicturus
2722 2476 2887 2531 nimie
2912 2477 3229 2533 benedicere
3254 2478 3417 2548 erepit
3433 2519 3448 2542 ,

2226 2564 2549 2636 lmpendens
2577 2567 2694 2621 aliis
2723 2582 2817 2622 ora
2847 2575 3034 2637 parata
3064 2568 3200 2623 aliis.

2156 2653 2296 2725 Ergo
2324 2657 2427 2712 nisi
2456 2656 2726 2729 eloquium
2749 2699 2764 2725 ,
2796 2673 3012 2714 sensum
3046 2659 3187 2726 nisi,
3218 2658 3460 2725 Christe,
3492 2661 3591 2715 mi-

3282 2753 3519 2825 [nistres,

2047 2838 2117 2894 40
2226 2840 2463 2897 Conatus
2492 2844 2681 2899 animm
2710 2852 2768 2898 tu
2794 2844 2925 2912 nisi,
2954 2844 3187 2913 Christe,
3218 2858 3371 2913 regas
3395 2862 3410 2911 ;

2152 2930 2256 2989 Ora
2293 2934 2538 2991 homines
2577 2949 2800 3000 omnes,
2850 2942 2906 2991 et
2941 2944 3088 2990 muta
3111 2977 3127 3003 ,
3177 2944 3232 2991 et
3256 2936 3413 2991 bruta
3441 2944 3582 2991 tene-

2832 3030 2842 3039 “
3326 3026 3482 3101 [bunt
3505 3044 3522 3093 ;

2224 3115 2488 3188 Quodque
2515 3117 2680 3173 etiam
2707 3125 2951 3189 possunt,
2981 3118 3085 3174 hoc
3109 3132 3323 3189 quoque
3352 3134 3460 3174 non
3488 3134 3584 3189 ρο-

3283 3210 3504 3284 [terunt.

2158 3299 2429 3370 Principio
2453 3300 2721 3369 geminam
2749 3300 2915 3358 debes
2942 3316 3269 3373 cognoscere
3300 3302 3483 3367 vitam,

2228 3391 2274 3445 A
2304 3392 2532 3448 Domino
2560 3393 2819 3448 indultam
2848 3409 2970 3449 cum
2998 3395 3208 3451 ratione
3237 3394 3483 3451 homini:

2050 3482 2120 3537 £5
2160 3480 2230 3536 Ut
2256 3501 2269 3535 :
2320 3483 2575 3553 quoniam
2609 3484 2823 3538 brutum
2853 3492 3068 3541 terreno
3097 3494 3181 3541 est
3208 3485 3445 3555 pondere
3472 3501 3593 3541 θοι-ο

3360 3576 3519 3649 lpus:

2228 3662 2322 3717 Est
2349 3663 2525 3717 anima
2553 3662 2734 3718 afllatu
2766 3664 3030 3721 vivificata
3059 3666 3153 3722 Dei
3180 3685 3193 3720 :

2158 3754 2367 3808 Nullum
2398 3756 2659 3811 sentirent
2686 3757 2874 3811 animae
2900 3758 3179 3828 dispendia
3205 3758 3391 3823 linem,

2233 3843 2386 3901 Esset
2414 3848 2467 3900 in
2492 3847 2597 3903 hoc
2625 3847 2795 3918 fragili
2823 3864 3051 3920 corpore
3077 3851 3187 3906 vita
3212 3853 3413 3908 brevis.

2159 3936 2331 3994 Unam
2359 3939 2610 3995 nascendi
2636 3941 2773 3995 ratio
2795 3942 2944 4011 prius
2971 3942 3222 4000 omnibus
3250 3942 3436 4012 aliert,

2048 4028 2117 4083 50
2224 4026 2376 4085 Hanc
2404 4046 2533 4086 cura
2556 4040 2612 4087 et
2638 4034 2868 4105 propriis
2890 4036 3235 4104 consequitur
3260 4036 3484 4091 meritis.

2160 4121 2317 4178 Nasci
2344 4139 2454 4178 non
2474 4132 2739 4191 nostrum,
2766 4140 2866 4181 nec
2884 4126 3102 4195 longum
3121 4126 3302 4183 vivere
3321 4134 3595 4193 nostrum;

2237 4214 2407 4270 Vitam
2435 4230 2555 4285 quae
2592 4219 2834 4288 sequitur
2858 4220 2969 4275 vita
2995 4234 3188 4292 parare
3207 4227 3406 4292 potest.

2165 4305 2230 4358 At
2254 4305 2378 4360 licet
2406 4307 2626 4362 arbitrio
2651 4308 2859 4364 Domini
2885 4326 3156 4366 sumamus
3184 4320 3491 4383 utramque,

2231 4395 2295 4451 Et
2323 4406 2509 4452 neutra
2539 4400 2811 4467 obveniat,
2841 4401 2895 4455 ni
2924 4401 3065 4456 Deus
3092 4402 3196 4456 hoc
3219 4402 3435 4471 jubeat.

2054 4484 2125 4539 55
2162 4485 2339 4542 Prima
2365 4497 2542 4544 tamen
2572 4491 2737 4545 celeri
2765 4492 2936 4547 fertur
2964 4508 3062 4563 per
3087 4510 3257 4563 prona
3285 4502 3499 4563 rotatu,

2237 4577 2365 4645 Qum
2393 4581 2633 4650 sequitur
2662 4582 2790 4637 totis
2814 4591 2898 4637 est
2923 4582 3046 4637 data
3077 4584 3426 4654 temporibus.

2160 4668 2215 4724 ln
2246 4671 2471 4740 primam
2501 4672 2670 4741 ignari
2700 4674 2844 4729 nulla
2873 4675 3124 4730 mercede
3150 4676 3415 4743 venimus,

2229 4761 2410 4815 Altera
2434 4762 2500 4817 de
2529 4779 2735 4819 summo
2762 4772 2915 4835 parta
2940 4764 3125 4821 labore
3145 4766 3311 4821 venit.

2161 4852 2439 4909 Nascimur
2480 4863 2539 4909 ut
2584 4857 2867 4912 Dominum
2912 4857 3078 4925 coeli,
3128 4866 3393 4929 terrmque
3417 4903 3436 4929 ,
3481 4876 3591 4915 ma-

3301 4952 3520 5024 [risque,

2048 5037 2114 5091 60
2221 5036 2532 5103 Quaaramus
2560 5048 2674 5095 toto
2702 5041 2986 5110 pervigiles
3012 5042 3189 5099 studio
3213 5060 3227 5106 ;

2157 5127 2454 5195 Quaerimus
2467 5148 2481 5198 ;
2496 5131 2655 5201 utqui
2672 5132 2759 5199 sit,
2773 5133 3051 5204 qualis,vel
3061 5142 3431 5206 quantus,agal
3444 5133 3593 5202 quid,

2091 5264 2261 5337 Yersu
2290 5264 2377 5337 30.
2407 5265 2493 5320 Al.
2524 5267 2752 5337 loquens.

2090 5335 2263 5408 Yersu
2290 5336 2377 5408 5!.
2408 5336 2493 5408 ᾼΙ.
2522 5335 2683 5408 Atque
2704 5355 2799 5391 sua
2819 5340 3059 5393 stimulis.

2094 5406 2259 5460 Versu
2288 5405 2375 5459 49.
2407 5406 2573 5471 Delr.,
2602 5405 2793 5463 Unica.

2088 5476 2259 5530 Versu
2277 5474 2361 5532 50.
2378 5476 2455 5531 Ita
2476 5493 2575 5532 ms.
2608 5479 3016 5547 subintelligitur
3027 5479 3199 5543 homo,
3212 5477 3322 5531 sive
3339 5478 3586 5533 mortalis.

2020 5546 2164 5602 Cave
2189 5560 2318 5614 ergo
2344 5562 2413 5601 ne
2440 5548 2676 5616 corrigas
2702 5546 3073 5616 consequimur.
3114 5547 3245 5601 Nam
3284 5549 3397 5602 hrcc
3429 5550 3588 5603 verba

2022 5617 2323 5672 referuntur
2349 5616 2417 5671 ad
2445 5633 2507 5672 ea
2528 5634 2646 5688 qua}
2676 5620 2834 5688 paulo
2856 5628 3010 5673 antea
3040 5618 3288 5672 dixerat:

2139 5708 2383 5773 Principio
2407 5712 2649 5773 geminam
2673 5712 2827 5761 debes
2848 5723 3144 5773 cognoscere
3171 5713 3338 5773 vitam,

2204 5771 2243 5819 A
2268 5771 2473 5820 Domino
2497 5772 2727 5824 indultam
2751 5786 2857 5821 eum
2882 5771 3066 5822 ratione
3092 5773 3301 5824 homini.

2093 5855 2269 5913 Versu
2292 5852 2378 5908 56.
2404 5853 2573 5922 Delr.,
2607 5855 2780 5908 turris.
