4066 6192
512 389 615 447 979
1530 390 1586 446 S.
1622 388 1911 445 ORIENTII
1949 388 2248 447 EPISCOPI
2285 388 2671 446 AUSCIENSIS
3652 392 3757 447 sae

721 504 994 563 Possimus
1021 521 1149 561 vero
1172 520 1394 561 noscere
1416 505 1640 574 judicio.
2110 513 2164 569 Α
2399 509 2634 579 Dempsit
2662 507 2901 578 perpetui
2930 507 3185 577 temporis
3209 521 3325 563 esse
3351 508 3519 563 lutum
3547 527 3561 561 :

647 597 963 665 Noscimus;
992 607 1047 652 ut
1076 598 1230 666 digna
1259 608 1589 668 compertum
1620 598 1774 654 laude
1799 599 2072 664 colamus;
2318 600 2420 669 Qui
2449 603 2541 657 tibi
2565 644 2580 669 ,
2629 594 2771 672 quod
2815 602 3067 657 membris
3094 613 3308 659 constas
3330 645 3345 670 ,
3392 603 3538 674 quod
3567 610 3757 658 mente

727 688 797 744 Ut
819 690 983 744 vitam
1009 688 1204 753 tribuat
1226 696 1558 757 perpetuam,
1587 689 1851 757 colimus.|
3400 696 3689 768 [moveris,

544 782 615 837 65
650 781 718 836 Et
744 782 967 837 colimus
994 795 1101 834 non
1132 778 1287 833 thure
1312 779 1458 842 dato,
1490 796 1597 835 non
1625 781 1880 848 sanguine
1906 778 2044 847 ipso,
2320 796 2325 811 κ
2391 784 2543 850 Quod
2572 785 2751 853 lingua
2778 785 3037 853 loqueris,
3062 785 3206 855 quod
3229 787 3433 841 ratione
3457 786 3624 856 sapis,

721 872 837 929 Non
864 873 990 927 vino
1018 871 1234 936 madidi,
1266 887 1373 927 non
1401 872 1571 942 epulis
1598 872 1802 941 gravidi
1831 890 1846 938 ;
2184 874 2285 929 105
2322 874 2475 940 Quod
2504 875 2747 930 manibus
2775 876 2947 945 tangis
2977 918 2992 945 ,
3040 875 3279 945 graderis
3317 876 3454 947 pede
3476 917 3492 942 ,
3550 877 3760 931 lumine

651 962 883 1030 Aurum,
914 962 1107 1026 vestis,
1138 962 1298 1027 odor,
1325 961 1562 1030 pecudes
1583 1003 1597 1028 ,
1627 961 1902 1029 libamina,
1932 975 2079 1030 gem-
3465 968 3688 1040 [cei-nis,

1853 1052 2004 1124 [ωειλ
2390 1053 2532 1108 Aurc
2560 1055 2729 1121 audis,
2754 1056 2921 1111 sentis
2946 1055 3179 1122 naribus,
3210 1072 3305 1111 ore
3328 1056 3544 1126 probas,

714 1144 784 1199 Et
810 1160 929 1214 quae
957 1159 1080 1198 rara
1117 1144 1362 1199 homines
1388 1143 1473 1198 vel
1500 1143 1733 1214 pretiosa
1763 1152 1974 1213 putant,
2321 1145 2457 1200 Ante
2474 1145 2693 1215 aliquod
2713 1147 2980 1213 meritum,
3004 1149 3220 1218 propria
3242 1149 3441 1218 pietate
3460 1148 3757 1212 ministrat,

651 1236 790 1289 Ante
812 1236 998 1301 Deum,
1032 1243 1091 1289 ut
1112 1236 1244 1289 viles
1264 1242 1479 1291 terreno
1507 1249 1538 1289 e
1558 1233 1793 1304 pondere
1818 1233 2009 1299 moles,
2392 1237 2647 1309 Corporis
2676 1255 2740 1295 ac
2758 1241 2949 1295 animae
2972 1240 3050 1295 sic
3078 1239 3237 1296 Pater
3264 1249 3324 1295 ut
3344 1240 3643 1295 Dominus:

545 1326 612 1381 ’ῖο
718 1324 788 1380 Ut
813 1340 1044 1393 caenum,
1074 1332 1130 1379 ut
1159 1325 1366 1392 sordes,
1394 1325 1472 1380 sic
1496 1325 1756 1380 inhonora
1780 1324 1982 1393 jacent.
2323 1326 2389 1382 Et
2414 1342 2522 1382 non
2550 1328 2653 1385 hoc
2676 1331 2793 1386 solo
2821 1340 3108 1386 contentus
3127 1345 3369 1396 munere,
3400 1346 3510 1399 quo
3538 1340 3595 1385 te

652 1416 842 1472 Omnia
870 1422 996 1471 sunt
1022 1415 1157 1483 ejus,
1188 1414 1337 1484 cujus
1365 1431 1463 1470 nos
1492 1430 1609 1471 esse
1636 1414 1881 1469 fatemur.
2184 1419 2285 1473 110
2390 1418 2646 1474 Instruxit
2671 1421 2948 1491 membris,
2973 1422 3217 1479 sensibus
3240 1422 3513 1479 excoluit:

724 1506 808 1561 Nil
858 1505 1134 1576 proprium
1179 1513 1263 1560 est
1311 1505 1502 1560 nobis:
1556 1505 1672 1575 ipse
1720 1504 1918 1569 habet,
1968 1504 2082 1574 ipse
2325 1510 2633 1578 Quitribuit
2657 1512 2842 1577 vitam,
2868 1514 3091 1582 largitur
3117 1513 3401 1569 commoda
3431 1514 3575 1577 vitaz,

1818 1595 2007 1667 [dediL
2392 1601 2649 1657 Omnibus
2675 1611 2736 1658 ut
2762 1603 2858 1659 tibi
2888 1605 2957 1659 sit
2983 1603 3206 1674 prmdita
3232 1604 3455 1659 deliciis.

655 1689 792 1746 Ecce
818 1688 1017 1744 etenim
1038 1698 1225 1743 sancto
1246 1688 1545 1759 proclamat
1572 1689 1625 1742 in
1647 1703 1740 1743 ore
1766 1687 2039 1758 propheta:
2066 1707 2078 1740 :
2325 1694 2465 1750 Ecce
2491 1695 2587 1750 tibi
2613 1695 2807 1751 malum
2834 1696 3054 1766 pendet,
3087 1697 3180 1751 ubi
3203 1704 3343 1751 rem
3369 1695 3595 1761 recedit,

722 1780 859 1838 Nolo
887 1788 1009 1836 tuos
1036 1780 1235 1844 hircos,
1268 1780 1393 1835 nolo
1422 1787 1543 1834 tuos
1564 1779 1779 1835 vitulos.
2393 1785 2533 1840 Aera
2558 1785 2838 1852 librantur,
2864 1786 3082 1842 ﬂuctuat
3109 1803 3343 1843 oceanus
3367 1804 3382 1839 :

551 1874 619 1933 75
650 1875 719 1931 Et
740 1876 946 1947 species
972 1875 1083 1944 agri
1107 1889 1317 1930 mecum
1339 1883 1420 1930 est
1437 1913 1452 1939 ,
1484 1882 1539 1929 et
1559 1874 1726 1942 gloria
1752 1874 1869 1929 coeli
1896 1892 1908 1926 :
2117 1879 2161 1939 Β
2190 1874 2293 1929 115
2328 1875 2583 1931 Noctibus
2610 1884 2771 1945 atque
2796 1877 2911 1933 dies
2931 1878 3243 1946 succedunt,
3271 1877 3541 1933 mensibus
3568 1877 3718 1937 anni,

727 1968 882 2023 Orbis
904 1966 1043 2022 enim
1076 1982 1226 2023 meus
1247 1974 1357 2034 est,
1389 1974 1443 2022 et
1469 1967 1614 2036 quod
1645 1968 1698 2021 in
1727 1970 1855 2023 orbe
1880 1983 2077 2024 meum.
2395 1966 2488 2022 Sol
2514 1967 2776 2037 splendet,
2805 1968 2985 2024 lucent
3013 1969 3211 2037 sidera,
3236 1969 3359 2023 luna
3387 1969 3562 2024 rubet.

651 2058 840 2114 Debita
862 2059 1136 2114 solvantur
1163 2066 1350 2115 sancto
1375 2059 1505 2113 mihi
1531 2068 1750 2129 pectore
1776 2068 1898 2114 vota
1926 2078 1938 2111 :
2326 2058 2437 2113 Ver
2453 2059 2636 2115 varios
2663 2060 2890 2115 blandus
2916 2060 3189 2130 perfundit
3210 2061 3445 2130 germine
3474 2060 3658 2121 ﬂores.

724 2150 909 2206 Hostia
931 2165 1018 2204 me
1046 2148 1233 2217 laudis,
1264 2164 1505 2220 puraque
1530 2166 1636 2206 vox
1656 2150 1907 2205 celebret.
2394 2149 2577 2206 Estas
2600 2150 2711 2220 jam
2737 2152 2953 2220 gravida
2973 2151 3231 2208 fructibus
3259 2168 3385 2207 arva
3407 2153 3610 2221 coquit,

655 2241 796 2311 Ergo
821 2242 955 2296 nihil
982 2248 1168 2297 noster
1193 2242 1398 2311 poteris
1425 2241 1764 2311 prtetendere
1790 2243 1979 2307 lector,
2328 2243 2627 2299 Autumnus
2653 2252 2830 2299 musto
2858 2244 3120 2311 madidus,
3152 2245 3470 2315 praepinguis
3491 2245 3633 2299 oliva
3654 2254 3758 2311 est,

551 2334 621 2393 80
725 2333 846 2389 Istis
867 2333 1011 2402 quod
1042 2332 1136 2386 tibi
1167 2333 1235 2387 sit
1263 2331 1481 2388 diﬂicile
1508 2334 1562 2387 in
1591 2334 1827 2389 monitis.
2188 2335 2290 2390 120
2394 2334 2610 2405 Ignibus
2636 2336 2863 2392 admotis
2892 2335 3090 2405 frigora
3118 2337 3290 2392 nescit
3317 2337 3486 2390 hiems
3516 2353 3528 2387 :

655 2423 771 2479 Non
801 2423 959 2491 longe
984 2424 1233 2493 positum,
1268 2438 1371 2478 non
1402 2431 1486 2479 est
1513 2423 1726 2477 aliunde
1752 2422 2055 2491 petendum,
2326 2425 2589 2480 Imbribus
2611 2425 2856 2481 arcendis
2882 2424 3168 2481 conﬁrmas
3197 2425 3424 2496 pendula
3453 2433 3597 2481 tecta
3624 2444 3638 2488 ;

733 2513 849 2568 Non
877 2528 956 2578 re,
986 2529 1093 2567 non
1122 2521 1359 2583 sumptu,
1390 2529 1497 2567 non
1521 2528 1655 2583 opus
1683 2520 1766 2567 est
1787 2514 1980 2582 pretio.
2395 2518 2615 2588 Ignoras
2637 2528 2829 2575 ventos
2852 2519 3053 2574 adibus
3079 2518 3337 2589 oppositis
3362 2537 3377 2584 ;

658 2602 864 2665 Sufﬁcit
890 2609 951 2656 ut
990 2602 1272 2656 Dominum
1312 2603 1532 2669 mundi,
1580 2618 1865 2673 rerumque
1890 2618 2087 2674 paren-

2012 2620 2087 2657 rn-
2328 2609 2584 2679 Hirtaque
2612 2610 2861 2680 lanigera:
2888 2610 3176 2681 depectens
3212 2619 3357 2678 terga
3385 2609 3618 2663 bidentis

1866 2696 2017 2770 [ten],
2398 2702 2644 2758 Mollibus
2672 2703 2957 2757 involucris
2995 2702 3167 2771 algida
3205 2702 3441 2756 membra
3470 2700 3606 2769 tegis
3634 2718 3649 2761 ;

728 2788 890 2858 Cujus
920 2790 972 2843 in
1001 2790 1241 2853 arbitrio,
1267 2790 1352 2845 vel
1381 2791 1543 2855 bona,
1569 2791 1654 2845 vel
1684 2790 1822 2844 mala
1852 2798 2013 2856 sunt;
2189 2793 2291 2848 19.5
2329 2793 2495 2849 Lenia
2521 2809 2621 2850 nec
2646 2795 2838 2850 desunt
2866 2794 3005 2849 nivei
3035 2794 3303 2848 velamina
3324 2792 3415 2847 lini
3440 2810 3457 2858 ;

553 2880 621 2939 85
660 2881 835 2936 Censu
865 2878 1055 2949 majori
1080 2880 1381 2936 vincentem
1408 2882 1569 2936 verba
1598 2882 1883 2950 loquentis.
2398 2884 2536 2940 Sunt
2565 2887 2726 2939 etiam
2764 2884 2891 2941 Eois
2916 2886 3077 2955 pallia
3104 2885 3428 2940 velleribus:

732 2968 927 3037 Unum,
960 2972 1356 3041 incorporeum,
1389 2980 1815 3042 perpetuumque
1835 2987 2067 3035 sacrum,
2328 2976 2421 3032 Illa
2454 2976 2599 3032 ferax
2624 2977 2771 3047 jacto
2796 2978 2980 3033 reddet
3008 2977 3105 3032 tibi
3132 2977 3336 3033 semine
3356 2976 3510 3031 tellus

659 3061 846 3117 Omnia
898 3061 1235 3132 complexum
1261 3105 1276 3130 ,
1336 3062 1423 3117 vel
1469 3077 1682 3133 semper
1732 3062 1787 3117 in
1843 3061 2088 3117 omnibus
2398 3068 2524 3125 Haec
2552 3070 2712 3125 celsis
2737 3077 2958 3141 carpent
2979 3068 3139 3124 Seres
3166 3070 3220 3123 in
3242 3068 3543 3122 arboribus.

1810 3152 2015 3223 iulium.
2330 3162 2569 3231 Denique
2601 3177 2697 3232 per
2727 3170 2897 3217 totum
2923 3161 3014 3232 qui
3043 3160 3477 3215 circumvolvitur
3501 3172 3723 3221 annum,

731 3250 905 3307 Corde
934 3252 1052 3320 pius
1080 3251 1283 3315 credas,
1315 3250 1562 3305 credulus
1585 3265 1680 3305 ore
1706 3264 1884 3317 roges.
2115 3242 2160 3301 (ἶ
2191 3252 2293 3307 150
2398 3253 2664 3321 Quidquid
2687 3253 2872 3319 habes,
2905 3260 3076 3307 totum
3103 3251 3195 3305 dat
3223 3250 3317 3305 tibi
3338 3266 3465 3305 cura
3493 3250 3611 3304 Dei.

664 3340 772 3397 Sed
799 3342 924 3412 quid
943 3343 1019 3397 sic
1044 3342 1198 3396 nudis
1227 3350 1431 3395 tantum
1456 3343 1789 3397 sermonibus
1818 3352 1960 3409 utor,
2329 3344 2561 3416 Campus
2586 3359 2757 3400 messe
2784 3345 2943 3409 viret,
2978 3343 3199 3398 vestitur
3222 3342 3438 3412 palmite
3466 3340 3640 3405 collis,

560 3431 630 3499 90
736 3430 1009 3501 Tanquam
1038 3431 1181 3486 nulla
1212 3432 1305 3487 Dei
1332 3432 1441 3488 sint
1466 3446 1625 3502 super
1643 3431 1748 3487 hoc
1774 3434 1975 3489 monita
1995 3436 2021 3489 7
2403 3435 2609 3491 Arbore
2633 3434 2840 3489 diversa
2865 3432 3017 3488 mitia
3044 3448 3204 3503 poma
3232 3432 3407 3499 metis,

662 3523 794 3578 Nam
824 3524 1053 3593 primum
1083 3524 1252 3579 veteri
1280 3532 1495 3579 cautum
1526 3524 1625 3579 sub
1654 3524 1771 3593 lege
1797 3534 2088 3591 metuento,
2332 3526 2395 3580 Et
2415 3527 2646 3583 studium
2675 3524 2986 3595 hnpendens
3012 3523 3237 3579 fecundo
3258 3523 3512 3594 providus
3531 3522 3690 3577 horto

730 3615 858 3683 Qua:
884 3615 1083 3671 dudum
1114 3617 1166 3671 in
1196 3616 1380 3672 solidis
1404 3617 1604 3688 scripta
1632 3616 1731 3671 fuit
1759 3616 1981 3683 tabulis,
2407 3620 2546 3675 Utile
2573 3635 2680 3690 quo
2706 3618 2860 3673 libuit
2885 3627 3128 3688 tempore
3154 3616 3319 3671 sumis
3340 3615 3477 3670 olus.

661 3708 816 3775 Quod
862 3725 1004 3765 nunc
1047 3725 1147 3781 per
1174 3709 1457 3766 Dominum
1504 3718 1730 3765 renovat
1771 3709 1895 3765 data
1922 3710 2096 3779 gratia
2194 3714 2297 3769 I55
2334 3711 2596 3769 Accendis
2618 3711 2867 3782 pinguem
2893 3723 3224 3778 quaecunque
3250 3708 3305 3761 in
3333 3707 3531 3761 lumina
3554 3705 3759 3775 pinum,

1705 3801 2018 3874 [Christum,
2404 3803 2682 3859 Nobilibus
2717 3801 2916 3857 mensis
2942 3815 3098 3855 cerea
3128 3797 3341 3853 ﬂamma
3368 3798 3545 3851 micat.

734 3890 908 3963 Atque
936 3892 1206 3963 Evangelii
1230 3908 1333 3947 vox
1359 3891 1661 3947 veneranda
1683 3899 1839 3946 sonat
1864 3908 1877 3944 :
2338 3897 2449 3951 Nec
2474 3894 2638 3949 modo
2666 3902 2880 3948 terreno
2908 3899 3111 3945 tantum
3130 3890 3333 3945 servire
3355 3889 3571 3957 jubetur

558 3991 627 4046 95
665 3990 772 4062 Ut,
799 3993 941 4064 quod
979 4009 1110 4048 saxa
1143 3995 1289 4063 prius
1302 4020 1327 4059 -,
1368 3993 1532 4047 modo
1560 4001 1777 4062 pectora
1806 4000 1985 4047 nostra
2016 4002 2094 4048 te-
2406 3986 2510 4043 Per
2536 3985 2714 4040 varios
2739 3999 2868 4038 usus
2894 3981 3104 4037 subdita
3135 3988 3279 4035 terra
3308 3979 3505 4034 homini
3533 3997 3547 4031 :

1790 4082 2019 4155 [nerent,
2337 4081 2455 4150 Ipsa
2485 4078 2649 4133 etiam
2675 4074 2931 4145 quidquid
2970 4071 3139 4128 fertur
3156 4086 3326 4141 prope
3354 4069 3531 4126 nubila
3558 4110 3573 4130 ,
3602 4067 3760 4136 quid-

736 4172 892 4229 Esset
916 4182 971 4228 et
991 4174 1206 4228 uberior
1232 4173 1314 4227 bis
1336 4174 1563 4242 repetita
1590 4173 1738 4228 ﬁdes.
3546 4159 3690 4232 [quid

664 4263 869 4318 Alfectu
896 4272 1011 4319 toto
1038 4263 1319 4318 Dominum
1338 4305 1353 4328 ,
1388 4263 1621 4333 totisque
1649 4264 1915 4329 medullis,
2198 4262 2300 4315 “0
2408 4262 2530 4315 Alto
2558 4258 2880 4315 subductum
2908 4257 3139 4312 volvitur
3167 4256 3219 4308 in
3250 4254 3438 4323 pelago
3468 4270 3481 4304 :

741 4356 913 4424 Atque
945 4364 1088 4410 tuum
1119 4364 1233 4411 toto
1258 4355 1416 4425 dilige
1437 4355 1597 4411 corde
1622 4356 1807 4411 Deum.
2339 4352 2490 4407 Nunc
2515 4351 2731 4406 fallente
2759 4349 2912 4414 cibo,
2945 4361 3084 4402 nunc
3108 4352 3255 4400 texto
3285 4346 3339 4398 in
3369 4344 3501 4397 retia
3526 4343 3653 4407 lino,

661 4446 731 4501 Et
752 4457 897 4503 recte
922 4466 933 4500 :
971 4447 1096 4517 quid
1123 4449 1264 4503 enim
1293 4448 1494 4517 poteris
1522 4456 1579 4501 tu
1603 4448 1799 4517 justius
1826 4462 2057 4515 unquam
2410 4442 2627 4497 Artibus
2652 4440 2943 4495 innumeris
2964 4437 3086 4492 inde
3113 4436 3199 4491 vel
3224 4435 3347 4489 inde
3374 4434 3531 4505 petis.

528 4536 624 4592 I00
729 4536 1007 4595 Obstrictis
1035 4540 1197 4592 tantis
1223 4539 1431 4594 solvere
1457 4538 1767 4594 muneribus
1794 4538 1817 4591 ?
2338 4532 2406 4587 Et
2432 4531 2530 4586 tibi
2560 4546 2701 4585 nunc
2728 4531 2836 4584 imo
2869 4528 3095 4582 trahitur
3121 4526 3186 4581 de
3206 4525 3414 4594 gurgite
3440 4525 3619 4593 piscis,

660 4632 759 4700 Qui
792 4634 904 4701 tibi,
935 4650 1056 4689 cum
1086 4635 1243 4690 limus
1272 4643 1483 4689 terrena
1517 4634 1571 4688 in
1602 4631 1730 4689 faece
1755 4633 1982 4702 iaceres,
2116 4615 2168 4673 Ῑ)
2407 4625 2546 4678 Aere
2568 4636 2709 4676 nunc
2734 4633 2945 4675 summo
2972 4617 3313 4686 ἀθοίρίυηῑυΐ
3332 4629 3478 4670 “"05-

594 4789 758 4863 !ersu
902 4790 1070 4863 Delr.,
1100 4808 1237 4845 rure.
2192 4800 2226 4835 ιι
2257 4782 2323 4837 de
2360 4781 2559 4863 Ordine
2583 4822 2609 4847 ,ν
2640 4794 2760 4848 cap.
2806 4777 2859 4832 4.
2899 4775 2957 4830 In
2985 4791 3084 4829 ms.
3128 4774 3232 4828 alio
3275 4772 3436 4829 modo
3461 4772 3653 4841 legitur
3675 4771 3758 4826 hic

492 4893 499 4912 .
590 4858 760 4915 Versu
787 4860 877 4916 68.
907 4861 1076 4928 Delr.,
1108 4870 1273 4915 tanta.
2190 4868 2379 4909 versus
2406 4858 2519 4907 sic:

496 4982 499 4987 ν
590 4929 758 4985 versu
789 4931 875 4984 70'
908 4930 1075 4995 Delr"
1107 4941 1310 5014 .caf’mm'
2314 4963 2417 5013 Ver
2436 4962 2593 5012 tundit
2614 4960 2821 5009 blandus
2838 4962 2994 5007 varios
3015 4963 3069 5007 ut
3091 4959 3313 5019 germine
3337 4956 3500 5004 ﬂores.

588 4999 759 5052 Versu
783 5000 870 5052 75.
901 5000 1069 5052 Dein.
1100 5010 1277 5052 matur.

488 5026 491 5031 ν
588 5000 759 5072 Υθτδυ
783 5000 870 5072 75.
901 5000 1069 5072 Delr.,
1100 5003 1277 5072 igitur.

484 5113 495 5132 ς
593 5070 759 5144 Versu
788 5070 873 5125 76.
916 5061 1066 5125 Delr.
1098 5061 1240 5127 lfunc
1276 5089 1487 5130 versum
1521 5074 1590 5126 ita
1627 5081 1878 5143 corrupte
1916 5071 2083 5144 legit:
2260 5066 2434 5144 Xersu
2610 5064 2702 5144 'Al.
2736 5061 2914 5116 Levia.

524 5140 676 5213 Urbis
702 5150 750 5204 et
779 5151 1047 5213 ηιξκιε-«ξω,
1077 5151 1127 5195 et
1152 5144 1286 5213 quod
1313 5144 1367 5197 in
1394 5145 1519 5197 urbe
1545 5160 1727 5206 meum.
1788 5132 1806 5143 ’
1968 5132 1997 5144 ⁷
2259 5132 2580 5213 ΧεξῐςευλνᾷἹ.
2610 5132 2777 5213 Delr.,
2802 5149 2977 5212 veram.
3235 5199 3248 5213 _
3321 5199 3353 5213 μ’
3421 5206 3435 5213 _
3479 5197 3495 5213 ‘
3626 5198 3637 5209 _

590 5198 759 5283 Yersu
912 5197 1001 5283 _Al.
1030 5197 1384 5283 perpélttoque.
1684 5198 1690 5206 ’
2259 5205 2392 5261 Ibid.
2420 5204 2591 5283 Delr.,
2617 5203 2647 5256 J
2655 5211 2772 5257 acta
2808 5202 3006 5256 semina
3027 5240 3043 5266 ,
3087 5214 3205 5269 qua:
3234 5199 3393 5281 lectio
3420 5197 3640 5283 tolerari
3668 5211 3759 5283 po:

584 5282 757 5337 Versu
786 5280 874 5352 88.
906 5277 1079 5352 _Delr.,
1106 5277 1210 5352 pio.
1286 5277 1296 5283 ’
2190 5283 2333 5352 test:
2361 5290 2486 5328 nam
2510 5282 2742 5352 veteres,
2756 5277 3340 5352 nonnunqua'mprimo
3352 5277 3618 5352 prosexto
3639 5281 3760 5352 casu

587 5352 759 5407 Versu
788 5350 876 5405 96.
905 5336 1078 5417 Delr.,
1102 5336 1282 5407 cesset.
2191 5346 2496 5413 utebantur,
2527 5353 2582 5399 et
2609 5344 2860 5400 dicebant
2884 5359 2937 5396 v.
2963 5336 3041 5413 g2,
3062 5336 3250 5396 Petrus
3278 5336 3501 5393 existens
3530 5353 3630 5407 pro
3658 5336 3756 5391 Pe-

582 5422 755 5477 Versu
784 5420 870 5475 98.
904 5420 1072 5484 Delr.,
1104 5432 1207 5475 tuo.
2191 5426 2270 5472 tro
2292 5417 2560 5469 existente.

581 5476 898 5562 versu7109.
931 5476 1074 5562 Delr.
1100 5530 1115 5553 ,
1160 5507 1308 5562 quoa,
1358 5503 1512 5545 male.
1558 5491 1738 5562 Neque
1766 5492 1957 5546 melius
1993 5493 2084 5561 qui
2262 5483 2945 5562 versu128.__se_res_sunt
2991 5480 3226 5562 Scythia:
3265 5479 3512 5534 Asiaticae
3561 5476 3759 5562 pppuli,

514 5546 613 5631 pro
636 5546 733 5618 suo
763 5561 913 5615 libitu
935 5546 1121 5631 legere
1148 5546 1337 5631 volunt
1361 5562 1485 5630 qui:
1523 5546 1779 5616 nam-hoc
1805 5562 1925 5616 loco
1954 5546 2082 5630 pr'o-
2187 5557 2436 5631 aquibus
2459 5555 2769 5631 nobilisilla
2794 5554 2913 5608 lana
2940 5568 3007 5608 ex
3031 5546 3313 5607 arboribus
3338 5566 3406 5606 ex
3435 5564 3541 5619 qua
3566 5546 3647 5601 Iit
3676 5562 3758 5601 se.

512 5626 709 5703 nomen
738 5649 836 5703 (ρῳ
852 5626 1092 5703 refertur
1116 5630 1184 5683 ad
1209 5626 1809 5703 prmcedentemvocem
1829 5626 2053 5703 munere.
2186 5628 2374 5703 ricam,
2407 5626 2597 5703 advehi
2612 5626 2875 5703 dicitur.”
2923 5694 2934 5703 .
3284 5701 3291 5703 Α
3328 5692 3341 5703 ο
3379 5690 3419 5703 ἢ
3460 5689 3470 5703 Ι
3506 5689 3517 5699 ο

586 5688 763 5756 νει-δυ’
784 5688 903 5753 117.
936 5700 1013 5755 lta
1035 5716 1177 5765 ms.;
1210 5688 1324 5755 'nec
1359 5700 1567 5761 mireris
1607 5701 1693 5756 hic
1727 5702 1945 5755 blandus
1986 5717 2083 5769 pro
2255 5688 2426 5752 Versu
2455 5696 2577 5750 I39.
2609 5694 3087 5769 Sic‘restituimus,
3128 5692 3342 5751 tametsi
3379 5689 3588 5746 Delrius
3628 5688 3757 5753 legat

518 5768 760 5823 blandum
804 5770 945 5836 legi:
993 5786 1117 5825 nam
1156 5771 1465 5831 solwcismos
1502 5780 1551 5823 et
1587 5770 1927 5825 barbarismos
1956 5766 2079 5839 qitos
2186 5769 2355 5822 nubite
2386 5778 2440 5822 ct
2468 5782 2567 5839 ms.
2602 5766 2789 5839 pobile.

518 5849 717 5903 vocant,
743 5849 906 5913 poeta:
930 5840 1311 5902 adamaverunt.
1344 5841 1515 5912 inquit
1545 5839 1598 5895 S.
1632 5836 2074 5910 Augustinus'lib.
2258 5839 2424 5901 Versu
2452 5836 2566 5901 142.
2602 5836 2770 5901 Delr.,
2795 5844 2954 5905 petes.
