4066 6192
386 326 479 378 981
1574 317 2161 378 COMMONITORIUM.
2202 318 2330 375 LIB.
2370 317 2410 377 l.
3430 302 3449 315 ”
3522 329 3623 385 932

383 440 487 494 M‘o’
522 441 743 512 Agmina
769 441 982 496 venanti
1012 446 1363 511 prorumpunt
1389 439 1554 494 densa
1582 438 1812 493 ferarum
1976 438 2031 495 Α
2193 435 2472 507 Captivam
2498 440 2749 495 comitem
2779 456 2956 506 cursu,
2989 454 3166 513 grege,
3198 458 3350 512 voce,
3387 445 3585 509 volatu.

593 531 699 586 Icta
727 531 913 601 procul
937 532 1129 600 jaculis
1158 532 1245 586 vel
1267 531 1516 601 laqueata
1542 529 1733 600 plagis.
2264 527 2333 582 Et
2359 530 2406 584 si
2428 545 2535 585 non
2565 541 2806 601 possunt,
2838 534 3095 603 eripuisse
3124 536 3328 591 volunt.

522 619 698 675 Prona
720 622 860 690 petis
888 623 1050 687 ferro,
1075 622 1298 678 canibus
1327 621 1580 689 fugientia
1609 620 1753 676 sistis
2194 622 2437 691 Cumque
2464 623 2541 678 ita
2567 639 2626 679 se
2653 626 2771 681 solo
2794 635 2998 681 natura:
3026 643 3243 682 munere
3279 636 3512 693 servent,

590 712 887 768 Contundis
914 713 1076 769 frenis
1102 730 1198 770 ora
1224 714 1421 769 ferocis
1446 713 1591 783 equi.
2055 709 2157 767 190
2263 712 2393 780 Quae
2420 729 2523 769 nec
2549 716 2794 783 consilio,
2823 733 2924 772 nec
2951 719 3159 774 ratione
3194 720 3371 788 vigent
3394 738 3407 773 :

522 804 603 859 Ad
641 804 769 875 juga
808 806 983 877 panda
1028 808 1195 863 boves
1244 807 1390 876 cogis
1411 848 1427 875 ,
1475 806 1543 861 ad
1590 806 1816 861 mulctra
1862 819 1953 860 ca-
2194 803 2331 870 Quid
2358 805 2551 859 mirum
2578 804 2789 861 Domini
2810 808 2855 861 si
2876 808 3026 876 jussa
3054 812 3287 863 verenda
3308 818 3552 871 secutum

1643 896 1833 969 [pellas
1859 913 1871 947 :
2262 895 2447 951 Mutua
2468 898 2797 967 constringet
2823 914 2949 954 cura
2978 901 3208 957 hominis
3237 902 3530 969 hominem,

381 987 483 1042 150
517 1022 526 1029 -
586 987 858 1045 Distillant
884 991 1073 1061 crispis
1102 990 1279 1046 dulcia
1304 990 1463 1045 mella
1490 988 1645 1044 favis.
2190 985 2364 1056 Atque
2392 1003 2509 1053 usu,
2534 987 2774 1057 ingenio,
2804 988 2982 1056 rebus,
3013 991 3219 1046 ratione
3246 993 3447 1062 peritus

515 1082 594 1138 De
621 1084 764 1139 saxis
789 1098 1047 1154 gemmas,
1082 1100 1270 1138 aurum
1298 1082 1546 1153 producis
1575 1083 1752 1136 arenis
2261 1077 2332 1134 Ut
2357 1094 2453 1134 sua
2481 1094 2600 1148 quae
2625 1088 2715 1135 tua
2744 1089 2870 1136 sunt
2888 1084 3168 1139 commoda
3194 1084 3357 1140 frater
3384 1087 3549 1155 agat?

584 1173 858 1245 Lentaque
883 1174 950 1229 de
978 1175 1135 1229 terris
1162 1175 1282 1242 igne
1310 1173 1527 1228 metalla
1555 1173 1741 1242 coquis
1765 1189 1779 1226 :
2051 1166 2155 1220 195
2191 1166 2326 1225 Hinc
2347 1171 2490 1253 venit
2508 1171 2601 1225 illa
2626 1171 2844 1241 placens
2863 1172 3054 1227 merito
3082 1175 3369 1240 sententia,
3401 1184 3618 1231 nectens

514 1263 766 1320 Gramina
788 1264 1046 1319 discernis
1077 1264 1257 1318 tristes
1282 1264 1605 1318 medicantia
1631 1263 1868 1329 morbos,
2267 1259 2567 1315 Humanum
2595 1262 2753 1332 parili
2781 1262 3089 1319 conditione
3114 1277 3282 1332 genus
3308 1283 3320 1317 :

584 1355 743 1412 Pellis
771 1357 1074 1413 lethiferum
1096 1355 1316 1411 sedulus
1330 1363 1449 1410 arte
1477 1355 1695 1410 malum.
2186 1352 2295 1408 Nec
2320 1352 2485 1409 facias
2507 1353 2628 1409 aliis
2653 1354 2909 1425 quidquid
2940 1353 3051 1409 ﬁeri
3083 1356 3179 1408 tibi
3206 1372 3314 1410 non
3335 1356 3412 1411 vis
3435 1374 3449 1422 ;

372 1448 479 1506 155
513 1450 651 1518 Quin
696 1450 857 1506 etiam
899 1457 959 1506 ut
1003 1465 1237 1505 mercem
1261 1448 1547 1519 peregrino
1587 1464 1619 1502 a
1641 1447 1821 1501 littore
1850 1462 1942 1501 su-
2260 1443 2427 1514 quue
2453 1446 2573 1501 aliis
2599 1445 2790 1511 facias,
2820 1446 2965 1515 quod
2995 1446 3090 1501 tibi
3116 1446 3197 1501 vis
3226 1447 3359 1502 fieri.

1710 1540 1865 1613 [mas,
2186 1534 2339 1603 Quod
2365 1549 2534 1605 genus
2559 1544 2643 1593 est
2666 1539 2941 1593 hominum
2964 1580 2980 1605 ,
3011 1539 3131 1611 quis
3169 1554 3329 1594 sexus
3353 1580 3367 1605 ,
3398 1541 3532 1597 ritus
3560 1550 3611 1597 et

579 1635 649 1690 Et
676 1642 768 1691 tua
796 1635 892 1691 des
922 1636 1042 1691 aliis
1068 1642 1232 1705 atque
1259 1635 1435 1691 aliena
1461 1642 1635 1706 petas,

3367 1632 3540 1705 [ωερε.

507 1731 750 1786 Flumina
777 1731 1001 1799 remigio
1027 1730 1295 1802 percurris
1321 1738 1377 1784 et
1393 1744 1610 1798 :equora
1638 1727 1796 1793 velo;
1995 1713 1998 1716 ’
2042 1725 2145 1778 900
2252 1723 2380 1792 Quis
2408 1732 2568 1795 neget
2605 1725 2709 1780 hoc
2733 1731 2969 1789 rectum,
2999 1723 3119 1793 quis
3145 1730 3305 1793 neget
3333 1739 3454 1779 esse
3482 1740 3607 1794 pro-

572 1820 648 1876 lbi
673 1821 990 1890 longinquas
1014 1821 1215 1889 absque
1242 1819 1427 1875 labore
1451 1820 1561 1873 vias
1586 1835 1599 1872 :
1970 1812 2015 1871 Β
3350 1816 3540 1888 [bum?

507 1912 612 1965 Aut
638 1911 683 1966 si
712 1910 966 1968 formidas
994 1912 1235 1981 pelagus,
1267 1923 1519 1980 carpenta
1548 1909 1805 1989 movebis,
2182 1909 2320 1978 Quid
2350 1926 2458 1966 non
2485 1910 2792 1965 mandatum
2820 1909 2926 1965 late
2954 1908 3327 1980 complectitur
3353 1908 3607 1964 arctum?

363 2000 468 2055 160
575 2000 758 2071 Teque
794 2002 901 2057 tuis
927 2009 1135 2059 sternet
1164 2010 1306 2056 terra
1333 1999 1568 2055 notanda
1596 2000 1749 2054 rotis.
2249 2004 2462 2059 Plenius
2486 2004 2587 2059 hac
2613 2002 2753 2058 tradi
2781 2003 2907 2074 quid
2932 2003 3192 2057 brevitate
3214 2002 3433 2072 potest?

505 2091 655 2148 Tunc
681 2093 725 2147 si
749 2092 1010 2161 jactatum
1036 2092 1227 2163 quierit
1252 2090 1449 2146 blanda
1478 2091 1587 2145 otia
1612 2105 1828 2159 corpus,
2179 2097 2419 2168 Namque
2446 2111 2509 2152 ea
2535 2110 2655 2167 qua:
2679 2095 2819 2149 mala
2844 2101 2999 2163 sunt,
3045 2092 3160 2149 fieri
3187 2093 3349 2149 modo
3372 2092 3448 2147 sic
3474 2092 3603 2147 mihi

571 2181 795 2236 Humida
824 2182 1134 2252 pulvereum
1162 2181 1355 2236 balnea
1381 2181 1674 2250 suscipient
1698 2196 1714 2246 ;
3327 2185 3533 2259 [nolim,

504 2272 675 2341 Atque
702 2248 841 2328 cavo
858 2280 972 2328 tota
998 2272 1260 2343 spoliatur
1285 2280 1434 2327 veste
1460 2248 1699 2337 lavacro,
2248 2280 2317 2337 Ut
2338 2296 2549 2337 rursum
2570 2282 2780 2353 cupiam
2808 2296 2926 2351 quae
2952 2281 3094 2337 bona
3120 2288 3244 2336 sunt
3272 2248 3405 2334 fieri.
3430 2248 3445 2283 δ

569 2365 801 2421 Marcida
828 2365 1142 2437 perdomitis
1171 2365 1411 2419 membra
1434 2363 1642 2420 fovebis
1670 2364 1842 2433 aquis.
2031 2370 2136 2426 905
2167 2370 2354 2428 Judice
2379 2389 2487 2427 non
2516 2389 2652 2444 opus
2681 2381 2784 2443 est,
2813 2373 3004 2429 doctor
3031 2386 3130 2427 nec
3150 2373 3405 2443 quaeritur
3431 2371 3596 2426 ullus:

357 2457 463 2511 105
503 2458 605 2512 Tot
632 2458 900 2527 tantisque
926 2458 1082 2512 bonis
1112 2457 1324 2512 Domini
1354 2457 1452 2511 tibi
1479 2472 1702 2511 munere
1730 2458 1897 2526 partis
2260 2465 2335 2520 De
2360 2464 2516 2520 nobis
2542 2466 2742 2521 scimus
2765 2481 2884 2534 quae
2908 2466 3067 2531 bona,
3099 2480 3218 2533 qua:
3245 2464 3385 2517 mala
3411 2472 3553 2519 sunt.

567 2550 706 2617 Quid
735 2550 947 2605 tandem
977 2549 1194 2618 dignum
1224 2548 1400 2603 reddis
1428 2562 1611 2603 amore
1639 2549 1772 2618 pio?
2170 2553 2441 2611 Gaudebis
2463 2564 2631 2624 certe,
2653 2557 2698 2611 si
2726 2558 2845 2625 quis
2876 2566 2929 2611 te
2950 2564 3106 2612 nocte
3134 2556 3364 2610 viantem

500 2642 604 2696 Aut
631 2642 821 2711 quibus
850 2641 966 2696 haac
1006 2641 1197 2711 opibus
1220 2682 1236 2707 ,
1284 2640 1477 2709 quibus
1520 2647 1576 2693 et
1620 2640 1929 2710 persolvere
2240 2646 2476 2703 Blandus
2495 2648 2729 2703 vicinum
2752 2649 2912 2705 ducat
2939 2650 2992 2703 in
3017 2649 3306 2719 hospitium
3330 2665 3343 2701 :

1660 2729 1854 2802 [ἀοηίδν
2171 2739 2250 2796 Tu
2278 2757 2493 2812 quoque
2517 2742 2777 2798 sollicitus
2803 2744 3032 2813 provisis
3057 2742 3245 2813 excipe
3273 2741 3433 2797 tectis

564 2824 658 2880 Vel
683 2831 883 2895 quanto
906 2825 1107 2895 poteris
1128 2824 1363 2894 pendere
1391 2822 1655 2877 servitio?
2029 2830 2133 2885 9.10
2238 2830 2411 2897 Illum,
2442 2834 2534 2901 qui
2560 2848 2680 2888 sera
2707 2841 2867 2887 nocte
2888 2834 3063 2888 viator
3088 2834 3207 2888 erit.

494 2916 603 2971 Nec
648 2925 826 2971 tamen
867 2917 982 2972 haec
1025 2915 1283 2971 Dominus
1313 2956 1327 2981 ,
1378 2914 1529 2984 cujus
1566 2924 1692 2971 sunt
1722 2916 1922 2983 omnia,
2130 2922 2293 2977 Veste
2320 2924 2427 2992 tegi
2456 2923 2658 2991 nudus,
2691 2925 2877 2979 sitiens
2904 2920 2975 2977 ad
2996 2924 3147 2994 pocla
3176 2923 3378 2988 vocari,

1603 3008 1851 3080 [quan-it:
2242 3015 2500 3071 Esuriens
2527 3023 2681 3086 optas
2709 3024 2768 3071 ut
2794 3016 2991 3070 satiare
3016 3015 3148 3070 cibis
3174 3034 3185 3070 :

350 3102 455 3154 170
559 3100 764 3157 Sufllcit
788 3110 845 3157 ut
866 3102 1146 3157 Dominum
1168 3118 1353 3157 servus
1382 3109 1590 3157 amatus
1610 3117 1777 3157 ames.
2166 3107 2242 3163 Te
2267 3122 2479 3177 quoque
2506 3115 2819 3178 permoveat
2840 3106 3041 3177 proprii
3065 3122 3163 3177 par
3188 3122 3350 3162 causa
3374 3103 3591 3174 laboris,

493 3192 617 3248 llaec
642 3209 856 3263 quoque
883 3192 1118 3247 mandati
1146 3194 1382 3248 succedit
1408 3192 1576 3247 forma
1605 3192 1824 3247 secundi
1946 3181 1991 3244 C
2239 3198 2425 3253 Divide
2452 3214 2572 3254 cum
2602 3198 2811 3253 miseris
2839 3198 3020 3269 pallia,
3048 3199 3224 3268 pocla,
3247 3199 3413 3255 cibos.

553 3284 834 3340 Proximus
854 3293 911 3339 ut
941 3285 1036 3339 tibi
1065 3285 1134 3339 sit
1159 3286 1255 3348 sic,
1287 3286 1434 3339 velut
1463 3285 1577 3354 ipse
1607 3284 1701 3338 tibi
1729 3300 1806 3338 es.
2018 3288 2124 3343 9|5
2157 3288 2299 3345 Ecce
2328 3304 2543 3344 manum
2568 3289 2748 3359 poscis
2775 3289 2983 3359 lapsus,
3014 3288 3203 3344 solatia
3224 3296 3468 3358 moestus,

488 3375 659 3430 Nosco
689 3375 1017 3430 salutiferam
1046 3390 1298 3431 mansuro
1326 3391 1551 3429 munere
1580 3375 1771 3444 legem,
2244 3379 2512 3434 Auxilium
2537 3378 2807 3449 trepidus,
2834 3380 3117 3435 consilium
3145 3378 3335 3434 dubius
3362 3397 3374 3432 :

556 3464 673 3519 Uno
700 3480 817 3534 qua:
845 3466 1050 3520 cunctis
1074 3466 1332 3535 prospicit
1359 3464 1555 3520 officio.
2158 3467 2215 3522 Id
2242 3469 2465 3533 incestis,
2497 3468 2689 3535 dubiis,
2725 3469 2965 3539 trepidis,
2993 3469 3294 3523 labentibus
3320 3468 3479 3524 oﬂ'ers
3504 3484 3518 3521 :

341 3556 448 3609 175
483 3555 611 3610 Nam
641 3572 761 3611 cum
788 3557 958 3610 aliena
974 3557 1103 3610 mihi
1117 3555 1398 3609 mandatur
1418 3572 1565 3621 cura,
1591 3569 1813 3610 necesse
1835 3564 1915 3611 est
2228 3556 2285 3610 In
2311 3557 2473 3612 simili
2499 3572 2658 3611 causa
2684 3556 2770 3612 fac
2795 3565 2854 3611 ut
2877 3557 3074 3611 ameris
3098 3571 3303 3610 amans.
3366 3616 3369 3619 λ

558 3647 626 3703 Ut
654 3664 772 3702 mea
801 3648 1082 3702 mandetur
1109 3648 1185 3701 sic
1212 3662 1424 3717 quoque
1450 3662 1577 3701 cura
1607 3646 1717 3700 alii.
2161 3647 2322 3703 Certe
2349 3647 2583 3703 incusari
2610 3646 2746 3702 falso
2766 3655 2821 3701 te
2841 3646 3065 3702 crimine
3088 3662 3197 3701 non
3222 3646 3323 3710 vis,

483 3739 621 3795 Ecce
645 3753 809 3809 pecus
836 3738 1093 3808 pecudem
1122 3735 1345 3791 fecunda
1369 3736 1435 3789 ad
1456 3737 1648 3806 pabula
1675 3736 1838 3801 ducit,
2012 3741 2118 3794 990
2223 3737 2460 3792 Crimine
2487 3737 2621 3791 falso
2650 3737 2784 3791 alios
2809 3735 3121 3792 insimulare
3144 3736 3273 3792 noli.

551 3831 798 3898 Admugit
822 3830 1039 3900 proprio
1068 3828 1289 3884 buccula
1320 3829 1435 3882 lzeta
1464 3831 1630 3897 gregi.
1868 3820 1879 3833 '
2152 3828 2324 3883 Odisti
2350 3828 2518 3883 furem
2543 3845 2558 3894 ;
2589 3826 2787 3882 furtum
2816 3842 2946 3882 cave
2971 3846 2983 3880 :
3015 3827 3239 3898 perdere
3267 3844 3375 3882 non
3401 3828 3479 3882 vis

480 3923 747 3977 Murmure
773 3920 1115 3992 respondent,
1139 3935 1243 3989 qua
1272 3928 1493 3990 possunt
1522 3937 1652 3977 voce
1681 3923 1909 3993 loquun—
2222 3920 2328 3976 Per
2352 3922 2459 3976 vim
2483 3936 2603 3990 quae
2630 3927 2721 3974 tua
2748 3926 2871 3975 sunt
2897 3936 2912 3987 ;
2943 3920 3020 3974 nil
3043 3920 3307 3975 violenter
3330 3933 3477 3990 agas.

1695 4016 1835 4088 [tur,
2152 4015 2313 4071 Pacta
2340 4016 2437 4071 tibi
2457 4014 2616 4069 dubio
2644 4028 2754 4067 non
2782 4013 2862 4067 vis
2883 4020 3076 4067 nutare
3097 4022 3323 4083 paratu:

336 4112 441 4166 1:50
548 4108 713 4176 inque
743 4106 911 4160 vicem
942 4103 1131 4159 docilis
1165 4100 1403 4159 lambere
1432 4105 1608 4174 lingua
1638 4106 1794 4161 solet.
2221 4105 2545 4162 Promissam
2572 4110 2723 4160 certo
2750 4111 2970 4173 pectore
2994 4103 3159 4159 redde
3187 4102 3362 4159 ﬁdem.

476 4202 590 4256 Non
617 4207 763 4255 caret
789 4197 980 4252 aﬂ‘ectu
1007 4197 1150 4267 quod
1180 4194 1426 4251 ﬂuctibus
1452 4197 1648 4251 occulit
1665 4211 1870 4265 aequor,
2009 4198 2117 4252 995
2152 4198 2282 4266 Qum
2310 4199 2403 4253 tibi
2432 4198 2665 4253 detraxit
2690 4194 2860 4252 velles
2895 4195 3174 4252 succidere
3198 4195 3433 4265 linguam
3460 4213 3473 4248 :

554 4293 617 4346 Et
645 4291 876 4346 volucris
901 4290 1103 4345 volucri
1132 4295 1243 4352 est,
1276 4296 1331 4341 et
1361 4287 1470 4340 fera
1501 4287 1698 4342 blande
1725 4287 1868 4342 ferae.
2219 4289 2360 4344 Cura
2391 4290 2463 4344 sit
2489 4299 2548 4344 ut
2580 4289 2785 4343 nullum
2814 4289 2974 4342 livida
3005 4288 3166 4343 verba
3195 4295 3404 4342 notent.

475 4385 607 4441 Tum
667 4383 712 4438 si
758 4382 971 4453 quando
1030 4380 1175 4435 venit
1220 4394 1539 4447 quocunque
1582 4395 1649 4433 ex
1695 4382 1906 4450 agmine
2151 4383 2333 4437 Mutua
2359 4396 2590 4451 cumque
2618 4390 2771 4452 petas
2791 4423 2805 4448 ,
2835 4380 2917 4433 vis
2943 4395 3154 4434 sumere
3183 4379 3425 4448 protinus
3452 4394 3580 4448 tera,

1609 4471 1829 4544 {praedm
2220 4474 2400 4528 Mutua
2428 4480 2740 4543 poscentem
2770 4470 2989 4525 dextera
3019 4478 3265 4539 prompta
3291 4468 3461 4537 juvet.

542 4565 754 4619 Fortior
782 4563 1042 4618 invalidos
1070 4575 1245 4629 ungue
1275 4563 1358 4616 vel
1388 4578 1481 4616 ore
1511 4579 1761 4632 premens
1781 4603 1796 4628 ,
1935 4559 1985 4619 D
2151 4566 2366 4621 inflatos
2394 4565 2534 4621 fastu
2562 4565 2785 4619 damnas
2808 4580 2821 4615 :
2852 4562 3063 4631 depone
3093 4569 3359 4615 tumorem
3386 4580 3402 4627 ;

329 4660 435 4714 185
471 4658 577 4715 Seu
601 4658 874 4711 volucrum
897 4672 983 4709 res
1009 4662 1112 4719 est,
1142 4670 1236 4708 seu
1262 4670 1349 4708 res
1377 4662 1460 4708 cst
1489 4655 1579 4709 illa
1607 4655 1861 4719 ferarum,
2002 4661 2109 4714 9.50
2215 4659 2366 4726 Quod
2396 4659 2531 4725 fugis
2561 4657 2613 4710 in
2642 4657 2796 4711 celsis
2820 4654 3028 4709 nesciat
3056 4654 3295 4709 inferior.

544 4747 786 4817 UndiQIle
813 4746 1053 4801 collectis
1084 4746 1324 4800 tenditur
1351 4746 1583 4812 auxiliiS,
2147 4750 2304 4806 Certe
2333 4751 2377 4804 si
2403 4766 2560 4804 soror
2587 4757 2692 4816 est,
2720 4748 2803 4802 vel
2833 4754 3025 4813 mater,
3057 4761 3249 4802 carave
3275 4745 3509 4815 conjunx

399 4907 569 4979 Xersu
596 4904 719 4979 υξξ.
750 4904 845 4979 Al.
868 4905 1032 4979 freno.
2002 4905 2801 4979 pro,subjupclivolrequcnler
2826 4911 3102 4972 usurpent.

397 4977 569 5033 Versu
599 4975 721 5029 155.
754 4974 919 5033 Delr..
946 4974 1259 5027 discernens.
2006 4974 2021 4979 ’
2075 4974 2246 5031 Versu
2273 4975 2397 5030 9|5.
2427 4975 2510 5028 Al.
2546 4991 2687 5029 cura.

396 5049 566 5102 Versu
595 5046 714 5102 160.
749 5045 831 5098 Al.
864 5044 1040 5113 deque.
2074 5049 2242 5102 Versu
2270 5045 2393 5099 917.
2428 5046 2511 5099 Al.

2074 5049 2242 5102 Versu
2270 5045 2393 5099 917.
2428 5046 2511 5099 Al.
2545 5044 2692 5114 offer.

398 5119 568 5173 Versu
598 5117 716 5170 161.
750 5116 914 5175 Delr..
947 5116 1212 5168 lassatum.
2073 5119 2243 5173 Versu
2270 5114 2393 5170 9‘19.
2428 5116 2594 5179 Delr.,
2621 5116 2755 5185 [also
2785 5116 2868 5177 de,
2901 5114 3074 5167 minus
3098 5114 3255 5185 bene.

396 5190 569 5243 Versu
600 5187 719 5240 167.
754 5187 839 5238 Al.
871 5186 1051 5256 copiis.
1205 5254 1212 5256 _
2072 5190 2239 5245 Versu
2268 5186 2388 5241 990.
2424 5187 2588 5249 Delr.,
2621 5184 2961 5256 instinmrlasse
2982 5186 3137 5248 time;
3169 5184 3260 5237 sed
3284 5184 3571 5256 timendum

396 5260 567 5314 Versu
597 5258 718 5329 189.
752 5256 894 5329 Delr.
928 5254 1086 5329 male,
1118 5264 1166 5308 et
1196 5254 1387 5308 blanda
1416 5258 1524 5327 fera
1549 5258 1690 5327 form.
2002 5278 2068 5316 ne
2088 5262 2206 5329 quis
2225 5267 2500 5314 corrector
2520 5257 2584 5310 ad
2606 5255 2985 5323 elegantiorem
3006 5271 3214 5329 versum
3237 5254 3575 5329 condendum

396 5330 563 5413 Xersu
748 5328 911 5413 I‘ielrn
944 5328 1152 5407 ριςωίζα).
1184 5396 1215 5413 ν
1238 5396 1250 5413 1
1416 5323 1423 5327 ⁷
1549 5323 1557 5327 ⁷
2002 5323 2122 5387 time
2148 5346 2247 5413 pro
2276 5330 2383 5410 noli
2426 5343 2543 5398 pro;

2002 5323 2122 5387 time
2148 5346 2247 5413 pro
2276 5330 2383 5410 noli
2426 5329 2645 5413 preprio
2681 5334 2828 5378 motu
2872 5327 3213 5413 reposuerita
3253 5323 3436 5413 Itaque
3466 5341 3565 5376 ins.

394 5399 561 5453 Versu
594 5398 714 5452 184.
747 5398 828 5450 Al.
862 5397 907 5450 F
911 5395 1089 5451 artiori
1114 5396 1331 5450 validus.
2002 5395 2168 5457 nostri
2210 5395 2496 5455 lectionem
2530 5395 2830 5453 retinemus
2854 5439 2870 5466 ,
2933 5395 3105 5451 donec
3152 5395 3214 5448 ad
3263 5395 3397 5448 alios
3440 5409 3568 5449 mss.

394 5470 566 5523 Versu
596 5467 717 5540 ξω.
746 5468 828 5540 Al.
860 5478 1099 5540 secutus.
1996 5471 2267 5528 emendari
2292 5470 2481 5540 possit.

391 5541 562 5593 Versu
588 5538 710 5591 900.
854 5540 949 5593 hoc
978 5538 1145 5608 facile.
1446 5607 1452 5609 Α
1620 5608 1625 5609 ν
1776 5608 1781 5609 ί
2068 5544 2237 5597 Versu
2258 5538 2381 5594 99.5.
2411 5539 2492 5592 ΑΙ.
2525 5550 2719 5593 mutare
2738 5547 2993 5609 paratum.

392 5612 563 5664 Versu
591 5609 715 5664 209.
759 5607 953 5663 Totum
979 5607 1135 5662 hunc
1179 5622 1388 5660 versum
1442 5607 1657 5660 invertit
1725 5608 1890 5661 editio
2069 5614 2237 5667 Versu
2265 5610 2389 5664 99A.
2418 5610 2586 5676 Delr.,
2615 5607 2957 5664 commissam.

321 5684 502 5737 l’tnlrii.
2069 5681 2378 5736 νει-511227.
2422 5679 2504 5732 Al.
2536 5705 2543 5733 4

2069 5683 2234 5736 Versu
2254 5681 2378 5733 997.
2422 5679 2504 5732 Al.
2536 5698 2646 5734 cum
2676 5681 2861 5747 poscis.

398 5755 559 5807 Versu
587 5750 711 5805 9.19.
742 5749 817 5803 Ita
842 5764 965 5813 ms.,
997 5764 1096 5803 nec
1124 5747 1492 5815 corrigendum
1513 5755 1593 5801 cst
1614 5757 1667 5799 ut
1687 5748 1887 5807 saliere,
2066 5754 2231 5808 Versu
2260 5752 2383 5807 251,
2418 5751 2585 5816 Delr.,
2616 5750 2722 5803 (ibi.

325 5844 443 5881 (uni
472 5824 656 5892 optimi
686 5821 845 5875 etiam
877 5828 1119 5874 auctores
1138 5819 1489 5875 indicativuin‘
1507 5819 1560 5873 in
1590 5817 1902 5882 huiusmodi.
