4066 6192
494 363 598 422 985

704 476 942 545 Quarum
972 494 1041 535 ne
1067 480 1233 534 vitam
1265 478 1402 533 fama
1430 476 1607 546 gravis
1630 481 1883 548 maculet,

635 566 883 640 Perpetui
912 586 1096 627 curam
1124 579 1279 626 cauta
1311 570 1511 640 pietate
1537 570 1758 641 pudoris

700 662 886 729 Filius,
911 671 1003 719 aut
1030 662 1216 726 frater,
1248 662 1360 717 sive
1388 663 1612 718 maritus
1640 664 1752 732 agis
1778 680 1791 715 :

484 753 589 808 255
629 754 753 810 llzec
782 753 1081 809 veneranda
1110 754 1205 807 tibi
1233 754 1278 808 si
1308 754 1523 808 nomine
1551 761 1728 809 tentat
1756 754 1984 821 adulter,

695 846 917 903 Ferrum
948 846 1000 899 in
1031 844 1317 899 vindictam
1348 861 1455 899 non
1486 845 1618 899 satis
1646 859 1765 900 esse
1790 853 1967 916 putas.

624 940 810 997 Nonne
838 940 1025 996 eadem
1053 957 1212 1011 poena
1236 957 1360 996 reus
1387 956 1466 1008 es,
1495 941 1541 995 si
1563 949 1621 995 tu
1647 957 1861 1013 quoque
1884 940 2064 998 furtim

698 1034 1016 1103 Aggrederis
1045 1042 1224 1089 castos
1248 1035 1540 1090 sollicitare
1568 1037 1762 1091 toros?

624 1122 757 1181 Hinc
785 1126 903 1194 fuit,
935 1136 994 1181 ut
1022 1126 1277 1181 Dominus
1306 1130 1476 1197 prima
1504 1129 1602 1183 sub
1627 1128 1744 1197 lege
1764 1127 1980 1198 juberet

695 1216 916 1273 Pensari
946 1219 1165 1289 paribus
1194 1220 1416 1273 crimina
1443 1220 1719 1291 suppliciis
1743 1239 1757 1286 ;

628 1306 731 1364 Pro
760 1309 956 1365 damno
986 1310 1272 1376 damnum,
1300 1312 1490 1367 vulnus
1516 1328 1616 1383 pro
1645 1314 1889 1379 vulnere,
1922 1314 2059 1371 den-

1859 1405 1987 1478 [tem

482 1215 583 1269 240

695 1492 865 1548 Dente
891 1492 964 1547 lui
990 1503 1221 1564 raptum,
1254 1494 1451 1549 lumina
1481 1496 1770 1551 luminibus
1795 1515 1807 1551 ι

621 1582 729 1639 Nec
768 1584 944 1641 minus
993 1593 1050 1640 ut
1098 1586 1372 1656 propriam
1422 1587 1522 1642 sub
1567 1586 1748 1655 judice
1804 1587 2059 1642 redderet

1765 1679 1983 1751 [audax,

690 1768 923 1824 Alterius
950 1779 1171 1840 cuperet
1198 1771 1288 1841 qui
1316 1772 1579 1842 rapuisse,
1603 1773 1835 1827 animam
1864 1792 1875 1825 :

477 1860 584 1917 245
620 1859 990 1931 Judiciumque
1019 1877 1171 1927 reus,
1205 1879 1311 1917 non
1340 1874 1525 1933 posset
1547 1863 1728 1919 dicere
1754 1878 1977 1934 pravum
2004 1881 2016 1916 :
2089 1862 2132 1921 Β

693 1953 878 2008 Pravis
905 1954 1121 2011 decreta
1150 1964 1231 2010 est
1256 1956 1388 2011 ultio
1418 1957 1750 2012 criminibus.

615 2045 684 2100 Et
708 2045 836 2101 licet
854 2045 969 2101 haec
997 2045 1187 2102 melius
1210 2048 1430 2102 mutarit
1456 2049 1625 2117 gratia
1654 2048 1877 2117 Christi,

688 2134 836 2190 Mitia
860 2151 979 2206 quae
1004 2137 1182 2205 potius
1208 2152 1369 2205 quam
1398 2139 1635 2193 violenta
1673 2140 1833 2196 docet
1857 2160 1870 2195 :

615 2225 712 2285 ASt
737 2233 918 2282 tamen
958 2234 1043 2281 est
1085 2233 1324 2293 rectum,
1372 2228 1631 2298 quidquid
1654 2226 1807 2298 jubet
1836 2231 1939 2287 ista
1971 2233 2055 2287 vel

1832 2322 1944 2397 [ma
1965 2364 1980 2389 .

686 2409 794 2465 Seu
816 2411 925 2466 cito
954 2410 1225 2475 restituas,
1250 2428 1347 2467 seu
1374 2414 1641 2484 patienter
1666 2429 1813 2484 agas.

616 2499 732 2563 lloc
759 2510 937 2557 tamen
961 2511 1044 2558 est
1072 2502 1264 2558 melior
1306 2504 1398 2573 qui
1436 2502 1653 2560 Christo
1680 2506 1894 2563 vindice
1919 2520 2052 2575 gau-

1829 2598 1942 2671 [det
1965 2618 1978 2652 :

685 2683 875 2742 Servet
904 2702 963 2743 se
992 2688 1241 2759 Domino,
1262 2690 1406 2760 quod
1438 2690 1584 2747 dedit
1609 2690 1701 2747 ille
1726 2692 1848 2747 sibi.
1910 2742 1921 2753 _

618 2775 757 2845 Ergo
786 2778 887 2847 piis
914 2779 1052 2835 votis
1078 2788 1134 2835 et
1160 2781 1360 2837 sanctis
1389 2780 1585 2851 perﬁce
1620 2783 1800 2848 rebus,

687 2869 805 2925 Vita
830 2871 975 2942 quod
1003 2873 1115 2929 haec
1143 2889 1400 2944 praesens,
1430 2874 1682 2945 quodque
1715 2876 1893 2931 futura
1920 2894 2052 2948 pro-

1641 2976 1645 2980 ’
1829 2968 1978 3041 [betz

472 3054 575 3110 255
616 3054 685 3111 Ut
729 3064 824 3123 te,
874 3073 1034 3129 quem
1080 3059 1277 3129 raptim
1319 3059 1528 3130 fugiens
1576 3060 1921 3117 commendat
1947 3062 2050 3119 ho-

1755 3155 1977 3227 [nestas,

690 3240 891 3310 Perpes
919 3249 1041 3310 post
1069 3241 1275 3297 obitum
1305 3245 1472 3311 gloria
1503 3245 1777 3314 suscipiat.

611 3330 745 3384 Nam
770 3332 971 3386 nostris
994 3339 1174 3386 certus
1199 3333 1437 3399 monitis,
1465 3350 1714 3389 mansura
1742 3346 2013 3393 memento

680 3419 888 3487 Omnia,
921 3438 1062 3479 nunc
1087 3422 1236 3479 stulti
1265 3438 1383 3493 qua:
1411 3426 1649 3494 peritura
1674 3436 1903 3497 putant:

609 3513 784 3583 Atque
829 3514 1075 3581 animas,
1131 3514 1317 3570 iisdem
1366 3516 1623 3572 membris
1680 3518 2044 3585 redeuntibus,

1784 3612 1979 3685 [ipsum

681 3700 853 3758 Crede
874 3711 1190 3776 rccepturas
1218 3706 1460 3776 corporis
1490 3708 1842 3763 involucrum.

612 3793 736 3859 Ora,
764 3797 935 3861 color,
964 3799 1203 3867 sanguis,
1234 3815 1400 3861 venae,
1433 3800 1588 3868 cutis,
1619 3816 1763 3865 ossa,
1795 3802 1993 3871 capilli,

684 3885 754 3941 Ut
783 3904 924 3943 nunc
953 3889 1220 3952 labuntur,
1253 3891 1329 3944 sic
1359 3892 1551 3945 iterum
1578 3893 1796 3946 venient
1821 3908 1836 3957 ;

475 2409 581 2467 250

472 3699 573 3756 200

610 3976 726 4033 Νοη
764 3979 925 4035 modo
967 3996 1085 4049 qum
1134 3982 1349 4037 tumulis
1395 3982 1531 4037 bene
1561 3984 1774 4037 condita
1804 4000 1933 4038 saxa
1963 4000 2051 4039 re-

1740 4085 1973 4141 servant,

1740 4085 1973 4141 servant,

680 4162 785 4217 Aut
812 4163 1045 4217 Aravum
1074 4165 1309 4218 solidans
1335 4164 1507 4233 pulvis
1537 4076 1778 4234 odorqiie
1807 4168 1936 4235 tegit
1962 4187 1973 4222 :

471 4254 575 4309 265
610 4253 716 4311 Sed
745 4255 891 4310 dicto
921 4256 1099 4321 citius,
1132 4255 1391 4312 firmanda
1417 4258 1469 4311 in
1495 4258 1734 4314 membra
1758 4260 1951 4316 redibit

680 4344 865 4401 Portio
893 4345 960 4401 de
988 4348 1226 4413 tumulis,
1256 4349 1435 4418 portio
1467 4348 1536 4405 de
1557 4348 1732 4406 lluviis
1757 4368 1770 4403 :

539 4530 708 4586 Versu
735 4530 861 4587 255.
894 4532 977 4587 Al.
1010 4536 1255 4588 custodis.

536 4602 707 4678 Xersu
880 4603 1046 4678 Delr.,
1077 4622 1170 4675 pro
1198 4606 1366 4673 dente,
1397 4615 1546 4678 atque
1576 4607 1667 4662 lui.

536 4672 706 4727 Versu
732 4672 855 4727 244.
888 4673 971 4727 Al.
1002 4672 1178 4729 vitam.

442 4777 449 4797 ι
534 4742 706 4813 Yersu
727 4742 851 4813 240.
886 4742 1051 4813 Delr.,
1090 4745 1296 4800 Parvis.

534 4812 705 4887 ἵει-ευ
732 4811 857 4887 255.
888 4811 1053 4887 Delr.,
1097 4814 1228 4887 Vita:
1252 4833 1399 4887 quem
1430 4826 1601 4884 recta},
1624 4819 1764 4874 male
1796 4822 2036 4877 omnino.

536 4882 705 4939 Versu
734 4884 857 4940 265.
890 4884 973 4939 Al.
1008 4886 1223 4940 credita.

433 5001 444 5018 ,
534 4954 705 5009 Versu
731 4954 853 5009 264.
876 4954 939 5031 _ln
969 4956 1235 5031 prioribus
1272 4956 1598 5015 editionibus
1635 4960 1933 5031 legebatur
1953 4971 2042 5016 aut

464 5042 640 5081 arvum
665 5062 680 5085 ,
730 5040 848 5093 qua:
876 5026 1035 5083 lectio
1063 5027 1391 5083 eruditorum
1435 5031 1669 5085 virorum
1694 5026 1845 5088 'mire
1884 5034 2042 5087 torsit

464 5096 695 5170 ingenia.
736 5096 973 5170 Delrius,
1003 5098 1095 5167 qui
1117 5099 1318 5170 primus
1346 5097 1449 5155 hoc
1478 5102 1643 5157 edidit
1667 5118 1913 5170 carmen,
1956 5102 2038 5154 lo-

464 5183 586 5224 cum
612 5167 771 5237 istum
801 5168 874 5220 ita
898 5168 1282 5222 restituendum
1312 5171 1557 5237 conjicit,
1591 5182 1678 5225 aut
1702 5189 1878 5225 arvum
1903 5167 2039 5225 soli-

462 5240 604 5293 dum.
661 5235 872 5307 Lipsius
908 5238 1181 5293 existimat
1216 5235 1499 5306 legendum
1540 5257 1659 5295 esse
1700 5251 1788 5293 aut
1830 5259 2041 5295 carnem

464 5306 741 5363 solidans.’
778 5306 1051 5363 Fabricius
1105 5308 1330 5375 primam
1379 5310 1662 5365 lectionem
1710 5311 2041 5366 retinendam

463 5385 669 5435 censet.
711 5376 918 5432 Recens
946 5384 1222 5433 corrector
1251 5394 1549 5451 anonymus
1577 5381 1859 5448 legendum
1888 5390 2043 5451 putat

463 5459 553 5503 aut
580 5457 726 5501 artus
753 5462 852 5518 pro
877 5456 967 5501 aut
986 5463 1183 5513 arvum,
1214 5449 1365 5517 quasi
1388 5449 1576 5505 auctor
1600 5450 1799 5505 alludat
1820 5449 2040 5506 adeon-

462 5520 602 5573 ditas
637 5518 1011 5588 Egyptiorum
1053 5531 1243 5588 carnes
1269 5561 1284 5586 ,
1331 5533 1464 5587 quas
1505 5528 1746 5575 aromata
1781 5522 2035 5576 solidant.

462 5588 693 5643 Jacobus
714 5586 1059 5653 Sirmondus,
1096 5586 1248 5653 cujus
1274 5586 1559 5644 eruditioni
1588 5590 1715 5658 quid
1741 5606 1845 5645 non
1872 5591 2037 5645 debet

462 5658 764 5780 ﬁespublica
788 5659 1047 5741 litteraria
1068 5660 1091 5711 ?
1115 5658 1320 5743 felicius
1344 5661 1481 5714 hunc
1511 5675 1721 5742 versum
1751 5662 1820 5714 ita
1851 5677 2037 5715 emen—

498 5737 607 5780 avnt
637 5746 687 5780 in
718 5738 861 5780 notis
889 5731 957 5780 ad
985 5730 1190 5780 Sidonii
1220 5739 1373 5780 emst.
1412 5731 1474 5780 15
1504 5731 1593 5780 lib.
1628 5747 1677 5780 nr
1707 5749 1721 5780 :
1764 5733 1866 5780 Aut
1902 5732 2037 5780 Ara-

498 5730 607 5781 avit
636 5730 687 5783 in
718 5730 861 5784 notis
889 5731 957 5784 ad
985 5730 1190 5784 Sidonii
1220 5732 1373 5799 epist.
1412 5731 1474 5784 l5
1504 5731 1593 5785 lib.
1628 5747 1679 5785 Ix
1707 5749 1721 5789 :
1764 5733 1866 5785 Aut
1901 5732 2038 5783 Ara-

463 5802 582 5851 bum
628 5803 861 5855 solidans
900 5802 1060 5871 pulvis
1103 5802 1325 5871 odorque
1366 5812 1515 5855 tenet.
1559 5802 1687 5868 Qua:
1731 5802 2036 5856 emendatio

465 5878 611 5924 recte
642 5872 859 5927 omnino
888 5872 1123 5928 concinit
1161 5888 1278 5927 cum
1310 5885 1491 5929 nostro
1535 5874 1900 5941 manuscripto
1925 5912 1937 5936 ,
1982 5872 2033 5924 in

1548 368 1603 420 S.
1643 364 1932 420 ORlENTIl
1972 364 2272 423 EPISCOPI
2311 367 2700 423 AUSCIENSIS

2090 490 2142 542 Α

3649 364 3758 417 085

2309 482 2463 548 Quod
2488 491 2679 537 ventus
2708 480 2836 536 flatu
2865 479 3076 546 minuit,
3105 480 3250 550 quod
3277 480 3451 536 bestia
3478 494 3697 541 morsu,

2382 573 2620 628 Flamma
2648 572 2792 642 quod
2821 573 3042 637 exussit,
3064 572 3313 642 quodque
3338 573 3494 627 ruina
3519 572 3760 643 premit;

2312 663 2506 718 Totum
2536 664 2725 729 aderit,
2758 672 2929 718 totum
2957 663 3171 718 diversa
3200 678 3268 719 ex
3294 674 3449 734 parte
3470 664 3640 719 coibit
3667 681 3685 728 ;

2382 757 2515 811 Pars
2543 757 2766 821 volucri,
2798 766 2890 811 aut
2918 758 3089 826 pisci;
3121 773 3245 827 pars
3274 758 3473 812 laniata
3500 758 3633 813 feris
3665 777 3683 812 :

2309 849 2377 904 Et
2398 850 2543 919 quod
2570 866 2711 905 nunc
2739 858 2872 904 tetas
2900 850 3100 904 sensim
3129 850 3367 917 longaeva
3392 850 3639 917 resolvit,

2375 941 2435 995 Id
2460 941 2653 1011 raptim
2679 939 2890 995 Domini
2919 940 3143 995 buccina
3170 940 3437 994 restituet.

2306 1032 2393 1099 Ut,
2425 1049 2525 1103 pro
2552 1032 2819 1088 factorum
2849 1032 3075 1096 meritis,
3102 1033 3157 1086 in
3186 1047 3412 1102 corpore
3438 1032 3663 1099 eodem,

2375 1126 2432 1179 ln
2460 1141 2569 1194 quo
2594 1133 2875 1194 gesserunt
2903 1140 3001 1180 seu
3025 1126 3188 1192 bona,
3218 1126 3332 1181 sive
3357 1126 3538 1192 mala;

2162 1215 2269 1271 275
2306 1215 2541 1281 Scilicet,
2575 1215 2642 1269 ad
2667 1223 2849 1270 motus
2875 1215 3177 1270 animorum
3212 1230 3373 1271 carne
3397 1231 3642 1284 reversa,

2374 1305 2537 1362 Pcena
2563 1321 2715 1367 reos.
2744 1305 2924 1374 justos
2951 1306 3123 1375 gloria
3150 1307 3424 1377 suscipiat.

2301 1396 2410 1453 Cur
2437 1406 2617 1452 autem
2641 1397 2853 1453 dubites
2871 1440 2887 1465 ,
2912 1413 3033 1452 cum
3063 1398 3417 1467 prascedentia
3443 1406 3751 1456 monstrent

2383 1489 2453 1546 Ut
2478 1491 2577 1546 tibi
2604 1490 2817 1545 venturi
2844 1492 2915 1546 sit
2941 1489 3221 1546 manifesta
3252 1489 3427 1547 ﬁdes?

2304 1584 2533 1654 Respice
2561 1582 2792 1639 nudatas
2818 1584 3047 1639 brumali
3074 1582 3271 1654 frigore
3298 1586 3489 1652 silvas,

2158 1676 2264 1731 280
2367 1675 2486 1730 Jam
2518 1675 2817 1744 desperatis
2840 1676 3113 1731 luxuriare
3145 1676 3351 1732 comis:

2301 1767 2429 1833 Quae
2453 1766 2630 1822 stabat
2651 1780 2883 1823 mmrens
2908 1765 3136 1821 decusso
3158 1766 3379 1837 palmite
3406 1768 3551 1835 vitis,

2378 1858 2614 1914 Vestitur
2636 1858 2797 1923 foliis,
2828 1856 3086 1913 fructibus
3114 1858 3367 1913 induitur.

2302 1951 2526 2023 Spiceus
2554 1951 2734 2008 densis
2762 1950 2999 2006 calamus
3020 1950 3259 2006 ﬂavescit
3285 1951 3486 2017 aristis,

2378 2044 2437 2099 In
2465 2053 2610 2101 terra
2637 2058 2863 2114 granum
2890 2044 3038 2113 quod
3066 2044 3228 2100 modo
3254 2053 3413 2114 putre
3439 2044 3578 2112 fuit;

2159 2135 2267 2192 285
2301 2133 2370 2192 Et
2395 2151 2515 2205 quae
2544 2151 2686 2191 nunc
2713 2135 2855 2191 tristi
2883 2134 3203 2205 squalebant
3229 2150 3357 2190 arva
3386 2144 3636 2202 veterno,

2377 2232 2522 2287 [arta
2550 2247 2694 2289 novo
2717 2231 2896 2288 rident
2920 2230 3163 2300 germine
3179 2270 3194 2296 ,
3222 2230 3356 2287 ﬂore
3379 2230 3595 2286 rubent.

2301 2324 2420 2395 Ipse
2448 2325 2636 2393 etiam,
2667 2324 2829 2379 variis
2853 2322 3140 2379 conclusus
3164 2322 3467 2389 mensibus,
3497 2338 3674 2378 annus

2378 2415 2645 2486 Tempore
2669 2422 2877 2469 mutato
2904 2415 3097 2471 mortis
3119 2414 3283 2469 habet
3307 2414 3543 2483 speciem
3570 2431 3585 2467 :

2168 757 2271 810 270

2300 2507 2435 2562 Cum
2459 2522 2557 2562 ver
2582 2515 2861 2572 autumno,
2893 2504 3060 2575 frigus
3082 2505 3369 2576 depellitur
3394 2514 3567 2569 testu;

2156 2599 2263 2655 290
2371 2597 2550 2669 thue
2576 2598 2854 2654 hominum
2881 2613 2970 2653 res
2999 2604 3101 2663 est,
3127 2597 3231 2652 hoc
3258 2596 3422 2662 venit,
3451 2594 3582 2650 illud
3606 2594 3731 2648 abit

2298 2689 2413 2745 Hoc
2438 2697 2622 2744 tamen
2648 2697 2871 2754 aeterno,
2900 2689 3073 2744 donec
3102 2688 3244 2742 Deus
3269 2688 3474 2751 annuit,
3506 2701 3634 2749 usu,

2369 2780 2535 2849 Inque
2555 2780 2729 2836 vicem
2768 2780 2977 2835 alterno
3005 2780 3239 2835 volvitur
3265 2776 3444 2834 ofﬁcio
3468 2796 3482 2829 :

2297 2869 2365 2925 Et
2388 2871 2515 2926 dum
2538 2885 2597 2925 se
2620 2870 2766 2939 longi
2793 2871 3033 2939 sequitur
3060 2878 3179 2925 rota
3206 2868 3419 2923 mobilis
3444 2868 3591 2930 anni,

2368 2959 2614 3019 Nascitur
2641 2969 2697 3017 et
2722 2962 2968 3026 moritur,
3000 2960 3227 3016 succidit
3253 2968 3412 3029 atque
3439 2957 3603 3014 redit.

2154 3052 2263 3110 295
2296 3053 2430 3110 Nam
2465 3054 2587 3111 linis
2613 3062 2798 3110 noster
2822 3054 2981 3108 linem
3013 3069 3118 3108 non
3149 3053 3373 3123 accipit,
3402 3060 3457 3107 et
3482 3067 3632 3105 mors

2368 3149 2483 3216 Qua
2505 3148 2679 3218 primo
2706 3148 2985 3211 morimur,
3015 3154 3280 3217 perpetuo
3309 3144 3535 3199 moritur
3559 3162 3574 3195 :

2293 3242 2514 3298 Victuro
2543 3256 2757 3312 semper
2777 3247 2927 3294 motu
2956 3252 3225 3307 sensuque
3248 3244 3522 3301 manente,

2371 3330 2556 3387 Omnis
2580 3340 2842 3402 perpetuo
2873 3340 3118 3400 tempore
3142 3329 3276 3384 vivit
3301 3329 3484 3385 homo.

2297 3426 2449 3481 Vivet
2484 3426 2646 3481 liomo
2676 3444 2689 3477 :
2736 3425 2893 3480 fletus
2919 3435 3004 3480 ast
3035 3425 3123 3480 hic
3147 3438 3269 3482 mea
3313 3424 3477 3479 verba
3503 3440 3721 3494 sequun-

3514 3513 3535 3588 [
3555 3523 3662 3570 tur.

2152 3608 2257 3662 500
2364 3608 2498 3664 Nam
2532 3616 2665 3679 puto
2693 3608 2773 3664 sic
2797 3608 3029 3665 hominis
3054 3623 3175 3665 sors
3201 3608 3393 3665 melior
3418 3608 3594 3663 fuerat

2291 3698 2426 3754 Cum
2455 3716 2616 3757 sensu
2640 3700 2763 3755 vita:
2790 3716 3006 3757 sensum
3034 3701 3306 3772 deponere
3334 3716 3527 3772 parte,

2366 3788 2433 3843 Et
2455 3798 2639 3846 natum
2670 3792 2868 3850 innatis
2897 3791 3234 3861 consimilem
3262 3790 3415 3857 ﬁeri;

2212 3866 2221 3877 ’
2292 3884 2462 3952 Quam
2491 3901 2651 3950 nunc,
2683 3886 2921 3955 peccatis
2951 3894 3068 3941 toto
3095 3885 3491 3941 dominantibus
3518 3901 3658 3945 :evu.

2363 3977 2642 4047 Exstingui
2671 3979 2813 4043 vitze,
2844 3979 3025 4033 vivere
3056 3978 3351 4049 suppliciis.

2152 4068 2258 4122 505
2292 4068 2426 4123 Nam
2457 4082 2590 4137 rogo
2619 4084 2687 4125 ne
2716 4069 2905 4124 credas
2934 4068 3065 4122 dira:
3093 4068 3161 4122 ad
3190 4068 3506 4139 compendia
3536 4083 3729 4139 poena,

2362 4160 2515 4228 Quod
2542 4162 2735 4232 raptim
2763 4161 2937 4216 fontes
2965 4160 3143 4216 debita
3183 4159 3397 4216 flamma
3422 4172 3597 4217 voret.

2292 4252 2507 4321 ignibus
2530 4252 2746 4307 :eternis
2776 4253 3055 4306 immersos
3079 4249 3285 4320 respice
3311 4250 3479 4305 colles

2364 4344 2569 4414 Jugiter
2597 4346 2827 4409 amburi,
2862 4359 2968 4399 non
2995 4351 3175 4398 tamen
3204 4338 3448 4398 imminui
3476 4362 3488 4396 :

2151 4548 2258 4601 quo
2291 4534 2483 4602 legitur
2510 4543 2599 4587 aut
2625 4534 2868 4604 Arat’um.
2912 4532 3043 4585 Nam
3065 4539 3277 4585 veteres
3306 4530 3541 4585 litteram
3569 4549 3597 4586 υ
3629 4548 3725 4604 pro

2075 4622 2126 4681 υ
2151 4606 2180 4657 b
2209 4605 2519 4681 llrequegter
2544 4603 2890 4672 usurpabant.

2221 4673 2353 4728 lhid.
2386 4673 2550 4735 Delr.,
2585 4681 2736 4725 tenet.

2221 4744 2389 4797 Versu
2420 4742 2543 4813 205.
2572 4743 2654 4813 Al.
2687 4743 2980 4813 formanda.

2223 4814 2391 4867 Versu
2420 4811 2544 4866 268.
2578 4811 2743 4877 Delr.,
2776 4815 3021 4868 excussit.

2219 4883 2388 4937 Versu
2407 4882 2534 4938 275.
2564 4883 2646 4937 Al.
2678 4886 2986 4937 animarum.

2218 4953 2389 5008 Versu
2413 4952 2538 5007 283.
2571 4954 2748 5026 Delr.,
2768 4956 3038 5026 A‘spiceus,
3053 4956 3426 5026 existimatque
3445 4955 3722 5025 legendum

2148 5039 2267 5097 esse
2292 5025 2593 5097 Aspicis‘ut
2605 5024 2769 5097 densi.
2800 5023 3014 5097 Lipsius
3040 5041 3169 5082 vero
3200 5023 3412 5097 Spicéus
3432 5023 3691 5082 ex'densis

2220 5093 2385 5149 Versu
2407 5093 2530 5146 286.
2565 5093 2733 5161 Delr.,
2759 5096 2943 5149 virent.

2217 5166 2384 5219 Versu
2413 5164 2537 5217 290.
2570 5164 2739 5231 Delr.,
2770 5166 2864 5219 hoc
2886 5167 3010 5231 abit,
3035 5168 3166 5222 illud
3194 5170 3348 5223 venit.

2217 5235 2385 5289 Versu
2413 5234 2539 5288 294.
2572 5234 2654 5287 Al.
2687 5236 2934 5289 succedit.

2216 5304 2383 5359 Versu
2414 5305 2536 5358 298.
2562 5305 2644 5357 Al.
2676 5306 2823 5359 vivet.

2216 5375 2385 5449 Versu
2416 5375 2537 5427 507.
2571 5374 2780 5449 Eodem
2795 5377 2972 5449 utitur
2996 5388 3312 5448 argumento
3341 5387 3404 5433 ut
3436 5392 3719 5449 poenarum

2146 5446 2499 5523 mternitatem
2528 5445 2719 5513 probet
2748 5444 2965 5523 Pionius
2991 5444 3196 5523 martyr
3222 5468 3236 5503 :
3270 5448 3392 5523 ΔΥοε
3421 5444 3622 5523 dentis,
3649 5449 3724 5502 in-

2142 5518 2277 5587 quit,
2302 5516 2482 5587 videtis
2509 5523 2559 5568 et
2585 5518 2843 5571 enarratis
2866 5516 3197 5583 incendium,
3239 5519 3386 5575 illam
3419 5516 3724 5576 inritantem

2141 5585 2354 5661 rupibus
2390 5586 2673 5661 ﬂammam.
2716 5586 2958 5661 Conferte
2976 5606 3172 5661 quoque
3202 5590 3376 5657 Lyciw
3411 5601 3462 5643 et
3501 5591 3725 5643 dim-sa-

2141 5656 2253 5710 rum
2270 5656 2553 5729 insularum
2569 5658 2740 5727 ignem
2757 5656 3033 5727 ex‘inﬁmis
3064 5656 3215 5715 terra:
3230 5656 3503 5716 visceribus
3519 5661 3724 5729 effluen-

2140 5738 2277 5800 tem;
2318 5739 2405 5779 aut
2432 5728 2477 5780 si
2512 5727 2619 5780 Iura
2654 5745 2755 5781 non
2796 5730 3031 5800 potuistis
3068 5749 3371 5800 agnoscere,
3404 5727 3725 5785 considerate

2141 5799 2325 5850 calida:
2345 5814 2491 5873 aqua:
2514 5815 2689 5873 usum,
2714 5816 2815 5873 non
2838 5798 2952 5873 dico
2981 5801 3044 5855 de
3066 5798 3157 5855 illa
3183 5819 3298 5873 qua!
3322 5804 3400 5870 ﬁt,
3433 5804 3525 5856 sed
3552 5803 3616 5854 de
3636 5802 3723 5853 illa

2140 5885 2253 5939 otiae
2280 5870 2527 5924 nascitur.
2569 5870 2794 5937 Aspicite
2824 5870 2995 5937 fontes
3042 5870 3293 5943 tepentes,
3335 5883 3382 5927 ct
3422 5873 3721 5926 arthelantes
