4066 6192
328 339 433 397 985
1544 338 2138 398 COMMONITORIUM.
2183 344 2289 400 LIB
2327 345 2367 399 l.
3378 382 3381 385 η
3480 360 3583 417 986

468 450 537 506 Et
562 452 767 521 gelidos
788 451 962 508 fontes
990 459 1045 507 et
1072 452 1267 508 caerula
1298 451 1518 507 ﬂumina
1541 468 1706 509 cerne
1784 454 1803 461 ί
1932 460 1979 517 Α
2010 454 2114 509 555
2151 456 2226 512 Te
2256 456 2405 513 Dina:
2430 460 2639 530 species
2661 462 2828 521 nimio
2856 465 2956 521 sub
2983 482 3168 525 amore
3190 481 3451 535 ruentem,

320 542 429 601 510
534 544 780 601 Fundere
824 558 1039 615 semper
1083 558 1251 613 aquas
1274 583 1290 608 ,
1339 558 1553 615 semper
1594 544 1793 600 habere
1822 552 1905 598 ta-
2216 549 2487 608 Exstinxit
2507 554 2743 618 Sichem,
2775 573 2897 613 cum
2924 567 3095 629 patre,
3125 577 3248 618 cum
3274 564 3469 633 patria.

1664 636 1830 708 lmen.
2146 639 2277 695 Nam
2316 643 2458 698 male
2506 659 2868 716 compressam
2918 649 3141 706 fratrum
3183 652 3274 723 pia
3319 668 3449 708 cura
3494 669 3580 709 so,

468 727 558 782 Sic
582 729 808 783 miseros
835 727 1029 783 vindex
1058 742 1272 797 semper
1297 727 1641 797 populabitur
1668 728 1831 797 ignis,
3308 744 3510 818 [rorem

543 818 615 875 Ut
638 835 851 891 semper
875 830 1054 876 servet
1081 820 1276 891 pabula
1304 821 1425 875 lieta
1455 820 1576 876 sibi.
2215 821 2479 879 Permittit
2510 827 2766 895 thalamo,
2798 830 3037 887 vindicat
3064 832 3117 887 in
3139 834 3339 904 gladio.

462 910 589 968 Haec
615 914 659 967 si
698 913 830 968 falsa
860 924 1044 983 putes,
1075 915 1269 970 merito
1298 923 1422 985 post
1452 930 1578 970 vera
1605 914 1898 985 probabis:
2146 913 2301 971 Hunc
2355 932 2573 988 quoque
2636 920 2907 978 laudatum
2956 926 3285 995 psalmorum
3344 929 3582 984 carmine

532 1005 601 1058 At
628 1004 759 1061 falsa
788 1006 1011 1074 effugies
1036 1046 1051 1071 ,
1083 1007 1127 1062 si
1156 1006 1316 1062 modo
1344 1022 1475 1062 vera
1504 1007 1681 1064 times.
2618 1072 2619 1075 η
3324 1018 3511 1091 [David

318 1094 427 1152 3l5
462 1096 640 1167 Quare
666 1108 790 1167 post
817 1108 1048 1155 mortem
1077 1101 1320 1168 sequitur
1347 1100 1392 1155 si
1420 1102 1529 1155 vita
1558 1102 1826 1169 perennis,
2002 1102 2107 1156 560
2212 1102 2407 1159 Forma
2432 1105 2652 1175 placens
2679 1108 2826 1163 celso
2853 1110 3100 1179 deposuit
3122 1112 3256 1167 solio
3280 1130 3295 1179 ;

531 1189 833 1247 Laztificans
856 1192 1051 1261 justos,
1081 1194 1520 1263 discruciansque
1549 1210 1711 1262 reos;
2145 1192 2277 1249 Cum
2311 1196 2451 1251 male
2476 1196 2733 1253 lascivum
2760 1210 3039 1270 comperto
3064 1203 3288 1259 crimine
3313 1219 3509 1275 corpus

464 1280 678 1337 Viribus
707 1292 762 1338 et
791 1285 938 1353 totis,
970 1294 1025 1339 et
1053 1287 1180 1341 totis
1205 1287 1380 1341 nitere
1406 1288 1550 1342 votis
2215 1284 2386 1342 Sacco
2416 1296 2746 1360 contegeret,
2774 1299 3083 1346 contereret
3110 1292 3309 1348 cinere.

533 1370 660 1437 Qua:
686 1381 893 1429 rectum
923 1374 1125 1431 ducunt
1151 1378 1471 1433 continuare
1496 1378 1610 1434 vias
1634 1396 1648 1444 ;
2144 1376 2378 1433 Thamar
2406 1378 2576 1435 forma
2607 1380 2745 1437 duos
2770 1382 2868 1438 sub
2894 1383 3083 1438 eodem
3112 1389 3364 1454 tempore
3390 1383 3577 1442 fratres

458 1459 690 1519 Contere
712 1465 979 1521 calcatum
1000 1483 1123 1522 cum
1149 1469 1332 1525 mundi
1353 1469 1593 1541 principe
1615 1472 1894 1538 mundum,
2218 1470 2412 1526 Incesti
2442 1479 2499 1527 et
2522 1470 2649 1528 ferri
2673 1475 2907 1545 perpulit
2932 1476 2989 1531 in
3011 1474 3220 1531 facinus
3242 1494 3256 1530 :

317 1548 425 1606 520
528 1552 597 1608 Ει
623 1553 748 1625 fuge
775 1557 992 1615 lascivis
1018 1559 1239 1617 credere
1263 1560 1491 1617 deliciis.
2000 1564 2104 1620 565
2145 1564 2293 1622 Unus
2319 1568 2632 1638 corrumpit,
2664 1577 2973 1639 corruptam
2995 1570 3271 1625 ulciscitur
3295 1569 3433 1625 alter
3457 1588 3470 1624 :

461 1644 735 1718 Prmcipue
754 1665 967 1722 semper
984 1653 1222 1709 famosos
1249 1654 1465 1724 despice
1487 1654 1685 1724 vultus,
2219 1656 2363 1712 Ultio
2383 1674 2501 1729 quae
2525 1658 2670 1729 justa
2699 1667 2801 1724 est,
2828 1659 3027 1715 desinit
3051 1674 3171 1716 esse
3197 1660 3304 1729 pia.

538 1740 910 1814 Judiciumque
933 1744 1039 1801 tuis
1067 1746 1216 1815 eripe
1239 1746 1550 1803 luminibus.
2142 1745 2261 1816 lpse
2281 1748 2443 1802 ctiam
2466 1746 2721 1804 Salomon
2747 1766 2762 1815 ;
2792 1747 2944 1818 cujus
2968 1749 3232 1819 sapientia
3260 1749 3437 1819 prisco

459 1831 628 1888 Nemo
656 1833 794 1890 feret
819 1836 1009 1892 rutilos
1036 1836 1252 1893 intactis
1278 1838 1519 1893 vestibus
1547 1838 1716 1909 ignes.
1932 1825 1972 1881 Β
2219 1840 2507 1911 Tempore,
2531 1849 2588 1896 et
2615 1849 2730 1897 toto
2754 1840 2950 1897 nobilis
2975 1841 3107 1896 orbe
3124 1841 3226 1896 fuit
3250 1858 3266 1904 ;

524 1923 694 1980 Nemo
715 1926 857 1981 inter
881 1927 1041 1982 lituos
1068 1945 1176 1984 non
1207 1930 1387 1985 trahet
1414 1944 1545 1985 aure
1575 1945 1785 1986 sonum.
2145 1932 2366 1986 Ducitur
2399 1933 2453 1985 in
2488 1932 2692 1988 facinus
2717 1934 2889 1988 vetito
2917 1934 3198 2002 laqueatus
3224 1947 3431 2001 amore,

313 2014 424 2070 325
455 2015 625 2073 Nemo
646 2019 789 2074 inter
816 2017 975 2075 ﬂores
1003 2020 1323 2076 blandarum
1350 2022 1582 2077 ambitus
1602 2022 1826 2078 odorum
2000 2020 2105 2075 570
2214 2022 2469 2080 Femineo
2496 2024 2731 2079 subdens
2758 2023 2935 2092 turpia
2956 2022 3093 2078 colla
3110 2021 3277 2092 jugo:

528 2108 756 2165 Naribus
776 2110 1042 2166 assiduam
1071 2128 1179 2167 non
1206 2121 1376 2168 metet
1404 2128 1580 2183 ungue
1607 2130 1804 2170 rosam.
2140 2113 2204 2169 Et
2239 2115 2455 2171 Domini
2498 2116 2868 2171 immemorem
2906 2114 3100 2171 merito
3152 2113 3417 2184 prmconia
3463 2112 3572 2167 lau-

456 2199 629 2257 Nemo
657 2200 749 2257 diu
768 2203 973 2265 sitiens,
1001 2212 1057 2258 et
1075 2192 1245 2260 multo
1273 2205 1387 2261 sole
1414 2213 1684 2276 perustus,
3335 2202 3505 2279 [άωηι

527 2292 805 2349 Incumbet
830 2295 1040 2364 gelidis,
1075 2311 1177 2352 nec
1204 2297 1443 2366 potietur
1470 2297 1644 2367 aquis.
2211 2300 2342 2367 Qua:
2362 2299 2613 2370 juvenem
2640 2308 2923 2366 ornarant,
2953 2299 3247 2356 destituere
3272 2311 3478 2354 senem.

454 2384 645 2451 Nemo,
675 2385 790 2441 vias
819 2386 1044 2456 pedibus
1070 2386 1299 2443 brumali
1340 2395 1583 2459 tempore
1614 2404 1860 2459 carpens,
1950 2388 1955 2393 ’
2142 2390 2336 2447 Forma
2357 2392 2575 2461 placens
2605 2392 2721 2460 regi
2750 2392 2897 2447 letho
2926 2400 2981 2447 te
3008 2391 3225 2447 tradidit
3255 2390 3425 2446 Aman
3451 2407 3467 2444 :

310 2474 422 2533 ’550
528 2476 863 2549 Conspersus
883 2479 1085 2548 pluvia,
1118 2494 1218 2535 nec
1246 2480 1581 2537 madefactus
1609 2482 1730 2537 erit.
2211 2480 2408 2537 Forma
2435 2489 2589 2536 tuum
2606 2482 2786 2553 rapuit
2811 2482 2919 2538 dux
2938 2480 3190 2539 Oloferne
3216 2490 3400 2553 caput.

455 2568 645 2638 Nemo,
674 2571 801 2625 licet
820 2571 1011 2631 mediis
1034 2573 1222 2639 muris,
1246 2572 1344 2629 sub
1372 2580 1616 2645 tempore
1638 2574 1766 2633 belli
2000 2571 2106 2626 575
2138 2570 2292 2626 Illum
2320 2572 2546 2628 miriﬁco
2574 2571 2842 2629 famosum
2868 2573 3065 2629 robore
3090 2573 3319 2629 Samson

532 2662 638 2719 Aut
655 2663 795 2720 bene
819 2679 1063 2733 securus,
1091 2672 1184 2719 aut
1207 2664 1348 2720 bene
1376 2672 1523 2721 tutus
1546 2668 1676 2737 agit.
2211 2664 2406 2719 Forma
2433 2664 2630 2721 decens
2656 2665 2814 2721 saevis
2837 2663 3059 2720 tradidit
3082 2664 3401 2738 Allophylis.

455 2751 785 2824 Congressus
813 2763 1031 2826 prmstat
1057 2756 1250 2824 visum,
1281 2772 1409 2811 mox
1437 2756 1640 2813 lumina
1667 2758 1786 2815 visu
2141 2754 2373 2811 Sanctus
2402 2763 2457 2810 et
2474 2756 2647 2812 victor
2667 2771 2766 2826 per
2787 2764 2870 2811 ῑοῐ
2889 2756 3051 2812 mOdO
3081 2757 3265 2827 pmlia
3291 2756 3468 2821 miles.

524 2844 848 2917 Concipiunt
878 2847 1141 2911 ﬂammas,
1172 2848 1585 2921 parturiuntque
1614 2852 1785 2907 nefas.
2210 2844 2364 2901 Heu!
2394 2847 2536 2901 male
2558 2846 2800 2902 femineis
2826 2847 3072 2902 subditur
3090 2857 3205 2902 arte
3231 2847 3428 2909 choris,

306 2936 420 2994 555
454 2938 590 2995 Dum
616 2939 784 2996 veluti
806 2938 956 3010 jacto
988 2941 1245 3012 piscantis
1275 2941 1546 2998 fraudibus
1567 2944 1748 3012 hamo,
2143 2935 2345 3006 Utjam
2370 2938 2644 3007 pollutus;
2675 2938 2893 3008 pariunt
2919 2938 3044 3006 quia
3073 2938 3298 2992 crimina
3320 2951 3532 3007 pinnam
3558 2954 3574 2991 :

525 3029 707 3086 Primo
729 3032 939 3087 animus
963 3032 1195 3103 capitur,
1222 3041 1347 3104 post
1373 3033 1536 3089 etiam
1561 3036 1807 3093 moritur.
1998 3030 2103 3086 580
2207 3027 2403 3084 Oscula
2421 3030 2734 3099 virginibus,
2761 3038 2910 3098 terga
2938 3031 3093 3084 daret
3112 3028 3324 3099 gladiis.

454 3123 629 3180 Prima
659 3124 787 3179 mali
808 3124 975 3194 labes,
1006 3125 1144 3181 heu!
1178 3124 1396 3194 femina,
1421 3134 1476 3183 te
1503 3127 1659 3186 dolus
1681 3132 1890 3202 ang-uis,
2141 3120 2221 3176 Tu
2248 3135 2467 3192 quoque
2490 3120 2665 3176 levitis
2689 3129 2896 3175 tantum
2915 3120 3130 3189 dilecta.
3157 3135 3259 3175 nec
3286 3134 3442 3185 uxor.

521 3217 599 3273 Ac
619 3216 893 3272 hominem
920 3232 1019 3288 per
1040 3225 1092 3272 te
1120 3216 1355 3288 reppulit
1380 3232 1413 3273 a
1432 3217 1678 3276 Domino.
1923 3204 1969 3265 C
2208 3211 2404 3268 Insano
2426 3212 2685 3282 iuvenum
2719 3211 2933 3268 subdita
2960 3220 3122 3268 nocte
3150 3220 3295 3281 toro,

453 3305 636 3378 Erepti
666 3316 722 3363 tu
750 3322 913 3363 causa
942 3308 1090 3372 boni,
1117 3315 1177 3363 tu
1198 3307 1365 3378 janua
1392 3308 1604 3377 mortis,
2141 3310 2399 3366 Vindictae
2418 3307 2597 3364 studio
2625 3316 2768 3363 totas
2796 3306 2851 3362 in
2877 3306 3019 3362 bella
3047 3305 3263 3371 dedisti,

307 3397 418 3454 540
527 3398 605 3454 Tu
634 3399 859 3470 decepta
882 3400 1011 3465 cito,
1046 3407 1103 3454 tu
1132 3399 1240 3454 cito
1267 3398 1563 3469 decipiens.
2208 3401 2441 3458 Perdere
2468 3408 2751 3456 contentas
2776 3398 2889 3454 sive
2912 3398 3092 3469 perire
3123 3398 3322 3462 tribus,

452 3490 593 3561 Ergo
622 3506 740 3561 age,
770 3506 889 3562 qua:
914 3490 1062 3545 nullo
1090 3488 1350 3544 maculari
1371 3499 1589 3559 pectora
1614 3506 1784 3555 nzevo,
1997 3494 2102 3551 585
2143 3493 2209 3550 Ut
2236 3493 2491 3548 membris
2518 3492 2695 3547 lacero
2723 3490 2977 3560 dispersis
3001 3488 3190 3545 funere
3214 3487 3421 3545 Gaba'at

520 3582 589 3636 Et
609 3599 776 3654 purus
796 3599 930 3653 puro
954 3582 1142 3636 niteris
1170 3596 1291 3636 esse
1319 3581 1498 3635 animo
1520 3597 1535 3643 ;
2206 3583 2454 3638 Elliceret
2474 3582 2603 3635 diris
2630 3580 2839 3651 ignibus
2865 3588 2984 3635 usta
3008 3592 3216 3648 rogum.

458 3670 525 3727 Ut
552 3673 772 3742 laqueos
826 3674 961 3743 ignis
980 3672 1207 3737 validos,
1240 3679 1294 3726 et
1320 3680 1479 3727 acuta
1504 3686 1732 3742 venena,
2138 3677 2254 3732 Non
2282 3675 2414 3730 mihi
2441 3674 2489 3729 si
2511 3674 2703 3742 linguae
2723 3678 2938 3728 centum
2954 3672 3079 3737 sint,
3107 3685 3311 3740 oraque
3331 3680 3568 3735 centum,

528 3765 765 3821 Cernere
788 3766 1059 3819 laudatam
1088 3766 1165 3820 sic
1184 3764 1353 3834 fugies
1376 3764 1590 3823 faciem.
2215 3766 2798 3837 Expediamquantum
2826 3761 2998 3817 forma
3026 3760 3243 3831 placens
3270 3770 3481 3819 noceat.

303 3859 413 3915 545
450 3858 569 3915 Νοη
621 3844 723 3928 ego
776 3874 918 3913 nunc
967 3867 1209 3929 repetam
1267 3874 1364 3929 per
1412 3867 1493 3915 tot
1534 3858 1647 3928 jam
1696 3861 1890 3915 saecula
2136 3860 2361 3916 Lascivo
2387 3857 2585 3913 clamat
2612 3853 2924 3910 benedictus
2953 3853 3245 3922 Apostolus
3271 3855 3409 3923 orbi,

1552 3954 1805 4021 [quantos
1992 3952 2097 4009 590
2204 3951 2347 4007 Dans
2374 3950 2538 4006 etiam
2567 3946 2727 4001 licitis
2750 3947 2873 4014 jura
2903 3959 3090 4001 severa
3118 3944 3285 4011 toris;

524 4044 764 4100 chinci
793 4044 973 4098 vultus
1001 4042 1333 4114 perdiderint
1354 4042 1604 4113 populos.
2134 4043 2375 4113 Conjuge
2393 4054 2689 4111 possessus,
2720 4043 3031 4106 contempta
3059 4034 3287 4105 conjuge
3315 4034 3469 4098 liber,

451 4136 721 4193 Prmtereo
747 4135 928 4192 clades
947 4134 1261 4206 Spartanas,
1291 4133 1485 4195 Troica
1513 4134 1678 4204 bella,
2206 4136 2325 4193 Non
2352 4135 2581 4192 similem
2611 4145 2828 4189 causam
2855 4128 3148 4197 relligionis
3174 4127 3392 4183 habent.

517 4231 586 4287 Et
610 4230 805 4302 raptim
826 4228 1093 4285 excidium
1112 4243 1275 4298 quam
1297 4214 1465 4297 prope
1500 4225 1675 4281 Roma
1704 4231 1884 4279 tuum:
2132 4228 2388 4298 Conjugis
2412 4226 2726 4297 implicitum
2754 4223 2998 4278 detentat
3024 4235 3152 4277 cura
3182 4220 3469 4275 maritum:

448 4324 581 4381 Cum
609 4332 799 4394 gentes
829 4322 975 4377 nulla
1006 4320 1219 4376 Domini
1248 4318 1347 4374 sub
1375 4318 1510 4387 lege,
1536 4332 1636 4372 nec
1662 4314 1787 4372 ullis
2212 4320 2397 4376 Solum
2424 4319 2538 4373 vult
2565 4316 2758 4372 cmlebs
2786 4314 3078 4369 emeruisse
3104 4312 3293 4367 Deum.

303 4418 411 4475 550
516 4416 839 4473 Sanctorum
865 4414 932 4470 ad
958 4414 1123 4469 vitam
1150 4410 1483 4481 perdomitas
1509 4409 1747 4473 monitis,
1990 4412 2096 4469 595
2132 4412 2240 4469 Sed
2279 4412 2403 4482 quia
2441 4421 2824 4477 nonnunquam
2848 4405 3203 4463 succumbunt
3228 4403 3427 4459 lumina
3454 4402 3567 4455 for-

450 4507 566 4576 Qua
594 4507 744 4562 furor
771 4505 1079 4575 impulerat,
1111 4502 1341 4556 lascivus
1364 4499 1587 4555 duceret
1606 4515 1777 4563 error,
3341 4494 3495 4567 {ma},

516 4603 672 4658 Esset
692 4608 749 4657 et
772 4602 875 4655 hoc
905 4599 1107 4653 licitum
1128 4594 1274 4666 quod
1300 4593 1476 4649 fuerat
1495 4592 1720 4648 libitum.
1911 4583 1963 4643 D
2210 4593 2442 4663 Ancipiti
2470 4600 2651 4646 rectus
2677 4587 2875 4644 labitur
2898 4588 2957 4643 ‘in
2984 4586 3149 4642 bivio.

446 4698 523 4753 De
546 4695 734 4758 sacris.
766 4695 1006 4762 inquam.
1030 4690 1096 4743 de
1113 4688 1280 4743 sacris
1305 4686 1524 4757 PerCipe
1550 4684 1719 4749 libris,
2135 4687 2193 4744 Si
2234 4700 2426 4758 purum
2472 4681 2746 4738 maculare
2790 4680 3027 4735 animum
3070 4685 3226 4750 parat
3252 4676 3445 4746 impius
3479 4675 3577 4731 lio-

523 4786 826 4859 Opprobrio
851 4783 1069 4854 quantis
1096 4781 1267 4852 turpis
1295 4795 1448 4835 amor
1471 4779 1651 4834 fuerit.
3335 4770 3455 4844 [stis
3476 4809 3494 4836 ,

300 4944 373 4999 ibi
402 4943 538 4998 unde
560 4938 817 5009 exstingui
839 4937 1005 4992 solent
1033 4938 1299 5009 ﬂammae:
1346 4933 1481 5009 unde
1505 4933 1715 5009 putatis
1753 4933 1889 5009 (tunc
1928 4930 1948 4951 '
1992 5002 2026 5009 __
2062 4929 2384 5009 V_ersu_3_._i5.
2417 4929 2565 5009 Ignis
2592 4944 2693 4999 pro
2717 4929 2860 5009 ignes
2890 4941 2985 4980 usu
3004 4925 3241 5009 antiquis
3262 4924 3390 5009 satis
3411 4918 3563 5009 fami-

300 4997 494 5095 ignem,
519 5013 616 5066 nisi
638 4997 757 5079 quia
779 5025 890 5061 cum
910 4997 1101 5095 ipfer'ni
1124 5006 1241 5095 igne
1261 5006 1486 5095 sociat‘u'r
1501 4997 1681 5095 {Vide
1701 5004 1883 5069 etiam,
1992 5002 2256 5095 lia'r‘ihqui
2272 4997 2512 5095 Ilittera'm
2540 5002 2557 5053 i
2585 4997 2683 5070 pro
2712 4997 2755 5054 ε’
2774 4998 3079 5070 frequenter
3110 4997 3457 5066 usurpabant.

298 5072 347 5139 εἷ
377 5072 541 5149 lubet,
570 5097 632 5135 ea
652 5072 771 5148 qum
796 5079 898 5133 hac
918 5072 984 5149 de
1005 5092 1064 5132 re
1087 5072 1397 5149 observavit
1417 5073 1885 5149 Methodiusmar-
2061 5072 2192 5149 ibid.
2229 5073 2321 5149 Al.
2335 5088 2400 5149 ge
2428 5081 2631 5149 cuncta:

302 5165 404 5226 tyri
425 5140 622 5226 libl'de
651 5140 1068 5206 Resurrectione
1092 5188 1107 5212 ,
1163 5146 1303 5217 apud
1342 5144 1591 5198 Photium
1631 5144 1878 5199 biblioth.
2062 5144 2233 5226 Xersu
2531 5142 2773 5226 referent.

303 5210 430 5280 c‘od.
461 5222 587 5277 est.
1095 5210 1102 5212 '
1200 5210 1217 5217 '

1200 5210 1217 5217 ’
2062 5213 2231 5269 Versu
2259 5211 2383 5267 564.
2415 5210 2498 5264 Al.
2528 5212 2737 5281 pepulit.

373 5295 545 5350 Versu
566 5291 691 5346 519.
729 5291 813 5346 Al.
846 5288 1066 5345 Contere
1096 5286 1295 5341 calcata
1326 5288 1503 5340 mortis
1536 5295 1584 5339 et
1608 5286 1886 5355 comprime
2062 5284 2231 5355 Versu
2413 5280 2563 5355 Elin
2588 5280 2711 5336 toto.

299 5366 515 5421 donum.
1724 5352 1731 5355 ”
2063 5354 2234 5410 Versu
2258 5352 2381 5406 579.
2416 5353 2586 5421 Delr.,
2609 5354 2785 5407 vitam.

372 5436 546 5493 Versu
575 5432 699 5489 5&1.
735 5431 937 5487 Contra
963 5429 1122 5485 fidem
1150 5444 1249 5483 ms.
1281 5425 1568 5500 Corrcctor
1598 5424 1878 5496 legendum
2058 5424 2233 5500 Yersu
2252 5422 2380 5500 383’}.
2411 5422 2580 5500 I_)_elr.,
2610 5424 2705 5478 vel.
3043 5498 3049 5500 Α
3189 5490 3201 5500 .

298 5484 712 5579 dicitwforyiosos
740 5484 1135 5579 pro—famosos:
1166 5514 1266 5554 nec
1285 5507 1429 5556 certe
1448 5484 1677 5555 melius:
2058 5495 2231 5579 Versu
2251 5484 2576 5579 58‘5;Hanc'
2601 5509 2793 5579 vocem
2836 5498 3059 5561 usurpat
3100 5490 3366 5579 scili‘ptu‘ra
3396 5484 3562 5579 gestio

740 5555 949 5627 cultris."
1290 5555 1293 5556 ν
1986 5585 2137 5633 xvut,
2163 5566 2257 5631 28,
2285 5564 2690 5638 etRegumlili.
2719 5564 2780 5629 ll,
2805 5555 3116 5638 casu-nm,
3148 5555 3321 5638 29',_c_t
3347 5555 3563 5638 l'l’ara-

374 5628 707 5704 vasum:
730 5644 895 5707 Delr.,
927 5642 1049 5697 Ore.
1985 5642 2078 5709 lip.
2110 5628 2183 5703 iu,
2209 5628 2294 5709 δί,
2324 5628 2557 5709 denique
2581 5636 2685 5709 lsai
2713 5628 3046 5709 χςᾳῳμρη
3073 5628 3414 5709 ergondcbuit
3440 5642 3562 5681 cor-

373 5697 544 5773 vam;
572 5697 695 5769 550.
727 5697 810 5766 Al.
841 5697 1097 5781 aspersus.
1984 5697 2368 5781 rectorldiccre
2396 5707 2450 5761 in
2470 5697 2751 5776 Scriptura
2776 5704 2875 5771 legi
2902 5701 3083 5756 Gabaa
3108 5709 3163 5755 et
3185 5697 3423 5769 Gabaon,
3452 5712 3559 5753 non

378 5788 544 5842 Versu
572 5786 696 5839 339..
732 5784 814 5837 Al.
847 5779 961 5836 erit.
1989 5798 2116 5836 vero
2150 5779 2369 5833 (labant.

378 5858 546 5914 Versu
576 5856 697 5910 5M.
730 5856 858 5921 ch.
891 5856 994 5921 qui.
