4054 6182
529 356 631 411 987
1576 359 1636 418 S.
1667 356 1965 416 ORIENTII
2003 357 2304 414 EPISCOPI
2346 358 2732 414 AUSCIENSIS
3686 356 3782 415 988

740 471 966 544 Semper
993 470 1160 529 ovans
1186 483 1387 530 castam
1410 472 1699 528 sollicitare
1725 471 1881 527 fidem
1910 490 1922 525 :
2132 475 2182 533 Α
2421 472 2501 527 Ad
2529 474 2652 527 vita:
2682 477 2862 526 rectas
2887 471 3172 527 sollicitata
3202 474 3353 529 vias:

669 565 867 636 Accipe
896 567 1000 621 tela
1028 566 1221 634 quibus
1248 564 1423 619 cordis
1452 564 1537 633 pia
1560 565 1756 618 mmnia
1793 578 1996 618 serves.
2080 592 2081 595 η
2211 562 2314 617 445
2350 564 2407 618 Si
2428 578 2531 634 qua
2558 563 2659 617 viri
2685 562 2927 629 discunt,
2956 562 3140 617 credat
3164 562 3265 617 sibi
3294 561 3492 617 femina
3514 561 3642 627 diei,

532 655 634 711 400
744 655 887 711 Crux
913 657 1007 710 tibi
1036 657 1105 709 sit
1129 656 1365 725 clypeus,
1399 670 1529 708 crux
1557 654 1651 708 tibi
1679 654 1750 707 sit
1781 653 2005 721 gladius.
2421 657 2489 713 Et
2539 658 2787 713 meritum
2834 667 2891 713 et
2941 674 3166 728 pmnas,
3221 659 3308 714 hic
3360 674 3577 729 quoque
3629 673 3783 712 sesus

670 744 1010 817 Supplicibus
1037 746 1283 816 lacrymis
1307 786 1322 811 ,
1363 745 1562 813 gemitu
1584 786 1600 811 ,
1649 759 1807 813 prece
1832 782 1847 807 ,
1888 751 2107 812 pectore
3488 749 3710 820 [haben

1831 835 2032 907 [tunso,
2352 834 2538 891 Oderit
2566 838 2777 905 ignotos
2802 838 2978 893 audax
3006 839 3283 894 attendere
3302 840 3503 904 vultus,

744 930 933 995 Quaere
960 928 1290 983 salutiferum
1322 937 1479 983 nocte
1503 928 1694 997 dieque
1715 927 1906 981 Deum.
2427 930 2603 998 Seque
2635 939 2812 985 tamen
2840 932 2981 985 notis
3009 930 3203 985 addere
3231 931 3539 985 luminibus.

674 1020 751 1075 Ac
778 1036 845 1074 ne
874 1020 1131 1089 paulatim
1162 1018 1373 1073 facilem
1403 1034 1527 1089 spes
1554 1019 1736 1088 palpet
1764 1031 2033 1080 amorem,
2351 1020 2482 1073 Nam
2512 1021 2650 1075 male
2678 1021 2941 1090 permixto
2970 1020 3202 1075 ludentia
3224 1021 3420 1074 lumina
3447 1021 3597 1089 visu,

748 1111 979 1181 Lapsum
1021 1127 1050 1165 a
1080 1112 1338 1180 prazcipiti
1368 1125 1531 1180 perge
1560 1109 1761 1163 referre
1790 1110 2001 1178 pedem.
2211 1110 2313 1164 450
2421 1110 2620 1165 Blande
2640 1127 2783 1181 saepe
2804 1112 2980 1165 solent
3005 1126 3099 1165 ore
3120 1120 3330 1165 tacente
3360 1112 3525 1182 loqui.

538 1202 637 1256 £05
672 1202 787 1258 Non
818 1204 1032 1271 ignarus
1059 1203 1201 1257 enim
1226 1202 1436 1256 miseris
1464 1216 1776 1256 succurrere
1805 1215 2010 1270 quaaro,
2354 1203 2528 1272 Atque
2573 1218 2728 1257 amor
2752 1245 2768 1272 ,
2824 1211 2883 1257 ut
2927 1203 3177 1273 lacrymze
3223 1218 3356 1273 quas
3401 1203 3553 1257 fundi
3598 1205 3775 1274 injuria

750 1296 939 1351 Omnia
964 1310 1268 1366 perpessus,
1296 1309 1416 1363 qua:
1442 1293 1690 1363 fugienda
1716 1293 1931 1361 loquor.
3491 1296 3673 1368 [cogit
3694 1338 3709 1363 ,

676 1387 919 1457 Respicis
946 1387 1012 1441 ad
1041 1387 1311 1441 formam?
1348 1385 1454 1441 Sed
1476 1400 1644 1441 saevas
1670 1385 1872 1454 respice
1897 1397 2107 1453 pinnas;
2424 1383 2506 1439 Ex
2535 1385 2705 1440 oculis
2732 1385 2919 1454 surgit,
2951 1386 3186 1455 pectoris
3214 1386 3318 1440 ima
3350 1387 3499 1456 petit.

747 1478 976 1547 Respice
1002 1477 1129 1546 quid
1152 1476 1356 1543 laudes,
1387 1476 1594 1545 respice
1617 1474 1744 1545 quid
1768 1476 1961 1529 timeas
1985 1492 1999 1527 :
2356 1474 2498 1544 Ergo
2524 1490 2587 1530 ea
2612 1491 2718 1545 qua
2741 1475 2966 1544 juvenes
2988 1478 3242 1547 praecepti
3264 1478 3383 1546 lege
3405 1488 3711 1544 monentur,

676 1566 1014 1639 lntcrnisque
1041 1568 1210 1623 oculis
1229 1576 1285 1623 et
1309 1583 1441 1623 vero
1472 1567 1676 1621 lumine
1702 1580 1895 1632 cerne,
2426 1566 2538 1621 Hac
2565 1565 2733 1635 fugiat
2756 1575 2979 1622 cunctos
3014 1567 3212 1622 femina
3240 1578 3386 1623 casta
3414 1570 3580 1624 viros.

540 1661 641 1715 no
696 1696 697 1699 η
746 1660 822 1716 De
866 1668 1013 1717 terra
1058 1661 1126 1715 ad
1154 1660 1345 1717 celum
1368 1700 1385 1729 ,
1434 1659 1607 1731 deque
1648 1658 1866 1714 homine
1908 1656 1975 1711 ad
2002 1656 2112 1711 Do-
2214 1654 2320 1709 455
2353 1654 2470 1710 Jam
2498 1657 2545 1711 si
2573 1671 2892 1727 corporeas,
2919 1656 3142 1713 calcaris
3169 1672 3398 1729 corpore
3424 1665 3574 1713 casto

1784 1747 2039 1820 [minum,
2423 1749 2723 1816 lllecebras,
2752 1749 3014 1818 reliquum
3042 1749 3235 1805 decute
3261 1750 3441 1806 cordis
3463 1766 3618 1806 onus.

677 1840 773 1897 Hic
799 1842 976 1897 brevis
1001 1849 1083 1895 est
1102 1839 1207 1895 fine
1228 1839 1424 1908 exiguo
1452 1838 1752 1894 claudenda
1782 1838 2030 1907 voluptas
2056 1854 2069 1889 :
2142 1848 2188 1907 Β
2796 1860 2885 1914 DE
2922 1860 3195 1916 ιΝνωιΑ,

750 1932 863 1988 Illic
890 1941 1151 2001 perpetuo
1174 1928 1376 1985 sulfure
1405 1928 1622 1983 flamma
1652 1943 1839 1983 vorax.

679 2023 815 2076 Audi
840 2023 1165 2077 clamantem
1192 2035 1385 2090 magna
1426 2036 1546 2075 cum
1574 2036 1707 2075 voce
1734 2020 2033 2089 propheten
2057 2035 2073 2084 ;

748 2114 855 2168 Seu
883 2113 1134 2167 mandata
1165 2113 1311 2181 legas
1338 2112 1585 2182 pristina,
1616 2111 1730 2166 sive
1757 2126 1929 2165 nova:

544 2204 646 2258 “5
680 2205 807 2272 Qua:
836 2206 951 2261 laus
982 2207 1034 2262 in
1062 2206 1212 2261 vultu
1255 2214 1374 2272 est;
1423 2204 1603 2260 fenum
1652 2219 1868 2259 omnem
1911 2202 2113 2257 credite

2357 1973 2596 2044 Namque
2623 1973 2802 2031 subire
2830 1973 2969 2029 solet
2996 1974 3130 2041 nigri
3159 1972 3225 2027 de
3251 1972 3375 2028 felle
3398 1975 3609 2040 veneni,

2426 2064 2730 2135 Multiplicis
2756 2074 2928 2119 mater
2953 2064 3189 2119 criminis
3217 2064 3433 2118 invidia.

2357 2156 2555 2211 Invidia
2584 2156 2767 2211 infelix
2795 2164 3021 2211 mortem
3052 2157 3309 2211 moritura
3340 2160 3582 2227 paravit:

2435 2247 2668 2316 Angelus
2696 2247 2799 2302 hac
2824 2247 2957 2302 celsi
2978 2247 3177 2303 decidit
3204 2264 3328 2303 arce
3357 2249 3466 2319 poli
3490 2268 3506 2316 ;

2435 2296 2665 2316 ----υ----
2696 2296 2797 2302 --η
2830 2296 2957 2302 πη-
2983 2296 3175 2303 *νς-νη
3204 2296 3326 2303 mw
3357 2296 3466 2319 ιη·-
3490 2296 3506 2316 ν

839 2388 957 2411 ,ημ
984 2393 1039 2411 κ,
1069 2386 1163 2411 nn
1193 2387 1296 2411 ,ηε
1330 2387 1492 2411 Αιηε,
1533 2389 1705 2411 “ML
1742 2296 2039 2411 liamem’
2214 2340 2319 2396 460
2355 2340 2599 2411 Dumque
2639 2340 2915 2396 hominem
2940 2349 3196 2410 properat
3239 2340 3441 2396 caelesti
3470 2341 3671 2411 pellere
3699 2356 3778 2397 re-

751 2388 960 2458 Quippe
984 2393 1043 2441 ut
1068 2386 1167 2443 ﬂos
1190 2387 1299 2443 feni
1328 2387 1498 2458 gloria
1529 2389 1709 2444 carnis
1737 2388 1857 2442 erit.

755 2432 960 2458 ,νηηω
988 2432 1043 2441 _-
1068 2432 1167 2443 ..νυ
1190 2432 1299 2443 η...
1328 2432 1498 2458 om...
1530 2432 1709 2444 .,.......,
1739 2432 1857 2442 ν---

677 2478 807 2534 Nam
836 2479 999 2533 veluti
1023 2477 1185 2534 flores
1214 2480 1351 2534 ictus
1380 2480 1553 2544 metit,
1585 2480 1765 2533 atterit
1790 2486 1970 2543 aestus,
2428 2525 2643 2544 ,μων
2749 2533 2830 2544 μ-
2849 2524 2994 2544 Am
3021 2524 3128 2544 ,__A
3159 2525 3304 2544 ﬂ,”
3332 2432 3551 2544 ὼΑ-Δειί
3574 2446 3679 2502 suo
3700 2472 3717 2498 ’

2428 2525 2646 2581 Detrudi
2673 2525 2725 2579 in
2748 2524 2997 2579 tenebras
3021 2524 3134 2595 ipse
3158 2525 3305 2594 prior
3332 2524 3547 2578 meruit.

2360 2619 2493 2675 llinc
2522 2619 2733 2673 Domini
2762 2620 2814 2672 in
2843 2626 3066 2673 cunctos
3092 2617 3285 2672 vindex
3316 2616 3580 2671 sententia
3612 2614 3753 2669 venit

2428 2710 2684 2765 Omnibus
2712 2710 2825 2763 haec
2849 2707 3069 2777 reliquis
3098 2708 3360 2762 mortibus
3388 2722 3492 2761 una
3516 2722 3609 2760 rea
3638 2713 3754 2760 est:

2360 2803 2485 2858 Harc
2512 2803 2637 2857 belli
2668 2802 2861 2868 rabies,
2893 2802 3006 2856 haec
3033 2809 3117 2856 est
3145 2799 3408 2855 discordia
3437 2798 3584 2868 pacis
3604 2836 3619 2860 ,

2220 2895 2326 2950 £65
2432 2895 2559 2950 Plus
2599 2894 2742 2963 sibi,
2792 2909 2953 2964 quam
2995 2892 3084 2949 cui
3110 2892 3225 2947 vult
3251 2905 3393 2947 saeva
3420 2905 3619 2947 nocere
3642 2931 3659 2955 ,
3698 2904 3789 2942 no-

3515 2982 3683 3055 [cens
3707 3022 3723 3047 ,

749 2567 1097 2623 Confundunt
1116 2569 1313 2624 imbres
1337 2586 1351 2631 ;
1382 2568 1572 2623 fortior
1598 2584 1728 2622 aura
1754 2568 1894 2637 rapit
1921 2586 1934 2621 :

679 2656 767 2711 Sic
811 2657 1013 2711 vultum
1032 2698 1047 2724 ,
1080 2656 1383 2727 quicunque
1412 2657 1606 2730 placet,
1637 2672 1956 2714 consumere
1982 2666 2116 2713 tem-

1868 2750 2046 2823 lpus.

548 2844 647 2897 ωε)
751 2842 819 2898 Et
843 2850 1021 2899 tumor
1047 2850 1103 2900 et
1128 2843 1266 2900 livor
1285 2844 1586 2914 despoliare
1610 2854 1809 2916 potest.

684 2938 859 3008 Atque
882 2979 897 3007 ,
926 2938 1099 3009 ipsam
1134 2944 1195 2992 ut
1218 2946 1422 2994 taceam
1447 2980 1463 3005 ,
1513 2954 1631 3008 qua:
1659 2939 1892 2994 conterit
1918 2939 2117 3005 omnia,

1797 3040 2023 3087 mortem
2776 3077 2788 3089 .
2852 3078 2863 3089 .
3370 3076 3382 3088 .
3444 3076 3456 3087 .
3516 3030 3536 3055 ι
3561 3030 3681 3037 "ﬂ
3707 3030 3715 3047 '

755 3122 964 3190 Quanta
993 3123 1158 3179 licent
1185 3122 1409 3190 morbis,
1440 3122 1705 3190 febribus,
1736 3030 2049 3177 nliceribus
2365 3077 2717 3190 Hm:
2930 3076 3532 3190 {ff’ffff‘ff’ffﬁf‘me
3557 3089 3715 3130 causa

755 3122 964 3190 Quanta
993 3123 1158 3179 licent
1185 3122 1409 3190 morbis,
1440 3122 1705 3190 febribus,
1736 3122 2049 3177 ulceribus?
2366 3122 2490 3134 "w"
2510 3122 2709 3183 ."""'"
2736 3122 2900 3183 ""2":
2930 3122 3053 3131 """
3068 3122 3277 3181 ""1"."
3311 3122 3449 3179 ""I'

739 3216 751 3239 ε
782 3214 938 3239 ,ΜΛΔ
995 3215 1081 3239 ,ηε
1115 3221 1305 3239 MM“,
1338 3213 1457 3239 mm
1483 3212 1734 3239 “nam”
1764 3212 1955 3239 Mam“
2148 3221 2189 3239 η
2437 3170 2675 3225 Primum
2697 3180 2919 3236 servitu,
2948 3186 3076 3224 mox
3099 3168 3199 3223 fuit
3222 3183 3449 3239 imperii.

686 3213 753 3268 Hi
782 3214 963 3281 modo,
994 3215 1084 3283 qui
1112 3221 1312 3268 canent
1337 3213 1458 3267 albo
1483 3212 1736 3269 sordente
1762 3212 1976 3283 capillo,
2144 3221 2192 3283 (ζ
2369 3212 2919 3283 ηξξῖξξῖζξῖξῂξῗζζ

2369 3264 2494 3319 Haec
2516 3263 2645 3332 justi
2669 3262 2847 3316 fratris
2874 3260 3162 3315 maculavit
3185 3260 3443 3327 sanguine
3469 3257 3622 3312 Cain.

2440 3356 2565 3411 Hmc
2593 3354 2758 3409 David
2785 3354 2977 3407 mortis
3005 3368 3169 3422 quam
3198 3366 3367 3421 prope
3392 3365 3555 3406 causa
3580 3348 3694 3413 fuit,

2225 3446 2329 3502 470
2364 3447 2517 3512 Cum,
2544 3445 2655 3515 jam
2683 3443 2928 3499 confecto
2953 3443 3119 3498 solius
3149 3442 3347 3499 robore
3373 3441 3545 3507 bello,

2444 3537 2642 3591 Extolli
2671 3535 2839 3590 nollet
2864 3534 3020 3589 laude
3048 3549 3202 3589 socer
3228 3548 3504 3603 generum.

2370 3630 2481 3685 Hac
2510 3630 2696 3700 primae
2722 3633 2950 3697 cogente
2975 3638 3193 3693 gemens
3222 3624 3500 3694 operarius
3526 3622 3691 3686 horae,

2444 3720 2673 3775 Vincere
2703 3718 2963 3773 fossorem
2991 3716 3180 3772 nititur
3207 3716 3519 3780 undecimae,

2375 3814 2501 3870 llaec
2546 3822 2823 3884 postrema
2869 3811 3018 3867 dedit
3072 3812 3245 3866 crucis
3293 3812 3347 3865 in
3390 3811 3618 3866 ludibria
3660 3808 3801 3865 Chri-

3537 3902 3555 3976 [
3576 3910 3732 3966 stum,

2233 3998 2336 4051 475
2445 3996 2579 4051 Dum
2606 3996 2816 4067 peragit
2842 3994 2979 4050 livor
3005 3994 3337 4050 crudelitatis
3360 4010 3497 4065 opus
3518 4034 3535 4060 ,

2373 4088 2437 4143 Et
2460 4102 2697 4158 praeceps
2725 4088 2955 4157 populus
2976 4086 3128 4155 signa
3155 4096 3209 4142 et
3238 4085 3494 4141 miracula
3523 4100 3705 4141 rerum

2445 4177 2647 4232 Obtutu
2676 4176 2869 4244 cernit,
2898 4184 3119 4247 pectore
3142 4194 3249 4232 non
3279 4176 3489 4248 recipit.

2374 4271 2430 4326 in
2462 4279 2669 4324 tantum
2695 4268 2885 4324 studiis
2915 4269 3192 4325 furialibus
3217 4269 3459 4339 improba
3490 4277 3713 4325 cunctos

2445 4364 2525 4417 Ah
2552 4362 2565 4414 !
2598 4377 2785 4417 verum
2815 4364 2869 4415 in
2900 4360 3106 4416 facinus
3133 4370 3369 4416 verterat
3398 4362 3594 4416 invidia
3621 4379 3635 4415 :

2232 4457 2336 4511 L80
2375 4455 2443 4512 Ut
2461 4472 2566 4511 non
2591 4455 2875 4522 nescirent,
2903 4454 2997 4509 sed
3026 4454 3230 4508 nollent
3254 4452 3493 4518 credere,
3524 4452 3666 4521 quod
3687 4461 3805 4507 tunc

2446 4547 2600 4603 Esset
2621 4563 2718 4618 per
2744 4546 3024 4601 Dominum
3048 4544 3424 4615 glorificandus
3449 4545 3633 4601 homo.

767 3303 1007 3358 Collatas
1034 3304 1163 3357 olim
1194 3318 1301 3357 non
1330 3304 1555 3357 timuere
1578 3304 1725 3372 pices
1750 3320 1763 3357 :

555 3395 656 3449 425
695 3394 950 3459 Pendula,
982 3408 1101 3463 quae
1130 3401 1360 3450 manent
1391 3395 1536 3465 rugis
1555 3395 1901 3462 deformibus,
1935 3412 2052 3466 ora,

766 3486 1108 3543 Protulerant
1133 3503 1329 3541 vanum
1358 3488 1733 3559 conspicienda
1762 3488 1943 3544 decus.

693 3578 800 3646 Qui
829 3580 1047 3634 nuncin
1072 3580 1193 3633 laxa
1222 3578 1479 3634 tremulus
1505 3580 1591 3651 pia
1620 3579 1760 3649 pelle
1787 3579 2020 3648 vacillat,

768 3673 872 3728 Vix
899 3672 1123 3728 dederat
1152 3672 1296 3726 tenui
1323 3672 1473 3740 signa
1501 3680 1686 3727 notata
1717 3672 1856 3727 solo.

690 3763 886 3819 Cervix
912 3804 927 3828 ,
959 3763 1094 3818 colla
1117 3803 1133 3829 ,
1165 3778 1353 3817 manus
1378 3803 1394 3830 ,
1434 3770 1490 3816 et
1529 3762 1672 3835 quod
1714 3778 1856 3819 nuiic
1882 3761 2131 3818 omnibus

1809 3854 1833 3929 [
1852 3854 2059 3917 horret,

559 3949 658 4003 450
766 3947 910 4003 lleu!
944 3948 1152 4002 miseris
1176 3947 1446 4016 quondam
1481 3963 1642 4003 causa
1670 3947 1865 4003 furoris
1906 3955 2079 4003 erant.

696 4040 941 4108 Lumina,
970 4055 1087 4108 qua:
1113 4039 1355 4093 madidus
1381 4038 1639 4093 deformia
1668 4040 1865 4094 subluit
1893 4040 2103 4103 humor,

767 4134 1051 4188 Stellarum
1071 4130 1243 4185 rutilat:
1271 4146 1371 4186 ceu
1399 4132 1635 4186 micuere
1662 4131 1826 4187 faces.

700 4224 928 4294 Respice
954 4221 1097 4289 quod
1130 4222 1313 4290 paucis
1341 4220 1497 4275 floret
1522 4261 1537 4286 ,
1587 4237 1686 4278 nec
1714 4228 1993 4295 permanet
2030 4235 2129 4276 an-

1889 4314 2055 4387 [nis,

768 4405 835 4461 Et
866 4413 1040 4460 tamen
1069 4404 1282 4459 :eternis
1309 4403 1466 4473 culpa
1496 4414 1673 4459 manet
1703 4405 1975 4476 lacrymis.

564 4498 664 4553 εδδ
698 4497 837 4567 Ergo
857 4496 1123 4568 puellares
1148 4496 1325 4550 vultus
1344 4494 1651 4564 formasque
1676 4495 1953 4563 decentes,

768 4592 875 4647 Aut
901 4605 1058 4646 verso
1086 4597 1179 4643 aut
1208 4603 1387 4643 merso
1414 4587 1678 4657 despicies
1702 4586 1900 4657 capite.
2161 4591 2212 4649 Ι)

702 4684 873 4753 Atque
900 4691 959 4738 ut
983 4683 1058 4738 sis
1083 4682 1296 4752 penitus
1323 4681 1402 4735 sic
1424 4680 1587 4735 corde
1609 4687 1670 4733 ut
1696 4692 1923 4747 corpore
1948 4692 2130 4747 purus,
2787 4658 2874 4712 DE
2914 4659 3257 4713 ΑνΑΒΙΤΙΑ·

772 4773 843 4828 Ut
869 4774 1071 4827 nullum
1094 4772 1257 4827 facias
1278 4769 1583 4839 suspicione
1610 4782 1762 4823 reum
1788 4782 1803 4833 ;
2381 4772 2491 4829 Nec
2518 4788 2648 4827 cura
2677 4772 2879 4827 leviore
2909 4770 3106 4827 dehinc
3133 4773 3301 4826 vitare
3331 4782 3605 4828 memento

703 4864 779 4919 Da
808 4864 1060 4929 studium,
1093 4878 1278 4925 ωηεν
1310 4869 1364 4915 ει
1388 4875 1602 4930 semper
1627 4859 1884 4930 pFOVidDS
1912 4865 2059 4929 Opta.
2472 4864 2639 4920 Unius
2661 4864 2995 4918 innumerum
3021 4864 3223 4918 crimen
3254 4864 3523 4918 Avaritim.

567 4957 667 5011 ΜΟ
775 4956 844 5010 υἱ
872 4955 965 5009 libi
992 4956 1062 5009 Sit
1089 4955 1233 5008 1111113
1261 4954 1456 5009 femina
1480 4952 1666 5021 iuncta
1693 4952 1853 5007 nimis
1880 4969 1894 5005 :
2378 4955 2636 5011 Omnibus
2664 4955 2715 5009 in
2748 4956 2938 5021 terris,
2969 4971 3103 5024 quas
3128 4957 3208 5011 sol
3232 4955 3397 5021 videt,
3429 4970 3647 5024 azquora
3666 4957 3808 5011 clau-

706 5050 929 5105 Amittct
956 5048 1120 5114 vires,
1140 5048 1184 5102 si
1208 5062 1315 5101 non
1344 5048 1452 5101 sint
1478 5045 1655 5110 obvia,
1684 5053 1893 5099 ventus.
3535 5046 3553 5119 [
3577 5047 3739 5111 dunt,

778 5141 978 5195 Pabula
1014 5140 1060 5195 si
1088 5140 1283 5204 desint,
1316 5141 1497 5194 irritus
1526 5140 1662 5209 ignis
1692 5139 1812 5193 erit.
2240 5138 2347 5195 485
2452 5140 2701 5209 Quasque
2740 5137 2855 5194 dies
2891 5137 3129 5205 adeunt,
3177 5154 3415 5209 quasque
3450 5147 3640 5208 tegunt
3667 5149 3811 5193 tene-

706 5234 783 5291 Ac
812 5250 881 5289 ne
908 5232 1178 5287 mandatis
1203 5241 1409 5285 tantum
1438 5248 1534 5301 par
1564 5247 1670 5286 una
1699 5238 1916 5301 putetur
3557 5233 3705 5306 [bne
3728 5274 3745 5299 ,

639 5391 807 5445 Versu
826 5388 951 5441 427.
982 5386 1148 5451 Delr.,
1176 5384 1398 5458 perpelfe
1419 5386 1538 5450 sed;
1562 5384 1844 5456 legendum
1865 5385 2137 5441 existimat
2312 5392 2485 5445 Versu
2506 5388 2628 5443 468.
2657 5388 2827 5453 Delr.,
2859 5389 3091 5458 fratrem.

569 5462 827 5535 pcgpclle,
853 5460 943 5535 _c_uj
972 5458 1143 5535 libens
1164 5455 1461 5509 subscribo.
1629 5455 1632 5456 ⁷

2311 5462 2480 5535 Versu
2495 5458 2628 5535 fil.
2660 5455 3047 5535 hoquititr_hic
3071 5455 3435 5535 Orignt_i_us_de
3466 5458 3626 5535 bello
3636 5457 3813 5535 Saulis

641 5524 819 5587 Versu"
840 5529 961 5583 45οο
996 5526 1079 5581 ΑΙ.
1106 5536 1236 5580 εταί-
2238 5542 2424 5589 contra
2448 5524 2776 5599 Allophylos,
2808 5528 2971 5597 quod,
2997 5542 3134 5599 caeso
3161 5524 3431 5592 Goliatho,
3466 5528 3678 5583 Davidis
3706 5529 3811 5580 vir-

639 5603 809 5656 Versu
834 5600 956 5654 459.
986 5599 1067 5651 ΑΙ.
1097 5613 1303 5651 curam-
1344 5666 1354 5668 _
2242 5613 2355 5659 tute
2378 5597 2684 5656 confectum
2717 5607 2819 5653 est.
2860 5597 3114 5652 Davidem
3144 5606 3322 5653 autem
3352 5599 3528 5655 Saulis
3552 5612 3807 5668 generum

640 5673 809 5744 Yersu
834 5671 957 5744 μᾷ.
988 5668 1155 5744 Delr.,
1188 5670 1231 5722 si
1259 5666 1374 5721 viri.

2242 5690 2337 5744 per
2360 5670 2796 5744 anticipationem
2823 5676 3000 5744 vocat.

641 5742 810 5796 Versu
840 5741 962 5795 448.
991 5740 1074 5794 Al.
1105 5748 1209 5793 tam
1239 5748 1309 5790 et.
2242 5739 2257 5744 ’
2314 5744 2480 5796 Versu
2510 5739 2631 5794 489..
2665 5740 2836 5802 Delr.,
2869 5739 3078 5791 leviora.

644 5811 812 5880 Ycrsu
841 5811 963 5865 455.
989 5811 1072 5867 Al.
1104 5808 1249 5864 Nam
1275 5808 1324 5861 si
1347 5816 1603 5880 Atorpores.
2313 5813 2480 5869 Versu
2508 5811 2627 5866 484.
2660 5810 2798 5865 Delr.
2832 5808 2991 5876 male,
3021 5825 3167 5880 quos.

642 5878 811 5936 Versu
833 5881 950 5936 466.
985 5880 1135 5950 Apud
1157 5880 1298 5937 Delr.
1328 5878 1477 5935 deest
1500 5880 1677 5936 nimio.
