4054 6182
337 342 439 401 989
1545 343 2141 402 COMMONITORIUM.
2180 344 2309 402 LIB.
2343 346 2385 405 Ι.
3486 359 3588 417 990

479 464 665 534 Ignoto
693 465 849 521 nobis
868 465 1125 537 quidquid
1152 465 1465 521 diffunditur
1493 464 1645 526 orbe,
1943 459 1997 517 Α
2234 463 2437 519 Aurum
2465 465 2512 522 si
2539 468 2767 538 pretium
2791 470 3086 528 constituas
3111 474 3349 531 sceleris.

543 553 802 612 Omnibus
829 557 883 611 in
908 558 1117 626 regnis,
1150 557 1399 613 omnibus
1425 556 1480 611 in
1508 553 1743 625 populis,
2158 556 2271 623 Dic,
2302 572 2435 629 rogo
2452 600 2467 626 ,
2497 560 2623 631 quid
2651 562 2906 619 miserum
2936 572 3115 621 tantus
3142 565 3290 621 furor
3317 568 3463 622 laxat
3486 570 3586 624 hac

475 644 688 701 infectis
711 648 901 703 morbo
928 648 1220 704 multorum
1247 645 1535 709 mentibus,
1566 645 1683 700 haec
1708 652 1791 700 est
3267 658 3286 729 [
3312 658 3514 723 benas;

551 737 744 804 Radix,
776 754 955 805 causa,
982 749 1164 810 caput,
1194 738 1312 797 fons
1339 746 1394 794 et
1422 737 1574 807 origo
1602 736 1749 791 mali.
2015 739 2121 795 555

2015 739 2121 795 555
2226 739 2297 797 Ut
2327 741 2423 797 tibi
2451 751 2535 798 sat
2558 760 2665 799 non
2692 746 2785 815 sit,
2810 748 2955 818 quod
2982 749 3078 803 tibi
3097 749 3209 819 jam
3237 751 3367 806 satis
3395 754 3519 807 est?

330 826 438 881 ‘90
473 826 741 885 Innocuos
765 830 1021 902 Ψιίάίίυίά
1048 830 1307 888 Dominus
1334 827 1592 885 formarat
1616 827 1671 912 in
1699 841 1847 891 usus.
2153 831 2430 888 lmmensis
2454 849 2710 905 properas
2738 840 2897 893 terris
2925 840 3249 909 conjungere
3279 851 3449 898 terras
3466 884 3483 912 ,

546 920 672 977 Haec
696 922 839 977 male
866 922 1085 977 mutatis
1112 919 1345 992 perdidit
1371 917 1584 975 ofﬁciis.
1666 908 1669 913 ’
2222 924 2566 983 Claudendus
2592 931 2743 999 parvi
2776 908 3043 989 marmore
3071 935 3435 1005 sarcophagi?

476 1012 615 1081 Quid
643 1014 884 1083 quereris
912 1013 1059 1071 diros
1083 1021 1293 1083 Ροΐῐυει
1325 1018 1623 1078 ventosque
1650 1008 1907 1072 furentes:
2151 1018 2386 1076 Alterius
2415 1020 2612 1077 damno
2639 1020 2757 1077 fieri
2777 1022 3095 1095 locupletior
3120 1028 3339 1083 ambis?

546 1105 742 1162 Tristia
768 1105 987 1162 famosis
1013 1120 1230 1177 aequora
1257 1102 1547 1173 naufragiis
1569 1103 1593 1156 ?

2222 1111 2377 1179 Quod
2405 1113 2550 1183 rapis
2578 1129 2646 1169 ex
2672 1114 2814 1184 aliis,
2838 1131 2965 1171 mox
2993 1118 3098 1173 erit
3125 1119 3345 1174 alterius
3373 1137 3386 1173 :

475 1196 559 1253 Tu
585 1214 780 1254 caesam
805 1198 953 1254 silvis
975 1213 1182 1255 annoso
1210 1198 1407 1252 robore
1429 1208 1710 1265 quercum,
2012 1200 2113 1256 540
2152 1201 2217 1256 Et
2238 1217 2395 1258 cursu
2422 1203 2586 1259 celeri
2615 1204 2693 1259 sic
2721 1213 2844 1276 post
2864 1206 3059 1262 amissa
3087 1207 3312 1274 dolebis,

329 1289 435 1346 495
540 1290 599 1347 Si
625 1291 781 1362 lignis
808 1307 916 1347 non
945 1300 1028 1348 est
1054 1292 1229 1358 utilis,
1261 1291 1398 1347 adde
1425 1289 1579 1344 focis.
2222 1292 2293 1349 Ut
2320 1294 2544 1351 doluere
2565 1296 2661 1364 illi,
2692 1298 2785 1367 qui
2809 1306 3032 1355 tenuere
3058 1301 3227 1370 prius.

473 1382 876 1454 Contentusque
905 1392 1016 1448 tuo,
1049 1384 1356 1439 submotum
1390 1382 1436 1437 si
1464 1395 1569 1453 qua
1599 1394 1696 1450 per
1722 1378 1906 1433 orbem
2150 1384 2263 1441 Ceu
2291 1402 2399 1441 non
2428 1401 2646 1443 casuras
2673 1388 2961 1445 immensas
2989 1392 3256 1447 οοοειτυίε
3284 1407 3433 1449 arces
3458 1411 3473 1459 ς

544 1474 868 1543 Nascuntur,
898 1477 1109 1546 patiens
1131 1474 1294 1533 crede
1317 1482 1511 1543 negata
1537 1471 1655 1527 tibi.
2220 1476 2340 1548 lpse
2367 1485 2547 1534 tamen
2576 1480 2770 1551 raptim
2798 1482 2891 1551 qui
2918 1483 3211 1539 moriturus
3236 1484 3389 1540 eris?

470 1565 539 1621 Et
565 1566 741 1636 pelagi
767 1575 966 1634 motus,
994 1575 1051 1622 et
1079 1581 1245 1623 saevas
1269 1563 1399 1620 flare
1425 1562 1691 1636 procellas
2150 1567 2284 1625 Cum
2314 1571 2421 1625 itur
2448 1571 2503 1625 in
2523 1586 2743 1627 somnos
2767 1580 2989 1628 tenuato
3016 1573 3193 1629 lucida
3218 1575 3379 1644 vitro,

510 1695 512 1697 ›
545 1655 778 1713 Securus
800 1666 918 1713 tuto
945 1658 1129 1714 littore
1157 1656 1469 1727 perspicies.
2005 1661 2111 1717 545
2220 1661 2574 1719 Marmoribus
2594 1664 2758 1719 variis
2785 1664 3010 1734 lubrica,
3039 1666 3175 1721 cella
3204 1667 3299 1722 tibi
3326 1685 3341 1721 :

326 1747 431 1805 500
473 1748 636 1805 Usum
661 1757 865 1805 natura:
892 1749 1081 1805 vitium
1108 1748 1330 1817 fecistis,
1359 1748 1529 1813 avari,
2152 1750 2427 1821 Tanquam
2450 1768 2558 1807 non
2580 1752 2740 1808 adeat
2769 1753 2925 1822 lignis
2949 1755 3198 1809 coeuntia
3229 1764 3371 1812 tecta

539 1839 675 1896 Nata
697 1842 840 1898 bona
866 1851 923 1897 et
946 1841 1125 1912 pravis
1148 1840 1335 1896 usibus
1362 1855 1482 1896 esse
1505 1838 1668 1895 mala.
1932 1822 1979 1882 Β
2218 1843 2277 1898 In
2305 1844 2445 1900 bene
2468 1859 2659 1901 securo
2688 1854 2905 1916 pectore
2934 1854 3048 1901 tuta
3071 1847 3245 1916 quies.

463 1932 507 1987 E
545 1942 689 1989 terra
715 1935 955 2002 genitum
982 1943 1197 1989 terrena
1224 1935 1279 1987 in
1306 1947 1530 1987 munera
1559 1931 1759 1988 ferrum
2147 1935 2308 1993 Certe
2334 1952 2442 1992 non
2472 1936 2627 1992 aliter
2650 1937 2884 1993 sitientia
2914 1939 3115 2009 proluit
3142 1956 3258 2005 ora,

533 2021 1072 2079 Falcihusincurvum
1099 2022 1404 2078 vomeribus
1432 2022 1681 2092 rigidum,
2217 2030 2386 2096 Quem
2413 2028 2605 2099 palmae
2626 2028 2919 2084 obtulerint
2942 2070 2958 2095 ,
3008 2046 3169 2101 quem
3211 2047 3341 2087 cava
3371 2046 3578 2101 gemma

460 2111 521 2169 In
549 2114 770 2180 aedem,
800 2123 855 2169 et
880 2114 1042 2180 diras,
1064 2114 1326 2169 bellorum
1354 2114 1599 2181 crimina,
1626 2122 1830 2170 mortes
3253 2120 3503 2193 [liquorz

318 2200 424 2259 505
531 2203 812 2260 Armamus
833 2203 1028 2272 contis,
1059 2203 1363 2270 missilibus,
1406 2204 1615 2273 gladiis.
2002 2209 2107 2266 550
2141 2207 2207 2263 Et
2234 2209 2311 2265 sic
2337 2210 2632 2280 suscipient
2659 2208 2829 2265 rabidi
2853 2208 3057 2278 jejunia
3084 2212 3285 2266 ventris

459 2299 694 2356 Pelleret
716 2308 776 2355 ut
795 2298 962 2369 frigus
984 2300 1281 2356 violentum
1308 2301 1614 2370 accepimus
1643 2300 1840 2369 ignem,
2211 2298 2358 2367 Quos
2389 2301 2622 2355 cristalla
2651 2301 2881 2367 dabunt,
2913 2316 3154 2371 quosque
3182 2304 3377 2374 patella
3407 2304 3580 2371 cibos,

534 2393 767 2449 Pelleret
791 2401 849 2448 ut
870 2393 1122 2451 tenebras
1148 2392 1592 2464 discoqueretque
1619 2393 1785 2464 dapes
1810 2412 1823 2447 :
2144 2394 2225 2447 An
2253 2407 2361 2447 non
2397 2392 2647 2462 pellendo
2674 2392 2912 2461 glacialis
2937 2390 3136 2461 frigore
3162 2394 3367 2449 brumae

459 2484 732 2558 Caepimus
760 2486 933 2541 insani
967 2485 1213 2542 ﬂammas
1241 2486 1534 2541 immittere
1561 2486 1719 2542 tectis
2213 2485 2365 2541 Hirta
2395 2485 2492 2540 tibi
2524 2486 2714 2542 melius
2740 2485 2902 2556 pallia
2929 2486 3135 2554 praebet
3154 2488 3306 2556 ovis;

534 2580 710 2650 Atque
730 2577 1016 2635 exurendis
1038 2577 1268 2634 subdere
1288 2577 1627 2646 corporibus,
2141 2579 2314 2647 Quam
2341 2592 2461 2647 qum
2478 2619 2495 2645 ,
2522 2577 2726 2633 lentato
2752 2591 2851 2647 per
2878 2576 3081 2631 lubrica
3112 2576 3201 2633 fila
3230 2578 3471 2646 metallo,

316 2669 423 2726 510
460 2671 737 2741 Tanquam
792 2676 936 2727 esset
978 2684 1201 2740 parvum
1247 2668 1523 2739 praedandi
1571 2669 1626 2722 in
1669 2667 1896 2724 crimine
2002 2671 2108 2727 555
2214 2672 2466 2725 Alternos
2490 2668 2690 2740 frangit
2719 2670 2881 2725 vestis
2909 2678 3099 2724 onusta
3128 2669 3367 2739 gradus?

1560 2759 1823 2834 [crimen,
2140 2763 2257 2831 Quo
2285 2763 2382 2817 tibi
2408 2763 2691 2832 perlucens
2720 2764 2954 2828 habitus,
2984 2765 3075 2833 qui
3107 2764 3340 2832 tegmine
3366 2778 3489 2817 raro

524 2854 591 2911 Ni
620 2852 785 2909 ferret
810 2868 1022 2924 sparsas
1047 2852 1307 2923 sanguine
1334 2860 1521 2923 raptor
1548 2867 1716 2922 opes;
2210 2850 2413 2907 Offerat
2441 2852 2638 2920 ignotis
2660 2852 2900 2906 membra
2930 2850 3157 2920 tegenda
3189 2851 3404 2906 oculis?

456 2944 525 3001 Et
548 2946 775 3001 miseros
801 2944 975 3016 pinnis
1002 2944 1165 2999 variis
1189 2944 1272 2999 vis
1300 2943 1482 2997 ultima
1513 2951 1688 3011 cogat,
2140 2942 2460 3013 Argentum,
2494 2950 2550 2996 et
2570 2940 2687 2995 auri
2714 2940 2907 3005 moles,
2938 2948 2993 2993 et
3019 2952 3230 3007 gemma
3262 2954 3571 3005 coruscans,

524 3035 661 3093 Cum
687 3035 832 3108 quod
860 3036 1058 3090 habent
1086 3034 1351 3106 perdant,
1401 3034 1581 3090 dicere
1608 3035 1655 3089 si
1681 3048 1788 3104 qua
1817 3035 1895 3091 la-
2208 3032 2252 3088 E
2280 3032 2480 3088 mundo
2502 3074 2518 3101 ,
2549 3040 2604 3088 et
2634 3030 2815 3086 mundi
2842 3038 2927 3085 est
2950 3047 2964 3083 :
3014 3030 3140 3085 hinc
3165 3029 3343 3094 venit,
3373 3028 3460 3083 hic
3486 3044 3578 3083 re-

642 3132 647 3137 i
1643 3129 1663 3204 [
1684 3137 1821 3184 ίθηῑ·
1929 3194 1966 3204 _
3298 3120 3320 3194 [
3340 3119 3497 3175 sidet.

454 3221 732 3279 Fratribus
759 3222 960 3278 invisos
986 3221 1200 3286 fratres,
1234 3222 1506 3291 vitamque
1534 3194 1819 3293 parentum
1919 3194 1967 3260 ο
1999 3216 2101 3276 560
2137 3216 2346 3276 Venisti
2373 3217 2430 3272 in
2456 3214 2715 3271 mundum
2744 3212 2948 3281 'nudus,
2978 3210 3261 3283 nudusque
3290 3210 3490 3267 redibis
3514 3228 3527 3263 :

313 3312 421 3370 515
523 3313 753 3371 Exosam
781 3315 922 3370 natis
948 3313 1077 3370 fecit
1101 3314 1345 3369 avaritia.
2205 3309 2291 3365 Nil
2316 3315 2496 3364 tecum
2523 3305 2779 3361 attuleras
2800 3346 2817 3374 ,
2842 3302 2983 3359 ferre
3010 3303 3143 3358 nihil
3169 3301 3395 3373 poteris.

455 3405 532 3463 De
558 3422 690 3462 vero
718 3406 928 3473 falsum,
956 3406 1027 3463 de
1054 3404 1191 3461 falso
1218 3404 1418 3476 ﬁngere
1443 3421 1631 3462 verum
2137 3400 2304 3458 Ferre
2356 3408 2538 3456 tamen
2598 3396 2801 3469 poteris
2861 3402 3170 3467 contempta
3214 3394 3303 3450 hic
3348 3407 3569 3449 munera

533 3496 685 3553 Saeva
712 3512 809 3569 per
830 3497 1139 3552 innumeras
1164 3497 1279 3551 haec
1306 3497 1466 3552 docet
1492 3496 1730 3555 insidias.
3241 3486 3461 3559 [mundi
3488 3505 3501 3540 :

448 3590 565 3649 Hac
591 3591 819 3648 faciente
843 3607 969 3648 reus
997 3592 1125 3647 dum
1150 3599 1360 3660 partem
1387 3590 1652 3645 subtrahit
1672 3592 1816 3657 auri,
2206 3586 2359 3641 Mitte
2384 3590 2684 3646 secuturus,
2714 3595 2833 3651 quas
2858 3580 3217 3651 duplicentur,
3245 3593 3395 3648 opes.

519 3685 579 3740 In
606 3693 835 3740 mortem
865 3690 1013 3739 totus
1040 3683 1255 3738 transiit
1281 3682 1515 3737 Ananias
1540 3699 1554 3735 :
1912 3678 1915 3685 λ
2135 3675 2269 3731 Nam
2302 3680 2515 3730 servata
2540 3671 2699 3727 nimis
2720 3710 2737 3737 ,
2780 3686 2901 3742 quae
2928 3685 3054 3725 mox
3095 3671 3237 3725 bona
3260 3710 3277 3735 ,
3335 3684 3443 3724 non
3482 3677 3570 3723 tua

312 3778 413 3836 620
448 3777 559 3834 Nec
586 3776 770 3842 solus;
800 3775 1001 3831 sociam
1031 3790 1159 3829 nam
1183 3773 1307 3830 fmdi
1335 3775 1390 3829 in
1416 3773 1638 3828 crimine
1664 3771 1786 3828 falsi
3285 3762 3308 3836 [
3330 3762 3461 3818 ﬁent
3483 3802 3498 3827 ,

516 3866 809 3937 Conjunxit
832 3867 1032 3922 misero
1059 3882 1159 3937 par
1179 3880 1393 3935 quoque
1421 3880 1579 3935 poena
1606 3867 1743 3921 viro.
1994 3859 2098 3914 565
2203 3858 2261 3915 Si
2291 3859 2385 3914 tibi
2412 3872 2521 3913 non
2549 3871 2760 3920 serves,
2793 3855 2871 3910 sic
2898 3854 3003 3911 erit
3026 3863 3201 3911 uttua
3231 3854 3357 3909 sint.

449 3963 575 4018 Haec
597 3962 823 4018 miseros
850 3961 1096 4016 homines
1124 3960 1312 4016 mortis
1332 3960 1431 4015 sub
1458 3968 1701 4029 tempore
1726 3958 1855 4015 fecit
2134 3952 2359 4009 Munera
2394 3965 2515 4021 quae
2542 3949 2709 4005 donat
2747 3948 2985 4004 moriens
3006 3986 3023 4013 ,
3070 3947 3186 4003 hanc
3211 3962 3435 4003 munera
3462 3963 3568 4004 non

516 4054 634 4110 Non
660 4055 799 4110 bene
824 4053 1112 4123 postremis
1149 4051 1315 4107 ﬁdere
1338 4050 1569 4121 judiciis.
3291 4038 3458 4111 [sunt
3477 4080 3495 4107 ,

453 4145 767 4202 Subduntur
791 4144 1007 4213 tabulae,
1036 4144 1371 4213 conquiritur
1396 4143 1630 4213 undique
1658 4142 1826 4209 testis,
2201 4138 2379 4195 Donat
2404 4137 2551 4194 enim
2576 4136 2719 4207 quod
2744 4134 2856 4206 jam
2882 4134 3080 4190 desinit
3104 4148 3223 4189 esse
3251 4148 3425 4189 suum.

310 4237 412 4296 525
518 4236 623 4294 Ore
650 4237 829 4294 ferens
856 4236 1046 4291 falsum
1063 4278 1078 4304 ,
1106 4244 1328 4307 pectore
1352 4250 1479 4291 vera
1506 4250 1775 4305 premens.
2134 4232 2237 4302 Qui
2261 4247 2426 4289 sanus
2453 4238 2808 4299 metuensque
2831 4226 2981 4291 nihil,
3011 4225 3103 4296 qui
3122 4237 3302 4279 mente
3329 4223 3529 4295 quieta,

448 4329 774 4402 scalpuntur
825 4344 1046 4399 gemmae
1099 4328 1339 4383 similes:
1404 4342 1595 4382 manus
1641 4325 1885 4397 improba
1990 4334 2095 4389 570
2202 4330 2306 4397 Qui
2335 4328 2437 4384 sibi
2463 4328 2589 4383 dum
2618 4326 2751 4380 vivit
2777 4322 3090 4393 dempserit,
3121 4320 3212 4375 ille
3236 4315 3424 4375 dedit:

1614 4419 1632 4492 [
1656 4418 1814 4475 disc“
2129 4425 2393 4495 Quodque
2419 4422 2521 4478 sibi
2546 4418 2807 4489 dempsit,
2835 4416 3028 4470 melius
3053 4415 3391 4485 reparabitur
3417 4412 3488 4467 illi
3518 4430 3530 4464 :

519 4514 632 4569 Heu
664 4515 678 4567 !
712 4515 854 4568 male
881 4513 1130 4568 mentitas
1158 4510 1452 4567 assimilare
1478 4525 1666 4566 manus
1690 4528 1704 4563 :
1913 4579 1946 4584 _
2201 4517 2413 4584 Integra
2441 4528 2568 4568 mox
2598 4509 2796 4580 capiet,
2828 4507 2921 4576 qui
2950 4507 3188 4577 peritura
3218 4506 3366 4560 dabit
3391 4522 3405 4558 :

448 4607 520 4663 Ut
537 4616 691 4678 Pater
716 4608 937 4662 alterius
964 4606 1135 4661 ῖθεῐυϐ
1162 4604 1434 4673 οΐθάδῑυν,
1463 4611 1519 4660 ei
1536 4604 1709 4660 hiems
1912 4579 1961 4637 Ι)
2131 4579 2359 4667 Condita
2384 4620 2511 4660 nam
2540 4579 2680 4658 caelo
2708 4615 2817 4655 non
2840 4598 2943 4664 fur,
2975 4612 3083 4653 non
3108 4595 3314 4651 auferet
3341 4595 3530 4661 hostis,

515 4697 631 4753 Non
661 4697 831 4767 possit
859 4696 1063 4767 proprii
1092 4695 1231 4750 iilius
1260 4710 1380 4751 esse
1405 4696 1591 4765 patris.
2202 4699 2321 4755 Non
2381 4697 2529 4751 tinea
2583 4702 2677 4748 aut
2722 4691 2916 4761 pluviae
2938 4731 2953 4756 ,
3012 4689 3333 4756 ﬂammaque
3382 4696 3564 4759 carpet

305 4789 409 4848 S50
446 4788 561 4844 Hac
584 4788 721 4845 duce
750 4787 1000 4843 custodes
1026 4788 1168 4842 inter
1196 4802 1418 4842 securus
1448 4786 1657 4842 adulter
3282 4778 3492 4845 [edaxz

520 4880 781 4938 Pervenit
807 4880 873 4936 ad
902 4888 1084 4936 castos
1109 4880 1422 4935 muneribus
1451 4880 1739 4935 thalamos.
1991 4886 2094 4941 575
2129 4883 2282 4941 αωιο
2342 4891 2525 4938 autem
2594 4879 2832 4941 condes,
2905 4872 3162 4946 quidquid
3206 4888 3306 4944 pro
3351 4872 3566 4928 nomine

445 4973 556 5028 ltur
582 4974 636 5028 in
667 4988 828 5029 omne
856 4972 1005 5028 nefas
1030 4972 1222 5027 animis
1243 4971 1596 5041 manibusque
1624 4970 1847 5053 paratis,
3217 4964 3452 5039 [Christi
3472 5006 3488 5028 .

374 5191 543 5245 Versu
570 5190 695 5247 488.
727 5191 895 5257 Delr.,
927 5190 1202 5255 montibus,
1236 5187 1397 5242 male.
1989 5194 2047 5248 s,
2078 5189 2388 5260 Hieronymi
2406 5187 2579 5260 verba
2610 5184 2665 5260 in
2690 5181 2811 5235 Vita
2839 5177 2897 5232 S.
2929 5177 3081 5232 Pauli
3106 5175 3261 5258 primi
3289 5175 3559 5260 eremitac:

371 5272 546 5327 Versu
570 5271 692 5327 504.
722 5272 806 5326 Al.
833 5246 1045 5325 mentes.
1192 5246 1201 5255 I
1999 5246 2331 5335 Vosgemnia
2364 5257 2577 5322 bibitis;
2607 5252 2694 5307 ille
2723 5260 2926 5306 natura:
2953 5246 3185 5304 concauis
3213 5246 3447 5300 manibus
3477 5261 3561 5299 δας

373 5353 544 5408 Versu
574 5350 697 5410 506.
730 5352 815 5406 Al.
855 5351 1112 5406 Vinceret.

730 5352 815 5406 Al.
855 5351 1112 5406 Vinceret.
1989 5335 2195 5407 ἲίδῖεείισ

371 5406 545 5488 γένευ
574 5406 696 5487 5η.
729 5432 813 5487 Al.
847 5431 909 5488 sa
934 5432 1109 5504 ferret.

2058 5417 2233 5504 errsu
2421 5406 2831 5504 Pelrzﬂ'rigora.

370 5486 543 5568 vaga
570 5486 695 5568 520.
728 5486 889 5567 me
913 5486 1067 5584 [ἓεάο.
2057 5495 2229 5584 versu
2258 5490 2384 5584 ss}.
2413 5488 2499 5584 at.
2528 5486 2748 5584 Aferat.

374 5593 542 5647 Versu
569 5593 694 5648 544.
721 5593 889 5659 Delr.,
913 5568 1010 5646 'cur
1035 5593 1181 5645 itur:
1230 5586 1322 5644 sed
1362 5586 1570 5658 Lipsius
1597 5587 1879 5658 legendum
2057 5577 2231 5659 Yersu
2415 5568 2512 5659 ξι..
2530 5569 2708 5621 vitam.

300 5664 473 5719 credit
499 5647 789 5729 Quitritnr.
876 5647 889 5659 ’
1424 5647 1440 5658 ’
1650 5647 1677 5658 ν
2061 5656 2233 5711 Versu
2260 5650 2383 5706 565.
2421 5647 2589 5729 Delr.,
2630 5662 2773 5717 quas.

377 5728 546 5801 Versu
567 5745 694 5800 546.
728 5745 892 5807 Delr.,
920 5744 1065 5797 tectis
1089 5742 1321 5796 coeuntia
1349 5740 1523 5810 lignis.

1176 5742 1321 5793 untia
1349 5740 1523 5810 lignis.
2058 5738 2232 5791 Versu
2419 5728 2585 5810 Delr.,
2617 5742 2777 5779 servo.

374 5827 544 5887 Versu
575 5825 695 5883 549.
727 5824 821 5879 llic
850 5824 1146 5893 respexisse
1170 5820 1375 5877 videtur
1391 5806 1667 5879 'Oricntius
1696 5821 1759 5875 ad
1792 5820 1876 5879 illa
2063 5816 2231 5870 Versu
2251 5808 2373 5865 574.
2404 5806 2485 5863 Al.
2520 5808 2686 5861 tincta.
