4054 6182
560 312 657 367 991
1597 308 1650 365 S.
1694 307 1988 364 ORIENTII
2026 306 2330 366 EPISCOPI
2369 310 2759 369 AUSCIENSIS
3718 309 3818 363 992

759 423 1029 479 Christum
1054 422 1369 493 respiciens,
1399 420 1723 491 pauperibus
1751 420 1979 475 tribues.

694 519 793 585 Qui
825 528 947 588 post
971 526 1260 587 assumpta:
1301 516 1478 573 carnis
1506 517 1759 588 mysteria
1785 516 1915 571 dicit
1938 534 1951 570 :

764 611 981 665 Vestior
1002 611 1054 664 in
1086 609 1259 671 nudis.
1299 608 1551 664 sublevor
1578 609 1630 661 in
1660 608 1893 674 miseris,

698 704 894 759 Visitor
921 705 973 758 in
1008 704 1224 769 clausis,
1255 719 1418 758 curor
1446 701 1696 758 confotus
1721 703 1775 757 in
1805 703 1982 771 aegris,

556 796 656 850 580
764 797 1002 866 Adjuvor
1025 796 1077 850 in
1106 796 1308 865 parvis,
1345 805 1603 866 protegor
1630 798 1683 850 in
1715 795 1909 860 viduis,

691 886 754 939 Et
798 885 1153 956 quodcunque
1198 885 1331 941 facis
1376 886 1627 952 miseris,
1685 886 1771 941 vel
1818 901 1927 940 non
1970 883 2130 950 facis,

1888 974 1909 1049 [
1931 975 2061 1031 illud

763 1064 936 1121 Crede
960 1065 1092 1120 mihi
1122 1063 1258 1131 ﬁeri,
1292 1064 1377 1119 vel
1406 1064 1539 1120 mihi
1571 1080 1678 1120 non
1708 1063 1845 1121 ﬁeri.

695 1158 771 1213 Ac
801 1174 868 1212 ne
899 1159 1207 1228 pauperiem
1235 1173 1442 1228 pauper
1470 1158 1804 1227 przetendere
1826 1159 2021 1229 possis,

768 1247 837 1302 Ut
866 1249 1015 1303 color
1044 1247 1252 1317 injustas
1279 1248 1436 1303 detur
1463 1249 1700 1303 avaritiae
1729 1264 1744 1315 ;

554 1338 659 1395 583
696 1340 751 1394 Si
784 1339 879 1393 tibi
902 1355 1008 1393 non
1033 1338 1229 1393 fuerint
1258 1346 1501 1408 sumptus
1528 1354 1665 1409 quos
1694 1342 1883 1409 quaerit
1910 1357 2127 1411 egenus,

761 1432 877 1486 Non
906 1433 1075 1496 cibus,
1110 1440 1204 1485 aut
1227 1431 1398 1487 calida
1422 1441 1504 1487 est
1531 1448 1639 1501 qua
1666 1432 1911 1488 foveatur
1933 1450 2091 1503 aqua,

688 1526 821 1581 Cum
845 1526 1017 1595 poscit
1044 1524 1249 1593 gelidus
1272 1524 1461 1580 sitiens
1489 1525 1588 1579 sub
1617 1526 1836 1581 nomine
1870 1525 2092 1591 Christi,

758 1614 981 1670 Oblatus
1008 1617 1206 1685 poterit
1234 1616 1455 1685 przemia
1485 1614 1625 1670 ferre
1652 1616 1812 1670 calix.

696 1707 810 1762 lloc
831 1748 848 1774 ,
895 1722 1003 1775 quo
1032 1706 1260 1777 quisque
1287 1714 1443 1776 potes
1465 1746 1480 1771 ,
1526 1705 1783 1761 miserum
1832 1706 2009 1761 solare
2038 1721 2129 1761 ro-

1765 1795 1785 1869 [
1806 1807 2020 1866 gantcm
2045 1816 2059 1865 ;

557 1892 660 1948 590
765 1891 831 1946 Et
859 1892 903 1947 si
932 1891 1200 1948 defuerint
1222 1907 1469 1960 munera,
1498 1898 1624 1946 vota
1652 1890 1823 1945 dabis.

696 1984 813 2055 Ipsa
853 1985 1054 2039 etenim
1094 1992 1220 2038 ante
1262 1983 1426 2038 Deum
1469 1998 1579 2037 non
1625 1990 1710 2037 est
1756 1981 1998 2051 peritura
2044 1996 2135 2037 vo-

1799 2073 1819 2146 [
1842 2073 2019 2127 luntas
2041 2111 2056 2136 ,

765 2167 822 2221 Si
852 2166 988 2222 bene
1008 2181 1115 2221 non
1144 2166 1366 2237 poterit,
1398 2166 1490 2237 qui
1513 2165 1651 2221 bene
1678 2165 1764 2221 vel
1786 2164 1983 2234 cupiet.

694 2256 830 2314 lliuc
858 2258 955 2312 fuit
987 2266 1043 2312 ut
1074 2257 1329 2313 Dominus
1356 2259 1574 2313 monitis
1596 2258 1840 2313 felicibus
1870 2270 2057 2311 omnes

766 2348 1030 2418 Coujungi
1066 2349 1228 2404 vellet
1258 2348 1402 2418 pacis
1433 2364 1617 2404 amore
1641 2348 1907 2403 homines.

553 2439 653 2493 593
692 2438 760 2493 Et
784 2456 903 2509 qua:
928 2457 1026 2511 per
1045 2450 1258 2495 sanctos
1286 2440 1609 2511 praedixerat
1635 2448 1761 2495 ante
1781 2438 2088 2510 prophetas,

622 2594 789 2649 Versu
821 2595 944 2649 576.
978 2596 1061 2650 Al.
1092 2598 1364 2666 recipiens.

620 2666 789 2720 Versu
815 2667 939 2719 585.
967 2666 1049 2718 ΑΙ.
1083 2670 1262 2735 possit.

622 2736 792 2791 Versu
817 2736 941 2791 592.
974 2737 1145 2802 Delr.,
1179 2739 1302 2791 velte
1333 2741 1487 2805 cupit.

2154 425 2210 483 Α

2448 424 2734 496 Discipulis
2755 426 2977 496 proprio
3003 425 3241 481 traderet
3265 438 3360 479 ore
3379 422 3493 478 suis
3519 439 3533 473 :

2379 514 2514 570 Dum
2539 516 2671 571 nihil
2700 516 2986 586 injustum,
3020 516 3093 571 nil
3125 516 3339 583 durum,
3366 514 3443 568 nil
3464 514 3783 584 violentum,

2446 607 2531 661 Nil
2555 608 2691 676 leve,
2715 609 2791 663 nil
2831 609 3104 679 cupidum,
3138 607 3215 662 nil
3238 621 3423 675 grave,
3458 606 3534 660 nil
3553 607 3783 673 varium,

2375 697 2473 754 Vel
2503 699 2681 756 facere
2708 701 2763 755 in
2790 702 2970 766 rebus,
2999 700 3087 755 vel
3116 699 3300 755 verbis
3322 699 3509 755 dicere
3532 709 3719 770 posset

2234 790 2339 846 600
2445 792 2607 849 Casto
2627 803 2870 850 servatus
2898 802 3116 864 pectore
3138 794 3289 865 pacis
3317 808 3491 848 amor.

2378 883 2516 941 Hinc
2544 886 2762 941 cohibet
2788 894 2960 942 totum
2991 886 3143 956 pacis
3168 885 3464 940 concordia
3493 886 3779 955 mundum,

2446 968 2575 1041 0υῶ
2599 976 2770 1031 brutis
2799 977 2963 1031 etiam
2986 991 3105 1030 cum
3136 975 3350 1029 ratione
3377 974 3575 1040 datur;

2375 1064 2438 1119 Et
2463 1083 2583 1120 cum
2613 1065 2945 1121 flammiferis
2978 1066 3247 1135 frigentia,
3283 1065 3469 1120 mollia
3500 1065 3669 1131 duris,

2445 1156 2614 1212 Siccis
2642 1173 2766 1212 cum
2794 1166 3035 1227 pugnent
3062 1156 3313 1220 humida,
3346 1156 3490 1211 lenta
3517 1158 3673 1224 citis;

2234 1244 2338 1300 605
2374 1242 2544 1301 Omne
2572 1261 2672 1317 per
2698 1248 2909 1315 ignotas
2938 1247 3109 1302 tacito
3137 1246 3509 1302 moderamine
3536 1262 3726 1304 causas

2445 1336 2564 1392 Uno
2587 1338 2866 1393 consociat
2891 1337 3093 1393 fmdere
3114 1338 3264 1408 pacis
3292 1352 3451 1408 Opus.

2368 1432 2464 1489 Sic
2492 1433 2677 1502 modo,
2706 1433 2751 1489 si
2775 1436 2957 1505 parvis
2979 1436 3165 1505 cupias
3192 1450 3521 1505 componere
3543 1452 3728 1507 magna
3752 1456 3767 1505 ;

2448 1522 2783 1594 Corporeum
2813 1524 2991 1580 frenat
3012 1526 3162 1595 pacis
3186 1542 3340 1580 amor
3364 1527 3627 1597 populum
3653 1546 3669 1594 ;

2378 1614 2448 1670 Ut
2466 1617 2565 1671 sub
2594 1625 2810 1672 terreno
2832 1617 3069 1672 sociatus
3099 1618 3340 1688 principe
3363 1619 3537 1673 discat

2233 1707 2338 1760 010
2446 1706 2577 1777 Regi
2600 1708 2859 1763 cmlorum
2883 1708 3094 1764 solvere
3117 1718 3251 1763 vota
3278 1709 3458 1765 simul.

2381 1798 2522 1867 Ergo
2556 1799 2661 1853 mei
2689 1799 2878 1856 similis
2903 1807 3173 1869 peccator,
3200 1814 3288 1854 me
3310 1800 3490 1854 minor
3516 1800 3649 1869 imo,

2453 1888 2650 1945 Omnes
2678 1890 2991 1945 criminibus
3017 1906 3249 1960 namque
3272 1904 3377 1959 ego
3404 1892 3562 1947 vinco
3585 1893 3736 1958 meis,

2382 1977 2573 2035 Pacem
2600 1982 2866 2052 placatus,
2896 1997 3086 2052 pacem
3114 1998 3332 2054 quoque
3356 1983 3513 2040 lzesus
3542 1995 3739 2051 amato,

2445 2070 2557 2127 Pax
2580 2074 2633 2127 in
2660 2076 2971 2141 visceribus,
2999 2092 3105 2147 pax
3133 2078 3203 2132 sit
3228 2078 3280 2131 in
3304 2093 3400 2133 ore
3429 2085 3543 2133 tuo.

2232 2161 2338 2217 615
2375 2162 2520 2219 Pelle
2550 2165 2752 2233 odium,
2787 2175 3076 2223 contemne
3098 2168 3293 2235 minas,
3321 2169 3533 2240 depone
3560 2171 3807 2242 rigorem,

2451 2254 2723 2311 Oﬁ‘ensam
2754 2266 2974 2313 teneant
2997 2267 3245 2329 tempora
3274 2260 3419 2314 nulla
3450 2268 3637 2316 tuam:

2378 2344 2446 2401 Ut
2477 2355 2530 2402 te
2554 2347 2637 2402 sol
2665 2348 2873 2403 blanda:
2895 2358 3199 2405 servantem
3226 2350 3436 2405 vincula
3464 2353 3620 2422 pacis

2450 2439 2675 2495 Deserat
2707 2441 3025 2511 abscedens,
3065 2442 3304 2498 inveniat
3328 2441 3573 2499 rediens.

2305 2593 2471 2650 Versu
2501 2594 2623 2651 595.
2656 2597 2742 2653 Al.
2774 2598 3095 2655 laudaverat.

2304 2664 2476 2740 _\_"ersu
2506 2666 2630 2740 008.
2666 2668 2834 2740 Delr.,
2866 2671 3074 2740 premit.

2297 2735 2468 2791 Versu
2499 2736 2625 2791 615.
2655 2738 2738 2793 Al.
2766 2735 3043 2795 rumorem.

1597 2977 1974 3082 LIBER
2051 2952 2757 3082 SECUNDUS.

690 3223 748 3279 Si
773 3223 991 3279 monitis
1015 3222 1260 3293 gradiare
1287 3222 1442 3288 meis,
1470 3222 1725 3278 ﬁdissime
1751 3224 1943 3289 lector,

756 3312 965 3367 Cmrula
989 3327 1212 3369 securus
1233 3312 1371 3367 colla
1395 3313 1594 3381 premis
1621 3312 1846 3368 colubri.

687 3403 930 3472 Cumque
955 3401 1126 3458 aderit
1153 3401 1395 3457 Christus
1418 3402 1605 3472 judex,
1628 3418 1756 3459 mox
1782 3402 1976 3461 obvius
1997 3404 2097 3461 ibis

762 3496 867 3552 Per
892 3506 1135 3551 tenerum
1163 3495 1373 3551 blandis
1398 3510 1525 3550 aera
1547 3500 1696 3551 recte
1724 3496 1887 3552 notis.

620 3590 654 3644 5
691 3588 924 3643 Tantum
952 3598 1010 3643 ut
1037 3588 1305 3643 mandatis
1318 3588 1511 3657 quovis
1532 3587 1635 3644 sub
1666 3594 1911 3658 tempore
1937 3590 1990 3644 in
2017 3590 2132 3645 istis

762 3679 1056 3736 Praetereat
1073 3695 1257 3736 curam
1286 3680 1465 3751 portio
1493 3680 1639 3735 nulla
1668 3688 1836 3735 tuam.

692 3778 773 3831 An
803 3777 849 3831 si
874 3784 1113 3832 ventosae
1142 3784 1359 3831 moveat
1380 3783 1436 3830 te
1464 3775 1639 3843 gloria
1668 3776 1881 3845 lingum,

760 3871 932 3938 Quam
959 3871 1150 3926 suadet
1176 3884 1318 3925 vano
1346 3869 1551 3925 Tullius
1572 3870 1789 3940 eloquio
1820 3888 1832 3923 :

691 3962 783 4018 Sin
815 3961 1083 4031 fugienda,
1102 3961 1278 4031 jocus,
1303 3962 1572 4029 convivia,
1595 3976 1794 4027 sermo,
1822 3961 2092 4033 voluptas,

589 4053 656 4109 Il)
760 4053 924 4123 Sique
946 4053 1106 4108 etiam
1134 4053 1383 4122 tequmvis
1411 4052 1752 4107 dissociande
1773 4054 1900 4123 tuis,

690 4144 810 4213 Quo
838 4144 1015 4201 studio
1044 4146 1213 4199 nostri
1238 4144 1477 4198 servabis
1504 4146 1668 4198 verba
1696 4144 1887 4214 libelli,

770 4237 840 4291 Ut
862 4236 986 4290 vitae
1006 4235 1215 4291 meritis
1244 4234 1604 4290 consociande
1626 4235 1778 4291 Deo?

1047 4324 1135 4379 DE
1160 4323 1348 4381 VANA
1384 4323 1635 4383 LAUDE.

693 4417 997 4489 Praecipuus
1035 4416 1188 4473 labor
1228 4424 1311 4473 est
1348 4417 1602 4474 blandam
1630 4425 1982 4474 contemnere
2012 4420 2128 4474 lau-

1903 4510 2070 4583 [dem,

764 4604 893 4673 Quae
920 4604 1085 4660 trahit
1112 4603 1166 4660 in
1194 4619 1434 4675 praeceps
1459 4603 1742 4660 ambitiosa
1772 4603 2038 4670 homines,

592 4697 659 4749 15
697 4696 761 4750 Et
788 4712 1000 4767 semper
1027 4697 1190 4751 tacito
1218 4696 1435 4751 festinat
1461 4695 1526 4750 ad
1549 4696 1736 4749 intima
1763 4702 1936 4760 motu,

779 4788 1179 4857 Visceribusque
1207 4788 1337 4858 ipsis
1360 4787 1528 4858 pestis
1552 4786 1744 4841 acerba
1766 4785 1938 4842 sedet.

700 4876 891 4933 Omnia
923 4877 1053 4933 dum
1082 4879 1357 4947 volumus,
1388 4877 1613 4934 facimus
1634 4892 1968 4949 quaecunque
1996 4892 2126 4947 pro-

884 5010 891 5015 .
1871 4969 2011 5043 [bari
2042 4987 2054 5022 :

766 5059 943 5130 thue
968 5060 1080 5115 suis
1105 5061 1280 5116 nullus
1304 5077 1412 5117 non
1442 5060 1623 5117 faveat
1646 5060 1809 5115 vitiis.

701 5154 890 5210 Lenito
914 5153 1069 5207 titulo
1098 5168 1318 5222 parcum
1343 5170 1402 5209 se
1427 5154 1558 5209 dicit
1579 5168 1792 5219 avarus,

591 5247 663 5303 2‘)
769 5244 920 5299 Acris
946 5243 1156 5298 velatur
1182 5245 1400 5300 nomine
1426 5245 1649 5305 szevitia,

706 5339 783 5393 Ac
809 5336 997 5393 studiis
1020 5337 1145 5391 totis
1172 5344 1227 5391 et
1255 5344 1367 5391 tota
1396 5337 1616 5391 nitimur
1637 5345 1775 5402 arte,

774 5427 845 5483 Ut
871 5427 1125 5498 quidquid
1155 5427 1423 5494 loquimur
1448 5427 1533 5481 vel
1562 5426 1802 5490 facimus,
1828 5425 2055 5495 placeat.

702 5525 771 5579 At
795 5530 853 5577 tu
874 5522 918 5576 si
947 5519 1158 5575 Christo
1185 5519 1283 5574 soli
1312 5519 1391 5573 vis
1415 5534 1534 5574 esse
1567 5519 1849 5587 probatus,

770 5613 953 5669 Gloria
977 5620 1246 5682 quaeratur
1273 5611 1416 5666 nulla
1446 5609 1541 5665 tibi
1568 5624 1637 5665 ex
1657 5608 1890 5665 homine.

634 5749 805 5805 Versu
832 5748 883 5801 '7.
914 5748 999 5803 Al.
1033 5750 1098 5802 At
1122 5748 1185 5803 si.

634 5823 801 5877 Versu
826 5818 914 5875 28.
948 5818 1073 5890 ch.
1104 5820 1164 5875 Si
1184 5820 1335 5875 male.

2157 4616 2208 4676 D

2149 3227 2196 3291 C
2257 3225 2329 3282 25
2366 3225 2499 3282 Nam
2525 3242 2649 3282 cum
2676 3227 2938 3297 deiectus,
2967 3245 3095 3285 mox
3122 3230 3436 3289 exaltabere
3456 3250 3473 3299 ;
3497 3234 3711 3304 erisque

2451 3315 2555 3371 Pro
2594 3318 2823 3374 Domino
2866 3335 3103 3390 parvus,
3160 3335 3387 3391 magnus
3443 3324 3590 3394 apud
3634 3326 3801 3382 Βοηιί-

2698 3408 2711 3417 .
3582 3422 3752 3494 [nm

2378 3505 2760 3577 Contemptum
2787 3517 2948 3565 vexet
2968 3525 3304 3581 quaecunque
3333 3511 3526 3581 injuria
3551 3514 3705 3581 nulli,

2449 3597 2635 3654 Simile
2656 3601 2963 3669 pertuleris,
2977 3616 3073 3671 par
3094 3614 3312 3672 quoque
3338 3603 3503 3659 redde
3522 3604 3737 3659 malum.

2380 3689 2517 3745 Ecce
2576 3690 2793 3748 Patrem
2876 3691 3122 3750 Christus
3174 3710 3275 3765 pro
3336 3710 3398 3752 se
3451 3695 3799 3753 lacerantibus

3580 3788 3745 3862 [orat;

2271 3870 2339 3925 30
2377 3868 2654 3941 Supplicat
2722 3882 2781 3930 et
2852 3873 3185 3945 Stephanus,
3226 3877 3497 3949 supplicat
3557 3887 3615 3933 et
3657 3878 3803 3934 Jaco-

3574 3971 3737 4045 [bus:

2375 4059 2512 4113 Dum
2541 4059 2658 4114 miti
2686 4075 2989 4131 magnoque
3017 4064 3196 4119 animo
3226 4065 3351 4122 licet
3379 4066 3565 4122 ultima
3588 4067 3727 4137 passi

2446 4149 2731 4206 Pmnarum
2762 4151 2894 4207 nulli
2914 4169 3075 4209 causa
3102 4156 3287 4210 volunt
3315 4156 3455 4213 fieri.

2375 4241 2588 4296 Nullum
2617 4256 2757 4297 saeva
2783 4257 2934 4297 reum
2960 4242 3121 4299 faciat
3146 4248 3434 4313 sententia,
3468 4246 3669 4302 nullum

2447 4332 2677 4389 Austero
2699 4349 2952 4404 proceres
2975 4336 3211 4406 plectere
3226 4338 3450 4407 judicio.

2270 4421 2340 4476 55
2375 4423 2661 4479 Festucam
2690 4433 2909 4481 tenuem
2934 4426 3171 4483 fraterno
3194 4428 3246 4482 in
3274 4429 3476 4485 lumine
3494 4430 3685 4497 cernis,

2447 4513 2870 4585 Luminibusque
2893 4517 2996 4573 tuis
3019 4519 3194 4575 nescis
3216 4520 3391 4576 ineSse
3412 4522 3636 4576 trabem.

2374 4604 2576 4674 lujuste
2602 4607 2824 4664 alterius
2842 4610 3023 4678 cupiet
3051 4610 3355 4667 describere
3376 4614 3560 4681 vitam,

2447 4698 2695 4752 Assertor
2719 4699 2838 4753 vita:
2862 4701 2951 4769 qui
2980 4703 3166 4770 nequit
3192 4718 3311 4758 esse
3338 4719 3469 4759 suae.

2374 4790 2481 4845 Sed
2508 4806 2606 4845 nos
2630 4791 2867 4847 damnati
2896 4794 3036 4849 vitiis
3063 4795 3376 4862 insistimus,
3407 4807 3462 4854 et
3483 4814 3601 4869 qua:

2271 4883 2342 4937 40
2448 4882 2555 4953 Ipsi
2585 4886 2975 4954 persequimur,
3005 4903 3133 4944 mox
3162 4891 3325 4945 etiam
3352 4890 3593 4947 facimus.

2607 4997 2697 5053 DE
2732 4997 3053 5056 CAV'ENDO
3088 5000 3458 5058 MENDACIO.

2383 5110 2594 5166 Fallere
2614 5110 2774 5166 crede
2798 5111 2948 5166 nefas
2970 5130 2984 5165 :
3008 5110 3166 5166 durat
3186 5113 3454 5169 sententia
3479 5113 3661 5170 dicens
3684 5134 3697 5168 :

2449 5203 2521 5258 Os
2541 5204 2685 5272 quod
2704 5204 2982 5270 mentitur,
3010 5206 3184 5262 morte
3207 5207 3447 5264 animum
3467 5209 3697 5278 perimit.

2378 5293 2449 5351 Et
2474 5297 2616 5366 quod
2644 5311 2807 5350 verax
2837 5304 2941 5365 est,
2969 5312 3183 5369 semper
3207 5298 3409 5355 dixisse
3434 5309 3705 5356 memento

2454 5391 2523 5446 Et
2548 5406 2657 5446 non
2684 5391 2828 5463 quod
2853 5408 2963 5448 non
2982 5401 3087 5460 est,
3116 5407 3294 5449 sermo
3324 5401 3449 5451 tuus
3467 5402 3703 5452 resonet.

2853 5502 2939 5559 DE
2977 5501 3183 5559 GULA.

2278 5619 2347 5673 45
2385 5617 2535 5671 Dulci
2564 5625 2824 5687 prmterea
2852 5616 3031 5672 frenos
3054 5616 3273 5688 impone
3294 5617 3501 5691 palato,

2314 5755 2481 5812 Versu
2511 5752 2597 5808 5i.
2630 5752 2790 5808 Forte
2816 5767 3071 5822 properes.
