4066 6192
354 258 457 316 995
1564 254 2153 314 COMMONITORIUM.
2196 253 2320 309 LIB.
2358 254 2420 309 ιι.
3359 217 3369 225 ’
3518 245 3622 301 994

562 375 641 432 Ne
660 391 823 448 sapor
851 378 1103 446 antiquus
1128 375 1313 431 saeviat
1342 374 1628 437 illecebris,
1969 380 2010 437 κ
2242 370 2514 426 Contento
2540 368 2742 439 poteris
2766 369 3086 424 sustinuisse
3110 371 3315 426 animo.

492 464 618 521 lllos
646 466 902 522 omlorum
933 466 1091 522 donis
1120 466 1407 535 regnisque
1438 464 1640 534 potitos
2175 461 2494 516 Discurrens
2522 460 2710 515 urbem
2732 461 2861 516 totis
2887 461 3121 516 lustrare
3143 461 3332 517 diebus

566 557 715 612 Fecit
740 558 996 613 mortales
1025 558 1310 613 ambitiosa
1340 557 1487 626 gula.
2036 551 2141 607 100
2248 550 2351 606 Vix
2372 551 2547 606 media
2574 551 2747 607 fessus
2767 560 2927 607 nocte
2948 552 3127 607 redire
3154 553 3392 607 domum.

493 648 629 703 Dum
658 650 828 720 magis
858 651 911 704 in
939 650 1167 705 velitum
1194 650 1431 718 ruimus,
1460 649 1811 721 cupimusque
1828 658 1927 698 ne-
2174 640 2555 711 Continuoque
2584 643 2777 698 iterum
2803 644 2978 713 prima
3003 658 3331 712 consurgere
3360 643 3503 709 luce,

1695 737 1857 809 [δέκα.
2250 731 2321 787 Ut
2348 733 2558 787 clausas
2585 734 2757 803 possis
2777 734 2987 803 primus
3010 734 3158 787 adire
3182 733 3346 787 fores.

389 828 456 883 50
564 829 632 885 Et
659 832 806 901 quod
828 831 1046 889 dillicile
1071 840 1171 901 est,
1200 834 1304 888 hoc
1331 832 1512 903 potius
1537 831 1800 885 volumus.
2176 824 2245 878 Et
2267 838 2390 879 cum
2411 832 2465 878 te
2487 825 2665 879 tenuis
2684 840 2782 893 per
2807 825 2943 879 dura
2971 825 3160 879 sedilia
3188 839 3413 879 somnus

2251 918 2586 989 Compulerit
2614 919 2814 975 fessum
2842 920 3154 991 deposuisse
3175 932 3369 990 caput;

879 988 968 1044 DE
1001 988 1409 1045 EBRIETATE.
2038 1011 2140 1065 tos
2175 1012 2267 1067 Ille
2295 988 2446 1082 prior
2473 1011 2485 1065 ι

2038 1011 2140 1065 tos
2175 1012 2267 1067 Ille
2295 988 2446 1082 prior
2473 1010 2653 1066 forsan
2682 1011 2774 1083 qui
2802 988 2975 1067 serior
3002 1012 3169 1068 adfuit
3192 988 3266 1067 ibi

497 1100 769 1173 Praecipue
797 1105 946 1173 largo
974 1120 1139 1160 venas
1167 1102 1488 1173 perfundere
1518 1102 1643 1155 vino
2251 1104 2403 1158 Atria
2431 1103 2687 1173 pulsabit,
2713 1103 2875 1158 stulta
2906 1105 3126 1173 querela
3153 1113 3333 1159 notus.

565 1190 801 1263 Respue,
827 1210 893 1250 ne
916 1196 1108 1265 raptim
1130 1196 1252 1248 vina
1279 1209 1484 1248 venena
1515 1193 1663 1246 fiant.
2179 1195 2289 1248 Aut
2314 1194 2358 1249 si
2386 1194 2633 1249 lictorem
2661 1200 2845 1263 tanget
2865 1210 2968 1249 vox
2995 1195 3208 1260 clarior,
3235 1203 3363 1263 opta

500 1283 568 1340 Ut
595 1286 768 1341 nimiis
796 1288 1007 1357 quoties
1035 1288 1148 1342 sitit
1173 1287 1391 1341 :estibus
1419 1286 1567 1340 arida
1598 1285 1775 1347 tellus,
2251 1285 2323 1340 Ut
2349 1286 2491 1340 bene
2519 1286 2820 1352 submotus,
2847 1300 2949 1340 nec
2978 1285 3120 1339 male
3146 1300 3312 1339 caesus
3333 1300 3445 1339 eas.

564 1376 746 1432 Solers
772 1377 824 1431 in
854 1376 1058 1433 fructus
1084 1393 1243 1446 quam
1278 1385 1432 1447 parat
1459 1376 1714 1446 agricola,
2177 1375 2287 1432 Sed
2313 1375 2399 1432 fac
2422 1376 2566 1446 quod
2590 1392 2773 1431 rarum
2798 1384 2900 1444 est,
2923 1384 2983 1430 ut
3011 1376 3184 1430 victus
3201 1376 3403 1445 janitor
3421 1392 3552 1433 auro

390 1467 461 1522 55
496 1465 553 1521 Si
579 1468 725 1537 prius
749 1468 962 1522 evulsas
987 1483 1147 1539 quam
1176 1468 1256 1523 sol
1285 1468 1584 1522 internecet
1612 1466 1829 1533 herbas,
2040 1468 2141 1523 HO
2248 1468 2325 1522 Ac
2348 1467 2601 1537 precibus
2622 1468 2836 1522 tandem
2857 1468 3029 1522 dicat:
3050 1466 3211 1522 Adire
3234 1476 3410 1538 potes.

564 1558 774 1615 lnroret
791 1558 1033 1615 madidos
1060 1556 1240 1613 nubila
1268 1558 1431 1612 densa
1462 1556 1611 1623 dies;
2178 1557 2482 1628 lngrederis
2506 1559 2683 1625 lingua
2707 1557 2953 1623 blandus,
2981 1558 3237 1628 vultuque
3259 1558 3551 1626 modestus,

496 1648 748 1705 Protinus
774 1659 829 1705 et
856 1659 1059 1720 sentes,
1082 1660 1137 1705 et
1158 1652 1399 1720 gramina
1430 1652 1590 1705 noxia
1623 1651 1782 1708 messi
2248 1647 2492 1718 Corpore
2522 1648 2798 1716 subjectus
2828 1665 2840 1701 :
2875 1648 2950 1701 nil
2978 1656 3161 1702 tamen
3193 1648 3295 1702 ista
3323 1648 3531 1717 juvant.

567 1740 873 1797 Seminibus
894 1742 1068 1808 victis,
1093 1742 1229 1797 heu!
1256 1743 1393 1797 male
1422 1743 1539 1797 laeta
1572 1736 1722 1797 feret.
1968 1754 2015 1814 Β
2181 1737 2365 1794 Omnis
2386 1741 2560 1794 honor
2580 1740 2735 1810 pretii
2757 1747 2839 1794 est
2864 1756 2876 1792 :
2902 1739 2975 1793 ibi
2996 1755 3093 1809 pro
3123 1740 3360 1809 pondere
3382 1743 3578 1797 nummi
3600 1761 3615 1796 :

495 1831 735 1904 Corpora
762 1835 839 1890 sic
865 1835 1036 1889 multo
1056 1832 1256 1890 fuerint
1276 1849 1393 1904 qua:
1417 1834 1594 1888 dedita
1614 1834 1761 1899 vino,
2254 1831 2453 1887 Charta
2478 1848 2572 1887 seu
2596 1832 2736 1887 foliis
2758 1833 2872 1888 sive
2900 1842 3094 1902 potens
3123 1833 3339 1887 tabulis.

389 1928 458 1979 tit)
564 1927 818 1983 Consiliis
845 1936 1075 1997 pereunt
1094 1970 1107 1991 ,
1135 1929 1409 1983 luxuriant
1436 1928 1599 1982 vitiis.
2045 1922 2149 1977 “5
2182 1923 2317 1977 Nam
2346 1924 2391 1979 si
2420 1925 2645 1979 cessarit
2669 1924 2819 1980 dives
2839 1940 3055 1993 manus,
3084 1926 3233 1979 irrita
3264 1942 3349 1980 res
3378 1935 3480 1982 est.

494 2018 562 2072 Et
589 2019 716 2087 quid
746 2020 1033 2088 sordidius,
1056 2020 1185 2088 quid
1206 2021 1309 2074 erit
1331 2018 1623 2073 deformius
1644 2034 1898 2088 unquam,
2253 2014 2322 2069 Et
2346 2016 2391 2071 si
2412 2017 2575 2071 verba
2596 2015 2768 2085 dabit,
2792 2024 2852 2069 tu
2874 2030 3090 2085 quoque
3111 2016 3275 2071 verba
3304 2016 3463 2072 feres.

567 2111 740 2180 Quam
761 2112 806 2166 si
838 2121 890 2168 te
921 2112 1130 2167 tibimet
1155 2112 1434 2167 subtrahat
1463 2112 1742 2166 ebrietas?
2186 2108 2267 2163 An
2296 2109 2472 2165 honor
2498 2109 2709 2175 arrisit,
2734 2124 2896 2179 quem
2938 2124 3153 2181 semper
3192 2111 3247 2165 in
3289 2111 3477 2167 ordine
3509 2128 3628 2169 mos

493 2202 630 2257 Cum
656 2211 819 2273 caput
845 2203 949 2259 huc
972 2204 1101 2259 illuc
1126 2211 1333 2275 vergat,
1356 2218 1676 2275 gressusque
1700 2204 1935 2271 vacillet,
3445 2204 3551 2277 [est

565 2296 823 2368 Mensque
846 2306 1003 2367 neget
1025 2314 1263 2367 sensum,
1281 2299 1459 2369 lingua
1480 2290 1667 2354 tenere
1688 2314 1899 2364 sonum,
2256 2291 2484 2349 Sumere
2514 2308 2639 2350 sero
2668 2293 2915 2362 quidemY,
2940 2293 3035 2349 sed
3063 2295 3307 2365 posuisse
3337 2296 3484 2350 cito?

391 2390 462 2444 65
495 2388 826 2446 Claudantur
853 2392 1075 2460 gravido
1100 2393 1381 2462 vergentia
1409 2392 1610 2447 lumina
1634 2406 1845 2457 somno,
2182 2384 2317 2440 Nam
2345 2386 2491 2458 quod
2516 2395 2573 2442 tu
2602 2387 2860 2455 dederas,
2884 2404 3013 2444 mox
3035 2386 3277 2445 conferet
3303 2390 3440 2444 alter
3468 2398 3522 2444 et
3548 2390 3626 2445 al-

566 2479 703 2547 Quid
732 2479 863 2537 facis
892 2482 1137 2550 ignores,
1158 2490 1218 2537 tu
1246 2496 1463 2552 quoque
1492 2497 1613 2535 cum
1640 2481 1825 2536 facias.
3404 2480 3510 2553 [ter
3536 2497 3549 2533 :

494 2572 631 2641 Quid
659 2573 854 2643 loquar
878 2572 1138 2641 ablatum,
1163 2572 1319 2627 vultu
1349 2571 1614 2633 fumante,
1642 2571 1899 2636 calorem,
2040 2568 2144 2621 120
2253 2567 2410 2636 Quod
2438 2569 2594 2623 multi
2621 2570 2879 2640 cupiunt,
2905 2584 3065 2625 nemo
3096 2569 3189 2625 diu
3220 2571 3411 2625 tenuit.

562 2660 631 2716 Et
658 2663 799 2719 male
824 2663 1137 2733 compositis
1158 2662 1324 2718 verba
1352 2662 1527 2716 soluta
1555 2661 1762 2716 modis?
2179 2660 2287 2715 Fac
2302 2667 2483 2715 tamen
2499 2662 2785 2731 utlongum
2805 2662 3003 2717 durans
3019 2663 3194 2717 honor
3215 2661 3382 2728 inflet,
3399 2672 3523 2732 agat
3542 2671 3625 2729 te,

491 2751 756 2810 Labentes
781 2754 1027 2808 manibus
1054 2753 1272 2818 calices,
1302 2766 1625 2822 mensasque
1646 2767 1742 2823 per
1760 2752 1907 2822 ipsas
2249 2752 2630 2826 Nunquidnam
2656 2757 2815 2811 linem
2848 2773 2956 2812 non
2984 2756 3263 2811 habiturus
3284 2756 3426 2810 erit?

391 2843 460 2896 70
566 2841 848 2899 hnmixtos
876 2843 1002 2898 vino
1027 2858 1170 2913 saepe
1194 2843 1371 2898 redire
1392 2833 1565 2911 cibos,
2178 2846 2367 2917 Finge,
2390 2862 2511 2918 age,
2528 2849 2766 2903 mansuri
2785 2849 3001 2918 signent
3019 2856 3112 2903 tua
3138 2848 3355 2902 nomina
3381 2847 3569 2913 fastus,

496 2934 678 3008 Teque
715 2952 814 3008 per
856 2938 1187 3005 innumeros,
1217 2952 1337 2992 cum
1364 2938 1482 2992 vult
1519 2953 1673 2992 mens
1705 2938 1887 2993 saucia
1915 2978 1931 3003 ,
2251 2938 2427 3010 Atque
2451 2949 2544 2995 tuo
2568 2940 2695 2996 felix
2725 2956 2897 2997 annus
2923 2949 3011 2996 eat
3035 2942 3191 2996 titulo
3220 2958 3235 2995 :

1636 3028 1857 3103 [motus,
2038 3025 2142 3082 1‘25
2179 3026 2319 3095 Quid
2339 3030 2553 3085 tandem
2570 3031 2808 3101 prodest,
2848 3047 2969 3086 cum
2985 3032 3181 3087 desinit
3209 3047 3330 3087 esse
3351 3031 3627 3102 potestas!

565 3117 661 3174 Vel
688 3118 924 3188 gaudere
947 3118 1125 3185 nimis,
1153 3118 1243 3174 vel
1269 3118 1431 3174 modo
1460 3117 1590 3174 flere
1616 3119 1803 3183 nimis;
1960 3131 2004 3192 α
2252 3120 2309 3176 1η
2339 3134 2449 3191 quo
2479 3122 2712 3177 sentitur
2730 3123 2876 3193 quod
2901 3122 2999 3178 fuit
3020 3131 3181 3193 atque
3209 3124 3378 3181 abiit?

494 3211 561 3266 Et
586 3228 726 3268 nunc
754 3212 949 3268 saltatu
976 3212 1253 3281 vergentia
1286 3212 1528 3267 membra
1555 3219 1757 3275 rotare,
2184 3212 2253 3267 Et
2274 3213 2419 3283 quod
2442 3214 2707 3285 paulatim
2736 3214 3030 3270 succedens
3057 3216 3263 3271 nesciet
3286 3218 3453 3282 artas?

564 3305 719 3361 Nunc
740 3306 871 3359 dare
894 3304 1110 3360 lascivis
1127 3303 1349 3359 brachia
1369 3312 1517 3358 mota
1537 3302 1738 3358 choris.
2250 3303 2316 3360 Et
2342 3306 2488 3376 quod
2514 3307 2559 3361 si
2588 3306 2801 3372 scierit,
2831 3306 2960 3376 quid
2986 3307 3082 3361 tibi
3105 3322 3312 3362 merces
3335 3309 3479 3363 erit?

389 3397 459 3452 75
492 3395 804 3452 Exclamare
828 3396 960 3451 libet
986 3396 1113 3451 vino
1140 3396 1475 3466 dapibusque
1501 3396 1791 3466 sepultum,
2182 3393 2293 3450 Sed
2322 3395 2415 3465 qui
2444 3404 2664 3451 terreno
2694 3403 2902 3449 tantum
2925 3394 3183 3465 dependis
3212 3396 3444 3465 honori,

563 3489 727 3544 Forte
752 3489 915 3544 etiam
939 3487 1143 3558 proprii
1170 3487 1403 3543 nominis
1425 3488 1830 3543 immemorem?
2040 3486 2142 3540 150
2250 3487 2529 3558 Tantaque
2554 3502 2700 3541 nunc
2725 3486 2974 3541 homines
3001 3472 3295 3541 ambitione
3322 3489 3479 3556 colis,

491 3579 621 3649 Ejus
641 3581 734 3649 qui
765 3580 931 3635 donet
959 3580 1137 3646 largus
1161 3578 1260 3632 tibi
1288 3578 1439 3643 talia,
1462 3578 1681 3646 quando
2188 3576 2253 3631 Ut
2275 3578 2504 3633 Domino
2531 3577 2769 3645 placeas,
2801 3576 2955 3645 cujus
2978 3584 3102 3630 sunt
3130 3576 3333 3640 omnia,
3356 3575 3592 3641 Christo,

564 3670 765 3726 Orandi
790 3671 982 3727 subeat
1010 3678 1139 3725 tunc
1158 3670 1247 3739 pia
1270 3678 1400 3723 Cura
1422 3668 1557 3724 Dei?
2251 3668 2474 3739 Insuper
2493 3677 2548 3724 et
2574 3682 2800 3738 regnum
2821 3685 3165 3739 promereare
3184 3670 3301 3725 Dei.

492 3764 721 3819 Pascere
748 3771 859 3817 tam
884 3776 1079 3831 magno
1107 3768 1323 3831 sumptu
1348 3768 1480 3832 quot
1505 3777 1692 3833 posses
1714 3776 1933 3831 egenos,
2184 3759 2502 3815 Anteferens
2521 3776 2709 3815 verum
2729 3760 2897 3828 falsis,
2922 3762 3160 3831 ingentia
3186 3761 3390 3833 parvis,

387 3855 459 3910 80
562 3856 814 3924 Quotque
840 3853 958 3909 dies
982 3853 1135 3909 laetos
1164 3853 1279 3908 haec
1305 3851 1463 3907 daret
1490 3868 1598 3907 una
1626 3853 1780 3909 dies?
2254 3850 2386 3906 Vilia
2410 3853 2728 3920 magniﬁcis,
2753 3855 2962 3924 perdita
2992 3856 3286 3925 perpetuis.

500 3947 569 4001 At
596 3956 652 4002 te
682 3961 824 4003 nunc
852 3952 1034 4001 saturo
1063 3960 1268 4016 pauper
1283 3944 1501 4014 jejunus
1528 3945 1744 4000 oberrat
1768 3964 1781 3999 :
2041 3942 2146 3997 l35
2182 3940 2446 3999 Devotum
2479 3945 2666 4000 vincet
2693 3960 2815 4016 quae
2843 3947 3062 4001 tandem
3083 3946 3273 4016 injuria
3295 3948 3518 4017 pectus?

566 4037 646 4093 Tu
667 4038 852 4094 vinum
880 4038 1149 4103 revomis;
1175 4037 1265 4091 vix
1294 4038 1456 4092 habet
1482 4038 1617 4092 alter
1646 4053 1860 4107 aquam.
2251 4034 2318 4089 Et
2345 4034 2473 4105 quid
2503 4037 2607 4091 erit
2635 4037 2874 4093 celsum?
2894 4038 3024 4109 quid
3054 4038 3153 4093 tibi
3182 4038 3397 4094 ditlicile
3424 4043 3547 4095 est?

492 4130 561 4185 Et
587 4132 633 4188 si
661 4131 800 4186 forte
827 4131 1005 4186 cibum
1027 4145 1134 4185 vox
1162 4129 1336 4199 poscit
1364 4143 1553 4198 egena,
1576 4131 1797 4199 negabis
2182 4124 2424 4197 Namque
2454 4127 2588 4183 nihil
2617 4128 2811 4185 durum
2836 4137 2953 4197 est,
2975 4145 3097 4185 cum
3121 4145 3245 4201 spes
3268 4132 3537 4197 succedit,
3569 4139 3625 4186 et

567 4220 698 4277 Ollis
721 4221 871 4289 queis
900 4220 1032 4274 nihil
1060 4226 1144 4274 est
1169 4220 1273 4273 hoc
1298 4219 1393 4273 tibi
1424 4219 1569 4288 quod
1596 4228 1860 4288 superest.
3354 4222 3552 4295 [omnis

389 4312 460 4364 85
495 4309 681 4365 Sentio
705 4310 819 4379 jam
840 4308 1040 4364 dudum
1070 4309 1293 4364 tacitum
1324 4317 1380 4363 te
1405 4309 1603 4372 dicere,
1630 4308 1801 4362 lector
1825 4327 1836 4359 :
2254 4309 2508 4369 Pervenit
2535 4314 2604 4369 ad
2633 4314 2866 4370 fructum
2895 4315 3070 4370 victus
3100 4314 3305 4370 honore
3331 4314 3521 4369 labor:

561 4402 700 4457 Vera
724 4401 965 4471 quidem,
987 4401 1082 4456 sed
1107 4407 1233 4455 sunt
1257 4399 1424 4453 ardua
1446 4414 1564 4468 qum
1582 4400 1790 4454 statuis.

2184 4407 2253 4464 Et
2276 4411 2528 4477 fructum,
2553 4416 2669 4463 toto
2699 4408 2790 4478 qui
2818 4407 2975 4462 duret
2998 4416 3265 4477 tempore,
3289 4421 3449 4475 quem
3481 4422 3584 4461 non

495 4497 673 4550 Ardua
702 4496 1060 4565 praecipimur,
1087 4493 1155 4549 de
1175 4500 1319 4547 terra
1342 4492 1603 4549 scandere
1623 4495 1839 4550 ctelnm.
1962 4521 2013 4580 ι)
2042 4499 2142 4555 MO
2251 4500 2472 4555 Auferat
2494 4500 2744 4565 ambitor,
2770 4498 3045 4568 prodigus,
3068 4497 3397 4567 impatiens?

562 4589 681 4643 Non
708 4598 791 4643 est
818 4587 962 4659 quod
988 4601 1158 4656 parvo
1178 4594 1323 4641 stare
1350 4585 1535 4640 labore
1558 4595 1731 4656 putes.
2183 4594 2348 4649 Audis
2367 4592 2722 4664 spondentem
2744 4591 3027 4645 Dominum
3047 4606 3186 4645 nova
3207 4593 3429 4661 prtemia
3440 4592 3461 4663 j
3470 4595 3622 4658 ustis,

494 4682 718 4753 Magnus
756 4682 901 4735 enim
936 4680 1093 4735 labor
1120 4686 1238 4747 est;
1268 4678 1365 4734 sed
1395 4693 1604 4733 merces
1633 4693 1824 4748 magna
1851 4678 1932 4731 la-
2255 4685 2541 4740 Promissis
2564 4698 2779 4753 semper
2798 4682 2889 4752 qui
2918 4683 3141 4737 meliora
3170 4682 3337 4737 dabit.

1694 4770 1832 4844 [bori
1866 4789 1876 4822 :
2179 4775 2296 4830 Non
2320 4782 2607 4844 conspecta
2637 4773 2831 4837 oculis,
2860 4787 2969 4825 non
2998 4772 3215 4828 auribus
3236 4773 3527 4839 insinuata,

383 4868 454 4923 90
563 4864 789 4919 Praemia
812 4863 905 4934 qui
924 4871 1124 4934 Sperat,
1147 4863 1407 4919 desidiam
1437 4863 1623 4932 fugiat.
2248 4868 2369 4938 Ipso
2394 4883 2501 4921 non
2529 4881 2688 4920 sensu
2715 4865 3079 4936 pmmeditata
3106 4865 3271 4935 prius.

494 4956 733 5011 Palmam
762 4971 925 5011 nemo
952 4955 1110 5021 feret,
1132 4956 1233 5010 nisi
1254 4955 1344 5024 qui
1365 4954 1652 5009 certaverit
1672 4961 1798 5008 ante
1823 4972 1835 5005 ε
2038 4959 2143 5015 145
2178 4958 2295 5015 Non
2327 4958 2422 5013 tibi
2453 4957 2719 5012 distillant
2742 4958 2979 5029 pretioso
3000 4957 3203 5013 cortice
3222 4959 3472 5029 myrrhze,

564 5048 682 5103 Non
708 5048 812 5103 nisi
839 5048 1030 5102 victori
1055 5048 1247 5102 blanda
1270 5062 1470 5102 corona
1499 5046 1675 5101 datur.
2255 5050 2450 5104 Thuris
2475 5050 2703 5105 odorato
2732 5050 2935 5120 cespite
2959 5058 3101 5105 terra
3124 5058 3312 5105 tumet.

498 5139 579 5193 An
609 5140 704 5195 tibi
732 5139 947 5209 fragiles
972 5139 1157 5194 mundi
1184 5128 1495 5208 quaeran'tur
1515 5136 1756 5191 honores
2181 5142 2331 5199 Adde
2380 5142 2648 5213 thymum,
2700 5142 2890 5209 violas,
2942 5142 3134 5209 casias,
3184 5143 3444 5207 melilota,
3496 5160 3611 5199 cro.

564 5229 783 5285 Munere
802 5246 939 5300 quos
958 5246 1145 5301 speres
1167 5231 1460 5284 emeruisse
1482 5228 1792 5283 hominem?
3273 5236 3543 5306 [cumque,

380 5327 451 5381 95
494 5328 760 5398 Quidquid
788 5330 841 5385 id
863 5336 946 5384 est
968 5329 1127 5383 variis
1149 5327 1292 5398 quod
1314 5333 1478 5381 vexat
1505 5341 1734 5395 corpora
1756 5326 1931 5391 suavis,
2249 5326 2489 5383 Candida
2512 5325 2753 5397 puniceis
2779 5325 2888 5379 lilia
2912 5324 3076 5395 junge
3104 5326 3261 5381 rosis.

566 5421 702 5477 Dum
730 5424 892 5477 celeri
919 5424 1085 5477 vitam
1108 5421 1372 5477 currimus
1400 5421 1454 5475 in
1482 5420 1655 5475 stadio
1682 5438 1693 5472 :
2178 5420 2311 5475 Cum
2334 5429 2415 5475 tot
2444 5419 2495 5474 in
2522 5419 2605 5473 his
2635 5418 2792 5472 terris
2816 5427 3070 5486 peccator
3093 5432 3314 5473 munera
3337 5433 3538 5486 sumas,

494 5513 897 5583 Contemptum,
924 5514 1151 5584 pluvias,
1184 5513 1367 5583 frigus,
1395 5512 1600 5583 jejunia
1626 5510 1775 5567 rixas
2036 5513 2141 5568 150
2245 5512 2305 5568 In
2327 5512 2479 5568 caelis
2502 5521 2721 5567 sanctus
2746 5526 2865 5579 qua:
2892 5514 3034 5567 bona
3062 5512 3361 5582 percipies?

423 5696 593 5749 Versu
624 5693 711 5761 6].
744 5692 875 5761 Leg.
904 5692 1151 5747 oblatum.
2106 5683 2273 5740 Versu
2299 5684 2385 5740 9'5.
2420 5684 2544 5755 Leg.
2571 5685 2894 5756 perfragﬂes.

424 5766 594 5823 Versu
628 5751 710 5821 7.5.
743 5751 903 5819 Forte
930 5765 1128 5817 samia.
