4054 6182
557 233 657 288 995
1624 235 1679 289 S.
1713 233 2004 291 ORIENTII
2043 236 2340 294 EPISCOPI
2379 239 2767 298 AUSCIENSIS
3716 251 3810 304 996

694 341 855 411 Finge
873 381 889 407 ,
920 356 1049 413 age,
1078 342 1205 413 quid
1228 343 1429 398 clarum
1449 383 1462 405 ,
1495 344 1622 411 quid
1663 346 1966 415 pulchrum,
2000 348 2127 415 quid
2157 358 2206 414 Α
2440 354 2555 410 Hoc
2581 370 2795 426 quoque
2824 358 2967 427 quod
3014 358 3281 428 loquimur
3310 369 3557 431 tempore
3586 377 3808 432 prterito-

1680 500 1683 503 η
1717 438 2052 511 [pretiosum,
3522 452 3741 524 [rimurz

766 523 834 577 Et
862 533 1036 579 totum
1063 540 1315 594 magnum
1342 525 1602 595 quidquid
1635 527 1688 581 in
1714 530 1845 582 orbe
1871 536 2050 597 putas.
2371 533 2438 589 Et
2462 550 2559 605 per
2579 535 2824 593 fallentes
2853 540 3017 595 tacito
3047 541 3321 598 molimine
3353 523 3543 599 cursus

690 611 806 668 Hoc
834 615 1037 670 meritis
1066 615 1301 670 dandum
1326 614 1589 681 felicibus,
1614 632 1776 673 aurea
1801 625 1961 681 tecta,
2432 615 2608 696 'Urget
2634 645 2912 699 supremos
2941 632 3124 686 ultima
3155 634 3261 687 vita
3289 634 3405 689 dies
3432 652 3445 688 ;

758 707 1071 763 Gemmatos
1097 717 1299 778 postes,
1322 725 1759 779 purpureumque
1783 711 1978 778 solum,
2371 714 2509 771 Cum
2548 719 2699 774 cibus
2738 728 2793 775 et
2832 738 3057 778 somnus
3079 766 3093 791 ,
3120 724 3246 779 dum
3283 726 3447 781 verba
3468 769 3482 792 ,
3516 734 3571 783 et
3616 730 3805 799 pocula

549 796 650 849 155
688 797 939 868 Ruraque
958 799 1232 854 vernantis
1254 814 1469 869 semper
1493 800 1793 856 redolentia
1817 800 1970 867 ﬂore,
3457 796 3737 891 [mulcenL

757 889 922 945 Lacte
946 900 1001 944 et
1026 891 1185 946 melle
1208 892 1368 949 simul
1395 892 1612 947 ﬂumina
1637 894 1794 964 plena
1818 895 1979 949 trahi.
2228 899 2332 955 200
2438 901 2562 957 Sive
2583 904 2743 960 domo
2765 906 2970 971 sedeas,
2994 923 3089 962 seu
3118 909 3401 978 peregrina
3420 889 3575 979 petas
3599 930 3611 964 :

692 980 801 1035 Nec
827 981 950 1048 quia
979 981 1348 1037 conscendunt
1375 982 1606 1051 animos,
1636 991 1692 1037 et
1729 992 1911 1039 mente
1937 982 2125 1039 viden-
2370 992 2613 1065 Dumque
2638 998 2782 1065 geris
2808 999 3165 1069 quodcunque
3206 1001 3368 1069 geris,
3396 1003 3482 1057 vel
3520 1020 3628 1057 non
3667 1005 3798 1074 geris

1814 1074 2049 1148 [dentur,
3545 1095 3732 1168 [ultro,

758 1162 1012 1217 Inferiora
1037 1163 1142 1217 illis
1162 1163 1324 1219 crede
1346 1164 1524 1219 futura
1548 1166 1731 1222 bonis.
2446 1174 2590 1231 Mors
2618 1188 2800 1233 movet
2828 1180 3095 1236 alternum
3125 1183 3199 1236 nil
3228 1193 3498 1238 remorata
3526 1162 3737 1255 pedem.

686 1252 795 1307 Nec
815 1269 1038 1309 vereare
1062 1262 1242 1309 tamen
1264 1255 1426 1323 longo
1452 1271 1521 1310 ne
1546 1264 1789 1337 tempore
1809 1256 2005 1319 victus,
2367 1262 2566 1322 Cereus
2595 1277 2654 1322 ut
2682 1285 2837 1325 caecae
2864 1273 3073 1341 positus
3104 1274 3202 1327 sub
3235 1283 3479 1344 tempore
3507 1279 3681 1333 noctis

549 1344 649 1398 160
757 1344 934 1414 Impar
958 1346 1227 1400 mandatis
1247 1348 1557 1417 repperiare
1586 1348 1700 1404 Dei.
2437 1357 2802 1430 Compensare
2831 1363 2973 1418 diem
3002 1364 3218 1421 luminis
3248 1366 3449 1434 ollicio,

682 1428 957 1532 Nilnhabel
983 1431 1096 1485 hinc
1118 1430 1354 1532 Ιοξιῧιξῐην
1377 1432 1537 1500 longo
1566 1433 1692 1488 Ῐίεεῐ
1720 1440 1841 1532 {Mil
1860 1440 2061 1532 τοιέξῑυν
2224 1449 2330 1505 205
2370 1451 2505 1506 Dum
2535 1428 2644 1508 non
2675 1457 2956 1521 sentimus,
2989 1459 3137 1513 lento
3166 1463 3506 1516 consumitur
3536 1464 3659 1532 igne
3684 1482 3696 1518 :

750 1518 867 1585 Quo
898 1535 1040 1574 nunc
1067 1520 1393 1590 perfruimur
1421 1530 1666 1593 tempore
1693 1523 1802 1577 vita
1828 1522 2025 1577 brevis.

682 1609 844 1664 Lassa
874 1620 1248 1667 senescentem
1278 1613 1595 1683 despectant
1616 1615 1799 1669 omnia
1823 1611 2012 1668 ﬁnem:

749 1697 816 1754 Et
838 1700 949 1769 jam
970 1710 1245 1771 postremo
1270 1704 1506 1759 volvitur
1534 1706 1669 1760 hora
1693 1705 1802 1760 die.
2148 1706 2195 1766 Β

547 1787 645 1842 105
682 1789 911 1862 Respice
939 1806 1103 1861 quam
1130 1794 1325 1865 raptim
1356 1803 1531 1851 totum
1559 1812 1706 1853 mors
1734 1797 1997 1867 presserit
2023 1813 2118 1853 or-

1880 1888 2045 1961 [bem,

748 1977 989 2044 Quantos
1017 1978 1098 2034 vis
1124 1979 1251 2035 belli
1278 1979 1571 2049 perculerit
1592 1980 1836 2051 populos.

678 2070 950 2127 Condensi
973 2071 1232 2138 nemoris,
1260 2072 1389 2127 celsi
1418 2088 1528 2127 non
1559 2086 1749 2142 aspera
1778 2072 2002 2140 montis,

747 2165 991 2220 Flumina
1018 2181 1125 2221 non
1152 2164 1353 2236 rapidis
1381 2163 1539 2220 fortia
1560 2165 1880 2235 gurgitibus,

676 2258 785 2314 Nec
812 2259 1031 2314 castella
1052 2259 1209 2328 locis,
1232 2275 1342 2315 non
1365 2267 1493 2314 tutae
1520 2261 1788 2315 moenibus
1810 2261 1989 2327 urbes,

543 2349 639 2405 l'IO
744 2350 889 2405 Invia
912 2366 1018 2405 non
1044 2351 1257 2421 pelago,
1286 2352 1459 2407 tristia
1486 2367 1597 2407 non
1618 2367 1820 2419 eremo,

678 2442 794 2498 Non
848 2458 1000 2511 cava,
1051 2460 1157 2498 non
1208 2443 1370 2497 etiam
1418 2444 1717 2499 metuendis
1755 2444 1853 2498 sub
1893 2444 2117 2514 rupibus

1861 2535 2041 2610 [antra

747 2628 954 2684 Ludere
974 2628 1282 2683 barbaricas
1306 2627 1640 2697 praevaluere
1670 2643 1880 2684 manus.

674 2721 852 2778 Multis
882 2721 1003 2776 lieta
1034 2718 1183 2785 ﬁdes,
1218 2719 1400 2775 multis
1428 2720 1685 2791 perjuria,
1720 2720 1902 2776 multis

743 2812 917 2868 Causa
946 2812 1047 2867 fuit
1072 2812 1262 2867 mortis
1291 2812 1461 2869 civica
1490 2812 1745 2883 proditio.

543 2905 639 2961 I75
674 2905 879 2962 Insidiae
906 2905 1153 2971 multum,
1186 2903 1415 2959 multum
1443 2905 1525 2959 vis
1554 2904 1768 2975 publica
1800 2904 1946 2960 fecit.

746 2998 960 3053 Robore
981 3012 1100 3066 quae
1126 3013 1233 3051 non
1260 3005 1387 3053 sunt
1405 3040 1419 3064 ,
1445 3006 1572 3052 sunt
1595 3007 1845 3069 superata
1877 2998 2035 3054 fame.

674 3089 917 3144 Concidit
945 3088 1127 3143 infelix
1152 3104 1274 3143 cum
1297 3089 1449 3159 prole
1472 3096 1526 3144 et
1554 3089 1781 3159 conjuge
1812 3097 2004 3160 mater,
2137 3085 2185 3152 C

742 3180 876 3234 Cum
900 3179 1071 3234 servis
1097 3178 1347 3234 dominus
1368 3180 1647 3233 servitium
1675 3181 1857 3237 subiit.

675 3273 739 3328 Ili
801 3273 1024 3326 canibus
1048 3272 1265 3341 jacuere
1286 3273 1456 3336 cibus,
1481 3273 1759 3341 ﬂagrantia
1784 3276 1938 3329 multi

541 3364 635 3419 180
741 3363 870 3430 Quae
896 3379 1124 3434 rapuere
1144 3365 1397 3429 animam,
1423 3372 1569 3419 tecta
1597 3365 1798 3421 dedere
1820 3382 1976 3437 rogo.

672 3454 774 3511 Per
798 3455 975 3522 vicos,
1002 3454 1180 3523 villas,
1220 3470 1321 3525 per
1347 3470 1473 3511 rura
1491 3495 1508 3523 ,
1531 3463 1588 3512 et
1614 3457 1850 3529 compita
1868 3502 1884 3529 ,
1915 3467 1969 3515 et
1993 3474 2110 3517 om-

1899 3554 2036 3627 [nes,

2436 1546 2661 1617 Semper
2678 1557 2733 1604 et
2752 1547 2821 1603 ad
2839 1550 2998 1606 ﬁnem
3020 1552 3233 1607 ﬂamma
3261 1570 3431 1610 vorax
3456 1567 3729 1628 properat.

2365 1636 2456 1693 Sic
2484 1639 2760 1695 hominum
2790 1658 2877 1697 res
2905 1652 2988 1698 est
3016 1661 3028 1674 ·
3061 1655 3290 1715 pereunt
3328 1664 3664 1719 quaecunque
3704 1664 3783 1720 geo

3506 1741 3733 1815 [runtur.

2438 1822 2659 1881 Proﬁeit
2686 1835 2742 1882 et
2769 1828 3001 1883 moritur
3027 1829 3171 1899 quod
3200 1830 3302 1885 sibi
3330 1831 3439 1886 vita
3467 1833 3655 1888 trahit.

2369 1918 2475 1975 Sed
2500 1918 2585 1975 fac
2612 1920 2813 1977 vivacis
2841 1922 3014 1992 spatia
3044 1923 3157 1978 haec
3184 1931 3295 1977 tam
3312 1920 3481 1994 longa
3509 1937 3758 1997 senectze,

2222 2011 2327 2066 210
2436 2010 2593 2068 Orbis
2624 2020 2685 2068 ut
2712 2014 2963 2069 immunis
2992 2014 3176 2071 funera
3205 2018 3481 2088 reSpicias.

2366 2104 2501 2160 Sero
2527 2105 2655 2160 licet
2681 2106 2881 2173 veniat,
2910 2108 3087 2161 veniat
3115 2116 3295 2163 tamen
3328 2109 3417 2164 ille
3439 2125 3663 2167 necesse
3683 2121 3763 2167 est

2434 2193 2536 2261 Qui
2557 2210 2665 2251 non
2695 2195 2749 2250 in
2773 2204 2945 2251 totum
2971 2197 3089 2253 ﬁnis
3114 2199 3303 2255 abesse
3330 2210 3526 2272 potest.

2358 2283 2476 2339 Jam
2503 2301 2621 2356 qua:
2647 2298 2957 2357 nascuntur,
2984 2300 3235 2346 crescunt
3261 2302 3415 2363 post,
3445 2302 3607 2366 atque
3644 2310 3783 2351 seno.

3526 2383 3724 2458 [scunt,

2431 2469 2498 2524 Et
2524 2470 2674 2527 senio
2704 2471 2857 2528 fessis
2885 2474 2959 2528 nil
2991 2475 3092 2530 nisi
3121 2491 3267 2531 mors
3293 2486 3557 2547 superest.

2217 2559 2323 2613 215
2358 2561 2633 2618 Intereunt
2659 2564 2840 2620 decies
2868 2567 2957 2636 qui
2989 2575 3173 2623 ternos
3202 2570 3393 2625 vixerit
3413 2587 3584 2628 annos

2431 2656 2607 2726 Atque
2631 2656 2778 2712 illum
2804 2658 2937 2713 vixit
2953 2660 3224 2729 quomodo
3247 2662 3576 2719 millesimus.

2357 2748 2644 2829 Postquam
2666 2759 2967 2821 postremus
2992 2753 3112 2810 ﬁnis
3140 2758 3391 2813 retinebit
3417 2768 3717 2831 utrumque,

2429 2842 2589 2898 Certe
2616 2862 2867 2916 supremo
2897 2856 3143 2919 tempore
3162 2854 3351 2907 mortis
3376 2853 3515 2908 idem
3536 2866 3635 2911 est.

2355 2935 2492 3003 Quid
2511 2938 2675 2993 vitam
2703 2939 2929 2995 traxisse
2951 2939 3120 3009 juvat,
3146 2943 3192 2998 si
3217 2945 3398 2999 vivere
3427 2949 3640 3002 cessas?

2213 3026 2320 3082 220
2426 3027 2623 3095 Quaeve
2646 3028 2802 3084 bonis
2827 3046 3032 3086 merces
3059 3034 3105 3088 si
3134 3045 3353 3090 teneare
3375 3037 3564 3092 malis?

2357 3121 2509 3189 Cum,
2534 3122 2634 3177 nisi
2657 3124 2781 3178 dum
2809 3122 3000 3179 frueris
3020 3122 3212 3191 fructu,
3240 3136 3458 3197 tangere
3478 3128 3683 3185 fruendi

2423 3212 2488 3268 Et
2512 3214 2620 3268 vita
2646 3215 2758 3270 haec
2781 3217 2906 3269 vitm
2929 3216 3073 3271 vivat
3101 3217 3155 3271 in
3185 3218 3381 3275 ofﬁcio.

2352 3303 2469 3358 Jam
2497 3306 2641 3374 quod
2663 3305 2775 3375 jam
2803 3305 2977 3362 fuerat
2999 3308 3130 3363 nihil
3153 3316 3267 3378 est,
3289 3311 3333 3365 si
3352 3311 3546 3367 desinit
3568 3329 3711 3379 esse;

2422 3394 2493 3449 Et
2518 3396 2662 3466 quod
2691 3413 2799 3452 non
2826 3399 3025 3468 sentis,
3056 3416 3163 3456 non
3184 3378 3340 3471 juvat
3370 3420 3438 3457 an
3467 3402 3643 3459 fuerit.

2210 3484 2318 3540 225
2355 3485 2490 3554 Quid
2521 3487 2737 3545 tandem
2766 3491 2986 3560 prodest
3009 3493 3054 3546 si
3084 3500 3137 3548 te
3159 3493 3364 3565 jejunia
3396 3507 3609 3561 vexent,

2426 3581 2700 3637 Ilesternis
2722 3583 2869 3654 large
2891 3585 3129 3641 membra
3163 3602 3419 3644 onerasse
3446 3590 3610 3654 cibis;

2354 3672 2597 3745 Cumque
2627 3684 2716 3730 tua
2746 3676 2906 3732 hodie
2935 3678 3162 3749 stringat
3191 3680 3404 3737 assidua
3430 3684 3579 3749 sitis,

2424 3766 2564 3821 Ante
2593 3767 2733 3823 diem
2761 3769 2924 3824 nimio
2943 3771 3322 3838 prmmaduisse
3351 3775 3507 3830 cibo?

2356 3856 2488 3913 Cum
2518 3860 2711 3916 mediis
2738 3862 2901 3917 celeri
2928 3878 3048 3933 qua:
3069 3873 3193 3919 sunt
3219 3866 3442 3923 decursa
3470 3878 3651 3925 rotatu

2422 3951 2624 4023 Eripiat
2652 3968 2866 4010 sensum
2889 3972 2997 4012 non
3025 3959 3262 4014 reditura
3286 3960 3438 4016 dies?

2356 4045 2462 4099 Sed
2493 4062 2591 4100 nos
2619 4047 2858 4103 decursa:
2879 4050 3136 4119 primva
3167 4050 3299 4108 ﬂore
3323 4053 3562 4123 juventae

2422 4139 2540 4195 Jam
2570 4140 2736 4206 dubii,
2762 4155 2967 4210 gressu,
3002 4144 3225 4210 lumine,
3254 4162 3408 4211 voce,
3436 4164 3635 4215 manu;

2351 4225 2485 4280 Cum
2532 4226 2787 4296 quidquid
2826 4226 3061 4296 fuimus,
3110 4229 3265 4286 dolor
3315 4240 3394 4288 est
3437 4235 3776 4291 meminisse:

3430 4326 3719 4399 [fidemque

2418 4411 2677 4467 Omnibus
2702 4412 2930 4482 eripiant
2957 4416 3198 4485 proxima
3228 4420 3537 4487 pneteritis.

2209 4504 2315 4558 255
2352 4506 2607 4562 Ineurvos
2635 4507 2890 4576 querulos
2920 4519 3241 4579 consumpto
3262 4527 3490 4582 corpore
3512 4529 3784 4583 nunquam

2421 4597 2543 4653 Ilzec
2568 4614 2784 4668 quoque
2804 4615 2924 4669 qum
2953 4603 3129 4669 gravis
3158 4612 3242 4657 est
3269 4605 3379 4659 vita
3408 4607 3541 4661 satis
3567 4608 3746 4662 satiat.

2353 4691 2487 4747 I‘Iinc
2509 4700 2595 4747 est
2624 4693 2768 4761 quod
2794 4702 2910 4748 toto
2940 4696 3154 4765 penitus
3181 4696 3330 4751 velut
3358 4699 3490 4753 orbe
3520 4701 3712 4755 remoti

2419 4783 2737 4853 Spectamus
2764 4794 2881 4841 toto
2907 4785 3164 4858 quidquid
3190 4789 3243 4842 in
3266 4790 3397 4844 orbe
3417 4792 3576 4860 perit.

2350 4872 2461 4931 Nec
2487 4874 2716 4930 miseros
2737 4876 2844 4931 alio
2867 4885 3122 4947 tanquam
3151 4881 3251 4935 sub
3278 4881 3394 4935 sole
3432 4892 3712 4939 manentes

2203 4965 2309 5019 240
2414 4966 2600 5023 Mortis
2624 4984 2734 5023 non
2762 4970 2994 5040 propria:
3021 4987 3168 5027 mors
3193 4972 3368 5028 aliena
3398 4983 3604 5031 monet.

742 3640 844 3696 Per
863 3654 1051 3710 pagos,
1081 3640 1209 3696 totis
1238 3639 1363 3697 inde
1391 3641 1479 3697 vel
1505 3642 1630 3697 inde
1657 3643 1759 3699 viis

669 3733 833 3801 Mors,
856 3734 1029 3797 dolor,
1056 3733 1346 3800 excidium,
1375 3744 1601 3803 strages,
1628 3736 1893 3805 incendia,
1917 3738 2092 3794 luctus

747 3823 862 3881 Uno
890 3824 1113 3881 fumavit
1138 3824 1308 3880 Gallia
1339 3834 1452 3880 tota
1481 3841 1635 3895 rogo.

534 3915 631 3972 I85
666 3915 775 3971 Cur
797 3924 975 3971 tamen
998 3932 1309 3972 enumerem
1337 3917 1570 3973 labentis
1604 3918 1794 3974 funera
1823 3922 2026 3986 mundi,
2210 3952 2317 4005 250

734 4009 863 4074 Qua:
889 4012 986 4077 per
1010 4016 1328 4062 consuetum
1357 4022 1571 4077 semper
1590 4018 1821 4077 aguntur
1846 4010 1988 4065 iter?

668 4098 805 4164 Quid
832 4105 1074 4167 repetam
1098 4096 1287 4164 quanti
1308 4104 1425 4150 toto
1451 4097 1757 4152 moriantur
1781 4100 1832 4151 in
1860 4100 2012 4166 orbe,

733 4189 852 4259 Ipse
876 4197 1021 4241 tuam
1049 4185 1232 4239 videas
1256 4200 1377 4239 cum
1402 4201 1698 4255 properare
1728 4188 1908 4244 diem?

667 4281 935 4335 Praetereo
957 4278 1148 4347 gladiis
1167 4286 1447 4347 quantum,
1480 4290 1851 4352 quantumque
1878 4285 2065 4352 ruinis,

530 4372 628 4429 I90
735 4368 867 4439 Igni,
895 4369 1242 4439 graminibus,
1269 4366 1576 4425 ﬂuminibus
1606 4370 1768 4427 liceat
1794 4391 1808 4439 ;

666 4461 907 4528 Quantos
945 4458 1117 4527 bella,
1148 4458 1315 4514 fames
1364 4459 1669 4529 perimant,
1715 4464 1995 4532 morbique
2022 4464 2103 4520 fu-
2130 4457 2181 4518 D

1805 4555 2027 4628 [rentes

740 4643 807 4698 Et
832 4659 950 4713 quae
978 4658 1075 4714 per
1102 4643 1279 4698 varias
1309 4659 1457 4699 mors
1482 4645 1591 4699 ruit
1620 4662 1726 4701 una
1755 4648 1888 4702 vias.

662 4736 902 4803 Quantos
922 4746 979 4790 et
1002 4735 1193 4789 media:
1220 4736 1366 4806 pacis
1387 4737 1486 4792 sub
1512 4744 1775 4809 tempore,
1802 4748 1860 4794 ut
1888 4756 2007 4797 esse

730 4826 840 4880 Pax
867 4826 1057 4896 possit,
1083 4827 1286 4881 cruciat
1313 4827 1494 4883 debita
1516 4844 1675 4899 paena
1705 4847 1848 4887 reos.

524 4918 626 4974 I95
659 4916 844 4973 Omnis
871 4916 1132 4987 paulatim
1156 4918 1303 4974 letho
1325 4934 1424 4975 nos
1453 4920 1690 4992 applicat
1719 4924 1874 4993 hora,

592 5097 760 5151 Versu
790 5091 911 5148 I55.
942 5093 1107 5147 Forte
1141 5098 1392 5152 vernanti.

592 5147 762 5255 νέθέιῖ
794 5163 1198 5255 iiii-fimi“?!
1226 5147 1936 5255 ἓ³¹¹ίέτυ¹η1ειει³ιίίξηεπην
1978 5191 2103 5255 quae
2276 5147 2446 5255 35353.?
2466 5148 3149 5255 ιίὲι⁹ἰξ⁴ἠθῖξξ⁵ηἷῖί.;.ηρη...-

521 5218 1020 5317 anno—Dominilﬁ'l
1050 5233 1273 5303 contigit
1294 5218 2103 5317 cedet—{fere'm'odovdeserib‘it
2203 5218 2443 5317 ﬂ,
2463 5219 2587 5317 384‘
2618 5221 2697 5275 ua
2717 5223 2879 5277 “iam
2900 5225 3152 5294 paratus
3177 5227 3409 5298 Scriptor
3426 5226 3549 5283 libri
3567 5227 3633 5283 de
3654 5227 3773 5283 ΡΝ·

522 5288 658 5363 alter
681 5288 1085 5378 idéiiiigauus',
1123 5288 1622 5378 auctoriearrninis'
1642 5288 2097 5369 dé"i>}o'v'iifé.iii3j
2203 5288 2435 5345 ﬁdentia
2463 5308 2476 5343 ³

522 5380 663 5472 inte:
684 5373 855 5447 opera
880 5375 938 5430 S.
971 5373 1239 5444 Prosperi,
1263 5375 1416 5443 cujus
1444 5376 1532 5433 hic
1561 5394 1748 5434 versus
1789 5381 1963 5439 libens
1991 5399 2093 5439 ex-
2328 5402 2545 5472 (ζυεῃτιυρ
2570 5405 2780 5472 animum
2806 5408 2974 5472 patriae
2997 5408 3143 5472 subiit
3165 5407 3390 5472 fumantis
3415 5411 3603 5472 imago,

519 5448 787 5505 scribam:
2336 5448 2361 5452 ’
2386 5448 3577 5536 Εἰ’ξιὲιῖῐΞὶίῐεῖὸὲὗῑὸξςῖιῖἁῶἱίόὗῦἰξίιῗθ’ὶὲἒι-ἳί

644 5536 1479 5661 "ibﬁﬁl’ﬂ‘i‘i‘fs£33353:
1771 5540 1884 5593 ams
2275 5570 2443 5661 ἷζςῖξὲ
2472 5568 2596 5661 ΞξΞο
2630 5569 2789 5661 ξρςιθ
2813 5571 3108 5661 [etenim-

641 5640 1470 5775 uagantessaginatas;
1494 5640 1820 5715 senatus
2277 5640 2445 5696 Versu
2473 5640 2595 5695 93‘3-
2630 5640 2755 5711 Leg-
2791 5643 2963 5696 άιιιηο·

749 5738 805 5774 va
826 5736 1006 5774 uere...

749 5736 1006 5774 valuere...
