4054 6182
332 284 426 337 397
1489 270 2085 332 COMMONITORIUM.
2129 269 2258 324 LIB.
2298 270 2365 323 II.
3469 270 3571 324 99%

476 397 613 452 Ante
641 396 825 452 oculos
850 396 1112 465 longeque
1140 394 1298 449 simul
1322 391 1631 446 fraudamur
1655 388 1856 452 amicis,
1922 388 1977 445 A

531 484 945 552 Luminibusque
968 484 1135 548 illinc,
1164 483 1291 539 hinc
1314 482 1462 537 venit
1490 495 1622 534 aure
1645 479 1820 533 dolor.

463 577 736 631 lntereunt
762 576 942 629 dulces
968 590 1084 628 mvo
1113 582 1372 641 vergente
1402 578 1679 642 parentes,

541 665 689 735 Eque
717 667 833 736 ipso
853 664 1048 733 conjux
1074 664 1297 735 eripitur
1316 662 1542 732 gremio.

319 757 428 813 245
466 758 533 812 Et
560 758 740 813 fratris
766 757 986 811 fratrem
1014 772 1160 813 mors
1188 772 1219 810 e
1247 754 1619 824 complexibus
1645 751 1837 818 aufert,

536 852 604 906 Et
632 860 759 905 natu
780 851 959 905 forsan
982 850 1164 920 junior
1186 850 1275 904 ille
1301 848 1419 902 fuit.

464 942 660 999 Ordine
688 959 789 997 nec
812 943 932 997 vita:
960 942 1141 996 senior
1159 939 1475 995 subducitur
1501 946 1651 1000 aetas,

540 1034 671 1089 Cum
700 1034 881 1089 videat
908 1035 1019 1087 nati
1048 1032 1236 1086 funera
1272 1047 1411 1087 saeva
1436 1040 1609 1100 pater.

464 1125 632 1181 Nemo
661 1134 840 1180 tamen
869 1132 1057 1179 cautus
1085 1124 1256 1178 credit
1282 1123 1427 1192 quod
1452 1120 1645 1188 cernit,
1670 1127 1726 1173 et
1747 1117 1895 1172 illum

322 1215 432 1271 250
539 1215 693 1283 Quod
724 1231 830 1270 non
850 1215 984 1278 vult,
1016 1214 1186 1268 cernit
1213 1228 1271 1269 se
1299 1226 1513 1281 quoque
1542 1225 1701 1280 posse
1728 1208 1856 1279 pati.

464 1308 578 1364 Hoc
617 1316 797 1362 tamen
824 1306 947 1361 inde
973 1306 1146 1371 venit,
1188 1304 1344 1360 factis
1386 1304 1510 1374 quia
1541 1317 1752 1372 semper
1791 1299 1895 1353 ini-

1680 1395 1824 1469 [quis

528 1494 757 1550 Mortem
787 1501 1104 1565 perpetuum
1126 1491 1373 1546 ducimus
1401 1503 1519 1544 esse
1545 1486 1744 1542 malum
1772 1503 1785 1538 :

462 1587 528 1643 Et
552 1604 686 1658 quas
721 1588 1034 1643 criminibus
1062 1601 1250 1657 poenas
1277 1585 1365 1639 lex
1390 1590 1575 1638 sancta
1603 1581 1859 1647 minatur,

534 1681 718 1736 Serius
739 1680 989 1749 excipere
1015 1677 1282 1733 credimus
1310 1690 1428 1731 esse
1458 1676 1680 1729 lucrum.

322 1770 429 1825 255
465 1771 614 1826 Felix
640 1772 730 1841 qui
760 1771 964 1825 licitum
993 1769 1152 1823 finem
1180 1776 1335 1838 putat
1360 1782 1479 1822 esse
1506 1766 1766 1828 laborum,

529 1862 666 1930 Quid
691 1878 862 1933 pinnae
885 1863 1068 1917 timeat
1092 1866 1308 1915 caverat
1328 1867 1454 1913 ante
1480 1858 1691 1913 timens.

464 1953 617 2009 Felix
636 1954 726 2023 qui
743 1966 994 2021 magnum
1016 1964 1319 2021 magnaque
1346 1948 1537 2017 indage
1558 1946 1900 2011 movendum,

547 2042 779 2099 Urbibus
806 2052 861 2098 et
886 2042 1098 2113 populis
1130 2040 1311 2096 nobile
1333 2038 1591 2109 judicium

464 2134 739 2190 Constanti
766 2148 993 2203 sperare
1021 2131 1203 2186 animo
1234 2130 1493 2199 vultuque
1521 2144 1716 2184 sereno

322 2227 426 2282 260
532 2226 765 2283 Securus
791 2227 916 2281 vita:
934 2224 1003 2280 de
1030 2224 1299 2294 probitate
1328 2230 1528 2293 potest.

471 2322 641 2389 Quem
702 2321 865 2377 faciat
916 2319 1078 2375 certis
1138 2318 1277 2373 bene
1325 2331 1481 2373 mens
1534 2316 1637 2372 sibi
1689 2313 1906 2371 conscia

1638 2405 1837 2481 [causis

544 2502 654 2560 Sub
683 2512 829 2559 tanta
856 2502 1183 2574 intrepidum
1210 2500 1355 2557 mole
1381 2508 1571 2555 tenere
1598 2506 1779 2569 caput.

468 2596 581 2652 Illic
603 2595 829 2667 imperio
856 2594 1126 2664 quondam
1154 2606 1428 2662 regnoque
1456 2597 1726 2661 potentes,

540 2689 656 2745 Illic
688 2688 968 2759 conspicui
996 2686 1231 2742 fascibus
1259 2693 1315 2740 et
1341 2684 1564 2749 trabeis,

326 2784 430 2838 265
467 2781 629 2849 Queis
655 2795 844 2834 aurum
872 2778 1027 2834 lectis
1053 2774 1309 2846 dapibus;
1341 2773 1578 2829 cristalla
1602 2772 1833 2828 Falerno
1851 2811 1866 2838 ,

541 2871 904 2940 Subtratoque
928 2876 1077 2924 ostro
1106 2881 1225 2921 mos
1253 2879 1482 2920 onerare
1511 2871 1659 2919 toros
1709 2880 1722 2915 :

474 2965 689 3020 Robore
717 2962 927 3026 famosi,
960 2959 1160 3015 laudati
1188 2971 1409 3012 munere
1437 2955 1655 3021 formae,
1712 2972 1717 2979 ί

542 3059 620 3115 Ac
646 3058 787 3113 male
816 3056 1043 3111 fidentes
1071 3051 1348 3122 corporeis
1375 3050 1565 3119 opibus
1594 3066 1607 3101 :

469 3151 707 3217 Quorum
736 3157 925 3205 venter
966 3153 1082 3201 erat
1110 3144 1356 3199 dominus
1380 3184 1395 3210 ,
1442 3141 1659 3196 lascivia
1694 3146 1901 3203 votum,
1931 3122 1979 3185 C
2009 3124 2111 3179 520

328 3250 435 3305 270
542 3246 678 3317 Spes
706 3244 759 3299 in
781 3239 1052 3314 przesenti,
1077 3236 1246 3307 gloria
1272 3233 1489 3289 divitire.

477 3338 579 3406 Qui
604 3336 957 3406 neglexerunt
982 3329 1166 3385 miseri
1191 3327 1278 3383 vel
1304 3333 1480 3381 morte
1504 3325 1602 3379 sub
1632 3322 1743 3392 ipsa

539 3426 859 3485 Claudendis
881 3423 1166 3479 Dominum
1196 3432 1436 3489 qurerere
1464 3414 1771 3475 luminibus,

471 3521 693 3577 Poenam
717 3516 1112 3587 exspectabunt
1131 3509 1317 3567 clausi.
1337 3507 1489 3563 Nunc
1516 3519 1695 3575 qumre
1724 3502 1909 3557 doceri

544 3613 716 3681 Quam
740 3624 955 3681 poenam
988 3626 1001 3660 :
1030 3606 1185 3661 factis
1204 3616 1438 3670 congrua
1468 3612 1625 3669 pinna
1648 3604 1847 3651 manet.

330 3706 435 3761 275
474 3704 586 3759 llos
620 3701 856 3757 tenebrae
880 3698 1032 3767 juges
1059 3709 1199 3750 caeca
1224 3692 1323 3748 sub
1353 3698 1513 3745 nocte
1536 3688 1828 3753 manebunt
1859 3704 1871 3737 2

546 3794 640 3847 His
670 3792 850 3845 lumen
881 3799 1007 3842 tunc
1035 3785 1250 3838 flamma
1271 3796 1458 3839 severa
1489 3779 1653 3835 dabit.

469 3887 559 3943 Isti
586 3883 876 3954 sulphureo
907 3878 1196 3953 ﬂagrantes
1225 3876 1347 3945 igne
1375 3874 1621 3928 caminos

539 3974 814 4044 Cogentur
837 3956 1028 4025 laceris
1048 3966 1309 4023 scandere
1336 3965 1674 4035 corporibus.

474 4069 600 4122 lllos
627 4062 960 4130 constringet
986 4059 1224 4114 violento
1253 4056 1425 4110 infusa
1450 4056 1630 4124 rigore

543 4156 785 4212 Flatibus
814 4150 1051 4207 hibernis
1076 4148 1209 4203 dura
1236 4148 1357 4217 gelu
1385 4147 1601 4217 glacies.

473 4251 540 4304 Et
567 4264 688 4304 cum
716 4255 826 4300 tam
854 4243 1058 4298 discors
1084 4247 1288 4311 pugnet
1314 4249 1509 4293 natura
1538 4236 1813 4306 gehenntc,

546 4340 790 4397 Nominis
818 4337 975 4393 unius
1001 4334 1084 4389 vis
1114 4342 1293 4387 tamen
1322 4339 1405 4386 est
1431 4330 1596 4384 varia.

474 4434 584 4490 Nec
611 4442 725 4487 tam
751 4429 963 4486 diversa
991 4424 1166 4496 possis
1193 4424 1510 4492 dignoscere
1536 4434 1698 4490 pcena

543 4524 670 4592 Igne
688 4521 777 4586 sit,
801 4535 869 4574 an
886 4516 1104 4587 gravius
1130 4513 1331 4583 frigore
1358 4510 1698 4581 supplicium.

333 4618 437 4675 285
472 4616 589 4670 Non
616 4620 748 4683 quot
767 4626 867 4666 nos
894 4608 1015 4663 istic
1044 4614 1261 4661 terrena
1290 4613 1467 4659 morte
1490 4601 1803 4673 peremptis,

544 4703 825 4774 Excipient
848 4714 1009 4755 unam
1034 4696 1257 4753 crimina
1284 4694 1452 4750 multa
1478 4709 1696 4760 necem;

476 4797 611 4853 Cum
640 4792 883 4864 quamvis
911 4804 1085 4845 saevus
1116 4802 1216 4858 pro
1244 4801 1428 4842 rerum
1473 4784 1713 4855 pondere
1748 4784 1915 4855 judex

549 4886 667 4942 Non
690 4883 834 4938 aliud
866 4881 1039 4952 possit
1063 4893 1223 4948 quam
1247 4877 1490 4947 rapuisse
1517 4876 1771 4941 animam,

472 4976 538 5031 Et
561 4974 796 5045 quodam
824 4971 1087 5026 scelerum
1115 4968 1266 5023 lucro
1303 4968 1348 5022 si
1376 4966 1606 5036 plurima
1636 4976 1843 5022 restent

547 5067 849 5123 Vindictam
878 5062 1100 5130 reliquis
1124 5061 1259 5116 ultio
1287 5060 1459 5131 prima
1488 5067 1669 5128 neget.

482 5164 581 5215 Ast
608 5160 729 5214 istic
756 5156 931 5213 omnis
956 5153 1228 5224 persolvet
1252 5152 1308 5206 in
1336 5152 1526 5207 ordine
1557 5166 1744 5215 noxas,

546 5249 848 5307 Succedens
875 5245 1032 5300 factis
1054 5257 1291 5312 congrua
1315 5256 1475 5311 poma
1505 5241 1636 5295 suis.

332 4163 436 4216 280

330 5074 440 5128 290

402 5386 574 5439 Versu
621 5380 747 5434 9.49.
788 5378 893 5433 Pro
944 5376 1123 5431 illud:
1178 5388 1287 5443 quo
1332 5373 1684 5443 scriptoribus
1723 5372 1913 5427 medim

333 5457 506 5512 sitatis
535 5469 642 5507 non
672 5458 792 5505 erat
819 5449 1146 5515 infrequens.

405 5526 574 5581 Versu
599 5519 723 5575 265.
749 5513 1037 5585 Eleganter
1063 5531 1245 5570 aurum
1266 5514 1353 5569 hic
1374 5513 1602 5568 sumitur
1622 5527 1787 5567 aureo
1802 5528 1916 5585 pro

336 5598 506 5658 disco,
548 5608 701 5647 more
730 5583 1033 5660 poet—arum,
1066 5587 1165 5660 qui
1201 5585 1480 5660 materiam
1507 5599 1606 5660 pro
1633 5598 1762 5660 vase
1799 5583 1917 5653 ipso

336 5652 655 5737 quandoque
683 5652 942 5729 usurpant
966 5677 979 5712 :
1003 5652 1355 5737 ita-Virgilius
1379 5652 1637 5737 [Enn-idos
1666 5652 1760 5737 lib.
1790 5669 1827 5707 ι.

1201 5736 1290 5786 Ille
1314 5734 1520 5795 impiger
1544 5734 1705 5781 hausit

462 5808 777 5870 Spumantem
801 5808 1035 5863 pateram,
1068 5805 1119 5850 et
1140 5798 1287 5861 pleno
1311 5810 1365 5848 se
1391 5796 1571 5860 proluit
1595 5807 1729 5843 auro.

1931 1749 1979 1811 B

2006 2118 2110 2173 510

2142 353 2317 451 Atque
2343 398 2508 437 unum
2532 398 2726 452 corpus
2751 397 2846 452 per
2871 380 3079 450 singula
3105 380 3344 435 membra
3374 377 3575 448 patebit

2209 474 2351 539 Quot
2375 474 2550 544 potuit
2577 473 2741 541 vitiis,
2765 480 2847 527 tot
2873 486 3088 542 quoque
3114 470 3405 540 suppliciis.

1999 564 2103 620 295
2139 567 2319 621 Altera
2350 565 2616 633 crudeles,
2648 568 2737 621 lex
2767 566 2935 620 altera
2965 565 3163 634 plectet
3187 578 3379 617 avaros
3403 580 3418 619 :

2210 657 2372 711 Facta
2403 658 2560 712 aliter
2586 658 2825 723 solvent,
2859 665 2915 711 et
2941 655 3195 710 meditata
3220 654 3397 709 aliter.

2138 746 2235 801 Est
2261 763 2355 801 sua
2385 747 2637 816 perjuris,
2666 756 2749 801 est
2774 757 2829 801 et
2855 762 2949 802 sua
2981 761 3137 816 poena
3166 741 3435 813 superbis,

2212 839 2387 907 Atque
2415 838 2519 892 alia
2550 837 2701 892 effusi
2725 853 2885 892 causa
2914 837 3121 892 cruoris
3150 835 3274 890 erit.

2139 928 2373 995 Invidus,
2406 929 2711 997 impatiens,
2741 928 2935 991 mollis,
2970 926 3210 994 falsator,
3238 923 3464 989 adulter,

1998 1018 2103 1075 500
2210 1018 2278 1072 Et
2298 1018 2407 1073 vini
2437 1027 2607 1084 totus,
2644 1025 2788 1072 totus
2813 1025 2866 1071 et
2895 1017 3177 1071 illecebrzn.

2138 1109 2389 1163 Dextram
2411 1109 2555 1164 caede
2578 1124 2798 1172 nocens,
2817 1107 3049 1177 linguam
3062 1108 3116 1162 in
3138 1108 3377 1163 convicia
3396 1121 3571 1176 prom-

3309 1198 3500 1272 [ptani,

2215 1292 2495 1358 Pervasor,
2522 1291 2752 1360 jactans,
2786 1290 2997 1360 impius,
3030 1289 3291 1355 indocilis,

2139 1382 2329 1437 Judicii
2365 1390 2489 1436 ante
2519 1381 2661 1435 diem
2704 1395 2893 1450 poenas
2930 1379 3109 1447 dabit,
3152 1387 3211 1433 ut
3238 1391 3411 1447 neque
3447 1391 3571 1445 para

3355 1464 3503 1542 [vum

2208 1566 2465 1637 Supplicii
2495 1567 2726 1638 spatium
2751 1566 2843 1621 det
2870 1580 3021 1621 mora
3047 1564 3257 1634 judicii.

1999 1658 2103 1713 505
2141 1660 2432 1714 Ambibunt
2460 1661 2596 1715 alios
2624 1659 2855 1714 sinuosis
2883 1658 3109 1713 ﬂexibus
3134 1670 3336 1724 angues
3364 1672 3380 1708 :

2218 1757 2314 1810 Ast
2342 1756 2476 1810 alios
2501 1755 2738 1810 candens
2774 1755 2895 1822 igne
2923 1761 3110 1808 catena
3139 1759 3296 1806 teret.

2144 1845 2333 1901 Omnia
2354 1846 2510 1915 plena
2534 1845 2643 1899 illic
2670 1843 2939 1914 lacrymis,
2970 1848 3195 1903 terrore,
3227 1839 3434 1902 dolore,

2219 1934 2283 1989 Et
2310 1950 2414 1990 vox
2444 1935 2610 2001 nulla,
2642 1934 2744 1987 nisi
2767 1947 2927 2003 quam
2955 1931 3163 1985 dederit
3189 1929 3435 1999 gemitus.

2145 2026 2209 2081 Et
2230 2027 2487 2096 quidnam
2515 2026 2739 2080 ulterius
2764 2040 2862 2094 per
2886 2023 3094 2091 singula
3115 2022 3337 2077 crimina
3365 2036 3575 2076 curram

2216 2118 2500 2174 Vexabunt
2526 2118 2656 2171 diris
2683 2130 2802 2185 quae
2830 2115 3056 2169 miseros
3083 2113 3360 2178 crucibus;

2148 2208 2375 2276 Quando
2414 2209 2577 2263 etiam
2606 2202 2821 2262 incauto
2847 2205 2892 2261 si
2921 2203 3051 2274 quid
3091 2218 3235 2258 nunc
3261 2217 3358 2258 ore
3394 2202 3576 2273 loqua-

3394 2296 3510 2368 [τίεν

2218 2393 2496 2450 Sermonis
2522 2395 2663 2449 ratio
2687 2400 2772 2448 est
2797 2388 3127 2447 discutienda
3150 2386 3290 2442 tibi?

2150 2482 2261 2538 llos
2284 2484 2425 2537 inter
2452 2495 2633 2537 rerum
2656 2481 2943 2537 Dominum
2972 2478 3281 2548 quicunque
3308 2473 3518 2544 negarit

2223 2573 2556 2628 Submittens
2577 2573 2720 2628 saxis
2747 2571 3123 2641 stipitibusque
3151 2574 3334 2637 caput.

2007 2663 2112 2720 515
2148 2662 2243 2719 Ille
2272 2665 2437 2721 miser
2461 2677 2617 2730 vere,
2648 2678 2749 2719 nec
2777 2663 2880 2718 erit
2906 2658 3227 2715 miserabilis
3254 2656 3369 2721 ulli,

2218 2759 2466 2831 Excipiet
2489 2761 2635 2816 solus
2664 2758 2918 2830 quidquid
2940 2758 3139 2825 ubique
3164 2760 3348 2808 nocet.

2149 2853 2425 2910 Innumeri
2452 2866 2666 2907 vermes
2693 2850 2955 2904 morituro
2982 2847 3037 2899 in
3062 2858 3291 2915 corpore
3318 2842 3515 2909 vivent,

2215 2944 2326 2999 Nec
2353 2943 2475 2998 finis
2504 2942 2649 2997 fumo
2676 2956 2837 3009 quem
2863 2938 3010 2992 dabit
3038 2937 3194 3005 ignis,
3226 2936 3350 2990 erit.

2148 3036 2220 3090 At
2246 3044 2399 3107 parte
2425 3049 2494 3088 ex
2523 3033 2626 3087 alia
2654 3030 2974 3086 blandarum
2999 3027 3162 3082 verba
3192 3026 3405 3096 piorum

2217 3124 2325 3180 Sed
2353 3140 2455 3180 nec
2475 3124 2653 3179 vexati
2680 3121 2965 3177 restituere
2992 3119 3214 3185 malum,

2156 3219 2430 3273 Auxilium
2459 3217 2690 3283 miseris,
2725 3217 2922 3271 victum
2954 3215 3191 3269 tribuere
3216 3189 3451 3283 petenti,

2222 3309 2490 3366 Aﬁ‘ectum
2520 3309 2691 3376 notis,
2709 3308 2988 3362 servitium
3014 3305 3274 3376 patribus,

2161 3402 2336 3459 lnstar
2362 3401 2687 3457 ﬂammantis
2714 3400 2995 3469 fulgebunt
3022 3400 3221 3454 lumina
3249 3398 3378 3453 solis
3396 3438 3413 3464 ,

2223 3499 2398 3554 Velati
2426 3498 2595 3552 niveis
2620 3494 2895 3566 Splendida
2922 3494 3161 3547 membra
3188 3492 3329 3560 togis
3359 3507 3375 3543 :

2015 3594 2120 3650 525
2157 3593 2538 3663 Przecipueque
2567 3591 2676 3658 illi,
2717 3605 2854 3660 quos
2882 3588 3080 3644 Christi
3109 3589 3163 3641 in
3191 3588 3309 3656 lege
3334 3593 3555 3656 paratos

2222 3687 2509 3756 Excipiunt
2540 3693 2728 3739 noctes
2761 3682 3147 3750 inveniuntque
3174 3679 3307 3745 dies,

2155 3777 2423 3847 Queisque
2452 3775 2552 3830 fuit
2579 3784 2762 3829 votum
2790 3775 3001 3829 niveam
3023 3771 3361 3841 baptismatze
3382 3776 3586 3828 vestem

2229 3869 2509 3937 Nunquam
2537 3864 2779 3920 femineis
2799 3862 3192 3920 commaculare
3215 3860 3376 3926 toris;

2153 3960 2394 4031 Corpore
2423 3973 2524 4014 nec
2548 3958 2686 4023 solo,
2717 3956 2813 4012 sed
2839 3963 2955 4011 toto
2994 3962 3049 4009 et
3073 3960 3293 4025 pectore
3318 3949 3481 4017 cauti,

2015 4055 2119 4111 550
2225 4053 2294 4107 Et
2311 4052 2523 4124 qualem
2544 4051 2712 4105 lector
2731 4058 2785 4104 te
2812 4063 2962 4103 meus
2986 4062 3106 4102 esse
3128 4046 3311 4099 velim.

2156 4148 2256 4204 Vel
2275 4146 2385 4217 jam
2414 4145 2597 4200 felices
2625 4157 2742 4214 quae
2761 4142 2947 4213 primze
2973 4140 3141 4208 gloria
3166 4137 3315 4193 vittis

2226 4242 2385 4298 Lucis
2415 4250 2471 4297 et
2492 4238 2639 4295 infidi
2665 4236 2909 4306 corporis
2934 4232 3221 4296 illecebris,

2154 4339 2351 4395 Veram
2379 4342 2680 4405 quaerentes
2706 4332 2892 4393 vitam,
2918 4343 3019 4400 pro
3048 4327 3264 4382 nomine
3289 4322 3486 4379 Christi

2234 4429 2484 4486 Fundere
2503 4428 2723 4482 devotas
2747 4439 2853 4479 non
2880 4423 3104 4476 timuere
3125 4419 3350 4474 animas.

1942 4500 1996 4561 D
2021 4523 2125 4579 555
2159 4522 2335 4591 Atque
2362 4519 2672 4577 sacerdotes
2691 4515 2796 4571 hoc
2832 4522 3077 4569 sanctum
3099 4524 3290 4581 agmen
3317 4509 3558 4574 habebit,

2238 4614 2593 4681 Secretosque
2627 4607 2904 4663 hominum
2942 4603 3245 4659 turbinibus
3271 4601 3592 4671 monachos;

2162 4706 2265 4773 Qui
2294 4720 2436 4760 nunc
2460 4706 2779 4773 spernentes
2805 4695 3015 4752 blandae
3037 4693 3392 4750 oblectamina
3420 4691 3595 4767 famze,

2228 4794 2453 4849 Venturi
2482 4797 2699 4863 sperant
2723 4787 2940 4859 prtemia
2971 4782 3157 4855 judicii
3191 4800 3204 4836 :

2163 4885 2346 4940 Mollia
2374 4882 2580 4939 securis
2601 4880 2857 4934 ducentes
2885 4876 2995 4930 otia
3016 4876 3177 4930 rebus

2241 4975 2347 5030 Pro
2374 4973 2569 5028 merito
2595 4971 2782 5024 vivunt
2807 4983 2951 5023 nunc
2985 4967 3142 5033 bene,
3169 4973 3292 5036 post
3319 4966 3528 5030 melius,

2167 5069 2409 5138 Namque
2437 5064 2537 5135 ipsi
2565 5062 2735 5117 denso
2761 5059 3035 5129 stipabunt
3063 5058 3275 5126 agmine
3302 5072 3505 5127 regem,

2244 5158 2376 5214 Cum
2404 5154 2563 5210 terris
2577 5151 2743 5221 iudex
2769 5150 3021 5205 institerit
3044 5148 3317 5214 Dominus,

2170 5252 2343 5319 Atque
2372 5262 2561 5303 omnes
2603 5244 2786 5312 Agnus
2822 5256 3040 5310 quoquo
3068 5255 3126 5296 se
3165 5240 3389 5295 verterit
3414 5240 3592 5305 ibunt,

2025 4978 2131 5035 540

2091 5385 2261 5438 Versu
2290 5378 2414 5435 276.
2446 5376 2611 5430 Forte
2639 5384 2805 5427 tenue.

2092 5436 2263 5508 vei-Su
2308 5450 2432 5506 501.
2468 5446 2568 5502 Hic
2606 5457 2800 5499 versus
2827 5442 2899 5495 ita
2928 5440 3137 5494 videtur
3182 5436 3544 5492 restituendus
3572 5453 3591 5489 :

2022 5525 2254 5580 Dextera
2281 5520 2420 5575 crede
2445 5532 2656 5583 nocens,
2688 5515 2866 5585 lingua
2890 5512 2945 5565 in
2974 5508 3199 5563 convicia
3226 5516 3483 5577 prompta.

2090 5595 2262 5648 Versu
2289 5590 2412 5646 520.
2444 5587 2604 5643 Forte
2636 5585 2756 5650 Qui.

2095 5647 2264 5720 versu
2294 5660 2417 5715 551.
2446 5659 2610 5715 Forte
2638 5647 2751 5726 qua?
2777 5654 2941 5723 prima
2970 5659 3047 5703 est
3066 5648 3252 5719 gloria,
3283 5647 3448 5702 victis.
