4066 6192
515 246 614 303 999
1573 255 1628 311 S.
1670 258 1958 314 OlllENTll
1998 257 2293 317 EPlSCOPl
2332 258 2716 317 AUSClENSlS
3626 276 3772 335 lOL'O

729 371 939 429 Perfusi
965 387 1098 429 vero
1125 374 1349 442 lumine,
1380 376 1499 431 luce
1527 377 1642 432 Dei.
2119 388 2170 443 Α
2408 383 2472 437 Et
2500 384 2630 441 satis
2658 393 2741 441 est
2766 384 2935 441 levius
2963 384 3188 450 discere,
3218 400 3381 455 quam
3409 384 3591 444 facere
3621 406 3636 441 ;

432 508 435 509 ν
515 467 619 523 545
657 465 723 521 Et
751 473 963 521 tantum
992 465 1231 536 ipsorum
1259 467 1475 535 capient
1499 477 1746 537 vegetata
1777 471 1987 525 decoris
2342 475 2420 530 Tu
2445 476 2491 530 si
2518 476 2859 531 commendes
2886 475 3066 531 animo
3092 475 3323 532 demissa
3350 493 3448 548 per
3475 494 3667 536 aurem

731 557 1062 614 Cernentum
1082 566 1140 613 ut
1168 574 1276 613 non
1302 558 1411 613 sint
1447 575 1543 615 ora
1578 562 1803 617 videnda
1829 564 2020 618 oculis.
2412 564 2600 621 Omnia
2621 580 2739 636 quin
2759 565 2972 635 scriptis
3000 574 3126 620 sunt
3148 576 3423 622 numerata
3450 570 3593 625 meis
3619 588 3633 622 :

654 648 794 721 Ergo
823 649 915 705 ubi
958 648 1252 704 terribilem
1292 649 1503 705 dederit
1543 666 1674 706 cava
1710 652 1936 709 buccina
1964 669 2094 709 ean-
2341 658 2662 713 Constanter
2686 656 2885 721 dicam,
2916 657 3039 713 cteli
3064 658 3297 713 statione
3322 666 3597 728 receptus,

1861 746 2019 819 [tum,
2198 747 2304 803 ΔιΟο
2411 748 2671 805 Discuties
2698 764 2854 805 saeva:
2879 749 3095 804 vincula
3127 748 3262 804 dura
3292 751 3474 816 necis;
3596 820 3609 837 .

732 834 1032 890 Adventum
1053 834 1267 889 tandem
1295 835 1627 890 testiﬁcanda
1653 837 1778 903 Dei;
2341 838 2518 909 Atque
2544 840 2705 894 etiam
2734 838 2910 895 fueras
2934 841 3026 908 qui
3052 838 3191 898 ﬁlius
3215 852 3340 898 ante
3368 834 3651 913 gehennae,

658 924 782 980 Mox
816 925 990 994 longis
1020 926 1177 979 tellus
1206 924 1358 979 rimis
1384 925 1591 983 divulsa
1622 929 1851 998 patebit,
2414 930 2640 1002 lncipies
2667 932 2860 986 summi
2885 932 3023 987 ﬁlius
3049 948 3167 988 esse
3189 933 3304 988 Dei.

518 1016 622 1069 350
727 1018 805 1072 Ac
832 1017 1031 1087 passim
1060 1016 1309 1085 ﬂammae,
1340 1016 1571 1086 fulgura,
1613 1020 1817 1089 grando
1846 1030 2023 1086 ruent,
2342 1023 2437 1080 llis
2479 1024 2610 1080 illud
2653 1032 2900 1097 superest
2939 1025 3056 1081 sine
3097 1040 3205 1097 quo
3250 1026 3382 1080 nihil
3418 1026 3601 1081 omnia
3651 1043 3778 1096 pro-

653 1107 780 1161 lmis
799 1122 1061 1162 concusso
1086 1109 1301 1177 penitus
1325 1107 1394 1163 de
1422 1109 1638 1164 sedibus
1662 1111 1795 1167 orbe
3562 1117 3737 1191 [sunt,

733 1200 869 1255 Dum
895 1210 1023 1256 tota:
1053 1209 1271 1256 servent
1298 1202 1422 1256 inde
1451 1202 1535 1257 vel
1567 1203 1691 1258 inde
1729 1205 1849 1259 vim.
2415 1209 2482 1265 Ut
2504 1210 2773 1267 Christum
2805 1210 2997 1267 credas
3024 1211 3091 1266 de
3116 1210 3294 1278 Patre,
3323 1226 3552 1282 cumque
3579 1210 3747 1267 Patre

661 1292 798 1349 Hinc
824 1293 1005 1350 tristes
1031 1294 1281 1363 gemitus,
1310 1295 1454 1350 illinc
1481 1297 1570 1365 pia
1595 1296 1788 1365 gaudia
1812 1298 1952 1362 vita},
2198 1298 2306 1355 405
2341 1300 2570 1372 Spiritus
2591 1310 2648 1358 et
2672 1310 2891 1357 sanctus
2918 1302 3064 1358 nullo
3093 1302 3400 1358 discrimine
3420 1303 3661 1372 junctus.

733 1383 848 1440 Una
872 1384 927 1439 in
952 1385 1177 1440 diversis
1204 1400 1308 1440 vox
1336 1386 1438 1440 erit
1462 1388 1779 1455 agminibus.
2410 1390 2589 1447 Unum
2617 1407 2988 1449 consumment
3015 1394 3229 1447 nomina
3257 1393 3393 1447 trina
3419 1392 3610 1447 Deum.

517 1472 624 1528 555
660 1474 836 1544 Atque
864 1475 1112 1530 omnibus
1136 1477 1332 1545 raptim
1361 1478 1609 1532 celeratis
1634 1478 1904 1546 gressibus
1932 1480 2029 1535 ibit
2342 1483 2411 1538 At
2439 1492 2498 1538 tu
2524 1499 2648 1539 eum
2676 1484 2812 1554 legis
2841 1492 3083 1539 nostrum
3112 1484 3419 1555 quicunque
3446 1484 3707 1551 libellum,

738 1568 1018 1623 Deducens
1046 1568 1288 1623 sobolem
1318 1571 1731 1640 prosapiamque
1757 1580 1931 1641 pater.
2410 1575 2609 1640 Nostri,
2632 1592 2727 1633 seu
2751 1578 2923 1633 malus
2942 1586 3043 1645 est,
3068 1593 3163 1633 seu
3184 1578 3375 1648 bonus,
3399 1587 3519 1634 esto
3544 1594 3770 1634 memor.

659 1659 971 1729 Cunctaque
1000 1667 1257 1715 contento
1287 1659 1516 1715 ducetur
1543 1661 1683 1717 linea
1719 1669 1914 1732 tractu,
2342 1664 2409 1722 Et
2450 1668 2665 1738 quoties
2716 1666 3002 1724 Dominum
3049 1669 3289 1740 perlecto
3336 1669 3573 1725 carmine
3616 1667 3774 1724 Chri-

726 1750 859 1805 Cum
892 1749 1052 1805 fuerit
1076 1751 1284 1805 medius
1310 1753 1621 1822 progenitor
1648 1755 1864 1823 genitis.
2126 1753 2172 1811 B
3541 1762 3706 1836 [stum

658 1841 769 1897 Nec
797 1842 893 1897 tibi
919 1842 1153 1897 famosas
1180 1843 1363 1912 urbes,
1393 1853 1687 1916 gentesque
1711 1857 1966 1915 remotas,
2200 1850 2305 1904 410
2413 1850 2633 1918 Orabis;
2663 1852 2831 1908 simus
2858 1867 3070 1922 semper
3101 1853 3155 1907 in
3184 1868 3285 1909 ore
3314 1861 3421 1909 tuo.

518 1933 620 1988 ’560
730 1932 1026 2003 Regnaque
1066 1949 1186 2003 qua:
1215 1950 1358 1991 nunc
1392 1942 1554 2001 sunt,
1597 1952 1782 2006 quzeve
1822 1938 1972 1993 fuere
2014 1939 2096 1995 lo-
2340 1941 2493 2011 Quod
2520 1961 2589 2001 ne
2613 1961 2700 2001 me
2724 1947 2911 2016 primis
2937 1947 3125 2002 credas
3149 1946 3429 2017 injungere
3451 1946 3633 2012 labris,

1848 2031 2023 2103 [Quan
2412 2037 2598 2106 Neque
2628 2038 2766 2093 istud
2796 2046 2910 2094 tuto
2938 2038 3276 2094 dissimulare
3303 2047 3473 2109 putes.

659 2119 879 2188 Frigore
906 2134 1015 2175 non
1041 2133 1233 2188 segnes
1258 2119 1509 2189 populos,
1542 2136 1651 2177 non
1678 2121 1792 2178 sole
1820 2133 2095 2193 perustos,
2342 2125 2435 2185 Sic
2458 2136 2513 2184 te
2541 2129 2687 2184 nulla
2714 2129 2829 2184 dies
2859 2131 3000 2185 curis
3021 2137 3346 2201 compungat
3374 2130 3599 2185 amaris:

732 2208 987 2279 Quosque
1012 2210 1200 2264 habuit
1228 2225 1472 2276 nascens,
1501 2211 1861 2283 occiduusque
1899 2214 2015 2269 dies
2044 2231 2058 2267 :
2161 2244 2171 2255 -
2414 2218 2503 2275 Sic
2529 2218 2744 2275 Christo
2773 2229 2945 2276 totum
2974 2220 3234 2292 quidquid
3270 2222 3380 2291 agis
3408 2222 3615 2291 placeat
3649 2238 3666 2274 :

660 2299 767 2355 Sed
791 2299 890 2355 fuit
917 2316 949 2355 a
974 2300 1132 2371 primi
1155 2301 1395 2369 genitum
1424 2301 1570 2370 quod
1598 2310 1842 2373 tempore
1879 2304 2063 2360 mundi
2198 2304 2306 2363 415
2342 2309 2433 2366 Sic
2459 2326 2640 2365 sumas
2668 2319 2912 2368 sanctam
2939 2311 3083 2367 dono
3113 2311 3361 2367 tradente
3378 2328 3633 2367 coronam
3671 2352 3690 2365 .

740 2390 919 2461 Usque
945 2391 1088 2447 diem
1114 2392 1315 2447 mundo
1343 2393 1434 2463 qui
1456 2394 1619 2450 modo
1646 2394 1764 2449 linis
1793 2397 1916 2451 erit.
2411 2400 2655 2457 Nominis
2681 2402 2934 2458 abscedat
2960 2417 3029 2457 ne
3059 2402 3156 2457 tibi
3178 2417 3305 2457 cura
3330 2403 3454 2457 mei.

522 2480 626 2535 3:35
661 2481 918 2537 Omnibus
944 2497 975 2537 e
1000 2483 1159 2538 terris
1194 2485 1400 2537 animas
1423 2482 1701 2552 justasque
1727 2499 1956 2554 reasque
2344 2492 2413 2549 Ut
2440 2502 2759 2564 peccatores
2786 2497 3011 2551 vincens
3039 2493 3312 2551 Orientius
3337 2510 3526 2549 omnes

735 2570 853 2627 Uno
881 2573 1172 2629 constituet
1189 2573 1359 2641 jussio
1382 2573 1552 2641 prima
1579 2572 1720 2628 loco.

2408 2584 2730 2641 Sanctorum
2753 2586 2965 2640 veniam
2986 2600 3297 2656 promerear
3322 2584 3594 2655 precibus.

662 2660 771 2717 Nec
796 2670 973 2717 tamen
995 2662 1101 2717 una
1134 2662 1280 2716 mino
1319 2669 1469 2715 tanta
1500 2661 1640 2716 ίηῑθτ
1662 2662 1829 2717 mima
1851 2671 2061 2734 perget.
2375 2692 2620 2732 examen
2651 2692 2836 2732 SANCTI
2865 2692 3102 2732 ORIEN'I'II
3128 2692 3283 2731 Linea
3311 2691 3597 2731 seccxnus.

732 2755 862 2823 Qua:
889 2772 999 2811 non
1026 2755 1097 2810 sit
1124 2754 1353 2810 Domino
1376 2754 1714 2810 dinumerata
1743 2771 1861 2812 suo.
2444 2786 2690 2842 INCIPIT
2714 2786 2801 2841 DE
2829 2787 3241 2842 NATWITATE
3267 2785 3519 2842 DOLI‘NL

660 2848 785 2905 Mox
827 2848 1049 2903 rutilum
1089 2845 1351 2901 scandens
1387 2845 1575 2901 eadem
1621 2861 1743 2901 cum
1789 2861 1956 2902 carne
1993 2846 2094 2903 tri-

2340 2880 2683 2951 Splendidior
2711 2883 2801 2937 lux
2831 2883 2949 2938 luee
2977 2883 3159 2946 micat,
3191 2882 3477 2952 majorque
3500 2880 3692 2938 diebus

2340 2973 2529 3043 Fulget
2555 2964 2701 3030 clara
2729 2974 2863 3041 dies,
2899 2982 3014 3030 toto
3043 2973 3287 3029 festivior
3312 2988 3458 3029 anno
3488 2992 3502 3026 :

2338 3066 2544 3123 Natalis
2571 3082 2689 3138 quzc
2717 3067 2855 3123 lecta
2878 3063 3010 3133 Deo,
3043 3082 3151 3137 qua
3179 3069 3417 3125 nascitur
3441 3068 3530 3123 ille

2342 3157 2477 3213 Cum
2500 3156 2660 3213 Patre
2686 3159 2778 3227 qui
2802 3174 3015 3230 semper
3041 3159 3162 3215 οωιί
3185 3161 3238 3214 in
3265 3160 3535 3215 consortia
3564 3171 3777 3230 regnat.

2274 3249 2307 3304 5
2342 3252 2527 3307 Virtus
2554 3265 2745 3319 magna
2771 3251 2946 3308 Patris
2986 3252 3163 3307 carnis
3191 3253 3486 3324 primordia
3510 3265 3710 3309 nostra:

2341 3344 2466 3400 Mox
2495 3344 2768 3399 hominem
2816 3345 2870 3398 in
2914 3345 3110 3400 coelum
3151 3345 3416 3401 revehens
3441 3389 3456 3413 ,
3496 3347 3577 3401 sic
3604 3355 3780 3402 morte

3479 3438 3723 3511 [peracta

1818 2937 2023 3011 [bunal,

523 3029 622 3084 570
728 3027 900 3098 Quam
928 3029 1068 3085 coelo
1098 3030 1374 3097 intulerat,
1404 3028 1709 3102 gloriﬁcans
1746 3030 2054 3096 hominem;

653 3119 843 3174 Omnia
871 3134 991 3188 qua:
1015 3120 1235 3189 reliq‘uis
1259 3117 1509 3176 labantur
1534 3122 1587 3175 in
1614 3121 1802 3176 ordine
1827 3121 2018 3185 sznclis,
2118 3121 2165 3185 C

692 3194 699 3199 ’
733 3210 862 3277 Qua:
902 3218 1048 3274 tunc,
1080 3227 1267 3280 quaeve
1303 3213 1499 3267 dehinc
1527 3213 1644 3279 lege
1686 3221 1937 3267 manente
1968 3211 2099 3266 ﬁant

661 3298 765 3353 Ore
793 3315 970 3366 sacer,
1000 3301 1173 3355 celsus
1194 3302 1350 3367 solio,
1378 3311 1583 3357 terrore
1603 3303 1883 3371 videndus,

766 3386 1123 3457 Conspicuus,
1152 3391 1247 3445 sed
1277 3394 1367 3446 vix
1397 3393 1805 3463 conspiciendus
1826 3404 1949 3463 aget
1977 3414 1991 3449 :

524 3468 625 3534 375
662 3478 839 3548 Atque
877 3478 1018 3534 inter
1045 3478 1272 3536 ﬂammae
1308 3489 1513 3540 tractus
1535 3524 1553 3553 ,
1599 3485 1912 3555 sonitusque
1943 3486 2099 3541 tuba-

1864 3529 2067 3649 ﬁngi”
2343 3529 2567 3584 Sumere
2594 3529 2686 3598 qui
2711 3544 2927 3584 carnem
2955 3530 3147 3597 voluit,
3175 3545 3276 3585 nec
3300 3544 3465 3585 carne
3492 3533 3748 3585 senescit.

2013 3621 2028 3647 ’
2378 3640 2464 3649 *ν-
2496 3640 2839 3649 -ιι--η-η--η-
2888 3641 2917 3649 Α
2942 3640 2952 3649 .
2975 3641 2994 3649 -
3015 3642 3058 3649 __
3080 3642 3089 3649 _
3111 3640 3303 3649 _,,__,_
3338 3640 3581 3649 _‘A______

2013 3621 2028 3647 ’
2378 3640 2464 3663 nn
2496 3640 2839 3663 Πηννιιπηηισ
2885 3641 2917 3663 ο
2940 3640 2957 3663 Δ
2975 3641 2994 3663 Ι
3015 3642 3058 3663 ‘7
3076 3642 3094 3663 Δ
3111 3640 3303 3663 mnnlo
3338 3642 3380 3663 ‘7

731 3662 1123 3732 Angelicosque
1150 3664 1379 3731 choros,
1408 3666 1762 3737 militiamque
1798 3640 2026 3732 sacram,
2350 3640 2465 3746 ,ΒΕ
2494 3640 2846 3746 Ellum“?
2885 3640 3309 3746 SA‘EVATOIEIS
3334 3640 3604 3746 δθξἸἪΙ-

661 3753 806 3809 lnter
825 3763 880 3810 et
900 3755 1184 3822 infantum,
1206 3765 1455 3824 matrum,
1475 3758 1859 3829 juvenumque,
1884 3776 2101 3815 senum-
2343 3736 2534 3836 ³³¹ξξ¹³ν
2567 3736 2760 3836 virgo"
2797 3733 2927 3836 Le";
2958 3735 3140 3836 Υίτιυε
3163 3734 3516 3836 ’“δ³Ρ¹ῗξ¹ίΪ³’
3547 3733 3782 3836 tertium

684 3894 705 3910 ’ἡ
1445 3823 1491 3829 νν
1752 3823 1766 3829 ·
1847 3823 2026 3926 ’mue,
2421 3825 2558 3891 Rex,
2597 3825 2848 3890 Baculus,
2887 3824 3165 3897 Princeps,
3192 3824 3327 3891 Dux,
3359 3824 3539 3926 Petra:
3566 3823 3784 3893 Ρδειονι

737 3936 998 4003 Pallores,
1025 3939 1201 4005 ﬂetus,
1231 3942 1446 4009 gaudia,
1476 3951 1622 4009 vota,
1653 3952 1851 4011 metus,
1882 3914 1935 3926 μ
2013 3914 2021 3918 1
2248 4007 2304 4018 ,Α
2345 4007 2383 4018 “
2431 4006 2462 4018 __
2553 4005 2584 4018 ﬂ
2629 4007 2643 4018 _
2698 4005 2730 4018 η
2991 4006 3022 4018 η
3238 4005 3287 4018 ..
3442 3914 3709 4018 ,11121Μά

669 4028 861 4083 Ultima
890 4046 1161 4100 suspensa,
1188 4002 1401 4086 dibu“,
1434 4002 1700 4088 έθηιθιίηδ
1730 4002 1920 4104 ωηςω,
2242 4007 2308 4061 10
2345 4006 2521 4075 Retia,
2552 4005 2665 4071 Sol,
2698 4005 2957 4077 Sponsus,
2991 4006 3209 4074 Semen,
3238 4005 3414 4074 Mons,
3442 4004 3632 4106 Stella,
3663 4002 3786 4057 hla-

523 4119 626 4173 380
733 4119 862 4187 Qua:
890 4098 1045 4175 sacro
1066 4122 1239 4175 sancti
1258 4120 1455 4189 judicis
1483 4138 1578 4177 ore
1602 4132 1780 4180 sonet.

1908 4098 1917 4104 '
3508 4098 3713 4167 [gister,

662 4209 719 4264 In
748 4211 990 4279 requiem
1021 4219 1076 4264 et
1104 4210 1318 4264 laudem
1343 4211 1609 4279 justorum
1640 4229 1803 4285 perge
1826 4224 2060 4280 caterva,
2346 4228 2403 4288 _’_
2422 4191 2903 4288 Margarim’Pies’
2932 4189 3310 4288 ἒὲηυενρνίδν
3338 4190 3566 4288 Ἥξ⁰1¹¹8⁶
3618 4280 3635 4288 _
3716 4280 3727 4288 ,

732 4298 779 4352 Α
804 4313 971 4368 regno
1000 4314 1274 4368 nunquam
1306 4300 1641 4357 dissocianda
1670 4320 1815 4373 meo,

2345 4284 2690 4347 Thesaurus,
2736 4282 2909 4349 Fons,
2956 4283 3094 4351 Vita,
3145 4282 3351 4349 Manus,
3396 4281 3586 4351 Caput,
3618 4280 3786 4347 Ignis,

665 4388 793 4455 Quae
820 4390 972 4444 vobis
1000 4404 1198 4458 gnarus
1227 4392 1405 4447 meriti
1436 4393 1665 4463 vitatque
1694 4393 1888 4450 futurae

1848 4412 1888 4450 ω
3402 4373 3675 4445 [Aralrum
3696 4414 3713 4439 ,

735 4478 837 4533 Dat
864 4480 1045 4546 modo,
1078 4481 1175 4536 sed
1203 4483 1400 4539 dudum
1422 4462 1783 4557 donaiparata
1813 4486 1991 4543 Pater.
2128 4508 2178 4567 Ι)
2462 4468 2566 4567 1053
2589 4465 2747 4567 ξλθρίδ
2767 4464 3290 4567 ΞῐξίῦμῘίὶΐίενΡθΧίτξὶτ
3315 4462 3597 4567 (δοξιξξηιιτςε
3625 4462 3787 4567 ξήιλΓ-

522 4570 627 4625 585
663 4573 732 4626 At
758 4581 814 4627 tu
841 4572 1106 4628 mandatis
1135 4590 1345 4645 semper
1365 4553 1636 4632 contraria
1662 4580 1878 4646 nostris,
2128 4553 2173 4567 υ
2348 4556 2491 4613 Mitis
2531 4556 2722 4620 Adam’
2772 4556 2976 4625 Dignus
3001 4598 3016 4623 ’
3061 4554 3372 4625 Specumm’
3404 4553 3787 4652 “319m?”-

728 4662 894 4733 lmpia
924 4666 1173 4721 tartareis
1197 4642 1450 4723 claudere
1472 4670 1627 4723 turba
1660 4669 1813 4725 locis.
1867 4642 1874 4646 ⁷
2417 4739 2461 4748 __
2553 4740 2566 4748 _
2656 4738 2677 4748 ν
2820 4737 2857 4748 ﬂ
2908 4738 2937 4748 Α.
3027 4736 3089 4748 m
3242 4735 3299 4748 Ν
3366 4737 3378 4747 ⁶
3434 4700 3435 4703 η
3479 4642 3727 4748 ,[Ρῇίιιεν

660 4751 772 4808 lllic
798 4753 1108 4824 stridorem,
1133 4756 1338 4824 dentes,
1370 4767 1427 4814 et
1452 4759 1655 4814 lumina
1678 4758 1883 4825 ﬂetum,
2244 4742 2341 4811 15.
2417 4739 2624 4803 Ηοεῐῖθν
2655 4738 2784 4802 Le"
2820 4737 2998 4805 Βδῑίον
3027 4736 3211 4806 Virga.
3242 4735 3429 4801 Ρίδοῖει
3464 4735 3678 4805 Αίιυῖιθν

728 4846 942 4917 Ignibus
963 4849 1267 4907 immodicis
1291 4853 1664 4911 diserucianda
1699 4856 1923 4926 dabunt,

1848 4865 1923 4926 ηι,
2344 4832 2543 4898 Justus,
2571 4831 2862 4899 Progenies
2892 4831 3053 4900 regis,
3083 4831 3330 4900 regisque
3357 4827 3639 4891 Sacerdos,

660 4937 727 4991 Et
758 4947 1031 5007 tamen,ut
1054 4957 1183 4999 vere
1203 4955 1454 5001 maneant
1472 4962 1804 5020 quaecunque
1826 4917 2100 5021 jubentur,
2415 4922 2642 4979 Nomina
2669 4937 2860 4992 magna
2890 4922 3001 4978 Deo
3033 4941 3045 4975 ⁵
3078 4923 3254 4991 πλεῖον
3280 4931 3335 4975 δι
3365 4921 3474 4989 ipse
3506 4917 3674 4975 Deus-

518 5029 622 5084 590
728 5029 855 5087 Haec
880 5033 984 5087 erit
1012 5036 1200 5090 teterni
1229 5036 1456 5094 formula
1478 5041 1687 5111 judicii,
2538 5036 2703 5091 ΙΤΕΜ
2732 5035 2908 5090 PLUS
2936 5034 3022 5090 DE
3052 5032 3439 5089 ΤΗΙΝῙΤΑΤΕ·

657 5119 839 5177 Gloria
867 5137 987 5192 qua:
1009 5124 1233 5195 justum,
1264 5130 1512 5185 submota
1541 5145 1750 5203 morte,
1779 5139 1981 5192 tenebit
2011 5158 2022 5192 :
2345 5126 2497 5193 Quod
2519 5126 2619 5181 fuit
2645 5141 2676 5181 a
2710 5126 2913 5190 saeclis,
2945 5125 3195 5196 quodque
3222 5134 3305 5180 est
3333 5126 3385 5179 in
3408 5124 3563 5180 smcla
3594 5125 3788 5179 smelo-

734 5210 912 5280 Atque
939 5228 1065 5269 reus
1091 5232 1266 5285 paena:
1303 5235 1413 5273 non
1438 5222 1731 5276 moriturus
1759 5225 1881 5277 erit.
3544 5216 3714 5289 [run],

655 5299 780 5356 Hice
808 5317 910 5372 ego
938 5303 1229 5361 debueram
1260 5307 1415 5364 laetis
1442 5306 1802 5375 tibi‘tradere,
1834 5314 2021 5381 lector,
2343 5308 2568 5379 Semper
2595 5308 2718 5376 erit,
2741 5308 2866 5377 quia
2886 5322 3100 5379 semper
3124 5315 3267 5373 erat,
3290 5304 3406 5372 sine
3431 5304 3537 5362 line
3559 5323 3769 5362 mnnen

735 5393 803 5449 Ut
831 5396 1040 5466 pondus
1069 5401 1247 5455 verbis
1274 5403 1381 5456 vita
1412 5405 1635 5473 probata
1674 5406 1846 5461 daret.
3538 5399 3662 5471 [dus
3700 5417 3713 5450 ³

520 5482 621 5537 595
656 5482 767 5539 Sed
800 5486 925 5554 quia
968 5488 1287 5557 negligimus
1326 5491 1509 5547 miseri
1550 5508 1881 5564 qum-cunque
1912 5513 2098 5553 mone—
2239 5490 2308 5544 ’ὶο
2344 5490 2414 5545 Et
2439 5505 2603 5561 ευρει·
2630 5506 2790 5546 omne
2818 5492 2962 5559 quod
2991 5500 3091 5557 est.
3126 5491 3241 5547 Sine
3269 5507 3377 5562 (illo
3415 5490 3568 5555 nihil,
3600 5490 3792 5545 omnia

1933 5587 2096 5658 [mur,
3579 5582 3715 5655 ἱειιίν

586 5724 758 5781 γει-ευ
785 5726 906 5782 355.
934 5727 1102 5795 Forte,
1122 5729 1305 5785 ontnis.
1330 5748 1333 5761 λ
2275 5734 2444 5791 \‘ersu
2471 5734 2593 5791 M5.
2620 5735 2780 5792 Forte
2801 5734 3040 5791 Domino.
