4066 6192
350 241 473 298 1001
1535 251 1956 312 (ΖΟΜΜΟΝΙΤΟῘ

1961 251 2121 311 “Ubi.
2165 255 2290 314 LIB.
2322 259 2386 316 ll.
3435 273 3567 328 1003

481 357 834 431 Omniparens
877 363 1109 454 Verbum
1134 404 1150 431 ,
1199 367 1436 424 Verbum
1466 370 1608 425 Deus
1652 368 1900 439 omnipo-
1931 371 1978 430 A
2005 369 2074 424 65
2144 371 2357 429 Palmea
2381 390 2537 446 quem
2564 391 2707 432 careo
2736 377 2999 434 violarunt
3023 381 3247 438 verbera
3287 384 3459 454 pulsu.

1737 460 1897 533 [tens.
2145 463 2362 533 Aspice,
2393 481 2675 535 percussor
2697 469 2938 535 demens,
2961 473 3265 529 venerabile
3289 474 3510 544 lignum,

481 541 613 598 Cum
640 543 797 601 Patre
835 547 924 617 qui
968 549 1116 605 solus
1138 591 1156 619 ,
1204 565 1326 607 cum
1355 565 1463 621 quo
1493 550 1654 607 Pater
1681 559 1737 606 et
1761 550 1901 607 Deus
2141 553 2315 609 Cerne
2341 556 2601 625 profanati
2621 559 2855 614 victricia
2886 561 3034 628 signa
3062 563 3285 617 cruoris.

1733 643 1903 717 [solus
2140 644 2302 699 Estne
2353 648 2490 702 Deus
2509 651 2681 715 vivus,
2712 651 2850 705 Deus
2871 653 3248 723 insuperabilis
3274 655 3437 720 hosti,

477 725 591 781 Hoc
615 736 752 793 erat,
779 739 832 784 et
862 732 1094 787 nondum
1135 741 1319 788 natum
1349 743 1634 804 acceperat
1660 743 1858 789 ortum.
2145 733 2305 799 Ultio,
2331 736 2652 806 profugium,
2674 742 2904 809 requies,
2939 743 3048 808 lux,
3079 745 3213 812 vita,
3238 742 3388 810 ﬁdes,
3406 748 3566 815 spes?

475 817 671 875 Semen
698 822 839 876 enim
868 823 1146 890 Christus,
1191 825 1435 882 Christus
1483 826 1773 896 primordia
1813 842 1897 883 re-
2003 819 2070 876 70

2003 819 2070 876 70
2141 822 2186 877 A
2234 824 2392 880 Patre
2435 828 2737 884 noscendus
2779 831 2924 900 quod
2959 832 3030 888 sit
3056 842 3204 889 sator
3252 843 3412 902 atque
3451 835 3562 888 ani-

1731 916 1895 988 [rum,
3259 924 3460 996 [mator
3475 940 3492 970 ε

367 999 438 1054 25
474 1001 717 1058 Christus
745 1005 918 1060 honor
945 1014 1121 1072 terrm,
1153 1015 1353 1062 tremor
1373 1008 1534 1072 orbis,
1559 1007 1727 1075 gloria
1751 1009 1893 1064 cmli.
2142 1005 2186 1058 A
2215 1020 2374 1062 cruce
2401 1009 2544 1077 quod
2569 1009 2783 1077 vindex,
2813 1013 3262 1083 propulsatorque
3289 1015 3563 1082 gehennm.

474 1091 551 1145 Ex
579 1093 888 1150 dominante
911 1096 1020 1151 Deo
1051 1096 1164 1151 Rex
1193 1106 1247 1151 et
1272 1098 1587 1152 Dominator
1608 1098 1661 1151 in
1684 1097 1824 1161 altis.
2143 1097 2399 1153 Errorum
2429 1101 2657 1167 ablutor,
2681 1120 2784 1172 pax
2807 1104 2930 1173 lida,
2955 1108 3196 1162 remissio
3225 1108 3388 1178 larga.

476 1183 672 1240 Unicus
700 1195 822 1240 ante
850 1203 1036 1244 omnes
1063 1189 1294 1256 genitus,
1327 1189 1570 1257 genitore
1591 1189 1686 1244 sed
1715 1190 1828 1254 illo,
2137 1187 2304 1243 Natus
2330 1205 2514 1245 amore
2541 1191 2790 1259 hominis,
2823 1210 3008 1263 passus
3036 1199 3242 1252 ratione
3269 1199 3458 1255 salutis
3476 1239 3495 1266 ,

473 1275 641 1341 Quem
663 1279 845 1345 genuit
867 1279 1060 1347 nullus,
1081 1295 1180 1349 per
1199 1294 1355 1348 quem
1376 1281 1645 1350 gignentia
1664 1290 1853 1337 cuncta
1880 1301 1893 1335 :
2139 1278 2375 1334 Functus
2404 1282 2521 1349 lege
2548 1283 2746 1349 obitus,
2776 1283 3045 1341 redivivus
3075 1288 3127 1341 in
3148 1289 3344 1344 mthera
3367 1291 3564 1352 celsus,

468 1365 779 1434 Quaasumus
797 1410 811 1435 ,
856 1377 1106 1439 optamus
1129 1410 1145 1437 ,
1194 1372 1494 1438 tremimus,
1547 1386 1893 1436 veneramur,
2000 1368 2066 1422 75
2138 1368 2279 1424 Sede
2310 1371 2503 1426 sedens
2528 1374 2720 1441 patria,
2745 1389 2906 1443 super
2933 1390 3092 1430 omne
3118 1377 3357 1432 salutifer
3379 1394 3515 1444 :evo,

1612 1462 1892 1535 [amamus.
2142 1459 2292 1514 Unde
2316 1461 2567 1517 humilem
2589 1463 2833 1532 dignatus
2860 1467 3100 1532 humum,
3131 1469 3431 1524 remeabilis
3451 1471 3560 1526 illo.

364 1546 432 1600 '50
468 1545 635 1603 Totus
657 1563 724 1603 ex
753 1554 890 1615 toto,
915 1557 1088 1605 totum
1117 1550 1338 1606 diffusus
1365 1550 1418 1604 in
1443 1551 1650 1607 orbem.
2139 1552 2348 1607 l’eccati
2376 1555 2624 1624 pretium,
2650 1557 2908 1625 peccandi
2937 1559 3147 1614 nescius
3170 1560 3282 1630 ipse
3301 1601 3317 1626 ,

463 1637 577 1695 Non
606 1639 767 1706 idem,
794 1640 888 1695 sed
929 1656 1148 1713 prorsus
1177 1641 1338 1708 idem,
1358 1639 1682 1712 'similisque,
1711 1643 1893 1719 simul-
2140 1643 2473 1715 Participans
2504 1646 2750 1716 famulos,
2782 1649 3126 1706 conlormans
3151 1653 3495 1719 glorificatos.

1766 1713 1891 1786 [ιιιιο
1923 1740 1970 1800 Β
2135 1737 2213 1790 En
2245 1713 2520 1807 tibi—quam
2550 1713 2828 1810 pulchrum
2858 1757 2954 1812 per
2992 1713 3179 1798 limina
3226 1754 3407 1801 nostra
3453 1755 3560 1804 tro-

464 1797 835 1865 Tantumdem,
858 1802 1148 1872 etpariter,
1171 1803 1251 1859 sic
1265 1803 1429 1859 Filius
1451 1811 1506 1860 et
1530 1805 1691 1860 Pater
1706 1822 1888 1861 unum.

3370 1853 3454 1890 υηι

475 1835 835 1865 ιαιιιυωυυιιι,
858 1835 914 1856 σι
930 1835 1015 1872 ναι
1029 1835 1148 1869 nu,
1171 1835 1251 1859 an;
1265 1835 1294 1858 ι·
1309 1835 1429 1859 uiua
1451 1835 1506 1860 cs
1530 1835 1689 1860 Inscr
1708 1835 1888 1861 unum.
3259 1835 3454 1908 [ρωυηι
3479 1877 3495 1902 ν

464 1889 690 1945 Nomine
716 1891 940 1947 divisum
969 1909 1167 1950 nomen
1191 1936 1208 1962 ,
1252 1895 1549 1951 subsuntia
1591 1897 1761 1998 mixta
1786 1908 1890 1964 est.
1994 1916 2062 1969 so
2133 1916 2368 1983 Christe,
2394 1919 2584 1988 micat;
2613 1938 2772 1992 quam
2811 1923 2959 1979 clara
2991 1923 3132 1979 Patri
3160 1927 3352 1982 vexilla
3380 1943 3557 1998 repor-

466 1983 852 2040 Consummans
879 1985 1016 2040 sacri
1042 1987 1280 2057 mysterii
1309 1997 1490 2044 sancta
1515 1988 1784 2058 profundi.
2572 1983 2582 1988 ⁷
2630 1983 2647 1992 ³
3327 1983 3492 2092 [ιδηᾷ

359 2075 430 2128 35
466 2072 748 2130 Plenitudo
776 2083 984 2146 potens,
1012 2076 1191 2132 dedita
1220 2078 1340 2143 sibi,
1373 2093 1510 2134 nexa
1536 2079 1768 2135 vicissim

2133 2098 2582 2167 Sanguinolentus
2628 2105 2841 2174 adhuc,
2872 2109 3032 2163 etiam
3089 2111 3234 2178 quod
3285 2072 3345 2166 et
3383 2072 3558 2181 antea,

465 2165 625 2220 Trina
654 2174 978 2236 potestatum
1005 2168 1281 2224 conclusio
1311 2169 1639 2239 parificatur.
2250 2165 2266 2167 _
2828 2165 2840 2174 ’
3107 2165 3125 2178 ³
3177 2165 3184 2166 ⁷
3211 2165 3216 2166 7
3249 2165 3486 2273 [semper

464 2254 693 2326 Spiritus
719 2263 774 2311 et
802 2256 1032 2311 volitans
1065 2257 1325 2327 perfectio
1353 2266 1466 2313 tota
1495 2274 1746 2330 superne.

1734 2300 1746 2360 ς
1842 2353 1848 2359 δ
2130 2277 2187 2333 ln
2217 2281 2411 2337 virtute
2439 2293 2649 2353 potens,
2681 2286 2734 2340 in
2763 2289 3042 2356 majestate
3070 2254 3340 2360 perennis.

463 2348 604 2419 Ergo
632 2348 806 2405 honor
842 2349 895 2404 in
923 2347 1138 2406 Christo
1166 2358 1249 2407 est
1272 2389 1290 2417 ,
1331 2351 1447 2407 laus
1475 2361 1560 2407 est
1603 2350 1805 2418 Patris,
1835 2353 1890 2407 in

2129 2368 2238 2423 Cur
2292 2379 2470 2427 tamen
2523 2374 2662 2432 hanc
2713 2378 2948 2448 speciem
2978 2388 3157 2435 teneat
3202 2384 3376 2440 crucis
3418 2385 3558 2443 edita

1358 2441 1539 2514 [Patre
1559 2442 1756 2497 Christi
1785 2452 1884 2498 est.
2741 2441 2761 2448 ’
3299 2474 3492 2547 [forma

461 2531 578 2603 lpse
604 2529 777 2587 Patris
797 2546 948 2586 mens
979 2539 1084 2598 est,
1114 2539 1170 2587 et
1195 2548 1392 2598 sermo,
1425 2542 1481 2588 et
1500 2535 1671 2599 testis,
1699 2543 1754 2589 et
1782 2537 1889 2590 ha:-

1843 2552 1889 2590 B-
2130 2549 2393 2607 Monstrat
2416 2554 2747 2610 adorandum
2779 2564 2892 2612 tota
2915 2561 3123 2616 ratione
3151 2529 3449 2621 character.

1734 2626 1844 2721 [res
1871 2645 1883 2679 =
1988 2636 2058 2690 85
2129 2638 2282 2705 Quod
2312 2641 2478 2696 divisa
2524 2653 2650 2698 nota
2670 2654 2752 2701 est
2777 2646 2829 2702 in
2858 2659 3038 2719 partes
3064 2661 3296 2721 quatuor
3319 2665 3556 2721 exstans.

361 2713 431 2766 40
467 2713 584 2784 Ipse
611 2715 946 2783 recognoscit
973 2724 1232 2786 quantum
1261 2715 1422 2772 Pater
1448 2717 1610 2772 audet
1645 2718 1700 2772 in
1726 2719 1842 2788 ipso
1871 2737 1884 2772 :
2131 2731 2233 2787 Da:
2273 2735 2457 2789 mundi
2487 2735 2771 2794 Dominum
2819 2713 3097 2811 οόεηοεοίξ
3115 2753 3171 2800 ει
3212 2713 3560 2817 archangeli”;

459 2805 577 2875 Ipse
600 2815 762 2875 caput
786 2815 1048 2874 nostrum,
1079 2810 1362 2879 sapientia,
1389 2810 1558 2877 gratia
1587 2811 1698 2865 vita
1730 2828 1745 2866 :
2644 2829 2656 2842 '
2887 2805 2910 2811 ⁷
3076 2805 3089 2811 ⁷
3259 2805 3487 2910 [omnes

455 2893 573 2966 Ipse
614 2894 889 2950 hominum
933 2905 1155 2965 custos,
1204 2900 1547 2969 speculator,
1591 2910 1648 2956 et
1689 2901 1889 2958 arbiter

2132 2913 2236 2972 Tot
2261 2917 2422 2987 Regis
2444 2919 2558 2989 ipse
2583 2921 2784 2991 plagas,
2809 2924 2928 2978 οωιὶ
2949 2933 3081 2994 quot
3099 2942 3230 2981 crux
3251 2893 3394 2984 videt
3412 2944 3555 2987 oras.

1710 2993 1884 3066 [ipse=
2129 3011 2271 3066 Crux
2300 3014 2507 3069 imitata
2535 3017 2652 3085 pias
2671 3019 2876 3074 orantis
2905 3020 3134 3089 imagine
3157 3023 3380 3093 palmas,

455 3077 576 3148 Ipse
599 3079 783 3135 saluus
803 3079 923 3146 iter.
951 3080 1149 3184 {omne
1177 3081 1568 3184 morantis;
1597 3083 1711 3154 ipse
1913 3099 1961 3163 c
2129 3101 2270 3156 ciui
2301 3109 2494 3160 testata
2523 3077 2617 3160 Dei
2646 3121 2832 3176 pacem
2857 3077 3047 3180 pingit,
3074 3120 3130 3167 et
3147 3077 3230 3168 ési
3256 3077 3360 3184 pax

459 3172 534 3227 De
559 3187 691 3228 vero
717 3187 874 3229 verus
903 3173 1189 3276 splendor,
1209 3175 1276 3230 de
1300 3176 1504 3276 lumine
1529 3177 1727 3247 lumen,
1991 3191 2058 3244 90
2129 3191 2257 3258 Quae
2283 3192 2407 3249 data
2435 3210 2533 3267 per
2555 3172 2754 3267 lignum
2798 3172 2900 3266 est,
2930 3172 3044 3270 p'ax'
3065 3201 3206 3272 ligno
3226 3172 3452 3276 .scripta
3477 3215 3557 3266 ω.

353 3264 424 3319 45
459 3264 534 3319 De
560 3266 801 3322 bonitate
829 3268 1022 3334 bonus,
1047 3267 1114 3323 de
1137 3268 1299 3338 pleno
1321 3277 1376 3324 et
1399 3270 1564 3326 divite
1588 3272 1798 3341 plenus,
2436 3264 2452 3267 —
2601 3264 2618 3267 ’
2888 3264 2892 3266 Ὗ
2931 3264 2949 3270 ’
3103 3264 3130 3272 ν
3284 3264 3484 3367 [natura

455 3354 732 3423 Providus,
758 3356 1056 3427 indulgens,
1086 3360 1345 3428 clemens,
1376 3361 1686 3427 miserator,
1718 3364 1886 3418 abun-
2126 3375 2217 3431 vis
2244 3379 2442 3446 gratias
2469 3380 2695 3435 miratur
2717 3381 2843 3436 item
2860 3391 3102 3452 spectare
3122 3354 3352 3454 figuras?

1629 3452 1782 3527 [dans
1798 3491 1814 3519 ,
2130 3467 2323 3537 Aspice
2345 3469 2642 3540 perfectum
2672 3472 2809 3541 signi
2834 3474 3116 3544 locupletis
3139 3452 3350 3547 enigma

457 3535 750 3606 Perfectus,
780 3538 1007 3607 patiens,
1033 3537 1233 3609 iustus.
1255 3540 1651 3600 immaculatus.
2135 3556 2193 3610 P.
2208 3535 2467 3614 nimbum
2499 3562 2702 3624 videas,
2721 3535 2887 3632 caput
2907 3535 3008 3629 est,
3028 3565 3112 3618 vel
3137 3535 3352 3621 brachia
3377 3569 3484 3625 fixi.

459 3625 742 3681 Eternum
765 3627 973 3684 Eterni
995 3629 1216 3694 donum,
1247 3632 1414 3686 tutela
1439 3633 1696 3701 priorum.

2129 3648 2244 3705 lota
2264 3651 2408 3719 quod
2428 3661 2666 3706 erectum
2681 3661 2763 3708 est
2777 3656 3059 3724 suspensio
3080 3658 3324 3726 corporis
3347 3659 3434 3716 hic
3453 3673 3553 3720 est.

455 3717 874 3773 Firmamentum
903 3720 1114 3785 animai.
1133 3719 1254 3789 fuga
1275 3722 1551 3816 ἀξιεῐξιοηίεν
1578 3738 1722 3816 {rma
1741 3722 1885 3816 βδεῖ,
1989 3736 2058 3792 95
2131 3717 2332 3794 Littera
2360 3741 2703 3810 prosequitur
2727 3717 2960 3813 poenam,
2989 3744 3089 3800 fert
3108 3717 3266 3816 poena
3293 3717 3517 3807 salutem
3543 3772 3557 3807 :

312 3806 386 3863 50
457 3807 781 3878 Perpetuum
808 3823 1057 3876 regnans,
1086 3825 1276 3865 censor
1292 3811 1566 3882 judexque
1597 3811 1781 3882 futuri,

2131 3829 2302 3898 Alpha
2329 3806 2524 3887 dehinc
2537 3806 2694 3903 juxta
2720 3806 2806 3889 est
2823 3871 2840 3899 ,
2870 3806 3032 3905 attjue
3069 3806 3236 3892 altera
3263 3806 3559 3898 comminus

456 3901 723 3971 Tempore
750 3916 858 3954 non
886 3901 1114 3968 clausus,
1141 3902 1416 3960 clausurus
1451 3911 1691 3974 tempora
1716 3906 1887 3977 jussu,
2548 3901 2557 3903 ⁷
2944 3901 2962 3905 _
3320 3933 3425 4004 [est
3450 3943 3492 3985 ο

457 3992 783 4062 Principium
814 4007 875 4048 ac
905 3989 1040 4058 finis,
1065 4002 1343 4062 vegetator
1371 4003 1425 4050 et
1453 3995 1595 4052 intus
1623 4005 1679 4052 et
1701 4007 1852 4054 extra
1870 4040 1887 4067 ,
2134 4007 2309 4065 Prima
2336 4012 2480 4082 quod
2528 4012 2615 4069 hic
2653 4015 2875 4085 primus,
2920 4026 3189 4087 postrema
3246 3989 3560 4082 novissimus

459 4085 608 4140 Velle
636 4094 840 4148 tenens,
873 4093 928 4139 et
955 4100 1112 4156 posse
1151 4096 1362 4155 potens,
1392 4095 1446 4142 et
1474 4089 1603 4143 mite
1631 4105 1852 4145 severus
1870 4131 1889 4159 ,
2923 4085 2937 4087 ⁷
3257 4110 3367 4182 [hic
3388 4123 3488 4166 est.

458 4172 566 4228 Pax
595 4173 774 4228 mundi
813 4183 868 4229 et
908 4174 1176 4243 gaudium,
1203 4177 1463 4246 pravique
1516 4177 1753 4248 bonique
1803 4178 1889 4234 di—
2135 4186 2258 4244 llzec
2284 4188 2550 4246 elementa
2575 4191 2788 4262 apicum
2809 4192 2950 4250 Deus
2974 4195 3060 4251 hic
3084 4211 3245 4267 super
3257 4172 3429 4255 ‘omne
3449 4201 3558 4256 ele-

1599 4269 1838 4360 [rectora
3190 4287 3450 4360 [mentum
3476 4308 3490 4344 :

319 4353 390 4409 55
461 4355 593 4408 Dum
615 4354 838 4409 mortale
857 4354 999 4424 quod
1018 4363 1117 4420 est,
1138 4353 1280 4411 Deus
1299 4356 1601 4411 immortale
1627 4358 1888 4426 probavit.
2131 4367 2320 4426 omnia
2348 4373 2673 4429 conveniunt
2699 4375 2904 4431 caelesti
2925 4377 3148 4445 insignia
3168 4353 3340 4448 signo.

462 4449 506 4502 Ο
527 4449 651 4504 felix
676 4449 885 4504 Domini
912 4449 1239 4513 dominatio,
1268 4447 1449 4502 nobile
1479 4448 1707 4502 lelhum!
1916 4469 1969 4530 1)
1996 4461 2095 4517 100
2128 4461 2264 4517 Cum
2312 4463 2454 4518 subit
2499 4465 2554 4519 in
2601 4466 2765 4534 ligno,
2797 4467 2997 4536 lignum
3027 4469 3168 4524 Deus
3210 4447 3410 4526 indicat
3444 4487 3559 4528 esse

459 4539 503 4593 0
525 4541 732 4594 miserae
761 4541 934 4609 gentis
959 4555 1053 4595 cor
1076 4539 1289 4604 durum,
1314 4547 1370 4594 et
1396 4540 1631 4608 perﬁdus
1658 4541 1847 4596 error!
2130 4551 2406 4608 Materiem
2423 4553 2653 4621 fructus;
2671 4571 2792 4611 cum
2807 4573 3014 4613 ramum
3030 4561 3382 4617 extenderein
3397 4565 3560 4620 altum

467 4632 632 4701 lmpie
656 4632 957 4695 damnator,
989 4639 1080 4685 tua
1108 4646 1253 4685 mors
1281 4632 1385 4686 hoc
1420 4632 1600 4702 stipite
1626 4632 1850 4702 pendet;
2135 4644 2310 4700 Altior
2336 4645 2565 4704 excelsis
2585 4646 2842 4704 Dominus
2861 4650 3226 4720 supereminet
3248 4667 3457 4708 omnes.

461 4723 686 4780 Credule
715 4723 1015 4786 confessor,
1049 4730 1138 4776 tua
1167 4724 1278 4777 vita
1307 4724 1411 4779 hoc
1437 4725 1696 4793 sanguine
1724 4726 1884 4781 vivat.
2133 4734 2390 4792 Fixorum
2418 4743 2504 4792 est
2523 4736 2732 4794 medius
2759 4755 2774 4793 :
2806 4755 3060 4796 numerus
3085 4741 3179 4796 dat
3205 4743 3376 4799 trinus
3396 4746 3558 4801 hono-

318 4817 390 4870 ϐυ
460 4814 716 4869 Flecteris
738 4814 1014 4883 judicante
1040 4815 1151 4869 Deo
1175 4816 1267 4884 qui
1295 4816 1532 4886 plectere
1557 4817 1721 4883 visus,
3335 4835 3494 4908 [rem.

460 4905 694 4961 Salvavit
718 4905 971 4976 populos,
997 4907 1226 4975 populus
1253 4921 1415 4976 quem
1442 4908 1555 4962 odit
1583 4909 1815 4979 iniquus.
2132 4915 2458 4987 Percutitur,
2477 4935 2640 4975 cruor
2663 4920 2793 4987 exit,
2823 4936 2962 4991 aqua
2985 4921 3053 4978 de
3081 4923 3301 4980 vulnere
3335 4905 3477 4982 facto

461 4997 558 5052 Hic
585 5005 668 5052 est
696 4997 783 5052 ille
803 4997 913 5053 suis
939 4997 1202 5067 reprobus
1229 4999 1397 5068 prius,
1426 5007 1481 5054 et
1507 5000 1850 5055 maledictum
1868 5038 1884 5064 i
1993 5011 2097 5067 105
2133 5012 2277 5080 Exit,
2304 5021 2360 5068 et
2384 5029 2451 5068 ex
2478 5016 2596 5084 ipso
2618 5031 2743 5070 mox
2770 5017 2984 5085 sanguis
3010 5018 3250 5075 vulnere.
3280 5020 3482 5092 Nempe
3511 5041 3524 5077 :

456 5087 805 5157 Sputamenta
828 5089 1103 5142 hominum
1120 5129 1135 5154 ,
1160 5091 1382 5158 perituri
1409 5090 1698 5160 opprobria
1725 5091 1888 5162 vulgi.
2131 5101 2442 5174 Martyrium
2466 5106 2701 5174 sanguis,
2725 5105 2825 5160 sibi
2849 5097 3088 5164 vindicat
3105 5111 3246 5165 unda
3269 5087 3558 5168 lavacrum.

461 5179 558 5234 llic
581 5181 664 5234 cui
690 5195 835 5236 smva
857 5195 1046 5236 manus
1070 5181 1140 5236 fel
1168 5181 1394 5236 mixtum
1414 5180 1548 5237 fudit
1569 5189 1746 5250 aceto,
2131 5195 2223 5251 Sic
2242 5211 2346 5266 ope
2372 5197 2551 5252 divina
2579 5213 2725 5254 mors
2744 5199 2936 5257 arbore
2962 5202 3179 5273 vitaque
3209 5205 3373 5259 venit.

387 5359 558 5435 Xersu
585 5359 674 5435 ἓξ.
701 5361 856 5435 ῥὰᾱθ
887 5372 981 5415 est.
2061 5378 2230 5434 Versu
2253 5375 2338 5432 59.
2368 5377 2530 5435 Forte
2559 5379 2695 5435 vivit.

388 5430 558 5507 Xersu
701 5431 1040 5507 Forteunus.

387 5500 557 5593 Xersu
585 5501 672 5593 ξι).
703 5501 831 5593 εςθεςΣ
857 5502 942 5556 Ea:
962 5511 1248 5593 temtatus.
2062 5500 2228 5593 Χέέᾶ
2258 5500 2345 5593 si).
2371 5500 2504 5593 sei:
2515 5500 2776 5593 ἰιὲῥίῖρξὶέ

388 5569 559 5656 Xersu
706 5571 866 5656 Forte
887 5576 1144 5656 mysterio.
2062 5569 2231 5644 vé'rs'ii
2257 5569 2343 5641 9i.
2372 5569 2992 5656 Fo‘i'tehqrdtgsvmirator.

389 5639 559 5732 ‘V’ersu
585 5641 674 5732 ἐξ.
703 5639 961 5732 Egit:
990 5646 1184 5699 dedita.
2065 5639 2230 5712 vasa
2261 5639 3126 5732 ιόιῖἑίιῌρῖεὲ’ὖίῐίὶὶὶἱῖ,“εὶῖιί’‹ιιιί‹ι
3156 5665 3347 5719 simile.

392 5709 558 5766 Versu
585 5709 669 5764 58.
703 5710 862 5765 Forte
889 5717 1104 5781 piorum.

605 5804 875 5865 Pnaon.
925 5807 1084 5868 LXI.
3188 5819 3263 5880 32
