2033 3096
274 160 343 190 1005

343 217 394 245 Per
406 212 802 253 pomum,.protopiasto,.cadis
820 219 827 238 :
842 217 921 238 cruce
935 208 1055 237 Christus
1070 212 1095 241 Α

876 255 997 293 [medens
1013 263 1020 281 :

343 308 401 337 Illic
413 307 577 336 mortiferam
587 306 668 333 draco
677 304 788 341 pestifer
798 303 892 331 detulit
902 309 1000 330 eseam.

275 356 334 384 Μῦς
343 356 398 384 Nec
411 355 517 387 mirum,
529 354 574 381 vix
587 353 666 387 digna
680 352 735 379 Deo
749 351 771 378 si
785 350 892 378 nomina
908 349 980 376 mille

344 402 416 429 Laus
429 407 570 429 numerosa
582 399 678 431 trahat,
691 398 748 425 laus
760 401 800 425 tot
809 396 952 424 virtutibus
962 394 1057 430 impar,

343 449 414 482 Quot
427 447 517 475 titulos
530 452 660 481 peperere
673 444 710 480 pii
723 442 850 471 miracula
863 441 973 469 Christi.

394 506 611 541 EXPLANATIO
630 509 786 539 NOMlNUM
805 504 932 536 DOMINI.

379 563 476 604 Janua,
492 556 564 604 quod
578 567 677 602 resich
692 567 760 593 coelo
775 570 931 598 secretaque
950 564 1056 599 pandat.

332 616 425 654 ‘Virgo
442 616 603 654 incorrupta:
617 613 710 640 matris
724 612 764 638 cui
779 615 871 646 partus
883 611 958 644 origo
972 614 1023 636 est.

276 651 333 689 115
345 660 377 688 Et
390 659 445 688 Leo
459 650 519 687 Rex
529 659 573 686 hic
587 662 627 685 est
643 664 733 691 regum
750 666 756 682 :
773 664 820 683 rex
836 656 878 682 ille
894 655 1007 682 ferarum

285 727 288 729 η
345 706 447 734 Dicitur
460 710 487 733 et
501 704 587 732 virtus
603 712 610 730 :
628 704 692 729 nihil
706 703 757 729 hoc
772 709 878 735 quoque
891 701 985 727 fortior
995 708 1058 726 uno.

347 746 423 779 Unde
433 745 523 778 autem
535 743 622 777 dictus
630 752 670 775 est
681 746 816 782 Sapientia
823 746 834 773 ἵ)
842 745 931 780 regula
944 745 1002 771 vit-.c
1009 749 1057 770 cst.

345 792 485 832 Quomodo
500 796 535 824 sit
545 795 678 830 Verbum?
692 793 782 820 Patrio
794 792 854 827 quia
869 791 945 818 ﬂuxit
955 791 988 817 ab
1003 798 1058 817 ore.

306 870 308 877 η
328 834 330 838 ν
345 844 399 872 Cur
411 843 490 872 modo
505 837 563 871 Rex
577 841 655 873 idem,
670 841 750 867 modo
765 839 845 873 Regis
856 838 937 866 Filius
948 837 1034 864 idem?

681 156 709 185 S.
729 153 874 182 ORIENTII
893 151 1044 181 EPISCOPI
1063 148 1257 179 AUSCIENSIS
1275 146 1473 176 ORATIONES.

1828 145 1898 173 1001

1176 206 1253 241 Saepe
1273 204 1425 233 Columba:
1442 203 1533 231 dolum
1559 202 1620 238 quin
1648 201 1751 235 nescit,
1778 209 1813 229 ac
1839 203 1899 230 sine

1720 247 1797 285 [felle
1811 252 1864 275 est.

1108 299 1159 327 150
1177 298 1254 327 Unde
1264 296 1352 326 Puer?
1362 296 1433 332 quod
1444 287 1526 331 purus
1539 299 1584 322 eat
1597 294 1727 329 genitoris
1740 294 1774 321 ad
1792 301 1896 321 arcem.

1179 344 1246 372 Vitis
1258 352 1265 371 :
1279 342 1406 378 adoptivo
1417 340 1488 378 quod
1502 348 1532 368 se
1545 338 1652 367 haerede
1665 343 1808 374 propaget.

1177 388 1254 417 Unde
1274 386 1404 416 secundus
1427 385 1528 412 Adam?
1542 384 1605 419 quia
1618 384 1655 411 sit
1668 387 1747 419 caput
1769 383 1829 418 ipse
1854 390 1897 410 re-

1178 479 1226 507 Est
1239 478 1354 513 Digitus,
1366 476 1457 512 Stylus
1467 475 1518 503 iste
1532 483 1540 502 :
1555 474 1602 502 Dei
1616 479 1658 502 est
1671 474 1715 501 lex
1727 428 1898 508 ξιιιὲἓὲΰῷ

1178 570 1255 598 Nunc
1277 559 1422 604 Speculum
1438 576 1445 594 :
1459 566 1531 602 quod
1555 566 1644 600 imago
1667 520 1897 600 Patrislgzrlrcet

1746 612 1785 650 [in
1806 612 1862 639 illo.

1110 662 1162 690 155
1181 662 1256 689 Nunc
1265 661 1315 688 Via
1331 670 1338 687 :
1354 660 1426 697 quod
1439 659 1539 687 sanctis
1549 659 1585 686 sit
1594 658 1709 694 praivius
1721 658 1749 685 in
1759 658 1896 693 paradiso.

1181 708 1272 736 Botrio
1289 716 1296 735 :
1311 707 1383 743 quod
1398 706 1484 734 succis
1502 705 1656 733 omlestibus
1671 705 1764 739 irriget
1775 704 1878 731 orbem.

1182 752 1261 780 Panis
1277 761 1284 779 :
1299 753 1326 780 iu
1345 753 1398 789 hoc
1416 755 1516 779 nostra:
1526 750 1597 785 quod
1612 750 1666 777 sint
1684 749 1811 786 alimenta
1827 749 1897 776 ﬁdei.

1182 797 1275 825 Hostia
1289 797 1427 829 viva-Deo,
1441 796 1566 823 Summus
1577 802 1625 822 cur
1638 794 1696 829 ipse
1716 793 1866 832 Sacerdos?

1182 843 1218 871 Se
1231 839 1294 878 quia
1312 842 1481 870 sanctiﬁcans
1493 840 1586 877 patriis
1600 833 1728 867 altaribus
1740 838 1830 867 oﬂ'ert.

278 880 328 918 1Ξο
345 889 412 917 Cum
423 889 502 916 Patre
516 887 588 923 quod
598 887 694 915 solium
706 886 766 913 coeli
777 891 919 913 commune
934 887 1059 911 retentet.
1079 892 1101 921 Β
1114 888 1165 917 ίθο
1183 888 1259 916 Nunc
1272 887 1351 915 ﬂauo
1363 891 1372 914 ι
1384 887 1443 914 Περ
1456 886 1536 914 nam,
1549 890 1604 918 est;
1615 892 1663 920 per
1686 892 1768 919 quam
1787 888 1847 912 gul
1861 884 1900 911 fa-

345 933 400 962 Cur
410 933 543 966 Baculus?
553 933 642 968 lapsos
652 932 722 966 quod
735 930 866 962 sublevet,
874 929 958 963 erigat
965 935 1060 961 :egros.

347 977 402 1008 Cur
416 978 563 1014 Princeps?
578 977 697 1012 subjecta
717 977 814 1004 throno
829 976 890 1011 quia
903 978 998 1003 cuncta
1012 981 1060 1008 gu-

872 1039 874 1041 τ
911 1021 1026 1057 [bernct.

346 1072 400 1099 Cur
412 1071 472 1099 Dux
487 1063 587 1098 militiae
597 1069 728 1098 cmlestis?
743 1069 776 1096 ab
791 1067 897 1103 agmine
906 1071 1008 1095 sancto.

346 1118 400 1146 Cur
413 1117 513 1146 Petra?
531 1117 609 1151 Quod
632 1116 720 1143 valido
735 1120 835 1143 statuat
847 1113 1001 1141 fundamine
1017 1112 1061 1138 fir-

932 1160 1027 1195 [manu

279 1212 330 1240 125
350 1210 426 1239 Unde
448 1210 535 1239 bonus
557 1199 671 1238 f’astor?
693 1207 826 1236 maculam
856 1204 928 1240 quod
951 1204 1066 1232 ovilibus

644 1287 646 1291 ⁴
692 1253 696 1255 ’
920 1250 1030 1289 [obstet.

349 1303 425 1331 Nunc
438 1303 525 1331 Homo
541 1311 548 1330 :
564 1305 642 1330 natus
656 1301 726 1329 enim
741 1304 783 1328 cst
803 1303 832 1327 et
856 1306 965 1327 carnem
977 1305 992 1325 a
1004 1297 1063 1325 Vir-

398 1382 399 1385 η
495 1384 499 1391 1
835 1346 896 1383 gine
908 1344 1030 1381 sumpsit.

350 1396 427 1424 Retia
437 1395 502 1424 cur?
514 1402 622 1431 sparsas
634 1394 706 1430 quod
715 1393 824 1428 colligat
834 1392 950 1427 undique
963 1395 1065 1426 gentes.

350 1442 460 1478 CurVSol
472 1441 599 1477 justitize?
614 1442 676 1477 quia
686 1440 787 1475 justum
802 1438 934 1467 illuminat
947 1444 1066 1465 omnem.

352 1488 407 1516 Cur
417 1480 555 1524 Sponsus?
568 1486 698 1522 desponsa
712 1481 767 1514 Deo
777 1484 847 1521 quod
861 1483 981 1512 Ecclesia
995 1483 1068 1517 virgo

981 1532 1032 1555 est.

981 1532 1032 1555 est.

283 1581 336 1608 isti
351 1580 405 1608 Cur
415 1560 562 1608 Sanctum?
575 1565 647 1614 quod
662 1563 743 1613 regna
758 1565 830 1613 serat
845 1575 932 1603 felicia
944 1527 1038 1602 ve[rbo.
1074 1560 1106 1611 ὀ

1666 930 1753 967 [brica
1763 929 1865 958 mundi.

1181 977 1263 1013 Virga
1278 986 1285 1004 :
1301 977 1374 1012 quod
1385 981 1507 1005 errantes
1520 980 1551 1004 ut
1562 976 1674 1004 verbere
1686 975 1804 1010 corrigat
1813 980 1899 1003 actus.

1183 1023 1268 1053 Piscis
1281 1028 1360 1052 natus
1381 1024 1457 1058 aquis
1470 1028 1485 1050 :'
1493 1027 1587 1050 auctor
1598 1021 1767 1057 baptismatis
1779 1021 1839 1056 ipse
1848 1026 1900 1049 est.

1183 1070 1260 1105 Saepe
1270 1068 1366 1105 Aquila
1378 1077 1385 1096 :
1397 1076 1413 1097 e
1425 1068 1505 1096 terris
1514 1068 1642 1103 quoniam
1651 1067 1782 1095 revolavit
1792 1071 1824 1095 ut
1833 1067 1899 1095 ales.

1420 1113 1602 1143 LAUDATIO.

1212 1161 1344 1197 Denique,
1355 1169 1390 1189 ne
1401 1161 1493 1189 multis
1506 1160 1657 1188 tani‘multa
1679 1164 1717 1188 et‘
1732 1163 1829 1193 magna
1843 1166 1902 1186 mo-

1755 1205 1867 1241 lremur.

1116 1254 1168 1282 165
1186 1254 1234 1282 Est
1263 1254 1363 1283 Oculus
1386 1263 1394 1282 :
1421 1260 1556 1289 cognosco
1588 1252 1692 1285 Deum,
1719 1251 1794 1279 videt
1822 1259 1902 1279 omne

1713 1296 1797 1333 [Deus
1809 1304 1868 1324 cor.

1190 1345 1268 1375 Unde
1281 1345 1434 1381 Propheta?
1446 1345 1521 1373 brevi
1534 1344 1661 1379 quoniam
1675 1342 1762 1370 futura
1774 1342 1884 1370 revelat.

1188 1393 1307 1428 Angelus
1320 1392 1409 1420 unde?
1422 1392 1463 1419 sui
1472 1392 1534 1426 quia
1545 1391 1654 1418 nuntius
1668 1390 1772 1418 exstitit
1785 1390 1853 1425 ipse.

1187 1439 1341 1474 Bracbium,
1366 1439 1400 1467 ab
1423 1438 1549 1473 amplexu
1571 1445 1625 1473 quo
1649 1436 1771 1464 continet
1795 1435 1902 1467 omnia,

1185 1529 1321 1565 Quidquid
1332 1529 1358 1558 id
1377 1534 1428 1562 est,
1443 1535 1568 1563 agnosce,
1583 1530 1657 1555 tuu‘m
1669 1481 1905 1561 enigmata

1745 1572 1870 1608 [vocaris.

312 1647 317 1651 .
351 1624 430 1651 Mons
443 1633 451 1650 :
467 1623 538 1659 quod
562 1623 589 1650 in
604 1630 743 1651 ascensum
770 1629 824 1649 non
839 1621 963 1648 omnibus
987 1619 1070 1647 ardua
1121 1622 1173 1650 170
1191 1621 1346 1656 Magnitudo
1359 1627 1471 1656 operum
1486 1624 1527 1648 tot
1539 1626 1629 1648 rerum
1640 1618 1750 1647 nomina
1760 1618 1832 1646 εείέιι
1847 1627 1855 1644 ‘-

935 1666 1034 1703 [cedat.

353 1714 441 1753 Stella.
449 1723 457 1752 1:
474 1714 546 1750 quod
561 1714 678 1754 incertos
691 1712 759 1749 duce
770 1712 870 1740 lumine
891 1712 987 1746 dirigat
1006 1711 1069 1741 itus.

354 1760 429 1789 Unde
440 1760 583 1795 Magister?
593 1764 666 1786 amat
692 1758 845 1787 famulantia
864 1758 946 1786 corda
960 1758 1068 1786 docere.

352 1807 496 1842 Margarita
512 1815 518 1833 :
534 1806 598 1841 quid
612 1806 664 1833 hoc
677 1805 821 1841 pretiosius
831 1803 1000 1832 inveniatur?

286 1854 336 1882 155
356 1853 430 1881 Unde
445 1854 521 1883 Dies?
535 1846 606 1888 quod
618 1853 677 1880 luce
691 1851 775 1886 magis
784 1851 952 1887 resplendeat
966 1850 1068 1886 (unus).

353 1901 429 1929 Tune
437 1901 500 1936 quia
514 1901 548 1928 sit
562 1904 680 1935 sanctus,
695 1899 820 1936 innoxius
838 1898 929 1932 Agnus
940 1897 1069 1931 habetur,

355 1947 405 1980 Qui
416 1934 503 1982 potuit
516 1940 590 1974 solus
602 1949 742 1980 peccatum
757 1934 853 1971 tollere
863 1943 965 1970 mundi.

355 1991 389 2019 Et
398 1991 478 2025 modo
491 1992 576 2025 fertur
586 1990 660 2023 Ovis,
668 1989 740 2024 quod
749 1996 780 2017 se
788 1988 973 2028 jugulantibus
984 1990 1068 2022 aptet.
1098 2014 1100 2017 ,

354 2038 456 2065 Dicitur
469 2041 497 2064 et
518 2029 643 2063 Vitulus:
663 2038 790 2062 contenta
805 2034 856 2061 hoc
878 2034 967 2069 passio
987 2040 1070 2060 mon-

685 2107 686 2110 η
946 2079 1034 2116 [strat.

288 2132 338 2160 uo
355 2131 442 2163 Fons,
456 2129 518 2164 quia
531 2127 656 2163 puriticat
668 2126 761 2154 vitium
776 2126 937 2161 baptismate
951 2125 1034 2160 largo.

356 2176 431 2208 Vita,
447 2174 519 2210 quod
528 2178 659 2201 aeternum
669 2172 716 2200 dat
726 2172 817 2200 vivere
831 2171 981 2200 viviﬁcatis.

357 2220 404 2249 Est
413 2220 507 2248 Manus
522 2229 529 2247 :
545 2218 663 2247 occurrit
677 2218 803 2246 virtutum
816 2218 940 2253 operatio
951 2217 1035 2244 dives.

357 2268 405 2295 Est
418 2271 498 2302 caput
511 2275 517 2292 :
532 2266 560 2293 in
574 2269 699 2300 promptu
713 2268 754 2292 est
772 2271 826 2299 quo
848 2267 942 2291 nostro
960 2267 1072 2291 auctore
1084 2262 1112 2292 D

891 2308 1035 2345 [creemun

357 2359 427 2394 Ignis
434 2367 440 2385 :
448 2359 475 2386 iu
480 2358 532 2385 hoc
539 2357 612 2392 quod
619 2357 706 2384 adhuc
713 2356 835 2391 probatio
843 2360 933 2383 nostra
944 2355 1069 2390 supersit.

289 2405 340 2434 165
359 2404 435 2432 Unde
448 2403 592 2430 Aratrum?
605 2402 709 2436 subigat
732 2402 803 2437 quod
828 2406 936 2436 pectora
959 2401 1072 2429 fructiﬁ-

918 2447 1035 2483 lcctque.

358 2496 431 2529 Flos,
442 2495 504 2530 quia
517 2494 653 2523 confessor
665 2497 715 2526 est,
727 2497 858 2529 martyres
867 2493 924 2528 ipse
930 2498 1051 2521 coronat.

358 2542 413 2571 Cur
418 2541 499 2577 Lapis
508 2540 658 2576 angularis?
669 2539 799 2575 populum
808 2540 870 2574 quia
881 2540 964 2567 nectit
974 2544 1074 2567 utrum-

965 2586 1037 2622 [que.

357 2635 484 2667 Dextera,
499 2640 551 2668 qua
574 2632 690 2667 patrium
713 2632 781 2659 latus
795 2631 905 2665 assidet,
919 2636 1008 2666 ornat,
1023 2633 1073 2659 ho-

942 2675 1040 2712 [norat.

323 2756 409 2787 Versu
427 2754 487 2782 109.
504 2754 567 2787 Leg.
584 2753 684 2780 obtulit.

325 2791 410 2819 Versu
424 2789 485 2817 125.
502 2789 582 2816 Forte
596 2789 689 2822 aufert.

326 2826 410 2854 Versu
424 2825 486 2852 l55.
503 2823 576 2851 Adde
588 2821 653 2858 ipse,
667 2826 714 2849 aut
726 2821 790 2856 quid
803 2821 899 2850 simile.

324 2860 409 2888 Versu
424 2860 485 2887 146.
500 2859 580 2886 Forte
585 2859 760 2894 ξοηίεδεονεε,
774 2861 826 2885 etc.

326 2895 410 2922 Versu
426 2894 488 2922 174.
503 2894 565 2929 Leg.
581 2893 629 2922 Tu.

1191 1667 1244 1695 Sed
1255 1666 1372 1702 propriis
1385 1666 1489 1694 meritis
1505 1665 1572 1693 tanti
1586 1669 1731 1692 censentur
1744 1664 1871 1691 honores.

1190 1712 1276 1741 Causa
1289 1711 1353 1739 facit
1366 1711 1469 1744 titulos,
1484 1711 1530 1739 dat
1547 1711 1615 1738 scire
1628 1709 1761 1738 voeabula
1776 1709 1872 1736 virtus.

1192 1759 1232 1786 Tu
1244 1758 1359 1786 sublime
1370 1758 1485 1791 sedens;
1500 1757 1592 1792 Agios,
1606 1756 1761 1784 benedictio
1774 1760 1875 1783 ucstra.

1192 1805 1230 1834 Te
1237 1805 1308 1833 Deus
1317 1804 1477 1832 Emmanuel
1485 1813 1492 1831 :
1500 1802 1792 1832 nobiscumhabitabile
1800 1810 1908 1830 nomen.

1121 1851 1174 1879 175
1191 1852 1232 1879 Tu
1244 1851 1374 1879 Dominus
1397 1849 1515 1878 Sabaoth
1538 1856 1628 1884 pugno
1639 1853 1725 1883 -teges
1740 1856 1824 1875 omne
1837 1848 1908 1882 quod

1689 1894 1814 1930 [nsquam
1822 1898 1875 1922 est.

1193 1942 1231 1970 Te
1244 1942 1340 1970 domus
1351 1942 1444 1975 Israel,
1459 1941 1681 1975 confessoresque
1692 1940 1776 1971 beati,

1194 1988 1233 2017 Te
1244 1988 1405 2024 patriarchae
1419 1995 1523 2021 omnes,
1538 1991 1620 2023 teque
1638 1986 1726 2022 angeli
1741 1993 1838 2014 omnes
1846 1985 1911 2013 ado-

1791 2031 1877 2068 [ranl.

1191 2082 1232 2111 Tu
1257 2089 1339 2117 super
1362 2081 1484 2116 ignotum
1508 2079 1663 2112 cherubim,
1679 2086 1762 2113 super
1776 2082 1848 2105 astra
1862 2084 1912 2105 co-

1753 2123 1876 2160 [ruscas;

1190 2174 1242 2208 Qui
1254 2174 1403 2209 promissus
1412 2172 1490 2200 Abrae
1501 2171 1602 2204 fueras,
1617 2170 1651 2198 de
1664 2169 1768 2197 semine
1781 2168 1877 2200 David,

1124 2219 1176 2247 180
1193 2218 1349 2247 Gloriﬁcum
1363 2219 1390 2246 in
1400 2217 1469 2246 caelo
1481 2223 1582 2244 Osanna
1598 2214 1739 2243 laudabilis
1753 2214 1839 2241 audis.

1194 2264 1308 2300 Respice
1339 2272 1388 2292 nos
1420 2267 1543 2295 tantum,
1571 2260 1725 2294 Crucilixe,
1758 2259 1908 2293 Pandite,

1750 2305 1878 2343 [Christe,

1196 2358 1349 2390 Nazarene;
1364 2356 1445 2389 Deus,
1461 2362 1541 2391 quem
1553 2354 1697 2386 credimus,
1714 2358 1743 2381 et
1753 2352 1862 2381 Galilree

1199 2403 1233 2430 Et
1244 2403 1314 2431 Deus
1327 2402 1461 2430 Abraham
1476 2400 1561 2428 sancti
1577 2401 1671 2435 patris,
1685 2404 1713 2427 et
1722 2399 1792 2426 Deus
1801 2398 1882 2426 Isaac

1197 2448 1231 2477 Et
1238 2449 1309 2478 Deus
1314 2447 1483 2480 almeJacob,
1489 2453 1551 2481 spes
1558 2445 1628 2473 unde
1635 2449 1676 2473 est
1687 2448 1776 2472 nostra
1784 2443 1911 2477 ﬁdesque.

1126 2495 1179 2522 185
1197 2494 1320 2529 Respice,
1343 2493 1460 2525 Christe,
1485 2497 1556 2525 tuos,
1581 2491 1742 2525 longumque
1767 2494 1846 2516 tuere
1870 2496 1913 2515 re-

1728 2535 1737 2572 [
1743 2534 1879 2569 demptos.

1198 2585 1327 2621 Supplico
1348 2591 1399 2619 ego
1413 2584 1545 2618 indignus,
1559 2587 1588 2611 et
1601 2587 1630 2609 tu
1641 2581 1752 2615 dignare
1764 2585 1915 2614 rogantem.

1200 2631 1376 2666 Omnipotens
1390 2630 1519 2658 miserere
1533 2629 1597 2661 mei,
1608 2628 1737 2655 miserere
1751 2633 1873 2653 meorum
1890 2634 1897 2651 :

1202 2677 1239 2704 Da
1254 2676 1331 2704 dolor
1345 2676 1467 2708 absistat,
1482 2683 1546 2703 cura
1561 2679 1588 2701 et
1602 2673 1715 2701 formido
1729 2672 1862 2705 facesset,

1164 2753 1245 2782 Versu
1268 2753 1329 2781 175.
1356 2752 1408 2781 Pro
1434 2755 1506 2789 regis,
1522 2760 1572 2779 usu
1587 2750 1711 2789 antiquis
1719 2749 1854 2789 familiari,
1869 2750 1917 2783 qui

1126 2789 1240 2817 litteram
1253 2797 1267 2815 e
1279 2797 1329 2823 pro
1339 2790 1349 2815 ἐ
1361 2785 1515 2823 frequenter
1528 2785 1704 2821 usurpabant,
1714 2789 1740 2812 et
1750 2785 1879 2813 vicissim.

1161 2824 1244 2851 Versu
1258 2823 1319 2851 ιτι.
1335 2824 1396 2857 Leg.
1411 2823 1516 2858 angelus
1530 2824 1614 2850 omnis
1628 2823 1732 2849 adorat.

1161 2858 1317 2893 Versui78.
1333 2858 1397 2891 Leg.
1412 2858 1532 2893 ignitum.

1161 2892 1245 2922 Versu
1255 2893 1316 2921 188.
1328 2893 1409 2921 Forte
1419 2892 1540 2928 facessat.
