4054 6182
324 316 458 371 1005
1226 310 1282 366 S.
1312 305 1597 364 AUSPICI!
1625 304 1925 365 τυωῐῐςε

1957 303 1994 361 S
2026 304 2326 365 EPISCOPI
2376 304 2717 362 EPISTOLA.
3427 298 3558 356 ltl06

461 448 526 504 Et
552 450 725 506 socier
745 449 942 506 sanctis
968 445 1177 501 famulis
1204 446 1331 511 tuis,
1351 454 1407 500 et
1437 443 1653 498 timeam
1683 451 1758 509 te,
1912 420 1963 478 Α
2124 414 2291 519 Ρξυω
2316 425 2571 519 δίξηδηίεδ
2589 431 2709 473 cum
2738 414 2956 519 marinis
2982 413 3195 519 hei-“lis:

330 538 423 593 190
458 539 525 593 Et
551 541 792 610 placeam
817 539 943 595 dum
967 538 1090 593 vivo
1117 537 1233 604 tibi,
1253 506 1353 590 nec
1380 534 1482 590 sim
1508 547 1633 590 reus
1654 506 1751 587 illo

1531 547 1633 590 ιευε
1654 506 1751 587 md
2126 506 2195 561 Et
2222 523 2323 564 nos
2362 508 2537 577 imago
2566 507 2913 563 consonantis
2938 506 3132 561 cantici

458 598 744 703 Tempore,
773 646 895 689 cum
939 638 1141 686 stctero
1170 598 1346 684 meriti
1393 639 1602 681 memor
1638 633 1764 679 ante
1792 624 1887 678 tri-
1986 598 2054 655 δθ
2123 600 2295 703 Nile?
2322 615 2595 703 Sonamtts.
2614 599 2839 703 fllcluia
2865 598 3109 703 ιξὶσξὶιῐιιξε-

938 702 939 705 ¹
1612 717 1816 792 [δυηει
2192 690 2419 751 Infernae
2443 689 2586 746 sedis
2609 689 2844 757 ﬂamma,
2873 688 3019 745 fulva
3038 694 3260 749 tartara,

458 814 673 872 Christe
694 854 711 881 ,
742 822 893 870 tuum
928 831 941 867 :
972 826 1206 882 vereque
1246 810 1419 867 colam
1465 776 1631 880 quodt
1652 806 1888 878 praedico

1677 806 1888 862 medico
2123 782 2441 851 .Trucesque
2466 781 2819 853 praesidentes
2846 780 3047 850 pariter
3070 776 3278 845 angeli,

1576 872 1815 973 [061,130.
2126 874 2297 929 Amen
2318 872 2517 932 minaci
2544 872 2891 928 decantantes
2911 872 3148 925 carmine
3176 886 3189 922 :

458 997 603 1054 Crux
624 1006 712 1052 tua
743 996 937 1061 fronte,
968 1010 1148 1062 manu,
1173 994 1347 1060 labiis,
1369 1009 1499 1049 crux
1523 962 1708 1046 iniima
1728 990 1885 1045 sidat.
1991 1054 2059 1064 η
2127 963 2195 1064 Ῑῗι
2221 978 2322 1019 nos
2341 964 2515 1031 imago
2536 962 3101 1064 θοηδξξηξιίξίίεξίξηιία

459 1088 601 1146 Crux
623 1089 864 1161 clypcata
893 1087 1100 1151 domus,
1131 1102 1262 1141 crux
1288 1086 1359 1138 sit
1386 1084 1549 1139 lorica
1576 1082 1783 1148 salutis,
1990 1054 2060 1109 ⁵5

1515 1098 1549 1138 ³
1576 1082 1783 1148 saluus,
1990 1054 2061 1109 55
2133 1056 2303 1111 Amen
2330 1068 2605 1119 sonamus,
2634 1052 2846 1107 alleluia
2873 1052 3116 1107 dicimus.

324 1180 429 1235 l95
464 1180 577 1237 lloc
604 1180 795 1235 melius
814 1179 967 1248 signo
996 1178 1216 1246 fulgebit
1244 1175 1417 1231 lucida
1443 1175 1623 1240 turris,
2541 1182 2788 1240 INCIPIT
2826 1182 3015 1238 XXJV.

457 1271 627 1338 Quam
651 1284 773 1326 cum
796 1269 1058 1339 sacrilego
1087 1267 1294 1338 polluto
1322 1281 1514 1322 cruore
1556 1263 1814 1319 maderet.
2204 1299 2485 1356 Postremo
2508 1298 2628 1354 dico
2649 1297 2970 1369 deprecandi
2997 1297 3281 1362 canticum,

972 1416 1237 1457 nxrucrr.
2130 1389 2186 1444 ld
2216 1388 2354 1446 facio
2382 1398 2639 1459 quantum
2667 1404 2765 1459 per
2790 1400 2860 1442 xx
2886 1388 3114 1453 cantica,

563 1516 898 1573 ιΝωΡιυΝΤ
927 1512 1311 1581 οΒΑΤιοΝΕδ
1344 1511 1641 1569 οῃιεΝΤιι
2132 1480 2239 1535 Sed
2268 1497 2335 1535 ne
2362 1482 2481 1551 quis
2504 1480 2676 1535 audax
2708 1480 3011 1549 interpellet
3038 1474 3310 1550 quippiam
3336 1497 3347 1532 :

2138 1572 2378 1640 Anguem
2398 1573 2715 1642 magistrum
2746 1571 2994 1626 falsitatis
3014 1572 3256 1642 increpo,

897 1644 1111 1685 Νωιειὶο
1154 1644 1301 1683 “‘V-
1992 1663 2063 1717 40
2138 1662 2205 1717 Ut
2233 1679 2340 1718 non
2370 1663 2589 1732 adjiciat
2614 1664 2726 1718 sive
2753 1662 2935 1717 demat
2962 1663 3217 1716 litteram.

514 1741 1231 1835 Τίιιίίιυθθυοιῐιῖηβτίξθιευξη
1244 1738 1533 1835 Chel‘lbim
1546 1739 1776 1795 dicatum
1789 1747 1891 1806 θεῖν
1914 1776 1970 1835 Β
2204 1754 2357 1822 Quod
2385 1756 2430 1810 si
2459 1769 2781 1827 quemquam
2808 1755 2949 1809 ltedit
2976 1756 3229 1825 spiritalis
3249 1755 3427 1820 lectio,

462 1835 529 1890 Et
550 1836 637 1889 illa
667 1835 821 1890 molis
848 1831 1227 1903 quadriformis
1248 1832 1509 1887 machina)
1914 1831 1958 1837 ’⁷
2138 1846 2199 1901 Ei
2227 1846 2410 1901 licebit
2430 1846 2716 1901 lectionem
2738 1860 3013 1915 spernere,

460 1926 536 1981 Τθ
560 1926 887 1996 miluom"
907 1921 1231 1979 conﬁtemur
1255 1922 1512 1987 carmine:
2140 1938 2256 1991 Non
2292 1944 2623 1993 commutare
2652 1937 2899 1993 lectionis
2929 1937 3209 1992 formulam
3243 1955 3256 1990 :

439 2019 529 2091 ,Et
556 2033 657 2073 nos
692 2017 869 2085 imago
897 2015 1243 2070 consonantis
1271 2013 1467 2068 cantici

2140 2028 2382 2095 Anguem
2408 2026 2721 2097 magistrum
2749 2024 2995 2081 falsitatis
3022 2028 3239 2097 increpo
3257 2068 3271 2093 ,

319 2112 355 2166 5
398 2136 409 2147 ε
460 2112 631 2166 Amen
659 2124 934 2175 sonamus,
965 2107 1177 2162 alleluia
1207 2106 1456 2178 dicimus.

1998 2118 2070 2173 45
2142 2116 2211 2173 Ut
2236 2134 2345 2173 non
2368 2118 2602 2188 adjiciat,
2633 2133 2768 2174 neve
2797 2118 2977 2173 demat
3004 2114 3255 2173 litteram.

522 2204 609 2275 T0
630 2212 835 2276 septem
854 2201 1013 2274 Primi
1040 2198 1395 2272 deprecamur
1422 2198 1615 2267 angeli:
2207 2211 2265 2267 Si
2292 2212 2520 2280 scriptor
2546 2218 2690 2265 errat
2713 2211 2767 2265 in
2790 2209 3045 2265 mutanda
3073 2210 3272 2277 littera,

462 2296 570 2352 Seu
590 2294 823 2352 οἱνίῐειῑίει
850 2300 1057 2381 Septem
1083 2292 1351 2363 Ρΐίηοίρθε
1378 2290 1502 2357 Viri,
2144 2302 2364 2372 Ignarus
2391 2310 2567 2370 errat;
2589 2304 2746 2358 venia
2768 2301 3002 2371 Christo,
3024 2303 3067 2358 si
3094 2311 3289 2373 prmsto
3315 2310 3398 2358 est
3425 2319 3439 2355 :

463 2387 612 2443 Solio
641 2386 947 2458 propinqui,
970 2383 1232 2455 janitores
1258 2382 1488 2455 proximi
1513 2397 1528 2436 .‘

2140 2392 2274 2446 Nam
2300 2404 2407 2448 non
2435 2393 2702 2460 voluntas,
2724 2409 2909 2448 verum
2940 2395 3126 2448 dextra
3149 2393 3362 2447 labitur.

467 2477 534 2551 Et
561 2494 660 2533 nos
688 2478 864 2548 imago
885 2476 1230 2533 consonantis
1255 2474 1450 2530 cantici
2146 2482 2388 2553 Anguem
2419 2485 2730 2554 magistrum
2760 2484 3007 2541 falsitatis
3030 2487 3272 2556 increpo,

325 2572 394 2625 lt)
467 2566 635 2625 Amen
664 2584 939 2638 sonamus,
968 2567 1182 2623 alleluia
1211 2566 1457 2622 dicimus.
2004 2574 2076 2629 50
2152 2572 2221 2629 Ut
2245 2590 2352 2629 non
2374 2574 2611 2645 adjiciat,
2634 2590 2768 2629 neve
2795 2575 2976 2630 demat
2998 2576 3251 2631 litteram.

537 2661 613 2717 Te
637 2662 766 2718 solis
794 2670 995 2717 astrum
1024 2675 1145 2716 cum
1166 2674 1354 2717 501³0Γο
1373 2664 1666 2725 menstrua.
2220 2665 2301 2719 Ad
2328 2662 2448 2720 illos
2468 2666 2716 2722 homines
2737 2666 3080 2722 interdictum
3111 2668 3371 2738 pertinet,

454 2754 730 2825 Vergiliae,
761 2754 975 2824 Jugula,
1009 2753 1341 2825 Vesperugo,
1374 2751 1616 2813 Lucifer,
2147 2755 2249 2823 Qui
2270 2770 2404 2811 voce
2431 2772 2561 2811 vera
2590 2758 2937 2813 nominantur
2962 2757 3166 2829 physici
3196 2778 3209 2812 :

470 2844 775 2916 Omnesque
802 2854 966 2915 gutta:
994 2846 1366 2917 prmmicantes
1393 2844 1645 2898 invocant
1670 2860 1683 2896 :
1816 2864 1819 2865 ν
2146 2847 2203 2903 Si
2233 2865 2340 2905 non
2366 2849 2627 2921 probatis,
2656 2850 2931 2920 praeterire
2958 2850 3183 2905 liberum
3211 2858 3311 2905 est.

425 2982 441 2993 .
473 2936 541 2992 Et
569 2954 668 2994 nos
690 2938 866 3007 imago
893 2936 1240 2992 consonantis
1270 2936 1465 2991 cantici
2148 2943 2394 3012 Anguem
2422 2943 2736 3012 magistrum
2761 2942 3010 2997 falsitatis
3030 2943 3270 3012 increpo,

328 3032 398 3086 15
469 3032 647 3099 Amen
666 3046 940 3096 sonamus,
971 3029 1185 3085 alleluia
1214 3030 1463 3086 dicimus.

2009 3033 2078 3092 55
2151 3033 2222 3090 Ut
2250 3051 2358 3091 non
2383 3034 2615 3104 adjiciat,
2646 3048 2781 3089 neve
2805 3033 2986 3088 demat
3014 3034 3266 3089 litteram.

546 3122 652 3177 Aer
677 3136 914 3192 aquosus
934 3120 1049 3176 sive
1077 3120 1241 3193 sudus
1270 3120 1523 3185 invicem,
1938 3142 1983 3203 ρ
2221 3124 2289 3180 Et
2316 3142 2415 3184 nos
2441 3141 2472 3180 a
2502 3124 2629 3180 fame
2658 3124 2997 3179 ethnicorum
3027 3126 3341 3181 emersimus
3358 3168 3374 3194 ,

471 3213 746 3283 Simulque
764 3212 937 3289 venti,
960 3212 1176 3282 pluviae,
1203 3212 1427 3281 grando,
1456 3208 1691 3277 ﬂumina,

1641 3226 1691 3277 8.
2154 3219 2395 3291 Eamque
2424 3217 2640 3273 tandem
2662 3216 2903 3287 rupimus
2922 3215 3204 3285 caliginem
3222 3257 3238 3283 ,

474 3305 600 3360 Ritu
624 3313 837 3362 suomet
856 3304 1193 3360 conditorem
1217 3305 1509 3360 concinunt
1539 3321 1554 3357 :
2154 3310 2287 3364 Dum
2317 3307 2586 3380 spiritales
2614 3304 2927 3364 exaudimus
2952 3306 3194 3377 angelos.

438 3440 443 3473 ξ
471 3397 540 3453 Et
566 3413 665 3461 nos
692 3398 869 3468 imago
896 3396 1246 3457 consonantis
1272 3397 1469 3473 cantici
2151 3404 2394 3472 Anguem
2422 3399 2732 3469 malignum.
2769 3440 2783 3454 .
2822 3439 2836 3452 .
2871 3439 2883 3450 .
2912 3438 2926 3451 .

333 3493 400 3548 20
471 3492 639 3549 Amen
660 3506 933 3559 sonamus,
965 3490 1177 3567 alleluia
1206 3489 1450 3545 dicimus.
2012 3494 2081 3549 60
2166 3488 2169 3491 λ
2222 3492 2299 3547 De
2318 3492 2475 3560 signo,
2497 3498 2707 3569 sextum
2737 3488 3142 3560 praecavendam
3174 3490 3364 3559 Spiritu

526 3585 731 3643 Solum
760 3583 1015 3651 stativum
1041 3597 1162 3637 cum
1185 3582 1383 3637 fertura
1413 3582 1593 3637 mobili
2152 3584 2342 3641 Mortis
2362 3582 2455 3636 Dei
2484 3580 2772 3651 prophetas
2801 3576 3155 3635 instrumenta
3185 3578 3484 3635 daemonum

474 3678 605 3749 Quae
627 3684 780 3749 paret
801 3674 1023 3739 homini,
1055 3688 1281 3744 quaeque
1302 3682 1461 3744 capta
1488 3674 1555 3729 de
1583 3690 1707 3743 una,
2152 3675 2323 3730 Numa
2350 3681 2406 3729 et
2429 3672 2617 3726 mortis
2641 3684 2854 3740 semper
2877 3669 2929 3722 in
2952 3669 3225 3725 sreculum.

476 3771 595 3826 Tibi
623 3776 805 3825 cantat
829 3767 940 3834 uni,
965 3765 1281 3823 conticescit
1307 3766 1518 3837 ereteris
1542 3784 1555 3819 :
2158 3764 2297 3819 Dens
2323 3752 2607 3833 sancte,te
2625 3774 2877 3841 rogamus
2905 3752 3118 3833 Patrem
3147 3756 3415 3829 Unigeniti
3435 3804 3450 3825 ,

477 3861 546 3915 Et
572 3874 671 3916 nos
698 3858 874 3927 imago
898 3857 1246 3912 consonantis
1266 3857 1467 3913 cantici
2158 3853 2369 3910 Christe
2397 3852 2557 3918 Deus,
2589 3860 2643 3906 te
2662 3840 2945 3920 precamur
2972 3846 3149 3904 vivum
3181 3847 3276 3905 Dei
3305 3849 3517 3917 Filium,

336 3953 408 4010 25
464 3934 647 4025 iAmen
674 3964 949 4025 sonamus,
970 3948 1181 4005 alleluia
1212 3947 1455 4005 dicimus.
2016 3948 2086 4005 65
2154 3947 2353 4005 Sancte
2378 3944 2612 4023 Christe,
2640 3950 2711 4003 te,
2739 3942 3087 4017 obsecramus
3130 3940 3368 4011 judicem
3404 3958 3588 4001 verum

549 4044 782 4109 Oceane,
802 4044 893 4115 qui
917 4044 1147 4099 cinctam
1168 4058 1386 4100 coerces
1410 4058 1611 4111 aream,
2344 4028 2345 4031 “
2564 4024 2567 4033 ’
3300 4026 3523 4107 [Deum.

484 4138 551 4193 Et
577 4137 815 4194 intestini
836 4137 978 4193 fossa
1002 4136 1177 4191 media
1198 4138 1454 4207 gurgites,
2474 4143 2719 4184 nxrucrr
2740 4141 2935 4183 onum
2949 4129 3131 4182 xxtv‘.

412 4271 581 4351 Versu
599 4269 655 4322 2.
677 4267 783 4324 Pro
808 4270 969 4325 male:
989 4268 1141 4338 juxta
1176 4269 1609 4327 observationem
1634 4285 1795 4342 supra
1817 4271 1913 4327 ad-

2088 4287 2106 4307 '
2126 4282 2411 4339 Orationes
2436 4281 2622 4349 viginti
2650 4288 2883 4351 quatuor
2919 4286 3299 4351 composuerat
3318 4277 3584 4351 Orientius

348 4350 669 4422 ¹¹⁰ΞΞ¹ί³¹¹¹²η
730 4409 771 4422 ,η
842 4418 852 4422 Α
927 4412 947 4422 -
2016 4373 2082 4412 ex
2104 4355 2293 4411 titulis.
2323 4353 2391 4407 At
2411 4348 2637 4422 primam
2666 4348 2871 4404 tantum
2900 4358 2956 4404 et
2978 4348 3215 4403 ultimam
3246 4348 3463 4403 exhibet
3500 4364 3587 4403 no.

416 4411 583 4491 y'ersu
728 4409 891 4491 Eorte
919 4412 1113 4491 furvum
1946 4484 1985 4491 _
2015 4450 2017 4478 τ

1946 4484 1985 4491 _
2015 4409 2323 4483 stercodex
2348 4409 2761 4490 manuscriptus.

418 4481 588 4536 Versu
614 4480 701 4534 41.
728 4480 891 4536 Forte
917 4480 1066 4553 ouem
1094 4480 1255 4536 (redit.

366 4596 3545 4651 Μ

1601 4762 1762 4804 ANNO
1789 4762 2012 4804 DOMINI
2042 4762 2346 4805 CCCCLXX.

769 4844 1828 5046 SANCTUS
1959 4878 3198 5043 AUSPICIUS

1396 5143 1934 5223 EPISCOPUS
1985 5139 2573 5221 TULLENSIS.

967 5406 1293 5463 EPISTOIA
2034 5404 2249 5476 Magnas
2276 5404 2475 5460 caelesti
2504 5402 2728 5457 Domino
2753 5402 2986 5472 rependo
3014 5401 3174 5458 corde
3200 5400 3414 5468 gratias,

359 5518 579 5560 AUSPICII
617 5517 844 5559 EPISCOPI
882 5517 1142 5557 secusne
1182 5516 1464 5555 TULLENSIS
1494 5517 1558 5554 an
1587 5516 1925 5557 ARBOGASTEM
2034 5496 2185 5561 Quod
2210 5506 2261 5550 te
2284 5493 2515 5549 Tullensi
2546 5493 2786 5561 proxime
2816 5506 3065 5558 magnum
3093 5490 3144 5543 in
3182 5490 3311 5543 urbe
3344 5487 3587 5542 vidimus.

825 5608 1061 5646 COMITEM
1100 5606 1455 5645 rnnvmonuu.
2034 5587 2210 5641 Multis
2239 5596 2327 5639 tne
2350 5585 2454 5639 tuis
2475 5584 2678 5639 actibus
2707 5584 3008 5637 lietiticabas
3038 5590 3212 5643 antea,

438 5682 695 5751 Prmcelso
723 5681 1068 5751 exspectahili
1089 5681 1172 5734 his
1194 5679 1493 5746 Arbogasto
1516 5680 1720 5740 comiti.
2036 5677 2138 5732 Sed
2169 5691 2312 5732 nunc
2337 5677 2504 5733 fecisti
2530 5675 2761 5729 maximo
2785 5688 2872 5727 me
2900 5671 3164 5727 exsultare
3193 5672 3402 5739 gaudio.

368 5774 646 5843 Auspicius
672 5772 763 5843 qui
787 5770 967 5840 diligo,
999 5774 1219 5827 salutem
1243 5770 1539 5843 plurimam.
2036 5766 2201 5838 Major
2228 5768 2428 5824 etenim
2452 5767 2597 5824 solus
2623 5762 2908 5833 apparuisti
2931 5760 3194 5829 omnibus,
