4066 6192
494 302 627 357 4007
1610 294 1668 350 Β.
1706 291 1976 350 PAULINI
2015 287 2608 347 PETRICORDIENSIS
3589 275 3733 333 1008

498 417 563 472 Ut
589 413 873 487 potestatis
901 412 1146 470 ordinem
1176 412 1362 467 illustri
1393 419 1576 466 mente
1605 411 1866 474 vinceres,
2088 412 2136 468 Α
2165 405 2270 461 Sed
2296 406 2408 462 brec
2434 421 2540 461 non
2564 405 2634 459 ita
2663 400 2906 468 dixerim,
2952 397 3094 469 quod
3119 405 3174 453 te
3220 397 3323 452 hoc
3348 394 3600 450 damnem
3625 393 3732 447 cri-

490 486 602 562 Cuii
619 507 794 561 honor
813 505 1024 560 debitus
1051 505 1254 573 majore
1284 503 1436 556 nobis
1457 501 1651 569 gaudio
3467 486 3663 560 [mine.

491 598 738 654 Nondum
766 597 974 654 delatus
1000 597 1237 664 nomine,
1269 595 1379 664 jam
1407 603 1490 649 est
1516 595 1740 649 collatus
1768 591 1989 647 meritis.
2164 588 2362 645 Tamen
2389 589 2622 659 deposco
2647 587 2893 656 diligens,
2923 592 2980 639 ut
3003 597 3104 638 nec
3123 579 3352 637 scintilla
3375 573 3648 634 vulneret.

493 690 618 744 Plus
647 697 730 744 est
757 691 899 744 enim
927 687 1243 742 laudabilem
1269 686 1439 741 virum
1463 685 1668 753 fulgere
1695 684 1920 748 actibus,
2163 680 2331 747 Quam
2360 680 2407 737 si
2429 679 2567 735 forte
2595 677 2921 748 improvidus
2946 673 3270 745 quandoque
3298 669 3648 734 inescaveris,

491 781 663 845 Quam
695 786 1012 849 praetentare
1033 776 1278 846 lampada
1306 778 1422 831 sine
1448 777 1690 831 scintilla:
1716 774 1938 828 lumine.
2163 771 2283 826 Cito
2310 769 2551 840 ﬂagrabit
2575 769 2796 824 nimium
2828 765 3126 835 augendum
3155 762 3480 819 incendium.

491 872 599 926 Sed
627 878 684 926 tu
714 870 802 941 qui
830 870 954 924 totis
982 867 1231 937 gradibus
1256 869 1376 938 plus
1405 882 1462 922 es
1491 882 1649 936 quam
1675 881 1794 920 esse
1823 864 2036 930 diceris,
2166 863 2348 918 Tende
2377 878 2473 932 per
2498 861 2752 917 mundum
2781 859 2985 923 oculos,
3015 871 3175 913 cerne
3204 855 3458 926 primates
3477 850 3686 917 seculi,

493 961 608 1016 Erit
635 961 797 1016 credo
825 959 1062 1014 velocius
1086 968 1142 1012 ut
1167 958 1392 1013 reddant
1416 958 1626 1012 merita.
2168 955 2272 1009 Aut
2295 953 2517 1009 interire
2540 951 2779 1022 cupidos,
2810 957 2902 1004 aut
2930 949 2982 1002 in
3014 946 3228 1017 periclis
3251 945 3453 1000 vivere.

492 1052 682 1107 Clarus
711 1051 910 1107 etenim
937 1065 1154 1120 genere,
1182 1051 1359 1106 clarus
1387 1059 1441 1105 et
1467 1051 1590 1105 vita:
1618 1051 1874 1113 moribus,
2165 1043 2486 1110 Corradunt,
2509 1050 2774 1113 quaarunt,
2803 1041 3027 1105 inhiant,
3052 1038 3197 1094 velut
3221 1051 3383 1093 canes
3403 1035 3545 1091 avidi
3570 1053 3586 1089 :

493 1142 694 1211 Justus,
725 1144 969 1215 pudicus,
1000 1143 1230 1208 sobrius,
1262 1150 1406 1198 totus
1435 1142 1654 1197 illustris
1679 1141 1935 1197 redderis.
2169 1134 2234 1191 Et
2259 1137 2370 1191 hazc
2394 1150 2495 1191 nec
2531 1135 2630 1204 ipsi
2678 1132 2972 1204 possident,
3012 1131 3108 1187 sed
3155 1145 3255 1185 nec
3289 1129 3605 1198 relinquunt
3641 1141 3743 1196 po-

498 1233 658 1289 Pater
686 1235 738 1289 in
767 1235 975 1290 cunctis
1000 1234 1192 1289 nobilis
1217 1231 1316 1287 fuit
1344 1233 1438 1288 tibi
1467 1232 1678 1301 Arigius
1705 1252 1718 1286 :
3465 1219 3670 1292 [steris.

497 1325 662 1394 Cujus
692 1333 747 1380 tu
771 1323 964 1379 famam
993 1325 1228 1380 nobilem
1251 1333 1342 1379 aut
1366 1339 1612 1389 renovas,
1638 1335 1729 1380 aut
1757 1339 1997 1396 superas.
2173 1322 2373 1378 Tamen
2401 1335 2507 1376 non
2534 1318 2854 1388 generaliter
2882 1317 2983 1372 ista
3010 1315 3078 1371 de
3104 1313 3310 1370 cunctis
3329 1311 3558 1368 dixerim
3585 1328 3598 1363 :

497 1416 606 1472 Sed
631 1425 754 1471 tuus
780 1417 952 1471 honor
979 1416 1095 1485 ejus
1115 1423 1218 1483 est,
1248 1415 1470 1486 ejusque
1498 1416 1592 1470 tibi
1617 1423 1914 1486 permanet,
2173 1415 2280 1470 Sed
2302 1424 2358 1468 ut
2385 1427 2676 1484 paucorum
2704 1408 2940 1464 dedecus
2966 1408 3035 1463 sit
3055 1406 3234 1461 multis
3259 1403 3530 1460 emanatio
3553 1412 3601 1454 ε’.

499 1508 564 1562 Et
589 1509 860 1577 geminato
887 1508 1085 1563 lumine
1105 1507 1183 1562 sic
1208 1516 1265 1562 tu
1293 1507 1536 1578 praecluis
1566 1517 1592 1545 ⁸
1621 1509 1888 1565 omnibus.
1963 1517 1968 1522 '
2174 1505 2255 1560 Tu
2278 1513 2475 1569 autem,
2501 1502 2582 1557 vir
2601 1501 2815 1567 eximie,
2835 1498 3002 1569 judex
3027 1497 3312 1550 multorum
3341 1491 3616 1564 providus,

499 1601 768 1671 Cujusque
788 1616 946 1655 nemo
973 1599 1179 1654 dubitet
1207 1599 1447 1654 felicitati
1474 1603 1789 1672 prmstitum,
2177 1597 2276 1652 Tui
2304 1604 2524 1666 repente
2551 1593 2784 1665 pectoris
2807 1599 3014 1647 secreta
3039 1588 3202 1658 judex
3232 1586 3500 1658 perspice.

503 1691 575 1746 Ut
601 1698 903 1761 superesset
929 1689 1157 1758 genitrix
1186 1688 1304 1762 tibi,
1332 1689 1595 1747 laudanda
1625 1694 1888 1755 onmibus,
2177 1688 2345 1758 llujus
2370 1688 2412 1742 si
2444 1687 2605 1740 ullam
2628 1684 2858 1739 senseris
2882 1695 3100 1753 parvam
3128 1677 3317 1733 veneni
3345 1675 3630 1746 guttulam,

503 1781 631 1848 Quae
661 1790 713 1835 te
736 1781 812 1836 sic
835 1781 1039 1835 cunctis
1067 1779 1239 1852 copiis
1268 1783 1438 1853 replet
1464 1792 1520 1838 et
1539 1793 1693 1838 ornat
1720 1785 1942 1853 pariter,
2101 1771 2152 1834 B
2183 1781 2328 1836 Dulci
2354 1779 2612 1850 perfunde
2635 1776 2778 1841 oleo,
2811 1789 2879 1830 ne
2908 1780 3090 1842 serpat
3116 1773 3168 1826 in
3197 1769 3510 1825 visceribus.

508 1872 576 1928 Ut
601 1872 675 1928 sis
702 1870 980 1929 abundans
1001 1874 1201 1940 usibus,
1233 1882 1286 1929 et
1313 1875 1387 1929 sis
1415 1874 1642 1930 decorus
1671 1876 1897 1930 actibus.
2181 1871 2290 1927 Nec
2313 1871 2414 1926 hoc
2435 1870 2646 1938 ignoras
2674 1866 2872 1930 oleum,
2904 1879 3002 1934 pro
3029 1871 3120 1918 tua
3150 1860 3432 1931 sapientia,

505 1964 994 2038 Congratulandum
1017 1966 1112 2021 tibi
1141 1975 1242 2034 est,
1272 1983 1306 2022 o
1335 1967 1675 2022 Trevirorum
1703 1969 1911 2031 civitas,
2181 1968 2336 2036 Quod
2363 1975 2446 2023 est
2466 1971 2777 2020 cunctorum
2820 1973 3113 2031 pauperum
3143 1963 3434 2012 mercatum
3455 1952 3754 2019 eleemosy—

509 2059 636 2127 Qua:
661 2058 754 2113 tali
781 2058 892 2112 viro
921 2057 1140 2125 regeris,
1173 2057 1404 2125 antiquis
1432 2058 1795 2126 comparabili.
3553 2040 3683 2112 [nis-

510 2150 586 2205 De
605 2162 801 2217 magno
831 2148 983 2216 origo
1011 2147 1217 2203 semine
1245 2147 1521 2203 descendit
1552 2149 1628 2203 tui
1657 2149 1924 2203 nominis:
2184 2153 2278 2209 llis
2305 2162 2358 2208 te
2381 2163 2573 2206 exerce
2599 2147 2809 2216 studiis,
2838 2146 2956 2201 hmo
2983 2149 3175 2198 cuncta
3195 2139 3335 2194 bona
3355 2147 3576 2207 perage,

509 2240 670 2296 Certe
697 2240 909 2294 virtutis
937 2238 1053 2308 ejus
1081 2246 1184 2305 est,
1215 2247 1273 2293 ut
1300 2239 1612 2311 Arbogastis
1641 2242 1850 2310 legitur.
2188 2241 2260 2298 Ut
2286 2256 2402 2296 mea
2431 2240 2528 2295 tibi
2553 2246 2824 2301 maneant,
2861 2243 2915 2291 et
2942 2238 3287 2305 perseverent
3311 2226 3502 2296 gaudia
3529 2242 3543 2278 :

510 2333 822 2388 Scribantur
843 2332 897 2386 in
925 2333 1205 2389 annalibus
1233 2332 1392 2402 hujus
1423 2334 1674 2404 triumphi
1699 2335 1918 2405 pariter,
2185 2335 2320 2391 Nam
2345 2349 2532 2406 parum
2556 2348 2674 2388 esse
2698 2331 2929 2397 noveris,
2959 2329 3005 2386 si
3033 2327 3313 2399 quisquam
3341 2321 3483 2376 nulla
3507 2319 3706 2390 rapiat,

511 2423 662 2478 Sicut
685 2431 741 2478 et
760 2422 876 2490 ejus
905 2422 1086 2493 scripti
1117 2432 1260 2488 sunt,
1284 2438 1443 2492 quem
1468 2439 1628 2494 supra
1654 2422 2086 2479 memoravimus.
2186 2425 2255 2481 Et
2281 2425 2542 2482 obdurato
2571 2431 2788 2494 pectore
2812 2435 2908 2476 sua
2936 2416 3231 2490 prmeludat
3256 2412 3482 2470 miseris.

513 2514 620 2570 Sed
645 2516 748 2570 hoc
769 2513 1030 2569 addamus
1063 2515 1310 2570 meritum
1342 2514 1485 2581 huic,
1513 2515 1604 2584 qui
1634 2529 1760 2569 vere
1787 2514 1959 2584 major
1982 2523 2086 2582 est,
2188 2519 2305 2574 Non
2332 2518 2555 2573 multum
2575 2514 2675 2570 sibi
2703 2511 2954 2578 consulit,
2984 2509 3074 2580 qui
3100 2508 3178 2563 sic
3198 2506 3360 2562 evitat
3385 2501 3594 2559 rabiem

514 2605 668 2673 Quod
689 2603 889 2658 Christi
920 2618 1116 2658 nomen
1145 2605 1357 2658 invocat
1383 2603 1627 2672 religioni
1654 2603 1882 2660 deditus.
2190 2608 2532 2681 cupiditatis,
2563 2614 2624 2662 ut
2649 2604 2809 2660 simul
2838 2603 3073 2658 incurrat
3100 2597 3355 2653 avaritiae.

516 2696 878 2752 Fuitinarmis
906 2695 1085 2751 alacer
1111 2695 1200 2749 ille
1228 2695 1495 2764 antiquus,
1522 2710 1708 2751 verum
1731 2703 1815 2750 est
1839 2713 1851 2748 :
2191 2699 2325 2755 Nam
2353 2700 2452 2754 ista
2478 2697 2586 2753 duo
2613 2695 2855 2761 crimina,
2883 2692 3029 2748 velut
3056 2697 3284 2759 cognata
3306 2699 3524 2756 genere,

517 2788 620 2843 Sed
644 2785 871 2843 inﬁdelis
898 2787 1146 2854 moritur,
1176 2793 1232 2841 et
1256 2793 1430 2840 morte
1454 2792 1645 2841 cuncta
1673 2785 1922 2856 perdidit.
2193 2792 2263 2848 Ει
2283 2791 2550 2860 geminata
2578 2787 2778 2858 specie,
2809 2783 2967 2839 nimis
2993 2781 3277 2850 conjuncta
3306 2783 3654 2848 permanent;

519 2881 619 2936 llic
646 2890 825 2935 autem
856 2887 1040 2935 noster
1067 2886 1336 2944 strenuus,
1361 2877 1727 2946 belligerosus,
1760 2877 2009 2948 inclytus,
2197 2882 2323 2938 Haec
2347 2880 2439 2952 qui
2465 2885 2738 2935 sectantur
2763 2874 2968 2938 miseri,
2997 2873 3104 2926 hoc
3122 2884 3286 2924 unum
3312 2866 3475 2920 distat
3495 2863 3708 2926 vitium,

520 2971 586 3026 Et
609 2971 752 3041 quod
781 2971 864 3026 his
889 2969 1096 3027 cunctis
1124 2969 1296 3038 majus
1324 2977 1425 3034 est,
1459 2969 1632 3025 cultor
1657 2968 1819 3023 divini
1847 2967 2096 3024 nominis.
2196 2972 2353 3040 Quod
2379 2985 2516 3026 unus
2542 2970 2734 3024 horum
2763 2965 2933 3020 malus
2959 2970 3061 3026 est,
3092 2970 3148 3016 et
3175 2959 3263 3015 ille
3292 2958 3426 3012 alter
3452 2953 3746 3025 pessimus,

521 3062 672 3118 Nunc
698 3070 897 3124 autem,
929 3060 1002 3114 (ili
1026 3061 1259 3130 sapiens,
1289 3075 1491 3129 quzcso,
1524 3059 1805 3128 dignanter
1833 3059 2016 3127 accipe
2201 3061 2376 3128 Unde,
2405 3061 2476 3117 mi
2505 3075 2630 3116 cara
2657 3058 2906 3126 dignitas,
2936 3062 3014 3119 tu,
3038 3066 3241 3123 quzeso,
3275 3049 3347 3103 lili
3374 3047 3556 3110 unice,

522 3154 621 3208 Τυί
650 3154 871 3210 cultoris
897 3153 1147 3222 ρειείιιωη
1174 3167 1331 3220 quam
1364 3166 1433 3205 εἰ
1462 3166 1643 3206 δηιοτο
1664 3150 1899 3219 ροττῖεοσ
2124 3136 2172 3201 C
2201 3155 2292 3211 Sic
2315 3154 2382 3209 ab
2411 3150 2598 3207 alienis
2627 3148 2854 3214 abstine,
2887 3153 2946 3200 ut
2972 3152 3064 3198 tua
3088 3141 3296 3198 cunctis
3325 3139 3548 3201 tribuas,

525 3245 760 3299 Primum
787 3243 1042 3312 deposco,
1073 3242 1258 3311 cupias
1284 3241 1503 3296 collatas
1530 3249 1706 3295 tantas
1732 3241 1932 3308 gratias
2200 3244 2439 3315 llludque
2465 3256 2624 3312 super
2651 3240 2831 3296 omnia
2853 3250 3056 3292 memor
3081 3234 3135 3289 in
3163 3231 3324 3288 corde
3353 3229 3551 3292 retine,

525 3332 584 3388 In
608 3342 662 3388 te
689 3346 979 3388 conserves
1008 3331 1261 3398 integras,
1302 3337 1358 3385 et
1385 3330 1540 3385 bonis
1565 3328 1746 3383 multis
1773 3327 1978 3386 afﬁnes.
2201 3336 2356 3403 Quod
2383 3343 2436 3390 te
2459 3333 2570 3403 jam
2599 3329 2902 3386 sacerdotio
2932 3324 3324 3397 przeliguratum
3355 3329 3533 3382 teneo,

527 3421 703 3478 Unum
733 3421 935 3491 repelle
954 3421 1166 3487 vitium,
1196 3434 1264 3476 ne
1291 3420 1454 3477 corda
1484 3435 1619 3491 pura
1644 3420 1910 3490 inquinet,

2204 3429 2372 3492 Hanc,
2399 3441 2598 3497 quasso,
2629 3437 2784 3479 serva
2814 3421 3060 3490 gratiam,
3093 3427 3145 3474 et
3166 3417 3268 3472 illis
3295 3428 3478 3471 cresce
3501 3412 3727 3476 meritis,

527 3515 680 3582 Quod
708 3529 827 3570 esse
852 3513 1021 3570 sacris
1049 3512 1299 3568 scribitur
1318 3511 1470 3567 radix
1497 3513 1761 3568 malorum
1785 3513 2061 3569 omnium:
2209 3521 2281 3577 Ut
2307 3520 2596 3591 prtelocuta
2621 3513 2806 3586 populi
2831 3526 2937 3566 vox
2964 3509 3103 3566 coelo
3130 3521 3283 3563 sacra
3305 3505 3506 3560 veniat.

529 3605 886 3678 Cupiditatem
916 3603 1140 3671 scilicet,
1171 3617 1291 3674 quae
1319 3603 1375 3658 in
1402 3603 1647 3659 alumnos
1674 3598 1913 3669 desaevit,

2207 3611 2484 3679 Sanctum,
2529 3616 2586 3664 et
2630 3605 2861 3676 primum
2899 3601 3163 3665 omnibus,
3203 3605 3549 3664 nostrumque
3579 3592 3779 3662 Papam

531 3697 638 3752 Nec
666 3711 806 3752 saeva
834 3695 1009 3767 parcit
1035 3693 1236 3750 rabiem
1258 3708 1485 3764 quorum
1507 3709 1690 3751 amore
1718 3695 1974 3765 pascitur,
3328 3684 3708 3759 [Jamlychum.

532 3789 646 3845 lloc
668 3787 932 3861 (inquam)
947 3802 1162 3859 semper
1189 3786 1410 3843 devorat
1431 3787 1628 3844 famem
1655 3787 1912 3845 edendam
1936 3787 1963 3826 δ
1985 3802 2107 3859 per-

1936 3787 1963 3826 ”
1985 3802 2107 3859 De!"
2212 3795 2429 3854 Honora
2452 3793 2634 3860 corde,
2663 3791 2823 3860 dilige
2843 3795 2900 3843 ut
2923 3782 3158 3854 diligaris
3183 3777 3540 3851 postmodum.

1815 3878 2034 3951 [ferens
2211 3889 2310 3944 Cui
2336 3883 2591 3956 quidquid
2619 3879 2889 3943 tribueris,
2924 3876 3019 3930 tibi
3048 3875 3101 3929 in
3126 3870 3342 3926 Christo
3369 3882 3610 3937 reparas,

534 3970 604 4026 Et
632 3970 776 4027 velut
805 3971 941 4042 ignis
967 3969 1148 4027 addito
1177 3983 1432 4026 succensa
1460 3967 1655 4024 crescit
1681 3968 1894 4038 pabulo.
2215 3979 2337 4035 Hm
2368 3983 2678 4045 recepturus
2701 3967 3065 4042 postmodum,
3087 3977 3205 4034 qua:
3234 3963 3348 4033 ipse
3376 3957 3747 4016 seminaveris.

608 4115 635 4142 ⁸
665 4104 948 4160 Pmluces.
2291 4121 2313 4150 ε
2345 4108 2505 4164 Forte
2532 4102 2858 4161 emendatio.

610 4174 637 4212 δ
667 4173 894 4228 Edendi.

539 4247 3753 4286 Μ.

540 4264 3792 4318 Μ

1943 4421 2108 4466 ANNO
2137 4421 2390 4465 CCCCXC.

548 4603 1606 4748 PAULINUS
1673 4580 3785 4744 PETRICORDIENSIS.

1765 4949 1968 5023 PRO
1977 4951 2331 5023 LEGOM
2345 4948 2552 5022 ENA

625 5152 908 5218 Paulinus,
956 5159 1115 5220 gente
1169 5149 1382 5214 Gallus,
1446 5149 1608 5205 domo
1659 5147 1960 5204 Pericorius
2014 5147 2126 5203 sive
2159 5129 2212 5190 D
2236 5155 2293 5202 ut
2321 5161 2440 5217 qua)
2459 5143 2726 5214 Sulpicius
2766 5140 2998 5196 Severus
3023 5141 3247 5191 venusta
3287 5139 3344 5186 et
3369 5126 3602 5196 eleganti
3644 5140 3807 5196 prosa

555 5243 938 5309 Petricordius,
965 5219 1032 5294 id
1060 5248 1144 5296 est
1169 5240 1520 5304 Vesunnicus,
1567 5240 1611 5294 si
1639 5238 1908 5294 Sirmondi
1937 5239 2126 5308 conje-
2230 5239 2496 5309 expressit
2528 5255 2541 5288 :
2571 5236 2705 5306 ipse,
2734 5230 2977 5303 pauculis
3009 5228 3236 5290 omissis,
3284 5222 3401 5278 rudi
3430 5229 3592 5289 atque
3629 5219 3808 5286 impo-

557 5343 716 5389 cturaa
755 5331 903 5386 ﬁdes.
926 5305 1156 5385 ’Claruit
1201 5346 1288 5384 an.
1320 5329 1443 5385 461.
1473 5329 1620 5400 Opus
1665 5329 1810 5384 enim
1854 5344 2011 5384 suum
2043 5305 2127 5385 ide
2233 5305 2326 5385 lito
2354 5344 2511 5384 versu
2541 5325 2806 5381 redderet.
2860 5319 3005 5391 Opus
3032 5316 3173 5376 istud
3204 5313 3426 5368 Paulino
3453 5309 3661 5400 Nolano
3690 5305 3810 5373 epi-

559 5425 674 5479 Vita
703 5423 761 5480 S.
793 5423 1005 5478 Martini
1033 5422 1357 5491 nuncupavit
1384 5397 1652 5492 Perpetuo
1678 5422 1931 5492 episcopo
1959 5421 2130 5477 Turo-
2233 5437 2398 5490 scopo
2426 5419 2726 5472 tribuerunt
2754 5427 2861 5468 non
2903 5411 3076 5465 solum
3103 5404 3365 5475 sequioris
3391 5399 3489 5456 aevi
3519 5397 3844 5486 scriptores.

559 5517 732 5582 nensi,
786 5515 877 5585 qui
921 5515 1149 5570 concilio
1193 5512 1493 5568 Turonensi
1534 5513 1708 5582 primo
1751 5511 1999 5582 praesedit
2040 5527 2127 5566 an.
2235 5485 2345 5564 fere
2373 5507 2568 5570 cuncti,
2614 5505 2707 5560 sed
2734 5512 2788 5558 et
2817 5518 2849 5558 e
2879 5499 3147 5555 veteribus
3174 5493 3462 5562 Gregorius
3481 5485 3816 5545 Turonensis

561 5607 684 5669 461,
857 5605 980 5671 480,
1011 5605 1087 5660 uti
1115 5602 1251 5656 male
1274 5602 1436 5656 habet
1466 5580 1729 5668 Labbeus,
1753 5580 1814 5656 et
1833 5602 2133 5671 exscriptor
2238 5602 2376 5671 (Lib.
2409 5618 2423 5655 ι
2454 5601 2515 5654 de
2537 5597 2723 5652 Mirac.
2757 5595 2817 5650 S.
2851 5592 3089 5661 Martini)
3118 5588 3381 5651 disertim,
3420 5593 3478 5640 et
3517 5580 3819 5671 Venantiua

563 5695 678 5761 ejus
723 5695 980 5751 Oudinus.
1027 5695 1249 5764 Scripsit
1273 5692 1527 5747 Paulinus
1555 5693 1792 5771 carmine
1819 5670 2038 5747 heroico
2066 5690 2131 5746 de
2238 5670 2561 5744 Fortunatus
2601 5687 2703 5756 (De
2754 5685 2941 5739 Μὶν-ας.
3000 5681 3061 5737 S.
3095 5680 3259 5735 Mart.
3290 5676 3377 5732 lib.
3410 5675 3474 5744 ι),
3520 5670 3667 5727 haud
3711 5670 3819 5723 ob-

569 5785 684 5840 Vita
715 5787 772 5841 S.
806 5787 1014 5842 Martini
1059 5763 1155 5844 lib.
1182 5804 1253 5855 vr,
1284 5786 1475 5856 quibus
1501 5763 1641 5842 haud
1666 5787 1805 5841 aliud
1835 5786 1943 5856 egit
1973 5798 2134 5854 quam
2239 5798 2408 5837 scure.
2439 5781 2570 5835 llinc
2594 5778 2785 5834 factum
2806 5783 2905 5841 est,
2931 5785 2989 5829 ut
3017 5775 3117 5830 sub
3142 5771 3346 5826 Paulini
3377 5767 3567 5823 Nolani
3598 5763 3820 5819 nomine
