2033 3096
153 141 163 167 l
168 140 220 169 009

721 136 767 166 DE
784 136 866 166 VI'I‘A
883 136 915 166 S.
932 135 1077 165 HABTINI
1093 135 1158 164 LIB.
1178 135 1198 162 Ι.

1707 133 1774 160 1010

153 196 249 232 saepius
273 195 403 232 prodiret.
426 202 442 223 a
462 194 556 223 Jureto
577 194 692 230 primum
715 191 817 222 editum
839 191 938 225 Paris.,
951 193 977 223 Α
989 198 1066 220 carer
1077 198 1137 226 qua
1154 189 1213 218 falsi
1235 190 1337 218 crimen
1356 189 1529 217 admiserant.
1543 189 1612 222 Quid
1630 191 1719 217 enim?
1732 190 1775 217 vix

152 241 239 277 4585,
261 241 324 270 dein
345 241 373 269 in
394 239 567 268 Bibliothecis
591 238 665 267 Patr.
689 237 884 270 Parisiensibus
905 244 939 265 ac

153 287 316 320 Coloniensi,
327 287 355 315 in
362 285 509 322 appendice
515 285 660 320 Bigncana,
666 292 694 319 p.
701 283 764 318 852,
771 283 883 318 aliisque
890 289 940 310 ve-

152 338 240 361 terum
253 337 392 369 poetarum
406 331 620 360 Christianorum
642 329 854 358 collectionibus.
870 327 940 356 Pau~

152 380 208 408 lino
220 379 327 408 demum
342 378 547 407 Petrieordiensi
560 377 714 406 restitutum
735 376 835 412 prodiit
853 375 882 403 in
895 374 940 402 Bi-

152 425 286 453 bliotheca
295 424 368 452 Patr.
383 423 528 453 novissima
542 427 610 451 tom.
623 422 668 456 Vl,
681 428 742 457 pag.
754 420 818 453 297.
828 424 857 448 et
864 427 941 448 seor-

150 471 202 500 sim
215 478 232 498 a
244 469 399 498 Christiano
420 469 533 498 Daumio
547 477 601 497 una
621 476 683 497 cum
702 468 747 495 Fr.
760 467 846 495 Jureti
859 466 941 494 Com-

152 515 302 549 mentariis,
315 515 398 551 Casp.
413 515 516 543 Barthii
530 513 816 547 animadversionibus,
836 511 878 540 ιο.
892 511 938 539 Fr.

151 562 280 591 Gronovii
299 562 381 595 notis,
404 569 509 597 suoque
531 565 655 589 notarum
675 559 818 595 Spicilegio
839 558 940 587 editum

152 607 257 644 Lipsiae,
271 606 351 640 l686.
362 606 446 635 ἱππ-8ο.
461 606 547 635 Porro
560 610 650 634 exstat
660 605 762 634 Paulini
777 605 863 633 nostri
875 603 940 631 Car-

152 664 210 683 men
230 654 429 686 breviusculum,
453 653 486 681 de
503 653 659 681 Viat'tatione
671 651 786 688 nepotali
798 652 853 684 sui,
873 651 941 679 Vita

152 701 236 729 sancti
246 699 356 728 lumini
369 698 489 736 subjungi
503 699 617 733 solitam,
632 702 661 726 et
673 698 726 726 alia
739 696 861 733 quasdam
871 704 938 732 opu-

152 747 287 776 sculorum
308 745 507 780 deperditorum
530 743 691 778 fragmenta,
715 750 775 778 qua:
788 742 940 770 ibidemre-

153 792 299 829 periuntnr.
309 791 441 819 Caeterum
449 790 589 817 Paulinum
603 789 745 824 quemdam
752 787 941 817 Petrieoriensi

153 842 246 867 nostro
255 838 386 873 :equalem
400 836 691 864 memoratGennadius
699 834 750 871 (De
757 834 854 870 Script.
863 834 937 862 Eccl.

989 245 1059 266 unus
1071 237 1116 266 hic
1128 244 1223 265 versus
1239 235 1343 264 exstitit
1352 235 1417 270 quin
1431 242 1541 263 eversus
1552 244 1560 262 :
1572 235 1701 262 orationis
1719 235 1779 269 plus

988 287 1048 312 erat
1059 290 1140 318 quam
1153 282 1265 310 rationis
1277 290 1283 308 :
1295 282 1427 309 nutabant
1445 280 1562 317 syllabae,
1578 274 1706 308 nutabant
1716 289 1776 308 ver~

987 330 1039 364 ba;
1054 337 1115 358 cum
1128 329 1242 365 pedibus
1255 328 1356 356 claudis
1370 327 1435 355 nihil
1449 335 1559 363 prorsus
1577 328 1674 356 stabat.
1702 327 1780 355 Deni-

988 383 1041 411 que
1054 375 1099 403 vix
1111 381 1207 402 sensus
1220 373 1289 401 ullus
1297 373 1363 408 quin
1375 373 1464 400 nullus
1473 391 1481 405 ,
1494 376 1524 399 ut
1537 375 1604 407 quot
1616 372 1723 405 litterae,
1738 376 1778 400 tot

988 421 1076 450 litum
1100 421 1190 457 potius
1211 419 1376 448 viderentur.
1400 418 1498 452 Credo,
1522 418 1608 446 voluit
1629 418 1780 453 descriptor

988 471 1097 504 poetam
1115 466 1166 495 sibi
1183 466 1211 494 in
1225 466 1349 495 omnibus
1363 466 1420 495 ﬁeri
1433 466 1558 495 similem.
1574 465 1611 494 Ut
1622 466 1695 494 enim
1709 465 1778 493 Pau~

989 513 1059 542 linus
1071 512 1134 540 dum
1154 512 1237 545 vixit,
1258 511 1382 540 maximis
1405 511 1518 539 fortuna;
1537 511 1633 547 opibus
1656 511 1777 546 abiectis,

988 566 1037 587 sua
1051 558 1165 594 ipsemet
1176 556 1305 593 profudit,
1330 556 1417 584 factus
1437 556 1564 591 inopibus
1589 555 1673 588 dives,
1700 556 1779 590 inops

988 604 1039 633 sibi
1051 603 1127 632 diviti
1139 611 1146 630 :
1159 602 1199 631 sic
1211 601 1335 630 librarius
1344 601 1372 629 in
1383 600 1487 628 Paulini
1501 601 1608 636 scriptis
1619 600 1703 630 novas
1712 607 1779 636 opes

988 649 1055 678 vidit
1067 653 1096 677 et
1107 647 1186 676 simul
1198 647 1302 675 invidit.
1315 646 1409 682 itaque
1423 646 1540 682 prodidit
1553 650 1581 673 et
1593 645 1721 681 perdidit,
1732 646 1780 681 qui

989 694 1101 722 timebat
1115 700 1149 722 ne
1162 692 1307 721 Dominum
1320 691 1468 728 proderent
1477 712 1485 724 ,
1508 698 1543 719 ne
1556 691 1710 726 perderent.
1725 691 1780 718 Sed

989 740 1041 768 hac
1052 739 1204 774 aequalitate
1219 737 1284 773 quid
1296 736 1453 772 inmqualius
1461 737 1474 764 ?
1485 735 1622 770 Abjeeerit
1635 735 1699 763 olim
1714 734 1780 762 Pan.

989 785 1059 813 linus
1069 785 1140 812 bona
1152 783 1273 816 fortunae,
1290 782 1384 811 volens
1393 785 1423 810 et
1433 780 1556 809 consulto
1568 780 1691 808 consilio.
1698 779 1781 808 Bonis

989 830 1096 867 quidem
1110 829 1219 864 ingenii,
1234 827 1333 856 libellis
1346 826 1407 855 dico
1419 826 1485 859 suis,
1496 833 1551 853 non
1561 825 1613 853 nisi
1626 824 1726 853 invitus
1736 832 1781 853 ca-

152 893 177 913 e.
187 884 248 921 68);
262 870 309 919 qui
323 883 474 918 composuit
487 886 614 910 tractatus
625 881 727 916 aliquot
735 880 770 909 de
779 880 858 909 Initio
869 880 938 914 Qua—
954 877 979 908 B
990 884 1052 905 rere
1063 879 1163 911 potest.
1177 874 1225 903 llla
1238 874 1309 901 enim
1323 871 1492 921 pro_stolidis
1505 871 1596 921 duxit,
1610 870 1661 897 ista
1667 877 1723 921 'pro
1736 876 1781 897 so-

153 930 319 965 dngesimte,
333 929 368 957 de
381 929 429 957 Die
442 928 579 956 dominico
592 927 712 961 Pascbze,
726 926 760 955 de
771 925 939 960 Obedientia,

153 975 187 1004 de
201 974 372 1007 Pmnitentia,
396 978 424 1002 et
436 973 471 1001 de
482 972 638 1008 Neophytis.
661 971 700 1000 Ex
718 971 853 1007 opusculis
872 971 939 1005 istis.

153 1021 343 1057 cujuscumque
363 1020 470 1049 demum
484 1018 591 1047 Paulini
599 1018 710 1050 fuerint.
736 1018 774 1046 nil
794 1018 875 1047 hodie
896 1026 941 1046 su-

153 1071 253 1103 perest.

241 1111 435 1141 ΑΝΝΟΤΔΤΙΟ
451 1111 486 1139 IN
502 1110 702 1145 SEQUENTES
719 1110 850 1139 LIBROS.

191 1159 245 1187 Sex
255 1158 300 1186 isti
313 1158 373 1186 libri
387 1158 421 1186 de
434 1157 494 1185 Vita
512 1157 541 1185 S.
555 1156 660 1185 Martini
681 1165 736 1185 non
758 1161 821 1185 sunt
839 1156 943 1184 Paulini

153 1204 259 1238 Nolani,
273 1203 323 1232 sed
333 1203 437 1231 Paulini
451 1202 623 1236 Petricordii,
637 1203 684 1238 qui
699 1202 734 1230 50
747 1202 855 1230 circiter
865 1202 943 1230 annis

154 1250 222 1278 vixit
245 1250 280 1278 ab
301 1249 379 1278 obitu
401 1249 508 1284 Nolani,
531 1256 652 1285 opusque
666 1248 733 1276 illud
754 1256 832 1276 suum
844 1248 944 1277 dicavit

156 1296 289 1332 Perpetuo
300 1295 449 1324 Turonensi
461 1295 664 1330 archiepiscopo
674 1294 720 1330 qui
733 1293 841 1330 praefuit
855 1293 945 1322 conci-

154 1342 193 1371 lio
206 1341 356 1370 Turonensi
374 1347 447 1369 anno
472 1340 535 1368 ‘80.
560 1339 628 1368 Vide
649 1343 729 1367 notas
749 1338 885 1368 Sirmondi
909 1338 944 1367 ad

154 1387 293 1424 epistolam
307 1387 338 1414 ll
354 1386 415 1415 libri
425 1394 471 1414 vui
485 1385 587 1414 Sidonii
596 1384 768 1420 Apollinaris.

431 1429 672 1459 BELLARMINUS

225 1487 261 1508 DI
276 1485 462 1508 SCIIP'I‘ORIBUS
479 1483 689 1506 εοαιιδιλετιαιθ
705 1483 733 1505 IN
750 1483 875 1505 IDI'HONB

470 1531 533 1552 sum
551 1522 630 1551 l6l7.

990 921 1062 950 lidis.
1073 920 1130 956 Ego
1141 926 1208 948 vero
1219 918 1290 946 ferre
1304 924 1354 945 nec
1367 916 1458 949 debui,
1473 923 1524 944 nec
1536 915 1608 943 volui
1622 914 1722 942 nudum
1736 917 1780 941 to-

991 968 1042 996 ties
1053 965 1191 994 denudari.
1204 964 1293 999 Quare
1306 970 1371 992 usus
1387 961 1487 998 judicio
1496 960 1596 989 veteris
1617 959 1656 987 tui
1669 958 1780 992 codicis,
1798 982 1804 986 .

990 1012 1101 1047 vestigia
1110 1018 1200 1039 rerum
1213 1011 1370 1038 amissarum
1385 1011 1543 1044 persecutus
1557 1013 1631 1039 sum,
1655 1009 1683 1032 et
1696 1004 1781 1031 multa

991 1060 1112 1087 detracta
1131 1056 1243 1084 Paulino
1259 1056 1365 1083 tandem
1378 1053 1491 1086 reddidi,
1515 1051 1606 1080 omnia
1628 1050 1781 1079 redditurus

992 1108 1149 1133 ornamenta
1178 1103 1200 1130 si
1224 1103 1337 1129 alterum
1366 1099 1505 1135 exemplar
1530 1098 1649 1126 all‘uisset
1671 1096 1780 1124 auxilio.

992 1151 1078 1187 Spero
1091 1154 1192 1182 tamen,
1205 1147 1324 1180 Pithme,
1345 1146 1464 1174 futurum
1487 1144 1630 1180 aliquando
1655 1143 1784 1178 singulari

992 1201 1038 1226 tua
1052 1195 1197 1230 diligentia,
1218 1198 1248 1221 ut
1270 1192 1417 1221 secundum
1438 1190 1577 1225 exemplar
1589 1189 1713 1221 habeam,
1728 1195 1783 1222 quo

992 1242 1077 1279 possit
1091 1241 1170 1277 plane
1184 1238 1288 1267 restitui
1307 1238 1334 1265 in
1352 1237 1496 1271 integrum.
1512 1235 1579 1262 Nam
1593 1241 1642 1261 cur
1663 1234 1715 1260 hoc
1729 1240 1783 1259 non

993 1294 1109 1324 sperem,
1123 1285 1170 1321 qui
1183 1285 1235 1313 hoc
1244 1283 1300 1311 fato
1314 1286 1393 1310 natus
1406 1289 1448 1315 es,
1458 1285 1489 1308 ut
1500 1284 1623 1308 veterum
1638 1279 1721 1306 libros
1736 1285 1781 1305 sa-

992 1333 1095 1369 gaciter
1106 1337 1222 1367 quieras,
1241 1328 1367 1364 quaesitos
1380 1326 1494 1355 feliciter
1515 1325 1646 1360 reperias,
1660 1327 1783 1359 repertos

993 1379 1109 1414 benigne
1118 1376 1245 1406 studiosis
1255 1373 1455 1403 communices?
1467 1371 1552 1406 Perge
1567 1371 1658 1405 igitur,
1678 1377 1727 1397 oro
1744 1373 1782 1400 te.

994 1433 1076 1463 perge
1089 1424 1224 1457 alacriter,
1240 1426 1268 1451 et
1289 1421 1394 1449 Paulini
1413 1423 1525 1449 caeteras
1538 1418 1666 1453 reliquias
1679 1425 1696 1445 e
1709 1421 1784 1445 tene-

994 1462 1051 1502 bris
1072 1478 1147 1500 erue.
1166 1469 1212 1498 Sic
1235 1468 1307 1497 enim
1321 1474 1427 1496 sacrum
1449 1469 1539 1494 vatem
1556 1464 1725 1497 habebimus,
1738 1462 1785 1497 qui

995 1519 1080 1555 lyram
1093 1519 1215 1553 argutam
1229 1514 1365 1555 manibus,
1376 1512 1422 1547 qui
1436 1511 1518 1539 fronti
1530 1509 1662 1545 pallentes
1672 1507 1787 1536 hederas

192 1570 264 1599 Libri
286 1577 336 1599 sex
357 1570 392 1598 de
404 1569 464 1598 Vita
487 1569 516 1598 S.
543 1568 652 1597 Martini
677 1576 733 1597 non
751 1571 863 1605 possunt
886 1574 946 1596 esse
959 1562 982 1595 (Ξ
997 1553 1025 1594 et
1037 1565 1127 1593 lauros
1145 1553 1338 1591 revirescentizs
1351 1557 1511 1605 palmasque
1526 1556 1701 1605 lemniscatas
1714 1553 1784 1581 reci-

156 1617 187 1646 S.
202 1615 305 1646 Paulini
318 1616 429 1650 Nolani;
443 1620 539 1644 auctor
552 1616 625 1644 enim
638 1623 733 1644 eorum
748 1615 876 1643 librorum
888 1621 945 1642 me-

156 1663 236 1691 minit
257 1662 361 1690 Paulini
381 1662 486 1696 Nolani,
501 1666 530 1690 et
551 1669 582 1690 se
601 1661 724 1697 ejusdem
747 1660 863 1689 nominis
885 1666 946 1688 esse

157 1712 280 1743 testatur,
295 1712 323 1737 et
335 1712 442 1737 sextum
456 1708 552 1736 librum
563 1707 655 1736 scribit
668 1707 703 1735 ad
717 1706 878 1743 Perpetuum
891 1705 945 1733 Tu-

158 1761 301 1782 ronensem
314 1753 480 1790 episcopum,
495 1753 541 1789 qui
556 1753 625 1781 sedit
635 1753 685 1781 sub
699 1760 798 1780 annum
812 1751 873 1780 ‘70.

363 1797 572 1827 FRANCISCUS
589 1797 744 1826 JUBETUS

258 1853 344 1874 PB‘I’RO
362 1852 470 1873 ΡΙτΕωο
488 1853 507 1873 1.
526 1852 552 1872 C.
573 1850 802 1872 PRESTANTISBIIO
820 1849 843 1870 Β.

196 1890 299 1919 Paulini
313 1891 395 1919 libros
415 1890 448 1918 de
457 1890 518 1918 Vita
535 1893 563 1917 et
575 1889 664 1917 Gestis
676 1888 730 1917 divi
753 1887 859 1916 Martini
878 1895 947 1924 quos

159 1937 195 1965 ad
209 1945 252 1965 me
266 1944 338 1965 nunc
359 1943 446 1972 nuper
465 1936 572 1970 misisti,
593 1935 697 1964 Pithoze
716 1934 945 1971 pmstantissime,

159 1982 212 2016 legi
226 1990 288 2010 cum
301 1981 438 2017 voluptate
451 1988 565 2016 cumque
578 1981 727 2009 stomacho.
743 1979 879 2017 Voluptati
898 1980 948 2009 fuit

158 2027 321 2055 sanctissimi
331 2026 532 2062 doctissimique
541 2030 627 2062 poeta:
639 2027 783 2061 memoria,
799 2031 827 2055 et
848 2027 949 2062 ingenii

160 2074 260 2101 tabulae
271 2078 397 2109 tanquam
410 2081 426 2102 e
440 2072 579 2110 naufragio
588 2074 746 2110 superstites
758 2083 765 2101 :
780 2074 948 2102 stomachum

159 2119 246 2147 movit
265 2119 420 2148 innumerus
441 2119 599 2148 mendorum
623 2124 651 2148 et
662 2127 784 2148 errorum
805 2127 948 2152 numerus,

160 2164 259 2200 quibus
272 2165 341 2193 adeo
359 2165 467 2200 indigne
484 2165 647 2194 membrana:
668 2169 811 2200 corrupta,
828 2169 858 2193 ut
879 2165 949 2193 inter

994 1611 1059 1647 piet.
1072 1608 1112 1637 Ad
1123 1615 1168 1636 me
1181 1606 1254 1643 quod
1267 1606 1374 1638 attinet,
1387 1603 1520 1640 prasstabo
1533 1609 1614 1638 quam
1624 1600 1715 1628 licebit
1724 1606 1785 1634 ope

995 1664 1053 1685 ram
1064 1654 1214 1684 istiusmodi
1227 1652 1412 1688 scriptoribus,
1428 1650 1455 1677 in
1475 1648 1571 1685 quibus
1586 1647 1638 1675 etsi
1656 1647 1785 1674 hactenus

997 1702 1041 1730 alii
1054 1701 1221 1734 laborarunt,
1236 1706 1290 1727 non
1304 1704 1390 1733 pauca
1403 1701 1493 1724 tamen
1515 1693 1670 1729 castiganda
1691 1699 1785 1727 super-

995 1753 1059 1777 sunt
1072 1757 1078 1776 :
1090 1752 1121 1776 nt
1133 1755 1187 1775 non
1201 1745 1323 1774 videatur
1333 1748 1422 1772 actum
1444 1748 1523 1776 agere
1532 1740 1578 1776 qui
1591 1738 1663 1775 quod
1674 1743 1787 1772 egerunt

998 1797 1095 1824 iterum
1106 1798 1168 1829 aget
1181 1791 1284 1820 sedulo.
1298 1790 1336 1818 De
1350 1788 1460 1823 singulis
1474 1787 1550 1814 alias.
1565 1785 1641 1812 Nunc
1659 1784 1694 1812 de
1715 1783 1784 1829 Pau-

999 1842 1066 1874 lino,
1086 1828 1166 1875 quem
1180 1837 1233 1865 tuis
1245 1842 1375 1864 consecro
1388 1832 1539 1865 virtutibus,
1561 1829 1668 1866 quando
1686 1828 1786 1875 placuit

999 1872 1081 1914 unum
1094 1872 1137 1912 vel
1151 1883 1265 1911 alterum
1286 1887 1302 1908 e
1316 1885 1428 1908 numero
1441 1877 1527 1912 seligi,
1542 1876 1588 1911 qui
1607 1874 1703 1903 subeat
1716 1872 1786 1908 judi—

999 1932 1102 1960 ciorum
1117 1929 1213 1957 aleam.
1227 1926 1314 1954 Tuum
1328 1925 1388 1958 erit,
1402 1923 1522 1955 Pithtee,
1542 1928 1649 1949 manum
1663 1919 1786 1947 redeunti

999 1978 1146 2015 porrigere,
1162 1979 1190 2004 et
1198 1974 1316 2003 molliter
1333 1970 1480 2007 amplexari
1489 1969 1634 2004 hospitem,
1644 1967 1689 2002 qui
1701 1966 1787 2015 nudus

999 2011 1027 2053 et
1037 2011 1156 2059 hispidus
1170 2029 1186 2049 a
1199 2025 1227 2048 te
1240 2019 1346 2052 missus,
1362 2025 1378 2045 a
1390 2024 1435 2045 me
1455 2015 1584 2043 remissus
1597 2020 1658 2041 cum
1672 2011 1744 2040 cultu
1758 2016 1787 2039 et

998 2058 1095 2104 nitore,
1110 2067 1228 2105 prodibit
1240 2064 1396 2098 audentius,
1418 2063 1441 2090 si
1454 2061 1573 2090 habitum
1586 2062 1615 2088 et
1628 2058 1723 2086 faciem
1736 2065 1787 2085 no-

998 2124 1060 2145 vam
1075 2117 1101 2144 in
1115 2115 1161 2143 illo
1175 2111 1341 2150 probaveris.
1356 2110 1432 2142 Vale,
1453 2107 1496 2135 vir
1508 2105 1726 2142 praestantissime
1738 2112 1745 2130 :
1760 2107 1788 2131 et

998 2170 1060 2192 cum
1074 2160 1209 2190 studiosos
1223 2164 1298 2186 ames
1310 2156 1373 2192 quia
1393 2155 1542 2186 merentur,
1555 2158 1616 2179 ama
1630 2157 1673 2178 me
1687 2152 1717 2177 ut
1730 2155 1788 2177 me-

161 2210 302 2245 legendum
316 2211 472 2246 saepiuscule
486 2211 587 2239 librarii
600 2210 722 2238 manibus
733 2218 840 2246 poenam
853 2210 949 2246 impre-
960 2225 988 2257 Β
998 2215 1068 2237 rear.
1083 2206 1144 2234 Dat.
1157 2205 1208 2234 cal.
1223 2204 1275 2232 Jul.
1292 2201 1371 2230 1585.

677 2249 1783 2273 _____—:_______———————-—-———'—""‘

723 2305 811 2361 Β.
842 2299 1224 2360 PAULINI

402 2397 523 2460 DE
564 2397 766 2465 VlTA
807 2394 1120 2459 SANCTI
1168 2387 1528 2453 MARTINI

837 2491 969 2532 LIBRI
992 2490 1098 2530 SEX.

901 2564 1048 2573 _—.

728 2617 917 2669 LIBER
954 2610 1214 2667 PRIMUS.

200 2742 341 2780 Sparserat
351 2742 378 2770 in
391 2745 448 2771 toto
462 2742 552 2771 lumen
566 2741 718 2770 venerabile
729 2741 829 2770 mundo

165 2789 288 2818 Christus
301 2788 454 2822 Evangelici
464 2794 587 2816 reserans
596 2787 721 2823 mysteria
733 2788 818 2822 regni.

164 2833 219 2862 Sed
233 2833 295 2869 quia
306 2841 361 2862 non
373 2840 466 2861 omnes
478 2834 607 2861 virtutum
621 2834 741 2868 operatio
755 2839 848 2867 gentes

166 2880 296 2914 mverat,
311 2885 339 2909 et
351 2879 437 2915 fragili
450 2879 602 2908 dubitarent
615 2879 724 2908 credere
737 2886 819 2907 sensu

1002 2738 1135 2774 Quidquid
1149 2738 1183 2766 ab
1192 2736 1299 2766 aeternis
1310 2735 1445 2771 vulgasset
1458 2734 1566 2762 nuntius
1578 2734 1644 2765 oris.

1003 2785 1079 2821 (Nam
1092 2784 1181 2813 verbis
1194 2787 1332 2819 comperta
1345 2785 1454 2810 movent
1465 2780 1605 2816 prmsentia
1619 2779 1709 2818 rebus.

1003 2831 1155 2859 Suadentur
1164 2839 1217 2859 non
1227 2831 1284 2858 visa
1298 2829 1417 2865 quidem,
1430 2827 1478 2855 sed
1490 2827 1545 2854 visa
1560 2824 1732 2862 probantur.)

1005 2876 1052 2905 ille
1065 2883 1130 2911 ergo
1143 2876 1171 2904 in
1185 2880 1269 2904 totum
1283 2875 1326 2903 cui
1340 2882 1389 2909 par
1403 2872 1539 2900 miseratio
1553 2871 1699 2905 mundum,
