2033 3096
170 116 236 144 lolii
737 115 780 142 DE
800 115 878 142 VITA
899 114 928 143 S.
949 113 1089 142 MARTINI
1115 114 1178 143 LIB.
1199 115 1216 142 I.
1709 118 1777 146 lON

168 175 201 201 Et
211 179 297 202 tamen
307 176 358 203 hoc
372 176 446 210 senio
461 183 564 203 morum
589 172 729 208 carnisque
740 173 873 207 refulgens

167 221 297 253 Quattuor
306 220 416 259 alust'ris
429 220 550 259 geminos
563 220 653 259 minus
662 223 756 253 egerat
765 225 859 246 annos.

167 265 254 293 Credo
268 257 387 301 equidem
402 256 543 305 quod‘tota
558 265 632 305 prius
643 256 790 300 praecordia
806 266 913 291 sanctus

167 310 281 345 Spiritus
296 312 386 346 irrigui
401 303 495 351 ditarit
505 303 616 351 flumine
630 304 705 344 doni,

169 354 203 382 Ut
214 356 346 390 quondam
358 348 464 384 sanctus
475 348 562 389 felicia
574 363 684 397 munera
700 353 794 383 Petrus

168 402 305 430 Prmmissa
316 411 331 430 a
345 403 462 438 Domino.
469 404 523 443 jam
535 403 582 431 tali
595 403 623 443 in
635 396 719 431 milite
732 401 807 429 vidit.

167 448 304 482 Quisnam,
318 457 418 484 quaeso,
430 441 569 489 bon'ussic
582 441 767 487 consummare
780 447 880 476 valebit

168 493 202 521 Ut
213 494 294 529 cmpit
306 495 411 532 teneris.
419 487 662 532 felix'Martinusin
676 494 769 522 annis?

167 540 202 567 Et
212 544 301 568 tamen
315 541 366 569 ista
378 548 475 577 gerens
485 549 515 570 se
529 549 580 570 nec
592 541 706 577 cmpisse
716 539 826 575 putabat

168 586 244 631 Quod
270 587 373 615 vixdum
387 587 502 622 geminis
508 588 624 631 paulum
635 584 787 618 tardaverat
800 585 887 617 annis,

167 630 225 658 Jam
235 632 336 659 meritis
348 633 505 670 monachus,
520 631 569 661 sed
582 632 640 660 solo
655 631 764 665 nomine
775 631 862 663 miles,

167 675 301 711 Rumpere
312 676 403 705 calcati
415 672 553 712 jamvana
560 676 690 705 vocabula
704 670 808 711 mundi:

167 720 333 756 Spondentcs
342 726 464 759 spectant
474 715 611 756 consortia
622 725 716 750 sancta
730 719 830 748 tribuni

169 765 203 794 Ut
214 774 323 802 parvam
334 762 487 807 justamt‘ltle
499 762 603 799 moram
612 775 677 799 mox
689 765 782 802 Judice
794 764 900 794 Christo

168 812 295 842 Pensaret
308 814 441 848 geminata
451 809 528 843 salus
541 821 589 848 per
598 817 661 841 vota
671 812 793 846 duorum.

201 858 305 887 Interea
317 853 408 891 fractis
418 859 521 895 irrupto
533 858 618 887 limite
632 857 758 896 claustris

168 902 266 931 Gallica
277 912 338 931 rura
349 903 421 931 ferus
435 896 557 939 populari
570 903 791 944 ereperatlhostis.

167 947 265 976 Obvius
275 949 313 976 ire
323 953 400 984 parat
409 949 545 988 princeps,
557 942 722 986 cunctosque
735 948 868 988 maniplos

168 993 290 1028 Imperio,
302 993 421 1027 hortatu,
433 987 524 1029 prece,
537 992 679 1030 largitione
689 999 803 1033 vocatos,

168 1039 194 1066 In
205 1039 304 1067 bellum
316 1040 397 1076 cogit,
411 1048 472 1067 nam
487 1047 556 1076 quos
570 1038 686 1068 formido
698 1043 815 1067 retentat

168 1085 276 1114 Munera
291 1086 434 1115 sollicitant
448 1090 475 1114 et
487 1087 598 1114 vincunt
610 1085 680 1114 dona
691 1079 825 1121 timorem.

169 1131 221 1158 Sed
232 1139 308 1159 mens
320 1131 398 1166 plena
412 1131 467 1158 Deo
479 1131 575 1159 metuit
588 1130 663 1168 nihil,
674 1130 764 1168 omnia
778 1129 882 1162 temnit,

170 1175 310 1205 Terrorem
324 1176 426 1209 irridet,
440 1180 545 1204 terrena
560 1181 588 1204 et
599 1183 710 1203 munera
723 1175 815 1203 calcat.

170 1222 239 1256 Ergo
250 1222 294 1250 ubi
308 1221 447 1257 prmgressi
462 1222 561 1249 donum
574 1220 816 1257 sumpserc,priore

171 1268 270 1295 Ordine
284 1272 551 1301 transcurso,sanetus
564 1266 598 1295 de
612 1274 686 1294 more
699 1267 805 1294 eitatur.

172 1312 282 1347 Respuit
295 1313 418 1341 instantis
431 1312 691 1350 pnescntiamunera
705 1311 785 1346 regis,

171 1357 278 1385 Talibus
291 1361 318 1385 et
329 1358 407 1386 dictis
419 1358 440 1385 it
453 1362 546 1386 contra
557 1357 627 1385 dicta
641 1357 746 1394 tyranni
758 1366 765 1383 :

172 1402 258 1431 Trade
268 1403 323 1437 alii,
337 1404 471 1439 princeps,
486 1407 592 1438 terrena
606 1403 662 1431 haec
672 1411 782 1430 munera
797 1410 929 1435 nummos,

171 1448 214 1476 illc
227 1448 328 1483 majora
343 1452 452 1476 manent
463 1448 572 1484 majoris
585 1449 695 1484 praemia
710 1448 788 1485 regis.

174 1493 234 1521 llmc
247 1501 349 1522 merces
362 1494 425 1522 belli
437 1498 487 1527 est,
503 1498 610 1530 sumant
623 1501 742 1531 pugnare
755 1494 885 1522 volentes.

174 1538 221 1566 llis
234 1539 314 1574 igitur
325 1539 402 1568 dictis
416 1547 500 1568 sasvas
510 1534 660 1574 ﬂammatur
670 1540 697 1567 in
712 1540 765 1573 iras
855 1536 857 1538 ’

175 1584 311 1620 Princeps,
327 1584 451 1620 ignavum
461 1590 585 1617 causatur
599 1590 720 1620 tempore
732 1585 805 1618 belli,

176 1629 360 1658 Immemorem
371 1630 456 1658 laudis
469 1638 563 1658 causas
577 1629 684 1659 ﬁnxisse
697 1630 810 1658 timoris.

176 1675 405 1709 llleautem,Nulla
413 1676 536 1705 instantis
551 1676 665 1705 formido
677 1676 770 1713 pericli
784 1681 826 1704 est

177 1720 230 1748 Nec
244 1725 365 1748 metuunt
378 1721 483 1749 facilem
493 1722 643 1750 constantia
656 1725 766 1757 pectora
780 1725 904 1749 mortem.

177 1766 294 1801 Denique
303 1766 375 1802 quod
387 1767 467 1796 verba
477 1767 633 1803 expediunt,
648 1771 676 1795 et
687 1766 758 1795 facta
773 1767 935 1802 probabunt.

177 1812 281 1842 Primus
293 1821 343 1848 ego
358 1814 469 1850 abjectis
481 1814 634 1850 przecedens
646 1814 752 1848 agmina
766 1814 836 1847 telis,

178 1861 235 1889 Non
250 1870 324 1889 arma
338 1863 469 1897 arripiens
482 1862 610 1894 hominis,
620 1861 667 1889 sed
677 1861 752 1896 signa
766 1861 875 1894 salutis,

177 1907 305 1942 Tegmine
315 1915 364 1935 nec
374 1908 458 1935 fidens
468 1908 564 1944 elypei,
576 1908 624 1936 sed
634 1907 742 1936 nomine
755 1906 865 1940 Christi,

178 1952 266 1988 Atque
280 1960 385 1981 crucem
399 1953 479 1981 fronti
494 1954 623 1981 auxilium
636 1961 685 1989 pro
699 1953 803 1982 casside
817 1961 930 1989 ponens.

178 1997 312 2033 lntrepido
322 1998 423 2027 cunctis
436 2006 575 2027 occurram
586 1999 668 2027 corde
678 1999 794 2036 periclis.

179 2042 287 2075 Adnuit,
299 2047 382 2078 utque
396 2043 476 2071 fidem
487 2043 550 2072 dicti
564 2044 725 2073 documenta
734 2045 879 2081 probarent

178 2088 322 2116 Asservare
335 2089 407 2124 pium
419 2090 538 2118 custodia
547 2090 605 2118 dira
615 2090 733 2126 jubetur.

178 2132 214 2160 Et
225 2133 280 2167 jam
296 2134 380 2169 prima
391 2141 460 2162 nova
475 2136 617 2170 spargebat
626 2135 749 2170 lampade
759 2139 843 2162 terras

179 2178 243 2205 Orta
256 2179 324 2213 dies,
338 2180 412 2208 venit
425 2180 460 2207 ad
470 2187 561 2214 regem
575 2180 672 2214 legatio
686 2179 799 2214 supplex

180 2223 289 2252 Subdita
303 2225 461 2254 submittens
474 2226 569 2253 ditioni
583 2225 651 2252 colla
660 2224 787 2259 jubentis.

961 171 986 202 Α
1000 171 1158 207 Diseipulum
1170 171 1224 206 jam
1239 172 1332 200 doctor
1342 173 1406 208 agit,
1419 173 1555 208 majorque
1568 175 1706 209 probatur,

998 217 1065 245 Dum
1084 218 1157 252 cupit
1175 225 1235 246 esse
1257 218 1353 252 minor,
1374 226 1435 246 nam
1454 218 1559 246 laudem
1581 225 1700 247 temnere
1720 220 1778 248 laus

1295 258 1297 260 ⁷
1675 265 1682 301 [
1691 270 1743 293 est.

997 309 1042 337 Sic
1054 313 1081 336 et
1094 309 1232 344 prmeipuac
1243 309 1297 344 jam
1311 309 1405 344 dignus
1416 309 1519 337 honore
1531 309 1674 342 cathedrzc,

998 354 1097 382 Abnuit
1110 359 1139 382 ut
1150 354 1237 382 saltim
1251 355 1355 382 diaconi
1366 355 1495 383 clarescat
1509 355 1610 382 honore
1624 363 1630 382 :

999 399 1073 427 Velle
1083 399 1181 434 locum,
1191 403 1284 427 sancto
1299 406 1378 434 quem
1392 400 1491 428 dudum
1504 404 1656 428 excesserat
1669 404 1745 433 actu,

998 446 1126 474 lnferiora
1138 444 1189 473 sibi
1202 445 1349 481 deposcens
1363 446 1451 473 munia
1464 447 1587 482 sumpsit,

1000 490 1139 518 Exercista
1154 490 1248 526 gradu,
1259 490 1306 518 sed
1317 490 1372 525 jam
1382 491 1480 519 virtute
1494 491 1629 520 sacerdos.

1034 536 1100 564 Exin
1111 545 1146 565 ne
1156 536 1241 572 pietas
1254 536 1342 564 saltim
1356 540 1462 564 terrena
1476 541 1583 565 notaret
1601 544 1606 562 θ

1001 581 1084 616 Quem
1098 586 1152 609 tam
1167 582 1298 617 praecipue
1307 581 1393 617 pietas
1406 581 1495 610 divina
1505 582 1624 617 regebat,

1001 629 1131 655 Auctores
1140 628 1246 662 generis
1258 626 1354 655 festino
1366 628 1453 655 visere
1466 632 1530 655 voto

1000 672 1090 708 Optat,
1104 677 1132 700 et
1143 680 1251 701 aversas
1264 672 1360 701 melius
1373 676 1530 701 convertere
1542 676 1655 700 mentes.

1001 717 1120 754 Namque
1134 723 1238 754 patrem
1247 722 1276 747 et
1288 722 1401 746 matrem
1414 725 1533 754 praeceps
1542 726 1575 746 ac
1586 717 1681 747 devius
1689 724 1765 746 error

981 788 987 794 -.
1001 764 1150 800 Sacrilegos
1163 765 1240 798 ritus,
1253 769 1281 793 et
1294 772 1358 793 saxa
1371 765 1414 793 vel
1426 773 1480 793 aera
1489 765 1608 793 colentes

1003 810 1149 840 vaali‘da
1162 811 1273 840 nimium
1283 811 1403 839 viventes
1414 814 1500 838 morte
1511 811 1659 846 premebat.

964 855 988 886 Β
1001 856 1072 897 Ergo
1082 857 1273 902 iteraggresso
1286 857 1372 892 pietas
1386 863 1476 885 comes
1487 856 1551 890 ibat,
1566 860 1594 883 et
1607 864 1701 885 omnes

1000 902 1024 930 Α
1033 899 1147 940 Domino
1159 902 1256 931 missus
1269 906 1441 938 praxtaverat
1453 902 1563 937 angelus
1572 909 1635 930 oras

1001 947 1090 977 Mollis
1101 951 1135 977 ut
1144 954 1270 977 ascensus
1281 948 1405 976 demerso
1414 948 1483 976 colle
1495 946 1619 980 facessat,

1002 994 1056 1022 Nec
1064 994 1202 1024 traherent
1211 990 1321 1031 pronos,
1332 998 1465 1030 praerupta
1476 998 1505 1022 et
1516 1001 1634 1022 concava
1647 993 1747 1029 lapsus.

1003 1041 1041 1069 Ac
1054 1040 1117 1069 dum
1129 1040 1263 1069 nubiferas
1276 1047 1391 1076 propere
1403 1040 1605 1068 transcenderet
1617 1039 1713 1075 Alpes,

1003 1087 1140 1115 vaorum
1153 1086 1256 1115 insidiis
1269 1091 1398 1122 exceptus
1408 1086 1476 1114 forte
1488 1086 1630 1118 latronum,

1003 1132 1133 1161 lnstantes
1146 1132 1248 1167 gladios
1257 1132 1380 1161 manibus
1392 1136 1454 1168 post
1470 1136 1543 1167 terga
1557 1132 1682 1161 revinctis

1004 1177 1082 1210 Risit,
1096 1182 1123 1205 et
1137 1178 1248 1205 immoto
1262 1178 1371 1213 tempsit
1381 1177 1534 1206 discrimina
1544 1177 1629 1206 vultu.

1005 1223 1072 1256 Quin
1088 1222 1211 1255 etiam.ut
1224 1224 1290 1251 tanti
1304 1222 1421 1252 recolam
1434 1222 1561 1258 mysteria
1575 1222 1647 1254 facti.

1004 1266 1149 1294 Custodem
1159 1266 1243 1294 fertur
1256 1268 1364 1295 monitis
1374 1274 1493 1295 servasse
1498 1267 1595 1295 salutis
1603 1287 1611 1299 ,

1006 1311 1100 1339 Verior
1113 1312 1156 1339 hic
1166 1315 1257 1340 custos
1267 1312 1358 1346 animi,
1373 1320 1453 1348 quam
1462 1313 1582 1348 corporis
1596 1312 1651 1340 ille.

1007 1357 1081 1384 Alter
1095 1357 1165 1385 enim
1179 1365 1229 1385 nec
1242 1357 1362 1385 membra
1375 1365 1431 1385 suae
1443 1357 1552 1385 ditionis
1565 1356 1691 1391 habebat,

1007 1401 1082 1429 Alter
1095 1406 1122 1429 et
1134 1402 1261 1430 adversus
1273 1402 1358 1430 vinxit
1371 1402 1518 1438 penetralia
1532 1402 1639 1430 mentis.

1007 1447 1061 1475 Sed
1074 1452 1162 1476 tamen
1173 1449 1251 1477 ambo
1265 1450 1335 1477 viam
1349 1450 1416 1478 scite
1425 1450 1542 1478 docuere
1554 1449 1729 1485 sequendam.

1008 1493 1118 1527 Aggeris
1132 1493 1176 1521 hic
1189 1495 1347 1522 monstravit
1359 1495 1412 1522 iter
1423 1494 1567 1529 didicitque
1580 1494 1684 1523 salutis.

971 1540 996 1572 α
1044 1538 1115 1573 Ergo
1129 1540 1180 1567 iter
1191 1540 1326 1575 inceptum
1339 1540 1452 1576 peragit,
1474 1540 1619 1576 patriaeque
1631 1540 1792 1576 propinquat

1009 1584 1137 1620 Hesperia
1151 1585 1285 1619 ingressus
1298 1586 1456 1614 transcursis
1469 1585 1580 1621 Alpibus
1593 1593 1667 1614 arva.

1010 1630 1059 1659 Hic
1071 1639 1176 1659 rursum
1187 1631 1257 1666 jugis
1271 1633 1370 1661 sanctis
1383 1632 1522 1666 conatibus
1531 1632 1616 1660 hostis

1009 1676 1156 1705 Humanam
1170 1678 1286 1713 speciem
1302 1679 1414 1707 mentito
1424 1686 1538 1715 corpore
1552 1679 1653 1712 fingens

1010 1722 1108 1751 Obvius
1124 1724 1236 1753 adverso
1250 1732 1309 1753 sese
1323 1725 1429 1759 obtulit,
1439 1733 1521 1754 ausus
1533 1725 1567 1753 ab
1577 1725 1636 1761 ipso

1010 1768 1134 1801 Quaerere
1147 1776 1200 1803 quo
1212 1769 1313 1803 tendat,
1328 1770 1426 1805 quidve
1438 1770 1496 1798 haec
1505 1770 1659 1805 properatio
1672 1772 1774 1804 poscat.

1010 1812 1056 1840 Ille
1068 1814 1116 1841 sub
1131 1814 1197 1847 haec,
1211 1814 1275 1842 Mihi
1288 1815 1345 1842 sola
1357 1815 1400 1842 via
1410 1819 1452 1842 est
1462 1814 1518 1842 dux
1530 1814 1693 1847 Cbristus,in
1706 1814 1752 1844 illo

1011 1857 1127 1887 Effectus
1139 1859 1195 1886 voti
1207 1863 1248 1886 est
1261 1867 1276 1886 a
1287 1866 1341 1894 quo
1351 1860 1448 1888 donata
1463 1859 1596 1898 voluntas.

1012 1904 1060 1931 Ast
1075 1905 1119 1933 ille
1131 1904 1282 1933 infrendens
1291 1906 1393 1934 cunctis
1402 1906 1544 1934 conatibus
1555 1906 1611 1934 ibat

1011 1949 1119 1985 Obvius,
1128 1950 1244 1979 offensus
1258 1951 1302 1980 tali
1316 1951 1451 1980 molimine
1464 1951 1579 1980 daemon.

1011 1996 1061 2025 Cui
1073 2001 1191 2032 sanctus,
1203 1997 1330 2027 Dominus
1343 1997 1529 2031 defenditmon
1540 2001 1620 2026 nocet
1631 1997 1726 2026 hostis.

1013 2042 1140 2077 Adjutore
1150 2043 1205 2071 Deo
1218 2044 1303 2072 virtus
1311 2043 1423 2073 adversa
1433 2044 1521 2072 timeri

1013 2087 1089 2115 Nulla
1101 2092 1198 2123 potest,
1212 2093 1334 2119 metuens
1344 2089 1485 2117 Dominum
1498 2092 1642 2116 contemno
1651 2088 1796 2124 periclum:

1014 2133 1053 2160 Ne
1063 2134 1170 2161 timeam
1183 2134 1263 2162 timor
1276 2134 1320 2162 ille
1332 2134 1404 2163 facit.
1418 2135 1469 2168 Qui
1481 2134 1545 2162 talia
1560 2138 1700 2169 postquam

1015 2176 1203 2213 Effatns.pulsa
1216 2186 1250 2207 ex
1260 2179 1344 2208 oculis
1356 2180 1464 2207 evanuit
1476 2179 1579 2211 umbra.

976 2222 1004 2252 D
1049 2224 1098 2251 Ast
1107 2223 1152 2251 ille
1164 2228 1193 2251 ut
1204 2223 1318 2252 Domino
1330 2224 1398 2252 duce
1412 2224 1524 2259 contigit
1533 2232 1581 2252 ora
1595 2227 1746 2259 parentum.

180 2269 310 2303 Quidnam
322 2270 375 2303 hic,
390 2278 490 2306 quicso,
503 2271 576 2304 viris,
587 2270 651 2305 quid
664 2274 766 2304 gestum
777 2271 910 2299 cernimus
920 2279 963 2299 ar-
1015 2268 1135 2303 Cumque
1148 2274 1251 2305 patrem
1266 2270 1360 2298 durata
1374 2278 1423 2297 usu
1437 2269 1567 2297 suadente
1577 2273 1682 2297 teneret

844 2316 930 2354 [misr

179 2362 248 2395 Quid
262 2361 361 2390 ferrata
375 2364 447 2391 acies
460 2364 553 2398 valuit,
568 2363 632 2399 quid
646 2367 734 2391 terror
747 2368 774 2391 et
787 2363 876 2391 ensis?

179 2408 245 2441 Quis
253 2408 314 2443 pilis
324 2408 419 2451 cecidit
434 2417 543 2443 cuneus,
555 2418 614 2445 quae
628 2414 715 2438 turma
727 2410 849 2445 sagittis?

180 2453 253 2482 Unus
262 2454 353 2488 homo,
365 2458 392 2482 et
401 2455 457 2482 sola
470 2456 562 2483 aeterni
576 2455 672 2484 ﬁducia
684 2456 754 2490 regis

180 2500 333 2528 Innumeras
346 2501 409 2528 vicit
422 2502 479 2529 sine
493 2501 571 2529 (mdis
585 2501 695 2529 vulnere
708 2506 812 2536 gentes.

179 2545 238 2578 llic,
251 2545 372 2579 Martiae,
389 2551 449 2574 tuus
461 2546 567 2575 Christo
580 2547 704 2575 vincente
718 2547 876 2583 triumphus,

179 2591 218 2618 Ne
231 2591 319 2619 saltim
331 2592 417 2621 sancti
433 2592 546 2620 violaret
559 2592 688 2628 sanguine
698 2592 812 2625 vultum,

179 2637 251 2665 Neve
265 2638 335 2673 piam
348 2638 486 2666 allicerent
498 2639 659 2667 morientum
673 2639 765 2666 funera
772 2643 900 2667 mentem.

215 2682 286 2717 Ergo
301 2683 390 2711 alacer
399 2684 496 2711 merito
510 2691 689 2719 successuque
703 2685 790 2712 acrior
805 2685 860 2720 ipse

181 2727 309 2755 Hostibus
321 2730 455 2763 oppressis
467 2729 575 2757 festinat
589 2730 696 2757 vincere
706 2730 833 2757 mundum
845 2738 852 2756 :

183 2773 325 2801 Ductorem
340 2773 400 2802 ﬁdei
413 2783 462 2810 per
476 2781 516 2804 tot
528 2776 687 2804 documenta
701 2777 851 2811 probatum,

181 2819 289 2855 Expctit
301 2820 429 2849 Hilarium
444 2830 478 2850 ne
490 2823 563 2857 quod
570 2823 697 2858 iactantia
708 2823 803 2851 vulnus

181 2864 341 2897 lnfcrat,aut
351 2865 452 2901 proprii
468 2869 579 2897 extollat
592 2869 724 2898 sententia
737 2868 833 2897 cordis.

1015 2314 1132 2344 Perditio
1145 2316 1254 2351 ingesta:
1267 2320 1424 2344 renuentem
1438 2315 1518 2344 verba
1532 2315 1642 2346 salutis,

1016 2360 1083 2388 Dum
1092 2361 1181 2389 saltim
1195 2366 1307 2389 matrem
1321 2361 1427 2389 Christo
1439 2361 1557 2389 donante
1570 2360 1681 2396 recepit.

1014 2407 1037 2435 Ο
1050 2412 1125 2436 tanto
1138 2412 1215 2443 partu
1228 2408 1302 2442 felix,
1315 2409 1447 2443 enixaque
1460 2413 1551 2436 natum

1018 2454 1070 2482 Per
1079 2462 1158 2490 quem
1170 2459 1232 2483 nata
1246 2455 1301 2483 Deo
1315 2459 1366 2487 est.
1381 2461 1486 2490 unaque
1498 2458 1525 2487 et
1538 2458 1624 2483 mater
1637 2458 1666 2482 et
1679 2453 1766 2482 infans

1017 2501 1108 2536 Facta,
1122 2502 1264 2537 puerperio
1277 2502 1393 2536 genitrix
1405 2501 1556 2536 generanda
1569 2501 1659 2529 beato.

1017 2547 1085 2575 Ante
1099 2551 1177 2575 utero
1186 2547 1290 2582 peperit
1303 2554 1352 2583 per
1361 2554 1442 2582 quem
1452 2555 1524 2575 nunc
1537 2551 1595 2575 orta
1610 2546 1716 2577 lavacro
1730 2549 1780 2573 est.

1016 2592 1140 2621 Attamen
1151 2593 1273 2628 exemplo
1285 2593 1377 2628 plures
1389 2601 1494 2622 cessere
1507 2593 1607 2621 salubri

1016 2639 1142 2668 Mirantes
1155 2644 1228 2668 recte
1240 2645 1376 2668 tantorum
1388 2640 1499 2675 insignia
1510 2647 1625 2668 morum.

1052 2686 1091 2713 Ac
1105 2690 1161 2718 tum
1174 2686 1244 2713 forte
1254 2686 1340 2714 malus
1352 2685 1451 2714 funesti
1462 2685 1593 2720 dogmatis
1605 2692 1682 2712 error

1016 2730 1156 2767 Sparserat
1166 2732 1192 2760 in
1204 2733 1317 2769 populos
1329 2732 1437 2761 incauto
1448 2732 1529 2760 corde
1538 2737 1665 2766 sequaces

1015 2777 1095 2818 Virus
1109 2778 1143 2806 ab
1156 2779 1250 2808 insano
1263 2779 1334 2815 quod
1347 2779 1452 2810 fuderat
1463 2779 1556 2806 Arrius
1569 2785 1625 2805 ore.

1017 2823 1153 2859 Pnccipue
1163 2830 1251 2854 tamen
1265 2826 1391 2854 infectum
1405 2825 1463 2853 lues
1475 2825 1526 2852 ista
1539 2824 1648 2852 tenebat

1016 2868 1158 2905 Illyricum,
1174 2875 1230 2900 toto
1242 2872 1346 2905 penitus
1358 2875 1476 2905 grassata
1489 2876 1604 2898 veneno.
