4066 6192
487 289 623 348 1015
1580 285 1640 340 Β.
1681 282 1953 341 PAULINI
1989 281 2614 343 PETRICORDIENSIS.
3579 285 3723 339 IOlG

481 406 578 463 IIic
598 404 772 461 stabili
800 404 996 460 virtute
1022 410 1213 473 potens
1238 410 1349 455 tum
1379 399 1596 454 tendere
1614 407 1802 454 contra

480 500 674 565 Audet,
696 505 752 554 et
771 497 1020 568 opposito
1047 493 1235 549 fluctus
1254 493 1376 547 dum
1405 499 1621 561 pectore
1650 489 1862 559 frangit,

481 595 635 664 Saepe
662 591 995 657 sacerdotes,
1022 586 1275 660 pOptllum
1302 585 1428 640 dum
1448 599 1588 653 saepe
1613 590 1858 638 coercet:

478 688 805 744 Cunctorum
834 682 1035 740 insidiis
1061 693 1366 751 oppressus,
1394 676 1615 730 verbera
1640 688 1848 745 passus,

478 779 668 834 Pulsus
692 778 758 832 ad
783 785 1078 832 extremum
1104 781 1313 827 terrena
1333 767 1628 823 habitacula
1655 765 1843 834 liquit:

2058 397 2114 459 Α
2140 394 2340 454 Delfica
2362 401 2588 456 mentito
2616 407 2961 471 quaterentur
2994 400 3238 471 Apolline
3260 401 3459 472 templa

2140 485 2446 557 Cunctaque
2474 490 2752 544 surdarum
2773 499 3051 560 raperetur
3082 491 3231 546 turba
3258 507 3531 549 sororum.

2135 575 2322 632 Excita
2343 580 2394 633 vi
2423 587 2593 633 totum
2620 579 2951 650 complerent
2974 588 3210 636 monstra
3237 581 3490 636 furorem.

2135 667 2243 723 Nos
2271 670 2466 738 quibus
2486 685 2518 724 a
2539 669 2752 726 Christo
2780 686 2970 728 sensus
2995 673 3082 728 vel
3101 672 3264 728 verba
3294 681 3574 742 petuntur,

2133 756 2450 815 Christicola
2477 759 2702 830 inspires
2728 762 2967 832 paulum,
3005 762 3248 832 Martine,
3268 777 3578 833 precamur.

361 3245 373 3254 ’
462 3260 567 3316 Sed
587 3273 824 3329 praesens
844 3257 1106 3312 medicina
1135 3255 1232 3311 fuit
1259 3272 1384 3327 spes
1409 3257 1525 3311 sola
1551 3257 1755 3313 salutis.

2135 845 2214 902 Tu
2233 848 2325 917 qui
2351 848 2610 905 defunctis
2631 851 2848 920 potuisti
2869 850 3093 908 reddere
3119 853 3303 919 vitam,

2131 934 2344 992 Auxilio
2372 937 2581 993 Domini
2606 940 2783 995 vultus
2811 941 2942 995 mihi
2966 941 3130 997 redde
3155 942 3402 997 salutem.

2133 1024 2341 1083 Primus
2370 1042 2469 1096 ego
2494 1028 2710 1084 indulta:
2738 1030 2965 1086 referam
2993 1031 3250 1087 miracula
3268 1031 3412 1096 vitae,

2131 1115 2340 1176 Primus
2367 1115 2581 1178 fetentis
2601 1121 2927 1191 disrumpam
2953 1121 3184 1177 claustra
3211 1121 3440 1192 sepulcri
3467 1139 3480 1174 :

2129 1207 2278 1263 Justa
2302 1223 2493 1280 precor
2519 1218 2634 1266 toto
2661 1209 2944 1266 defunctus
2971 1210 3133 1267 corde
3162 1219 3468 1280 patronum,

2131 1296 2202 1354 Ut
2223 1307 2379 1354 tanta:
2407 1299 2576 1355 laudis
2597 1300 2778 1357 titulos
2804 1316 2957 1356 mens
2978 1301 3098 1355 viva
3127 1301 3394 1370 loquatur.

2129 1387 2272 1461 Ergo
2299 1391 2421 1448 licet
2444 1392 2587 1447 fandi
2614 1393 2757 1448 vires
2783 1391 3030 1448 sublimia
3059 1393 3278 1448 vincant

2130 1481 2312 1549 Gesta,
2343 1497 2444 1540 nec
2471 1481 2656 1537 orandi
2686 1482 2884 1538 moduli
2912 1499 2971 1538 se
2991 1482 3236 1539 laudibus
3260 1491 3497 1553 aequent.

2131 1574 2440 1646 Aggrediar.
2472 1574 2552 1629 Tu
2578 1575 2802 1645 quisque
2829 1574 3011 1643 legens
3039 1571 3148 1630 ta’m
3173 1575 3299 1629 vilia
3328 1576 3525 1630 temnis

2128 1661 2400 1730 Carmina,
2429 1662 2553 1717 dum
2581 1664 2740 1718 verba
2770 1664 2981 1730 irrides,
3011 1665 3276 1720 mirabere
3298 1665 3456 1718 facta.

2054 1756 2103 1817 B
2199 1755 2420 1822 Quidam
2441 1761 2549 1809 tam
2571 1755 2730 1810 clara:
2759 1770 2982 1812 cernens
3011 1756 3269 1813 miracula
3294 1757 3417 1813 vita:

2132 1846 2304 1916 Elegit
2331 1855 2481 1902 tanto
2509 1854 2679 1902 semet
2697 1847 2906 1903 sociare
2933 1848 3190 1918 magistro

2127 1938 2350 2009 Mystica
2375 1953 2533 2006 quem
2556 1937 2788 1993 nondum
2817 1937 2976 1994 fontis
2996 1949 3345 1996 renovaverat
3376 1941 3539 1997 unda.

2129 2028 2265 2084 Huic
2291 2027 2455 2084 febris
2483 2037 2622 2085 totas
2650 2031 2860 2100 penitus
2882 2030 3100 2100 depasta
3129 2031 3388 2087 medullas

2130 2117 2370 2174 Extorsit
2398 2128 2616 2175 tenuem
2642 2131 2960 2191 consumpto
2987 2137 3218 2192 corpore
3247 2124 3430 2179 vitam.

2127 2209 2204 2264 Ac
2224 2215 2335 2264 tum
2358 2209 2497 2265 forte
2523 2211 2717 2267 absens
2743 2210 2951 2276 doctor,
2981 2212 3076 2267 sed
3110 2213 3292 2268 sedula
3321 2213 3542 2270 fratrum

2127 2301 2356 2371 Belligio
2385 2303 2688 2358 exanimum
2717 2303 3001 2374 plangebat
3021 2314 3209 2360 mmsta
3238 2305 3486 2375 cadaver,

2126 2392 2355 2450 Maerens
2377 2395 2638 2465 supplicio
2662 2394 2857 2461 fratris,
2888 2410 2994 2449 non
3024 2394 3211 2452 funere
3237 2398 3428 2451 carnis.

2126 2485 2433 2541 Adveniens
2461 2494 2676 2541 sanctus
2701 2484 2830 2541 ﬂetu
2856 2486 2994 2556 rigat
3021 2486 3185 2542 ubere
3205 2490 3428 2550 vultmn,

2126 2574 2369 2633 Defuncti
2399 2578 2606 2632 tristem
2628 2593 2810 2634 casum
2837 2579 3142 2648 miseratus,
3165 2587 3218 2635 et
3245 2596 3455 2637 omnem

2125 2665 2367 2736 Implevit
2387 2667 2621 2723 clamore
2640 2667 2833 2733 locum,
2855 2683 2980 2724 mox
3012 2677 3147 2724 teste
3167 2679 3374 2726 remoto

2125 2754 2317 2827 Irrupit
2335 2765 2575 2813 moestam
2605 2766 2713 2812 tam
2741 2759 2878 2813 tristi
2899 2757 3086 2814 funere
3113 2761 3326 2815 cellam.

2127 2845 2263 2901 Tum
2286 2863 2446 2917 super
2471 2849 2774 2904 exanimum
2801 2864 2920 2905 sese
2945 2851 3171 2920 projecit
3199 2852 3458 2916 amicum;

2126 2935 2343 2994 Cunctis
2369 2939 2621 3008 frigentes
2644 2939 2897 2994 membris
2923 2940 3295 3010 complectitur
3317 2951 3483 3007 artus,

2128 3029 2381 3098 Aspirans
2407 3039 2620 3085 tenuem
2641 3045 2802 3100 super
2831 3031 3181 3099 ora'rigentia
3208 3030 3414 3087 flatum.

2055 3125 2103 3189 ο
2131 3118 2378 3173 Attamen
2406 3118 2474 3172 ad
2500 3117 2786 3174 Dominum
2808 3121 3021 3190 penitus
3044 3136 3167 3190 spes
3196 3128 3306 3177 tota
3330 3121 3584 3190 refertur,

2127 3209 2353 3265 Assueta
2381 3218 2565 3266 oratur
2593 3212 2783 3281 pietas,
2810 3212 3081 3267 miseratio
3103 3220 3225 3268 nota

2125 3300 2389 3366 Poscitur,
2421 3310 2474 3356 et
2501 3304 2749 3357 meritum
2778 3298 2898 3358 fidei
2919 3305 3184 3359 credendo
3203 3315 3455 3362 meretur.

2125 3389 2268 3445 Vidit
2286 3391 2471 3447 adesse
2491 3391 2656 3446 Deum
2685 3392 2804 3462 puri
2834 3390 3025 3448 fiducia
3055 3395 3249 3459 cordis,

2125 3479 2490 3550 Effectumque
2519 3481 2620 3552 piis
2647 3491 2929 3537 senserunt
2948 3484 3151 3539 viscera
3177 3485 3343 3550 fibris,

2127 3571 2238 3628 Nec
2267 3588 2439 3636 mora,
2471 3574 2558 3627 vix
2595 3573 2819 3641 geminis
2848 3582 3029 3629 votum
3061 3578 3401 3646 suspenditur
3422 3577 3592 3644 horis,

477 868 725 924 Attamen
754 883 846 924 ore
873 865 1031 920 fidem
1060 863 1245 928 tenuit,
1276 861 1363 916 vel
1387 858 1546 915 corde
1574 858 1818 913 salutem.

545 958 686 1027 Ergo
711 965 769 1011 ut
790 954 1087 1011 cedendum
1109 962 1257 1009 ratus
1277 960 1361 1008 est
1382 966 1448 1006 ne
1470 949 1607 1005 forte
1633 955 1930 1004 morantem

473 1052 736 1108 Obrueret
763 1057 1006 1106 sanctum
1030 1046 1273 1102 subversi
1298 1045 1504 1100 insania
1534 1041 1733 1107 mundi,

473 1145 673 1200 Gallica
693 1158 816 1198 rura
839 1141 995 1212 petit,
1025 1153 1236 1195 rursum
1257 1146 1312 1194 et
1331 1137 1550 1207 vestigia
1579 1144 1722 1190 retro

472 1235 765 1290 Observata
794 1234 920 1302 legit
943 1248 1051 1288 non
1079 1232 1356 1286 immemor
1377 1229 1466 1284 ille
1495 1227 1636 1282 fidei.

471 1326 578 1382 Sed
599 1342 721 1384 cum
742 1326 981 1382 funestus
998 1333 1116 1380 toto
1142 1324 1354 1380 steviret
1379 1323 1432 1378 in
1460 1321 1592 1378 orbe

474 1420 655 1486 Error,
685 1429 741 1476 et
765 1427 1035 1474 extremos
1053 1425 1359 1488 premerent
1386 1416 1498 1471 haec
1525 1413 1746 1470 crimina
1773 1409 1976 1473 Gallos,

472 1514 711 1582 Cumque
733 1513 905 1581 ipsum
932 1525 1142 1565 murum
1166 1509 1308 1574 fidei,
1336 1507 1669 1575 validamque
1695 1504 1995 1560 columnam

472 1605 728 1662 Hilarium
752 1603 924 1658 insani
947 1602 1192 1658 trusisset
1218 1600 1378 1655 factio
1398 1598 1598 1664 mundi,

473 1700 692 1754 Paulum
717 1703 1019 1754 constructa
1039 1695 1226 1750 statuit
1249 1692 1582 1761 requiescere
1605 1688 1759 1756 cella,

471 1792 568 1850 llic
595 1793 682 1847 ubi
709 1791 1025 1861 gaudentem
1045 1787 1299 1844 nemoris.
1329 1785 1413 1841 vel
1440 1783 1672 1854 palmitis
1697 1781 1899 1837 umbris

469 1882 670 1940 ltaliam
697 1883 866 1954 pingit
891 1881 1242 1952 pulcherrima
1272 1877 1616 1934 Mediolanus.

539 1976 672 2032 IIinc
691 1988 904 2045 quoque
924 1973 1108 2045 pulsus
1134 1972 1267 2037 abit,
1287 1979 1456 2024 terras
1483 1977 1538 2023 et
1557 1967 1749 2022 moenia
1773 1965 1960 2033 linquit

467 2068 533 2125 Et
559 2068 804 2140 pelagum
833 2067 1128 2134 fluctusque
1149 2072 1357 2133 petens,
1379 2061 1503 2130 quia
1533 2058 1721 2116 foedior
1748 2056 1888 2113 unda

468 2161 711 2232 llospitio
736 2159 905 2229 magis
925 2166 982 2214 et
1003 2156 1202 2228 populi,
1226 2154 1474 2222 vulgique
1495 2152 1748 2223 procella,

467 2257 636 2323 Quam
664 2253 816 2323 ponti
839 2249 1120 2307 metuenda
1147 2249 1245 2303 fuit
1269 2266 1282 2302 :
1315 2248 1599 2303 comitatur
1625 2245 1870 2301 eumdem

467 2344 749 2419 Presbyter
774 2344 1010 2415 ejusdem
1035 2342 1211 2396 meriti
1231 2339 1523 2409 similisque
1546 2337 1749 2409 pericli.

465 2437 639 2493 Insula
670 2437 724 2491 in
743 2434 1033 2505 hospitium
1060 2431 1254 2501 legitur
1278 2429 1467 2500 procul
1495 2429 1704 2497 hospite
1726 2427 1794 2481 ab
1814 2425 1988 2492 omni;

466 2529 639 2584 llerba
667 2528 788 2584 cibo
815 2526 946 2582 satis
972 2533 1054 2580 est
1084 2543 1097 2579 :
1127 2522 1279 2593 cujus
1307 2521 1572 2577 radicibus
1599 2520 1680 2574 usi

464 2619 592 2675 Tam
614 2619 781 2674 sterili
806 2618 950 2673 victu
968 2615 1238 2686 duplicant
1259 2612 1462 2684 jejunia
1485 2611 1674 2668 sancti.

466 2717 703 2784 Dumque
731 2711 1017 2767 indiscrete
1037 2717 1254 2764 tenuem
1282 2709 1542 2762 rimantur
1561 2706 1614 2760 in
1643 2718 1825 2759 escam

463 2801 726 2874 Quidquid
755 2803 1044 2872 inexperta:
1069 2799 1387 2869 promebant
1412 2797 1619 2852 viscera
1647 2803 1821 2859 terr-te,

463 2895 695 2951 Ellebori
723 2909 940 2964 gramen
968 2892 1146 2949 subito
1173 2904 1390 2946 sensere
1418 2903 1681 2944 venenum

463 2988 791 3046 Mortiferum
819 2986 948 3041 totis
975 2985 1122 3040 virus
1141 2983 1435 3038 diffundere
1453 2981 1727 3036 membris.

463 3079 705 3149 Pergitur
730 3077 800 3134 ad
825 3077 1103 3132 Dominum
1124 3082 1236 3130 tota
1257 3075 1451 3129 virtute
1478 3071 1747 3143 precandi.

462 3170 568 3227 Sed
593 3184 886 3241 praegressa
913 3183 1100 3238 preces
1122 3168 1312 3237 pietas,
1339 3167 1410 3220 nil
1439 3168 1642 3221 artibus
1669 3175 1863 3233 actum,

463 3351 754 3407 Cernamus
779 3357 894 3404 toto
921 3350 1014 3418 qui
1040 3349 1205 3402 vitam
1231 3364 1470 3418 quaerere
1497 3365 1660 3405 censu

463 3441 642 3497 Effusa
670 3442 724 3496 in
751 3440 989 3496 medicos
1012 3455 1174 3510 prece
1195 3439 1447 3496 mercede
1472 3442 1728 3509 solemus,

465 3532 533 3589 Ut
561 3539 804 3588 crescant
821 3533 1020 3589 nostris
1049 3530 1260 3586 vivendi
1288 3539 1530 3602 tempora
1559 3535 1815 3601 nummis,

459 3623 726 3692 Quidnam
753 3623 842 3678 hic
868 3623 1054 3680 electis
1072 3631 1293 3692 egerunt
1314 3624 1506 3693 pocula
1530 3625 1703 3680 succis

461 3718 727 3787 Lectaque
749 3717 803 3772 in
831 3717 1064 3788 antiquis
1092 3715 1363 3786 quondam
1385 3717 1736 3772 medicamina
1757 3718 1936 3785 libris;

461 3811 557 3868 llic
581 3820 728 3868 certe
753 3810 984 3867 celerem
1012 3810 1128 3865 sine
1147 3817 1362 3880 sumptu
1381 3819 1474 3864 aut
1497 3819 1614 3866 arte
1641 3812 1866 3867 salutem

459 3906 567 3963 Cor
593 3905 808 3974 meruit,
836 3905 1164 3973 verbumque
1182 3903 1349 3969 dedit,
1369 3904 1625 3959 miremur
1643 3913 1883 3960 ovantes.

460 3996 578 4052 Vox
603 3996 744 4063 silet,
773 4005 829 4051 et
855 4011 1014 4052 causa
1044 3996 1300 4050 astruitur
1316 3994 1552 4050 clamore
1578 4002 1870 4062 tacentum,

457 4087 698 4143 Sentitur
721 4087 979 4152 medicus,
1008 4102 1109 4141 nec
1137 4086 1390 4151 cernitur,
1421 4087 1598 4140 omnia
1626 4089 1800 4143 causis

458 4178 695 4236 Membra
716 4180 864 4250 puris
891 4185 1060 4233 totam
1089 4178 1374 4232 admittunt
1395 4177 1463 4232 ad
1481 4178 1688 4233 viscera
1715 4195 1918 4236 curam.

528 4272 736 4328 Interea
764 4269 962 4339 injusto
989 4269 1205 4324 tandem
1237 4283 1476 4326 remeare
1504 4270 1737 4328 refertur

455 4365 685 4420 Sanctus
709 4361 778 4415 ab
804 4359 992 4414 exsilio
1011 4375 1108 4430 per
1135 4360 1274 4428 regis
1297 4359 1446 4429 jussa
1467 4363 1737 4433 sacerdos,

455 4457 591 4512 Cum
620 4469 729 4524 quo
756 4453 1025 4524 praeclarae
1051 4453 1264 4508 fuerant
1288 4457 1556 4512 consortia
1578 4458 1701 4513 vita:

455 4549 592 4603 Dum
613 4546 952 4601 Pictavorum
972 4544 1165 4600 doctor
1190 4543 1403 4602 floreret
1428 4549 1483 4602 in
1512 4550 1644 4618 oris,

456 4637 731 4693 indomitis
754 4636 969 4692 tradens
994 4637 1204 4707 populis
1231 4649 1492 4710 praecepta
1521 4642 1723 4696 salutis.

456 4727 526 4783 Et
543 4743 868 4798 quamquam
893 4743 1121 4798 propere
1147 4738 1386 4786 sanctum
1414 4733 1679 4802 rapuisset
1698 4746 1943 4793 ovantem

456 4820 627 4877 Velox
654 4821 847 4877 affectu
875 4822 1064 4891 pietas,
1098 4831 1275 4877 tamen
1302 4824 1393 4880 ille
1419 4842 1692 4882 morarum

454 4914 743 4986 Impatiens
768 4914 924 4969 celsa:
945 4913 1058 4982 jam
1087 4914 1317 4983 liquerat
1339 4916 1504 4972 ardua
1535 4917 1719 4975 Romae

455 5005 674 5073 Maenia,
695 5004 993 5060 Pictonicas
1019 5004 1176 5060 citius
1195 5006 1530 5063 revehendus
1550 5008 1619 5064 ad
1645 5026 1787 5067 oras.

526 5097 668 5166 Ergo
693 5097 875 5165 legens
903 5111 1192 5166 praegressa
1219 5097 1311 5167 pio
1336 5101 1558 5170 vestigia
1586 5118 1749 5158 cursu

459 5189 762 5246 Promeruit
779 5196 963 5243 votum
991 5188 1169 5244 cordis
1197 5187 1462 5260 finemque
1491 5191 1707 5249 laboris.

456 5281 729 5338 Construit
755 5280 845 5336 hic
866 5279 1054 5335 cellam
1081 5280 1234 5337 fessis
1260 5284 1448 5338 solatia
1474 5287 1745 5342 membris.

456 5373 589 5429 Nam
615 5388 769 5427 mens
796 5372 950 5442 plena
971 5371 1080 5426 Deo
1103 5373 1304 5427 caelesti
1333 5374 1385 5427 in
1405 5375 1532 5430 sede
1561 5378 1828 5433 manebat.

527 5465 628 5520 Hic
655 5463 816 5519 modo
844 5463 890 5518 si
915 5471 1160 5518 veterum
1186 5464 1485 5520 recolamus
1512 5467 1751 5521 carmina
1777 5479 1958 5526 vatum

455 5559 589 5611 Cum
612 5555 791 5610 subito
818 5553 1075 5608 attonitos
1113 5561 1394 5623 quaterent
1420 5557 1674 5611 miracula
1703 5575 1911 5635 sensus,

455 5649 728 5701 Clamaret
755 5646 1007 5699 miserum
1030 5661 1218 5700 vecors
1246 5647 1448 5701 insania
1475 5646 1732 5704 Philebum

459 5740 567 5797 Nec
589 5740 789 5796 sineret
806 5737 968 5796 falsas
989 5739 1164 5798 saltim
1183 5741 1522 5800 requiescere
1540 5741 1738 5802 Musas.

2126 3661 2390 3717 Paulatim
2420 3664 2646 3719 incussis
2673 3673 2947 3720 metantur
2975 3666 3136 3721 lintea
3165 3667 3435 3735 membris,

2126 3752 2458 3823 Arentesque
2483 3764 2631 3811 artus
2653 3771 2903 3810 venarum
2929 3757 3152 3812 humore
3181 3760 3417 3827 rigantur

2125 3845 2426 3915 Alilatuque
2445 3849 2634 3903 anima:
2655 3856 2841 3918 pectus
2866 3849 3088 3918 glaciale
3117 3853 3362 3922 tepescit.

2125 3935 2355 3992 Obducti
2383 3936 2556 3992 infuso
2582 3948 2882 3994 reserantes
2904 3939 3102 3995 lumine
3130 3943 3274 3996 visus

2125 4025 2332 4081 Felices
2357 4026 2547 4095 quibus
2573 4025 2775 4082 inducti
2803 4030 2901 4082 sub
2937 4028 3160 4086 luminis
3178 4039 3301 4085 ortu

2124 4117 2362 4188 Contigit
2389 4119 2442 4172 in
2463 4118 2634 4186 primo
2655 4118 2940 4174 Martinum
2962 4136 3185 4178 cernere
3212 4125 3420 4180 morbo.

2126 4208 2360 4279 Erigitur
2380 4218 2550 4266 totum
2579 4212 2756 4266 subito
2783 4213 3058 4269 molimine
3087 4231 3300 4286 corpus,

2124 4299 2194 4354 Et
2220 4301 2359 4355 cutis
2381 4302 2569 4356 exaesis
2589 4301 2786 4357 dudum
2803 4302 2912 4372 jam
2941 4304 3110 4359 lurida
3139 4308 3418 4373 membris,

2125 4392 2455 4464 Purpureum
2484 4395 2675 4465 recipit
2694 4410 2854 4450 succo
2875 4397 3095 4452 meliore
3123 4400 3392 4454 ruborem.

2048 4493 2102 4555 Ῑ)
2124 4482 2242 4538 Vox
2267 4484 2455 4551 facilis,
2474 4483 2743 4552 ingressus
2767 4486 2990 4551 stabilis,
3022 4503 3210 4544 manus
3238 4491 3579 4560 apta,vigens
3606 4509 3720 4556 eor,

2127 4572 2296 4628 Totus
2323 4574 2484 4628 homo
2509 4589 2575 4627 ex
2607 4574 2766 4629 variis
2786 4575 3017 4630 conﬂato
3042 4592 3268 4647 corpore
3293 4581 3469 4636 causis

2131 4662 2301 4717 Unam
2329 4664 2561 4733 suscepit
2585 4662 2798 4719 diverso
2823 4666 2877 4719 in
2904 4681 3126 4722 munere
3146 4669 3328 4726 vitam.

2128 4754 2360 4810 Eliciunt
2389 4768 2632 4822 magnam
2663 4772 2788 4811 mox
2813 4759 3002 4825 gaudia
3032 4761 3262 4814 maxima
3289 4777 3496 4816 vocem.

2128 4844 2338 4900 Laudes
2358 4845 2532 4914 lingua
2562 4855 2720 4900 sonat
2746 4849 3003 4915 gratantis
3034 4851 3217 4904 nuntia
3242 4853 3455 4906 mentis.

2127 4937 2386 4992 Affectum
2408 4937 2585 4993 cordis
2613 4938 2816 4994 clamor
2844 4942 3155 5009 pronuntiat
3174 4944 3303 4997 oris.

2125 5029 2322 5099 Irrupit
2345 5044 2470 5083 mox
2497 5030 2653 5084 turba
2682 5029 2845 5095 fores,
2872 5032 3170 5102 cellamque
3196 5036 3420 5104 replevit

2129 5118 2197 5174 Et
2219 5127 2431 5174 sanctas
2458 5120 2654 5175 cecinit
2680 5136 2906 5176 concors
2931 5125 3246 5194 symphonia
3267 5126 3466 5180 laudes.

2128 5211 2221 5265 Ille
2245 5218 2423 5265 autem
2445 5218 2501 5265 ut
2521 5211 2733 5281 penitus
2759 5213 2923 5267 vitam
2945 5223 3065 5285 post
3086 5214 3222 5269 facta
3245 5225 3486 5284 novaret,

2127 5296 2422 5352 Confestim
2441 5308 2640 5353 aeterna
2667 5301 2826 5355 nituit
2853 5310 3140 5358 renovatus
3167 5303 3233 5357 ab
3262 5305 3402 5359 unda

2128 5386 2193 5440 Et
2212 5388 2407 5442 multos
2434 5387 2560 5442 felix
2579 5391 2784 5445 senium
2806 5394 3068 5462 protraxit
3094 5394 3145 5448 in
3171 5409 3339 5450 annos

2131 5481 2262 5535 Tam
2290 5481 2419 5536 clari
2449 5482 2602 5536 testis
2631 5498 2736 5537 non
2757 5501 2924 5553 parvo
2953 5496 3194 5556 tempore
3216 5488 3360 5543 facti.

2128 5572 2282 5642 Saepe
2302 5573 2498 5628 etenim
2523 5575 2705 5629 multis
2735 5576 2873 5631 idem
2903 5594 3121 5634 narrare
3149 5581 3381 5641 solebat,

2129 5660 2329 5716 Iudicis
2355 5664 2538 5716 aeterni
2564 5675 2730 5718 semet
2760 5667 3039 5721 tremuisse
3062 5670 3294 5724 tribunal

2132 5757 2337 5815 Vilibus
2363 5757 2628 5815 addictum
2650 5759 2838 5826 turbis,
2867 5776 3210 5830 mersumque
3236 5763 3494 5824 tenebris,
