4066 6192
342 323 475 380 1017

342 436 605 506 Angelicls
624 433 794 489 donec
820 433 1026 504 prolata
1053 431 1227 486 oratiu
1251 429 1426 484 verbis

341 524 568 580 Oﬂ'crret
595 533 774 580 votum
799 523 1042 585 Domino,
1065 521 1334 589 vitamque
1356 518 1596 572 referret.

342 616 438 671 Hic
465 616 664 685 primus
688 615 886 669 nostris
907 613 1188 667 Martinum
1218 609 1450 679 prodidit
1477 608 1586 664 oris
1605 649 1621 674 ,

341 706 455 761 Hoc
480 706 626 760 aditu
653 706 719 760 ad
747 706 980 773 reliquas
1007 703 1252 773 pervenit
1280 701 1450 770 gloria
1481 698 1684 753 laudes.

408 797 518 852 Nec
537 797 758 852 multum
786 812 916 851 sane
934 805 1055 866 post
1082 796 1194 850 haec
1219 795 1470 849 miracula
1494 800 1703 862 tempus

339 885 610 951 Fluxerat,
639 902 704 942 ae
725 887 919 940 tulerat
942 886 1143 941 clarum
1173 899 1310 940 nova
1338 884 1506 953 gloria
1535 884 1754 938 factum.

337 977 468 1032 Nam
494 978 620 1033 dum
644 979 949 1048 contiguum
979 977 1216 1048 Lupicini
1243 977 1477 1048 przeterit
1506 990 1689 1044 agrum

337 1068 454 1125 Non
478 1069 691 1124 bumiis
718 1068 974 1138 parvique
999 1069 1254 1134 hominis,
1291 1066 1385 1122 sed
1430 1081 1567 1136 pene
1593 1081 1690 1138 per
1717 1065 1903 1122 orbem

336 1159 560 1227 insignis
579 1159 776 1214 virtute
804 1159 923 1219 viri,
955 1172 1064 1226 quo
1091 1157 1286 1212 clarior
1313 1155 1437 1212 inde

335 1249 516 1305 Gloria
542 1265 637 1319 per
658 1257 865 1302 tantum
887 1256 1080 1302 testem
1103 1247 1310 1301 firmata
1339 1253 1573 1317 pateret,

337 1340 605 1397 lndoctam
635 1339 857 1394 illiciens
885 1346 964 1392 tot
988 1353 1086 1408 per
1104 1338 1360 1392 miracula
1387 1338 1619 1408 plebem,

337 1431 530 1486 Audito
555 1431 789 1487 clamore
809 1429 1014 1498 procul,
1046 1428 1365 1493 miserabile,
1388 1427 1628 1492 ﬂentum,

336 1522 609 1588 Substitit;
639 1521 857 1589 inquirit
885 1535 1100 1574 causam
1123 1519 1382 1587 discitque
1409 1517 1662 1584 vicissim,

343 1637 1952 1665 ____________________________

1483 314 1569 368 DE
1602 314 1756 369 VITA
1795 314 1853 371 S.
1890 307 2175 367 HARTINI
2215 307 2342 365 LIB.
2374 307 2438 364 ΙΙ.

1924 432 1970 488 Α
2005 424 2322 492 Excivitque
2342 423 2487 494 pium
2516 422 2789 480 miseratio
2805 422 2946 492 justa
2975 421 3236 477 dolorem.

3436 303 3571 359 1018

2006 523 2152 578 Unus
2179 523 2321 579 enim
2345 523 2536 591 laqueo
2558 523 2740 578 fauces
2768 524 3061 591 stringente
3081 523 3321 576 minister

2005 623 2261 692 Ruperat,
2291 630 2514 676 extorta:
2541 623 2760 677 demens
2781 620 3012 676 confinia
3035 621 3172 675 vitaz.

2005 722 2249 778 Accurrit
2273 736 2500 791 propere
2527 722 2834 792 complexus
2860 723 3011 776 triste
3031 721 3288 790 cadaver,

2005 821 2178 877 Elisos
2199 821 2382 877 oculos
2406 829 2462 876 et
2479 822 2650 877 siccas
2675 823 2929 891 sanguine
2954 822 3153 884 fauces,

2007 923 2232 978 Lumina
2260 931 2413 978 torva
2441 923 2596 978 nimis
2623 923 2933 993 vultumque
2963 924 3015 977 in
3043 930 3215 977 morte
3237 922 3534 976 minacem:

2005 1025 2088 1080 Ad
2115 1024 2398 1080 Dominum
2426 1038 2610 1079 rursus
2632 1022 2807 1090 ﬂetus,
2838 1024 3062 1093 suspiria
3091 1038 3325 1090 sursum,

2004 1123 2073 1178 Et
2098 1125 2324 1193 gemitus
2343 1123 2564 1189 clamor,
2595 1121 2795 1186 cordis,
2824 1139 2932 1178 vox
2958 1137 3147 1191 magna
3180 1121 3429 1186 tacentis,

2009 1221 2126 1279 Una
2155 1222 2288 1278 ﬁdes
2307 1222 2482 1278 meriti
2501 1238 2601 1278 nec
2629 1221 2807 1292 dispar
2831 1222 2999 1291 gratia
3023 1222 3151 1277 doni

2005 1320 2280 1391 Excipitur
2297 1327 2540 1390 gratante
2561 1321 2747 1385 choro,
2775 1319 3007 1389 stipante
3026 1327 3260 1383 caterva,

2005 1417 2289 1475 Ostentans
2306 1419 2512 1474 cunctis
2539 1417 2752 1473 Domini
2776 1417 3029 1473 miracula
3058 1417 3254 1472 Christi

2009 1517 2182 1589 Atque
2200 1519 2370 1574 hostis
2391 1518 2620 1588 spolium
2643 1517 2910 1573 credentis
2939 1516 3107 1586 gloria
3135 1516 3326 1585 plebis.

1389 1737 1765 1840 LIBER
1827 1735 2526 1843 SECUNDUS.

1803 1911 2096 1926 “—

403 1991 659 2052 Panditur
680 2005 806 2046 ecce
835 2003 1030 2044 novum
1057 1987 1296 2058 pelagus,
1316 1985 1577 2057 ﬂatusque
1595 1987 1812 2057 benigni

340 2083 605 2138 Rimosam
637 2082 688 2135 in
716 2079 921 2134 medios
941 2077 1133 2132 ﬂuetus
1161 2087 1372 2132 traxere
1397 2079 1639 2133 carinam

337 2175 415 2230 Ac
432 2171 557 2232 dum
581 2171 773 2242 placati
801 2169 1013 2238 rapiunt
1036 2182 1124 2223 me
1144 2168 1334 2238 gaudia
1361 2169 1512 2238 ponti

338 2262 585 2331 lrrumpit
612 2270 818 2314 vastum
847 2260 1131 2313 temeraria
1158 2260 1346 2330 cymba
1376 2257 1720 2330 profundum,

342 2351 438 2406 Vix
463 2351 548 2405 vel
574 2350 757 2404 vicinis
775 2349 915 2404 bene
944 2349 1134 2405 radens
1161 2350 1342 2404 littora
1372 2351 1548 2406 terris.

336 2444 603 2513 Numquid
629 2457 751 2513 ago,
781 2451 838 2497 et
864 2442 1078 2496 dubiam
1116 2443 1353 2511 trepidus
1399 2443 1527 2511 quid
1576 2443 1749 2510 dirigo
1776 2458 1898 2513 pro-

1649 2537 1837 2610 [ι’αωῖ

337 2626 574 2682 Flamina
601 2625 888 2682 sollicitant
913 2641 1146 2691 cursum,
1173 2624 1401 2680 formido
1429 2640 1750 2694 regressum.

337 2716 641 2788 Pergamus,
668 2718 791 2788 quia
822 2725 963 2771 terra
986 2717 1192 2786 procul,
1218 2733 1327 2786 quo
1356 2719 1581 2772 traxerit
1610 2718 1772 2772 unda.

337 2808 565 2864 Tantum
593 2811 856 2880 placatam
883 2809 1140 2865 Martinus
1160 2811 1438 2881 episcopus
1459 2827 1642 2865 auram

338 2901 623 2969 Diﬂ'undat,
653 2901 975 2971 ﬂuctumque
998 2902 1170 2956 levem
1197 2903 1274 2957 sic
1302 2911 1516 2972 prmstet
1537 2902 1682 2957 eunti

342 2989 410 3048 Ut
431 3001 587 3063 putre
613 2994 874 3047 sustineat
893 2991 1067 3047 felicia
1096 2991 1311 3047 ﬂamina
1339 2993 1538 3048 velum.

337 3083 608 3139 Hactenus
634 3091 695 3138 ut
722 3099 901 3138 mores
931 3085 1182 3139 monachi
1203 3085 1286 3140 vel
1307 3093 1457 3153 gesta
1478 3084 1736 3166 referrem

338 3174 472 3244 Ripa
501 3174 619 3238 fuit,
649 3190 792 3230 nunc
816 3182 1012 3244 pontus
1039 3177 1144 3230 erit
1168 3176 1411 3231 doctrina
1439 3176 1706 3231 cathedra:
1726 3190 1739 3202 '

336 3265 490 3320 Clara
507 3265 802 3321 sacerdotis
819 3270 996 3336 magni
1027 3285 1168 3324 nunc
1191 3278 1340 3338 gesta
1365 3277 1622 3324 retexam.

404 3356 676 3412 Gallorum
703 3357 970 3425 quondam
993 3358 1147 3412 valde
1173 3359 1395 3413 ﬂorebat
1417 3360 1469 3413 in
1498 3361 1609 3415 oris

342 3447 476 3504 Urbs
504 3449 778 3506 Turonum
802 3449 1035 3504 distenta
1064 3451 1206 3519 agris
1227 3452 1545 3520 populisque
1567 3452 1798 3508 referta:

336 3540 441 3595 Sed
470 3541 670 3610 pollere
690 3541 856 3610 magis
878 3557 1098 3611 cupiens
1125 3543 1365 3598 antistite
1396 3545 1507 3604 tali,

336 3630 571 3684 Ardebat
599 3632 726 3686 totis
745 3631 1025 3686 Martinum
1056 3632 1359 3688 adsciscere
1379 3635 1536 3688 votis.

335 3720 440 3775 Sed
465 3721 676 3790 penitus
704 3729 890 3775 sancto
919 3722 1192 3790 depellens
1220 3725 1382 3778 corde
1407 3733 1669 3780 tumorem

314 3810 486 3864 'Mens
513 3811 746 3875 humilis,
778 3811 1025 3878 precibus
1049 3813 1251 3868 crebris
1286 3814 1506 3868 immota
1528 3817 1804 3883 manebat,

336 3900 518 3956 Donec
536 3902 846 3971 compositis
872 3903 1051 3956 verbis
1077 3904 1433 3976 lacrymisque
1461 3911 1663 3966 coactis

337 3988 590 4046 Vicerunt
617 3992 838 4045 nimium
868 3992 1142 4057 mendacia
1172 3996 1311 4064 justa
1342 3997 1595 4065 rigorem.

338 4081 467 4135 Nam
495 4082 709 4151 quidam
737 4089 886 4137 tanto
915 4084 1127 4152 pietatis
1153 4087 1422 4156 conscius,
1454 4097 1596 4154 orat,

337 4170 608 4240 Conjugis,
642 4169 832 4225 infima:
861 4173 1064 4227 tristem
1085 4176 1370 4231 miseretur
1410 4194 1707 4233 erumnam.

340 4259 592 4328 Dignetnr
612 4272 801 4316 sancto
827 4275 1134 4332 poscentem
1164 4270 1338 4324 visere
1367 4278 1523 4323 vota:

337 4352 408 4406 Se
430 4353 544 4408 lore
565 4355 649 4408 vel
672 4371 886 4409 causam
915 4373 1144 4426 propere
1174 4359 1440 4413 veniendo
1463 4360 1653 4417 salutis

339 4440 434 4498 Vel
464 4445 648 4498 mortis
673 4445 718 4499 si
744 4445 873 4499 dura
905 4463 1091 4515 preces
1117 4449 1381 4501 sententia
1412 4451 1608 4505 tardet.

337 4534 634 4603 Iunguntur
661 4535 815 4591 factis
843 4539 996 4591 simul
1020 4547 1073 4592 et
1098 4539 1320 4607 suspiria
1359 4542 1551 4595 verbis.

339 4627 634 4694 Insequitur
656 4636 882 4696 cogente
910 4627 1041 4693 Deo,
1074 4645 1302 4698 namque
1329 4631 1442 4698 ipse
1470 4633 1714 4689 dolosum

339 4719 597 4772 l’roderet
625 4718 893 4785 ingenium
918 4734 1067 4786 mage
1093 4721 1143 4774 ni
1169 4722 1404 4776 facienda
1432 4725 1703 4793 probaret.

340 4808 545 4877 Excipit
571 4822 840 4876 egressum
866 4811 1183 4877 populorum
1209 4814 1380 4876 turba,
1404 4814 1689 4884 benignam

337 4898 453 4952 Vim
481 4899 702 4966 faciens,
725 4900 991 4968 stipatque
1021 4900 1159 4954 viam
1193 4919 1476 4959 numerosa
1509 4917 1819 4974 precantum

337 4989 560 5054 Seditio,
592 4999 770 5044 motus
794 4989 1008 5059 placidi,
1039 4992 1155 5045 sine
1183 4990 1306 5046 felle
1332 4996 1609 5062 tumultus,

338 5082 681 5150 Disponitque
707 5084 867 5136 etiam
897 5084 1070 5151 vigilis
1092 5086 1330 5140 custodia
1352 5104 1553 5156 pernox

339 5170 620 5238 Excubias,
646 5180 930 5242 servatque
950 5190 1103 5228 suum
1132 5179 1389 5232 servanda
1417 5179 1748 5247 magistrum.

337 5263 619 5318 Exsultant
645 5265 859 5334 paribus
887 5268 1171 5321 concordia
1201 5277 1418 5337 pectora
1452 5271 1607 5337 votis,

332 5355 444 5410 ltur
465 5357 516 5409 in
539 5372 838 5424 occursum,
862 5360 1033 5429 portis
1053 5362 1159 5414 ruit
1182 5362 1336 5416 obvia
1364 5365 1493 5418 totis

330 5448 592 5515 Ambitio,
621 5458 675 5503 et
696 5459 906 5506 certans
932 5452 1116 5522 populi
1145 5452 1314 5516 favor,
1346 5469 1451 5508 una
1477 5456 1728 5513 voluntas

329 5541 610 5612 Omnibus,
633 5552 688 5598 et
710 5545 854 5599 nulla
876 5547 927 5600 in
954 5548 1142 5602 studiis
1169 5548 1394 5602 divortia
1425 5551 1639 5605 mentis.

339 5629 607 5693 Quosdam
636 5633 773 5688 livor
800 5636 933 5690 edax
958 5639 1228 5705 nigrantes
1247 5639 1370 5694 felle
1397 5643 1591 5696 veneni

331 5723 518 5795 inlicit,
549 5735 603 5784 et
627 5728 854 5785 stimulis
881 5731 1197 5788 miserorum
1225 5736 1385 5792 corda
1407 5749 1673 5805 perurens

1930 1991 1977 2051 Β
2005 1988 2213 2044 Carnea
2241 1990 2295 2045 in
2316 1990 2595 2046 adversam
2615 1992 2839 2048 retrahit
2864 1994 3126 2049 sententia
3153 2002 3381 2064 partem.

2012 2081 2280 2149 Quosdam
2308 2083 2472 2139 etiam
2500 2084 2784 2156 perhibent
2828 2084 3004 2151 (nefas
3043 2093 3125 2141 est
3161 2087 3304 2156 quod
3332 2085 3574 2155 credere)

3349 2177 3506 2233 docta

2013 2263 2191 2320 Mente
2216 2266 2523 2322 sacerdotes
2541 2265 2766 2321 similem
2796 2267 3022 2322 traxisse
3044 2267 3299 2335 furorem,

2016 2351 2269 2410 Bidentes
2295 2357 2571 2424 gaudenda
2600 2358 2722 2421 sibi,
2751 2358 2891 2427 quod
2911 2359 3053 2412 nulla
3081 2359 3370 2415 verendam

2013 2443 2193 2499 Gratia
2220 2448 2534 2516 compsisset
2555 2446 2766 2514 faciem,
2789 2449 2934 2516 quod
2955 2449 3102 2503 crine
3134 2450 3308 2505 reciso

2007 2534 2278 2592 Proferret
2299 2544 2469 2592 totum
2490 2537 2702 2593 Domini
2727 2539 2876 2594 frons
2899 2540 3065 2594 libera
3086 2541 3321 2608 signum,

2009 2625 2232 2681 Lumina
2263 2644 2360 2684 nec
2387 2638 2661 2700 premeret
2687 2632 3031 2686 tremularum
3060 2635 3200 2688 nube
3230 2649 3527 2700 comarum,

2005 2717 2227 2772 Sordida
2252 2720 2396 2788 quod
2423 2721 2584 2775 vestis
2612 2721 2787 2776 cordis
2812 2730 3001 2777 testata
3035 2725 3264 2779 nitorem

2010 2807 2267 2864 Proderet
2294 2811 2497 2865 orantis
2524 2813 2907 2882 studium,quia
2931 2830 3094 2884 scope
3119 2816 3312 2871 volutis

2013 2898 2092 2953 Ad
2121 2909 2312 2955 terram
2336 2904 2588 2958 membris
2618 2911 2888 2973 prostrato
2915 2920 3140 2974 corpore
3169 2923 3406 2976 pressus,

2015 2993 2251 3051 [laeserat
2280 2997 2584 3053 horridulus
2614 2999 2850 3054 sordenti
2879 3001 2931 3054 in
2952 3001 3151 3056 vellere
3174 3004 3364 3070 pulvis.

2012 3085 2177 3142 Recte
2197 3088 2357 3156 igitur
2375 3090 2534 3144 cessit
2561 3091 2762 3160 populo
2789 3099 2899 3146 tam
2929 3109 3096 3162 prona
3125 3095 3403 3165 voluntas,

2010 3178 2204 3235 Sanior
2229 3189 2284 3235 et
2311 3197 2562 3251 proceres
2589 3184 2717 3238 vicit
2742 3187 3005 3240 sententia
3034 3187 3196 3256 vulgi.

1935 3305 1982 3368 ρ
2013 3275 2143 3330 Nam
2172 3293 2298 3333 vere
2323 3280 2452 3334 nulli
2482 3280 2630 3336 licuit
2657 3284 2863 3339 nescire
2885 3286 3128 3341 vocantis

2012 3368 2272 3425 .ludicium
2303 3371 2500 3429 Christi
2530 3391 2628 3444 per
2658 3385 2735 3431 tot
2755 3378 3076 3434 documenta
3107 3380 3405 3450 probatum.

2010 3461 2144 3516 Nam
2174 3464 2387 3532 reliquis
2408 3482 2543 3534 quos
2564 3484 2698 3522 saeva
2729 3470 2828 3524 sibi
2856 3473 3086 3526 sociarat
3113 3475 3292 3542 inique

2010 3553 2052 3606 F
2055 3555 2193 3608 actio
2213 3555 2482 3611 diversum
2509 3561 2753 3628 cupiens,
2782 3563 3070 3619 violentior
3092 3581 3228 3619 unus

2011 3640 2248 3697 Antistes
2270 3644 2522 3700 defensor
2542 3656 2677 3713 erat,
2708 3664 2814 3716 quo
2844 3652 3058 3706 nomine
3086 3653 3202 3707 falsi

2014 3732 2351 3790 Defendenda
2378 3737 2460 3792 sui
2488 3739 2762 3793 molimina
2791 3741 2928 3796 forte
2953 3744 3211 3812 putabant

2013 3822 2232 3878 Consilii
2260 3834 2519 3882 renuente
2547 3829 2680 3896 Deo,
2707 3830 2795 3900 qui
2813 3830 2954 3898 justa
2983 3835 3261 3901 probabat.

2013 3914 2147 3969 Nam
2169 3916 2384 3972 solitum
2410 3928 2597 3975 sancto
2625 3931 2767 3978 cmtu
2794 3923 3100 3979 celebrabat
3128 3926 3386 3982 honorem

2013 4005 2169 4061 Plebs
2196 4008 2305 4077 pia,
2329 4017 2594 4065 conventu
2623 4012 2821 4066 celebri
2849 4015 3100 4084 mysteria
3129 4017 3336 4081 visens,

2012 4097 2147 4152 Dum
2175 4114 2330 4169 mage
2351 4100 2633 4156 condensa:
2660 4104 2858 4173 stipant
2884 4107 3071 4160 altaria
3103 4108 3292 4170 turbae.

2010 4187 2088 4243 Ac
2115 4204 2209 4243 sua
2239 4187 2459 4246 fautoris
2483 4193 2716 4261 pendent
2745 4197 2796 4248 in
2826 4203 2945 4250 vota
2976 4194 3308 4266 frequentes,

2007 4277 2119 4333 Nec
2140 4287 2397 4348 praetenta
2421 4290 2599 4351 potest
2624 4286 2847 4340 transire
2870 4287 3144 4342 obstacula
3174 4290 3362 4345 lector.

2007 4366 2114 4422 Sed
2141 4369 2397 4425 diaconus
2421 4373 2512 4441 qui
2542 4372 2678 4429 forte
2705 4376 2910 4441 aderat,
2937 4379 3025 4431 vix
3048 4381 3232 4435 codice
3252 4393 3406 4450 rapto

2008 4458 2177 4525 Quem
2199 4461 2429 4530 primum
2457 4479 2687 4534 propere
2708 4469 2930 4521 reserati
2954 4471 3142 4537 pagina
3164 4473 3356 4539 psalmi

2007 4547 2284 4606 Obtulerat
2302 4553 2480 4609 subito
2506 4554 2726 4610 festinus
2753 4565 2994 4626 tempore
3015 4576 3226 4614 versum

2007 4640 2228 4712 Arripit,
2257 4644 2369 4700 haec
2393 4646 2554 4715 prisci
2583 4647 2873 4704 decantans
2906 4651 3063 4705 verba
3086 4653 3359 4722 prophetae
3383 4671 3398 4706 :

2007 4736 2088 4791 Ex
2116 4755 2211 4794 ore
2241 4740 2501 4797 infantum
2531 4759 2802 4813 parvoque
2831 4762 2897 4801 ex
2932 4763 3203 4804 murmure
3232 4750 3443 4807 laudem

2005 4827 2323 4884 Lactantum
2353 4841 2568 4889 teneras
2596 4835 2765 4890 fecisti
2794 4839 3043 4894 evolvere
3073 4841 3298 4908 linguas.

2004 4919 2215 4976 Exosos
2243 4932 2462 4992 propter
2483 4942 2792 4994 perversum
2822 4939 2879 4984 ut
2906 4930 3144 4987 destruat
3169 4935 3271 4989 ista

2009 5009 2225 5066 Prolata
2254 5028 2285 5066 a
2308 5016 2486 5084 parvis
2505 5017 2741 5074 laudatio
2760 5019 3113 5078 defensorem.

2013 5099 2240 5156 Tollitur
2264 5103 2318 5157 in
2346 5104 2540 5159 coelum
2567 5108 2772 5164 clamor
2795 5127 3133 5182 praesensque
3161 5117 3418 5184 probatur

2009 5191 2273 5248 Judicium
2300 5194 2564 5252 clamante
2586 5199 2696 5254 Deo
2724 5204 2988 5257 sententia
3007 5205 3229 5263 Christi.

2009 5283 2198 5340 Obruit
2224 5287 2500 5343 adversam
2527 5292 2813 5348 verborum
2840 5296 3057 5352 fulmine
3085 5307 3294 5367 partem

2007 5374 2248 5445 Namque
2276 5378 2418 5433 idem
2447 5394 2632 5438 versus
2652 5383 2959 5446 laudantum
2987 5389 3149 5443 verba
3173 5389 3436 5457 probavit,

2007 5465 2184 5536 Atque
2208 5469 2562 5525 obsistentum
2591 5473 2805 5530 liventia
2829 5478 2990 5532 corda
3013 5479 3283 5548 repressit.

2004 5558 2117 5614 Nec
2143 5560 2320 5616 minor
2347 5561 2470 5617 inde
2495 5563 2646 5619 labor
2672 5569 2919 5622 monachi
2947 5569 3069 5638 quia
3099 5569 3266 5637 gloria
3294 5571 3465 5625 crevit

2004 5647 2131 5704 Iure
2149 5652 2443 5708 sacerdotis
2466 5654 2620 5710 factis
2647 5657 2886 5713 facienda
2907 5659 3185 5716 docentur.

2003 5737 2317 5813 Exemplum
2345 5757 2500 5815 mage
2519 5745 2708 5803 suadet
2731 5763 2866 5818 opus
2885 5763 3043 5818 quam
3073 5752 3242 5821 gratia
3263 5755 3429 5810 verbi.
