2033 3096
219 141 286 169 ’11119

218 201 260 227 Sic
276 198 312 225 illi
328 196 420 223 attrito
432 194 560 222 vilissima
575 190 657 218 vestis
670 189 778 219 amictu.

218 246 261 271 Sic
277 242 384 270 humilis
395 246 486 268 sancto
500 238 616 273 pretiosa
628 234 758 262 modestia
771 232 867 260 cordis.

219 291 262 316 Sic
274 292 364 315 manet
379 286 482 313 assidue
495 285 555 312 felix
569 281 701 311 sententia
716 280 785 306 vine.

255 336 372 362 l’rimum
386 334 465 367 igitur
478 331 620 365 conjuncta
634 327 717 356 sacris
727 325 854 352 altaribus
865 323 902 349 illi

221 383 293 410 (Jella
310 382 371 412 fuit,
386 388 446 407 mox
457 383 485 406 ut
497 376 609 412 populos
624 374 708 400 vitare
722 372 874 406 frequentes

223 430 314 456 l’osset
328 428 362 455 ab
373 425 485 454 assiduis
499 427 602 451 secreta
618 420 704 448 oratio
718 418 811 449 turbis,

191 508 193 510 τ
223 476 337 502 1111111105
347 479 470 506 egressus
482 468 602 497 discessit
618 467 651 494 ab
664 466 731 493 urbe
745 464 859 494 duobus,

224 522 276 548 Nec
291 519 381 547 nocuit
394 517 467 545 cellm
480 514 577 543 vicinia
592 517 666 540 tanta
680 514 790 538 remotae

223 568 360 594 Secretum
371 563 515 598 hospitium
530 560 674 592 monacho,
685 558 727 584 via
739 564 819 592 parva
835 554 973 588 magistro,

227 613 332 640 11001011
343 612 429 638 vicina
440 610 545 641 domus,
559 606 705 640 longinqua
716 603 833 637 vaganti.

226 660 293 687 Ilinc
302 658 431 685 naturalis
441 655 543 691 praecisi
558 653 676 687 margine
686 652 743 679 saxi

226 707 362 733 Amhierat
378 704 483 731 modico
499 709 578 736 rupes
589 704 697 728 curvata
711 704 827 725 recessu.

227 753 293 779 Ilinc
309 752 387 785 Liger
399 749 502 777 inﬂexis
516 755 600 783 parvo
613 746 760 774 sinuamine
771 744 835 778 ripis

227 799 354 832 Sepserat
364 798 508 829 ingressam
523 796 652 828 prmtenta
663 791 766 825 gurgite
781 794 879 817 terram

230 845 303 871 Unus
317 848 344 870 et
354 846 491 876 angustam
506 840 591 875 patuit
606 846 698 873 rupem
714 838 784 864 inter
798 841 824 863 et
835 843 939 863 amnem

229 890 364 923 Ingressus
377 887 484 922 paulum
500 889 602 913 arctato
613 892 664 918 qua
681 884 771 910 limine
785 882 887 909 distans

229 936 356 962 Fluminis
369 934 485 968 allapsus
498 932 582 965 tangit
594 930 708 958 conﬁnia
719 929 825 956 montis.

231 983 279 1009 llic
292 986 366 1010 strue
379 980 511 1015 lignorum
525 985 636 1013 parvam
646 980 791 1004 contexere
804 973 901 1001 cellam

230 1028 341 1059 Malluit,
358 1033 506 1060 agnoscens
516 1024 602 1052 sancti
616 1022 741 1058 mysteria
757 1019 821 1054 ligni

229 1073 381 1101 Succedens
396 1071 490 1098 humili
501 1074 572 1097 tecto
586 1068 747 1096 celsissimos
758 1067 866 1101 hospes,

233 1120 264 1147 Ut
273 1119 446 1147 collectorum
456 1117 495 1144 sic
504 1116 584 1143 docta
597 1114 727 1142 modestia
738 1112 849 1140 fratrum

231 1167 350 1193 hisceret
364 1164 460 1198 exiguo
474 1169 600 1198 pompam
610 1164 784 1188 contemnere
798 1162 905 1192 sumptu

230 1211 402 1245 l‘rogrcssnm
417 1208 546 1243 exemplis
561 1207 683 1234 certatim
699 1206 799 1233 imitata
815 1204 979 1237 magistrum.

231 1258 279 1283 Ast
291 1257 348 1283 aliis
359 1263 407 1282 nec
420 1255 490 1289 ligna
502 1253 617 1288 placent,
631 1251 679 1279 sed
690 1256 781 1278 monte
794 1255 889 1277 cavato

233 1303 336 1330 1³11111101
346 1301 466 1329 defossos
480 1307 560 1335 rupes
572 1300 660 1327 vicina
673 1305 804 1326 recessus.

231 1347 370 1380 octoginta
385 1346 447 1373 illuc
458 1345 529 1379 justa
544 1344 684 1372 admiratio
698 1343 793 1370 fratres

233 1393 362 1419 'l‘raxerat
378 1391 411 1418 ad
426 1395 506 1418 tantzc
520 1390 657 1426 speculum
672 1390 786 1422 virtutis,
798 1393 827 1416 ut
838 1388 900 1416 inde

232 1439 356 1465 Sumeret
366 1438 497 1472 inspectos
511 1437 573 1464 felix
584 1437 696 1464 imitatio
707 1443 806 1464 mores.

233 1485 273 1511 Nil
284 1486 408 1520 cuiquam
419 1484 534 1518 speciale
547 1483 762 1516 fuit,communia
775 1481 878 1509 cunctis

233 1531 338 1561 Omnia.
353 1531 386 1558 de
397 1530 486 1557 medio
499 1530 612 1564 sumpsit
623 1529 729 1556 dilectio
743 1536 824 1556 censu
833 1548 842 1559 ,

234 1575 302 1601 Nulli
317 1574 447 1602 vendendi
458 1574 602 1608 quidquam
614 1580 740 1600 concessa
755 1572 876 1600 facultas.

234 1620 271 1647 Ne
286 1620 417 1653 degustati
432 1619 509 1646 famis
523 1619 643 1653 improba
658 1622 791 1644 cresceret
805 1617 873 1649 auri,

235 1665 367 1692 Exercere
379 1670 463 1692 artem
478 1664 616 1699 prohibet;
632 1663 787 1691 conceditur
801 1670 883 1690 unum

235 1710 373 1738 Scribeudi
394 1709 521 1743 studium,
541 1709 613 1744 quod
636 1714 764 1743 mentem,
786 1709 943 1742 oculosque,
964 1715 1022 1735 ma-

860 1754 988 1791 [numque

235 1802 364 1838 Occupet,
377 1805 459 1837 atque
473 1809 526 1830 uno
539 1805 630 1829 teneat
643 1801 722 1829 simul
736 1801 826 1829 omnia
837 1805 953 1836 puncto,

235 1850 378 1884 Aspectum
392 1849 462 1882 visu,
476 1856 524 1876 cor
533 1848 664 1881 sensibus,
678 1847 772 1876 ordine
785 1847 917 1874 dextram.

235 1895 361 1922 Attamen
375 1895 418 1922 his
431 1895 511 1922 rebus
525 1894 613 1922 minor
621 1898 687 1922 tetas
699 1894 757 1922 sola
772 1897 879 1921 tenetur

237 1942 302 1969 Nam
313 1942 369 1977 jam
383 1946 493 1970 maturae
506 1942 572 1969 satis
582 1946 624 1970 est
638 1941 725 1969 oratio
736 1945 848 1976 puncto,

237 1987 273 2015 Ut
282 1989 356 2023 cujus
366 1995 473 2016 sensum
487 1988 576 2015 senior
589 1986 722 2014 sententia
736 1987 835 2019 ﬁrmat,

236 2034 379 2062 Mundities
393 2033 481 2062 cordis
491 2033 606 2066 studeat,
617 2033 760 2067 vigiletque
771 2036 903 2060 remotum

236 2080 350 2108 Interius
359 2086 474 2115 purgare
488 2079 604 2111 oculum,
619 2086 654 2106 ne
667 2078 765 2105 nebula
775 2079 855 2105 tentis

238 2125 346 2153 Peecati
361 2124 492 2152 obductus
505 2124 625 2159 privetur
638 2123 739 2151 lumine
752 2123 861 2151 Christi.

237 2172 308 2200 Nulli
324 2178 480 2207 progressus
490 2170 586 2204 facilis,
604 2178 652 2198 sua
666 2178 801 2205 quemque
814 2171 922 2199 tenebat

237 2218 357 2250 Cellula;
373 2222 428 2245 tum
438 2216 525 2244 solum
539 2216 658 2245 soeiandi
671 2224 751 2244 causa
765 2217 880 2244 dabatur

238 2263 367 2298 Agminis,
383 2263 513 2291 adscisset
523 2267 636 2291 cunctos
647 2270 707 2290 cum
721 2267 797 2290 sueta
811 2262 939 2297 precandi

236 2310 289 2338 Ore
299 2314 326 2337 et
339 2308 421 2337 corde
433 2308 488 2337 Deo
502 2308 590 2337 ferens
601 2309 759 2344 symphonia
768 2308 884 2336 laudem.

239 2355 287 2383 Vel
299 2363 359 2383 cum
369 2355 505 2383 solventes
518 2354 596 2383 fessis
606 2354 707 2390 jejunia
722 2354 850 2382 membris

237 2402 399 2429 Communes
412 2405 486 2429 certo
500 2401 658 2436 repetebant
671 2405 793 2436 tempore
806 2408 923 2433 mensas,

237 2447 271 2474 Et
284 2447 363 2474 ﬁnem
376 2447 464 2475 exacti
478 2447 580 2475 domita
592 2447 648 2482 jam
656 2454 739 2475 carne
752 2447 815 2479 diei,

238 2492 273 2519 Et
287 2492 473 2520 succedentem
488 2493 621 2528 vigilanda
635 2493 663 2521 in
677 2497 757 2522 nocte
767 2493 886 2521 laborem

238 2538 393 2566 Dividerent
405 2539 518 2567 modice
531 2540 686 2575 parcissima
701 2544 821 2576 tempora
835 2548 927 2568 01111110.

237 2583 352 2613 lnlirmis
365 2589 470 2613 tantum
479 2586 570 2614 laxato
580 2586 641 2621 jure
654 2586 754 2614 licebat

238 2632 387 2667 Degustare
398 2640 501 2660 merum
515 2641 569 2667 quo
582 2633 672 2661 tabem
685 2633 807 2669 corporis
818 2633 882 2668 aegri

239 2677 410 2706 Sustentaret
423 2678 492 2706 odor
504 2679 621 2713 respersi
631 2679 658 2706 in
668 2679 764 2714 pocula
774 2680 839 2707 vini.

239 2725 329 2753 Multis
343 2727 424 2753 vestis
435 2731 494 2754 erat
507 2727 573 2755 setis
583 2731 709 2755 contexta
722 2728 818 2756 cameli

242 2771 307 2804 Qum
321 2773 423 2801 levibus
432 2773 548 2801 stimulis
558 2773 651 2808 vigiles
662 2776 829 2809 contingeret
843 2779 916 2803 artus

243 2816 393 2845 Excludens
404 2822 511 2846 tenuem
526 2824 686 2854 oompuncta
700 2828 782 2847 carne
793 2828 926 2855 soporem.

243 2862 332 2891 Mollia
346 2871 381 2891 ne
393 2864 494 2892 ﬂuxum
505 2865 637 2893 nutrirent
648 2866 748 2894 vellera
762 2874 869 2902 corpus,

774 129 804 156 Β.
822 125 955 156 1111111111
973 120 1275 153 PETRICOBDIENSIS

1014 183 1037 212 Α
1055 179 1183 209 Lascivia:
1196 182 1224 206 et
1236 176 1307 205 tenui
1323 175 1404 203 vestis
1418 173 1534 201 ﬂuitaret
1545 171 1651 199 amictu.

1768 110 1840 138 1030

1057 225 1151 259 Qualia
1163 223 1305 260 praeterita:
1316 223 1459 250 consuerat
1468 218 1546 254 copia
1557 217 1628 250 vitaz,

1055 271 1121 299 Nam
1136 270 1233 297 multos
1244 268 1306 295 illuc
1321 267 1411 303 prisco
1424 265 1458 293 de
1471 263 1600 297 sanguine
1613 262 1699 289 claros

1057 317 1191 344 Traxerat
1200 314 1234 342 ad
1247 313 1327 341 talem
1342 311 1461 347 prudens
1471 309 1603 337 sententia
1617 308 1710 338 vitam,

1058 363 1117 397 Quo
1131 353 1211 398 mage
1229 358 1378 387 mirandum
1399 361 1441 385 est
1455 360 1516 392 post
1529 355 1615 383 serica
1638 353 1735 383 fulcra,
1755 356 1847 377 toros-

1741 397 1813 433 leue

1058 452 1134 480 lianc
1146 456 1249 479 vestem
1263 453 1291 478 et
1303 449 1383 477 talem
1397 447 1523 483 ingressis
1536 445 1667 482 placuisse
1680 443 1811 478 rigorem.

1060 498 1179 533 Denique
1188 496 1277 524 mirati
1292 498 1431 522 tantorum
1444 492 1558 527 insignia
1571 498 1687 524 morum,

1058 543 1185 572 Conﬁnes
1195 543 1298 579 populi,
1307 542 1447 575 vicinaque
1458 538 1556 566 moenia
1570 541 1679 566 sanctos

1059 589 1127 617 111110
1135 589 1186 617 sibi
1200 593 1320 622 rectores
1332 586 1421 614 studio
1434 588 1555 613 certante
1569 582 1707 624 patebant,

1061 635 1096 663 Ut
1105 634 1228 662 doctrina
1240 633 1287 660 Dei
1298 632 1344 663 tali
1360 632 1394 659 de
1408 630 1482 659 fonte
1493 630 1605 657 ﬂuentes

1060 680 1206 716 Spargeret
1216 679 1329 713 irriguos
1339 678 1476 711 sitientum
1490 676 1518 704 in
1531 675 1636 703 viscera
1648 674 1732 702 rivos.

1096 725 1149 753 Sed
1158 724 1214 759 jam
1224 728 1330 759 tempus
1344 722 1420 750 adest
1433 726 1506 749 tanta
1520 720 1554 748 de
1563 720 1633 747 mole
1644 723 1785 755 potentum

1062 771 1197 798 Virtutum
1207 769 1332 803 exiguam
1345 768 1435 796 saltim
1447 767 1603 806 contingere
1616 769 1731 801 partem.

1062 815 1097 843 Et
1105 822 1258 850 quanquam
1269 818 1350 842 recta:
1360 812 1453 840 titulos
1466 812 1572 839 virtutis
1585 811 1716 838 adornent

1028 865 1051 895 Β
1064 861 1216 896 Diseipulis,
1229 864 1257 887 et
1271 859 1348 886 factis
1362 858 1389 886 id
1401 861 1607 894 praemonstrare
1620 855 1764 891 gerendam
1777 862 1786 882 :

1067 907 1190 934 Attamen
1201 910 1229 934 et
1241 905 1357 941 propriis
1371 908 1478 938 tangam
1490 902 1651 938 paucissima
1664 901 1748 936 gestis

1066 953 1216 981 Ostendens
1230 951 1355 980 brevibus
1369 949 1502 986 praeconia
1517 949 1633 976 maxima
1646 948 1740 982 signis.

1067 999 1149 1026 Forte
1163 998 1212 1025 fuit
1224 997 1301 1031 juxta
1316 995 1433 1023 tumulus
1443 1002 1524 1030 quem
1534 1001 1606 1029 saepe
1616 993 1754 1021 colentum

1067 1045 1141 1073 Vana
1151 1043 1306 1080 superstitio
1318 1041 1386 1070 falso
1399 1042 1510 1076 decepta
1524 1043 1645 1068 sacrarat

1067 1091 1193 1127 Martyrio
1207 1090 1341 1118 celebrem
1355 1087 1509 1123 dependens
1520 1093 1627 1121 semper
1635 1085 1781 1117 honorem,

1068 1136 1137 1170 Quin
1151 1139 1179 1164 et
1190 1134 1332 1171 praegressi
1342 1132 1523 1161 venerandum
1533 1131 1618 1159 altare
1630 1130 1752 1158 dicarant

1067 1183 1137 1210 Ante
1147 1181 1301 1210 sacerdotes
1314 1180 1399 1215 magis
1409 1183 1439 1207 ut
1453 1178 1562 1206 fundata
1579 1181 1699 1205 maneret

1069 1230 1192 1265 Relligio,
1204 1228 1309 1264 adjecto
1322 1227 1396 1256 cultu
1410 1225 1515 1254 ﬁrmata
1525 1231 1670 1253 sacrorum.

1104 1276 1159 1305 Sed
1180 1280 1324 1312 postquam
1346 1273 1486 1309 impositas
1508 1271 1637 1299 Martinus
1651 1269 1763 1304 sumpsit
1776 1267 1857 1296 habe-

1739 1314 1805 1350 [nas
1813 1335 1823 1348 ,

1068 1366 1225 1395 Commissa;
1239 1370 1267 1394 et
1280 1364 1366 1401 plebis
1376 1363 1558 1392 moderamina
1567 1366 1660 1391 sancta
1674 1361 1787 1396 recepit,

1071 1413 1196 1441 Protinus
1208 1412 1319 1447 inquirit
1332 1418 1431 1439 nomen
1446 1409 1592 1444 titulosque
1603 1407 1707 1436 colendi

1071 1459 1211 1495 Martyris,
1225 1461 1254 1486 et
1266 1464 1382 1492 quonam
1403 1459 1459 1483 tam
1470 1455 1548 1482 clarae
1557 1457 1699 1482 stemmata
1711 1452 1807 1488 palm

1071 1505 1214 1540 Tempore,
1229 1503 1273 1532 vel
1287 1503 1358 1538 quali
1378 1502 1428 1530 sub
1439 1501 1531 1536 judice
1540 1500 1741 1536 promeruisset.

1033 1556 1056 1587 ε
1074 1551 1173 1579 Verum
1185 1550 1229 1577 ubi
1240 1548 1312 1576 nulla
1326 1551 1400 1583 patet
1413 1554 1472 1583 qua:
1486 1546 1572 1582 possit
1585 1545 1698 1587 prpdere
1713 1551 1806 1571 verum

1072 1596 1200 1627 Historia,
1211 1599 1292 1629 atque
1307 1581 1395 1622 omnis
1404 1581 1495 1621 tenuit
1502 1592 1556 1620 11οο
1568 1581 1638 1619 seire
1651 1593 1781 1622 vetustas,

1072 1641 1209 1669 Detrectat
1218 1640 1306 1668 dubiis
1319 1642 1375 1666 tam
1390 1638 1501 1673 grandia
1514 1637 1625 1665 credere
1638 1635 1736 1663 verbis.

1072 1686 1127 1715 Nec
1137 1686 1203 1714 satis
1213 1689 1254 1713 est
1267 1684 1329 1712 ﬁdei
1343 1683 1481 1711 mendacis
1495 1682 1584 1710 fabula
1596 1681 1679 1716 vulgi,

1072 1732 1144 1768 Ergo
1157 1732 1246 1768 placet
1256 1731 1343 1759 dubiis
1357 1731 1415 1758 sine
1429 1730 1506 1758 testis
1518 1729 1636 1765 pondere
1649 1728 1729 1756 rebus

1074 1779 1096 1806 A
1106 1779 1221 1806 Domino
1229 1776 1351 1805 consulta
1362 1775 1417 1811 peti
1429 1775 1473 1803 cui
1483 1775 1588 1802 subdita
1599 1780 1706 1808 semper

1073 1822 1208 1858 Tempora
1223 1821 1373 1849 transeursi
1386 1821 1492 1848 adstant
1502 1819 1643 1855 prazsentia
1655 1818 1736 1846 saecli.

1074 1867 1115 1895 Ad
1128 1867 1259 1895 tumulum
1275 1869 1405 1902 properat
1417 1865 1507 1900 paucis
1520 1864 1672 1897 comitatus,
1684 1868 1713 1890 ut
1723 1862 1777 1890 illis

1074 1907 1207 1939 Attestata
1215 1910 1294 1938 ﬁdem
1307 1910 1409 1938 faciant
1422 1909 1551 1937 miracula
1565 1909 1667 1937 multis.

1112 1956 1184 1991 Ergo
1198 1960 1229 1983 ut
1241 1956 1361 1991 contigui
1375 1955 1459 1983 moles
1472 1959 1597 1983 contacta
1611 1954 1726 1990 sepulcri
1740 1958 1782 1982 est

1076 2003 1191 2038 Propter
1202 2002 1332 2037 frigentes
1344 2002 1462 2030 resoluta
1475 2010 1557 2030 carne
1566 2002 1679 2034 favillas,

1076 2048 1117 2076 Ad
1128 2048 1225 2076 etclam
1237 2047 1343 2077 rediere
1357 2055 1464 2083 preces,
1481 2048 1591 2082 vestigia
1605 2049 1693 2075 carnis

1076 2094 1226 2129 Iunguntur
1238 2094 1352 2128 tumulo,
1369 2094 1416 2122 sed
1430 2102 1506 2122 mens
1519 2094 1553 2121 ad
1566 2094 1655 2122 sidera
1666 2094 1772 2121 transit.

1078 2141 1146 2168 Tum
1161 2141 1275 2169 Domino
1289 2145 1345 2168 tota
1357 2141 1417 2168 ﬁdei
1430 2142 1529 2169 virtute
1542 2145 1677 2176 precatus,

1079 2187 1208 2215 Proderet
1222 2191 1251 2215 ut
1260 2187 1385 2215 meritum
1395 2187 1493 2222 ignaris
1508 2195 1657 2222 nomenque
1670 2186 1776 2221 sepulti.

1042 2241 1068 2271 ι)
1080 2234 1147 2261 Cum
1161 2233 1250 2262 subito
1264 2234 1298 2261 ad
1312 2233 1407 2261 lmvam
1420 2233 1575 2262 sordentem
1589 2233 1699 2268 respicit
1712 2233 1835 2261 umbram

1080 2279 1234 2313 Nigrantem
1249 2284 1346 2306 moesto
1360 2279 1477 2314 speciem
1491 2286 1550 2313 quae
1564 2278 1689 2313 proderet
1703 2286 1762 2311 ore,

1081 2322 1114 2350 Et
1128 2323 1283 2358 punitorum
1298 2323 1448 2351 tristissima
1462 2323 1515 2350 fata
1530 2331 1636 2351 reorum

1081 2368 1231 2401 Praeferret,
1246 2368 1350 2403 trepido
1361 2363 1472 2396 'confusa
1487 2373 1515 2396 et
1526 2370 1632 2396 conscia
1643 2369 1715 2396 vultu
1726 2379 1734 2403 ς

1080 2415 1139 2443 Vox
1153 2423 1261 2450 quoque
1276 2414 1408 2443 ﬂebilibus
1420 2416 1558 2443 maerentis
1568 2416 1670 2443 reddita
1684 2416 1773 2443 verbis

1081 2460 1191 2488 Talibus
1205 2461 1340 2495 expressit
1353 2461 1467 2496 suspiria
1481 2461 1574 2488 crebra
1590 2461 1719 2495 querelis:

1081 2507 1191 2535 Desinat
1208 2507 1335 2541 antiquus
1349 2506 1505 2542 plangendis
1519 2507 1639 2534 Manibus
1654 2514 1730 2534 error

1082 2553 1188 2581 Addere
1200 2552 1370 2587 supplicium.
1386 2552 1492 2579 titulum
1505 2552 1645 2580 reddendo
1657 2552 1785 2584 alienum,

1081 2598 1120 2626 Ne
1133 2597 1175 2625 cui
1187 2605 1326 2633 poenarum
1340 2598 1406 2625 satis
1419 2602 1460 2625 est
1474 2598 1508 2626 de
1522 2599 1633 2626 crimine
1645 2598 1713 2629 solo,

1082 2642 1149 2671 111110
1161 2650 1229 2671 onus
1242 2643 1348 2678 adjecto
1360 2642 1523 2678 duplicatum
1533 2647 1636 2671 crescat
1650 2643 1762 2670 honore.

1082 2689 1169 2722 Atque
1182 2688 1285 2715 utinam
1298 2688 1383 2716 sancti
1397 2689 1493 2724 quibus
1507 2689 1558 2716 hoc
1571 2697 1619 2724 pro
1632 2688 1692 2723 jure
1703 2688 1820 2715 refertur

1082 2732 1253 2767 Obsequium,
1261 2740 1370 2763 nostras
1376 2738 1472 2762 tenues
1478 2741 1633 2769 respergere
1643 2738 1730 2768 guttas

1082 2779 1229 2813 Digncntur
1239 2780 1316 2814 juges
1326 2781 1483 2808 miserorum
1500 2780 1622 2808 incendia
1637 2781 1767 2808 ﬂammas.

1082 2825 1121 2852 illi
1135 2830 1264 2860 perpetua
1277 2826 1424 2860 gaudentes
1438 2826 1497 2854 luce
1511 2825 1645 2859 fruuntur,

1083 2870 1136 2898 Nos
1155 2871 1235 2899 chaos
1250 2876 1349 2899 acterna
1364 2871 1525 2899 horrendum
1537 2872 1651 2906 caligine
1660 2872 1752 2903 sepsit.
