2033 3096
150 190 154 194 ,
176 158 239 185 ποθι
753 153 796 181 os
819 152 897 180 VITA
916 151 944 179 s.

994 149 1105 177 ΛΒΤΙΝΙ
1127 148 1191 176 LIB.
1211 147 1244 175 ll.
1728 140 1795 169 1092

175 218 263 252 Longe
277 220 318 244 est
331 224 347 244 a
360 216 461 244 meritis
474 216 543 244 lucis‘
555 215 677 243 conlusio
685 214 781 242 noctis.

176 264 237 291 Ilzec
250 271 300 291 vox
315 263 457 290 multorum
472 262 524 289 late
535 261 658 296 pervenit
672 260 810 292 adlaures;

175 311 227 338 Sed
242 310 344 345 species
353 310 403 338 soli
417 309 531 336 Martino
546 313 587 336 est
599 307 716 343 prodita;
727 306 803 341 cujus

176 356 250 383 Mens
261 355 346 383 levior
358 355 460 389 fragilis
473 354 603 382 transibat
617 351 839 389 pondera'carnis
847 372 855 384 ,

175 401 341 435 Corpoream
351 401 449 429 molem
467 400 651 428 transmittens
664 400 764 427 lumine
774 398 871 426 cordis.

178 447 302 475 Protinus
314 452 405 476 amoto
416 448 493 475 altari
508 447 650 482 depellitur
663 446 751 474 omnis

179 493 252 520 Vana
262 494 416 529 superstitio
424 493 494 521 ritus
507 493 618 521 mentita
628 497 764 520 sacrorum
778 500 786 518 :

178 539 316 567 Translata
327 540 360 567 ad
370 548 449 569 veros
461 540 576 574 migrant
585 539 710 575 mysteria
724 538 821 565 cultus:

177 584 245 618 Quid
255 585 340 613 simile
354 585 396 613 his
410 585 494 612 titulis
505 584 612 612 tandem
626 583 748 611 conferre
758 581 858 609 valebit

179 630 229 658 Ars
244 630 353 664 magicis
368 629 465 657 infecta
476 630 555 662 dolis,
570 629 616 657 Vel
625 629 706 656 tincta
718 628 839 659 venenis,

178 675 302 703 Camiina
315 676 469 711 compositis
479 680 574 703 texens
586 675 724 703 mendacia
739 670 837 707 verbis,

180 721 314 756 Exslaque
327 721 477 756 perspectis
491 721 591 748 rimans
601 720 744 755 pendentia
755 720 840 752 venis,

182 765 216 794 lJt
225 774 274 802 per
284 770 407 794 tartareae
421 766 530 801 quzesita
541 766 647 794 silentia
662 766 748 793 noctis

182 811 279 846 Mugiat
289 812 397 839 insanus
408 810 497 839 fallaci
510 818 647 839 murmure
661 811 775 843 dzemon,

182 857 326 885 Assumens
340 855 430 884 ﬁctum
441 856 513 884 tenui
525 856 575 884 sub
589 856 704 891 imagine
717 856 832 888 vultum;

183 901 230 930 Hic
243 905 317 929 certe
326 901 440 936 simplex
451 898 558 930 animus
572 906 599 929 et
610 902 666 929 sola
681 901 817 936 precantis

184 946 295 981 Reliigio
310 945 420 974 inferna:
433 946 554 974 dissolvit
568 946 676 974 vin’cula‘
687 946 762 980 legis.

185 991 218 1019 Et
230 992 351 1027 quamvis
361 996 434 1020 artus
444 996 629 1027 premerentur
638 992 709 1021 mole
720 991 844 1026 sepulcri,

184 1036 309 1064 Attamen
323 1037 356 1064 ad
368 1042 485 1072 prmsens
496 1041 601 1072 tempus
615 1035 747 1064 confessio
762 1036 836 1063 vixit.

185 1082 239 1110 Nec
252 1086 317 1110 vero
331 1084 374 1111 hic
384 1083 443 1110 finis
457 1083 550 1114 titulis,
562 1090 612 1110 nec
625 1088 745 1118 tempore
755 1083 842 1110 saltim

186 1126 312 1155 lntercisa
326 1127 399 1155 brevi
413 1128 540 1155 virtutum
551 1131 691 1155 stemmata
705 1133 819 1155 cessant.

186 1172 252 1199 Nam
264 1179 370 1207 semper
382 1176 475 1199 sancto
486 1178 576 1200 comes
588 1173 730 1200 indiscreta
741 1173 859 1201 coincrct'

188 1217 289 1250 Gratia,
300 1225 349 1245 nec
359 1221 433 1245 certo
444 1217 585 1246 cohibetur
596 1218 648 1245 line
662 1219 781 1246 locormn
792 1229 799 1247 :

190 1262 361 1298 Progressum
372 1264 501 1299 sequitur,
514 1268 605 1292 manet
617 1264 747 1292 indivulsa
758 1265 889 1297 manenti,

189 1308 217 1337 Si
227 1309 261 1336 sit
272 1316 351 1337 causa
364 1309 411 1336 via:
422 1310 539 1344 gaudens
552 1310 696 1337 comitatur
709 1316 829 1337 euntem.

224 1354 291 1382 Nam
305 1363 366 1383 cum
377 1355 484 1383 distenti
495 1364 609 1391 propere
623 1354 689 1390 legit
699 1356 759 1383 avia
771 1355 838 1382 ruris

191 1401 248 1434 Qua
262 1401 357 1429 dih‘usa
367 1406 441 1436 patet
455 1402 516 1430 latis
530 1402 585 1430 fera
596 1402 680 1430 Gallia
695 1402 806 1437 eampis,

192 1447 258 1474 Dum
271 1448 391 1482 sequitur
405 1448 531 1476 miserum
545 1449 652 1484 gentilis
666 1448 742 1476 turba
757 1449 884 1484 cadaver,

192 1492 226 1520 Et
236 1493 392 1521 tremefacta
406 1494 458 1521 levi
468 1498 605 1522 metantur
618 1495 700 1523 lintea
708 1501 800 1528 vento,

192 1535 319 1566 Porrecto
332 1538 359 1565 in
374 1539 481 1573 longum
495 1547 544 1574 per
553 1540 631 1575 plana
643 1542 761 1576 patentia
774 1541 832 1568 visu

193 1582 304 1611 Funeris
316 1584 474 1618 obsequium
488 1585 588 1612 cultum
603 1590 680 1621 putat
694 1594 752 1614 esse
763 1587 868 1615 nefandi

193 1627 334 1662 Dmmonis,
350 1634 377 1656 et
390 1630 458 1657 ritus
468 1630 626 1658 miserorum
640 1632 710 1659 ferre
723 1640 860 1660 sacrorum

193 1673 329 1702 Submissa
340 1675 444 1703 idolicis
457 1676 635 1704 bacchantum
650 1678 718 1705 colla
733 1677 833 1713 ﬁguris.

194 1720 319 1749 Protinus
332 1726 394 1750 ante
409 1722 470 1749 tulit
480 1728 602 1751 sanctum
613 1728 640 1751 et
649 1725 802 1752 venerabile
816 1725 930 1759 signum,

194 1765 228 1793 Et
241 1767 328 1794 crucis
339 1767 446 1802 objectu
457 1776 571 1803 propere
583 1769 751 1797 venientibus
761 1770 851 1797 obstat
859 1790 867 1803 ,

193 1811 306 1839 Gressus
317 1812 455 1840 instabiles
468 1813 557 1840 vexilli
572 1814 690 1848 pondere
706 1815 786 1842 sistit.

194 1856 261 1884 Tum
273 1865 338 1885 vero
354 1859 478 1893 imposito
488 1859 601 1886 miseros
613 1863 722 1894 torpore
734 1860 819 1887 teneri

193 1901 311 1929 Cernere
320 1907 379 1930 erat
392 1904 532 1938 nervisque
544 1909 618 1931 artus
632 1905 743 1939 riguisse
753 1906 848 1939 ligatis,

195 1947 331 1976 Frustrata
343 1949 446 1977 innexis
459 1951 598 1978 conamina
611 1951 723 1986 plurima
736 1952 872 1984 membris,

197 1993 312 2022 Tardata
325 1995 436 2024 immoto
449 1997 559 2031 vestigia
573 1998 661 2025 sidere
674 2005 775 2032 gressu,

195 2039 323 2069 Concludi
333 2046 423 2077 septas
435 2044 560 2070 mandato
571 2044 654 2071 limite
669 2045 770 2077 turbas,

196 2084 250 2113 Nec
263 2088 447 2115 transcedendi
460 2093 588 2123 praetenta
599 2090 737 2118 obstacula
750 2090 817 2117 muri

198 2129 319 2160 Partibus
330 2140 346 2160 e
359 2135 462 2174 cunctis
473 2135 633 2163 immensum
648 2144 784 2171 opponere
798 2137 953 2170 claustrum,

197 2175 288 2204 Donec
301 2178 428 2212 paulatim
439 2180 496 2207 visu
509 2182 635 2216 propiore
648 2185 754 2216 pateret

198 2219 337 2257 Exsequiis
351 2224 453 2252 delatus
468 2225 569 2259 honor;
585 2231 640 2253 tum
652 2234 744 2254 rursus
754 2227 848 2255 eodem

199 2268 312 2301 Vexillo,
329 2273 408 2304 atque
418 2271 476 2305 ipso
490 2271 599 2299 libertas
612 2272 714 2299 reddita
728 2272 814 2306 signo.

198 2311 243 2341 Sic
252 2314 339 2341 crucis
349 2315 459 2349 imperio
471 2316 550 2343 simul
562 2321 589 2343 et
601 2317 698 2344 virtute
713 2316 774 2345 fidei

198 2358 246 2386 Jus
259 2359 352 2386 habuit
363 2361 464 2389 vincire
475 2369 566 2397 vagos,
579 2363 726 2391 dissolvere
739 2364 853 2393 vinctos.

237 2403 299 2433 "me
309 2407 405 2448 raptim
420 2412 542 2435 contacta
554 2409 645 2443 legens
656 2410 718 2445 quia
729 2411 805 2445 copia
819 2411 913 2438 suadet

199 2451 332 2479 Virtutum
345 2452 471 2480 brevibus
482 2454 612 2483 laudanda
623 2457 755 2490 attingere
768 2456 861 2491 signis,

200 2496 239 2524 Ne
251 2497 408 2526 festinantes
421 2503 494 2526 tanta
505 2500 538 2527 ad
552 2501 679 2529 miracula
693 2507 798 2530 mentes

201 2542 300 2570 Tardet
308 2544 419 2578 prolixis
432 2545 558 2573 vilissima
570 2547 665 2582 pagina
679 2548 780 2581 verbis,

200 2587 327 2623 Excipior
340 2597 431 2617 rursus
445 2591 577 2625 majorum
590 2592 709 2627 pondere
721 2600 821 2620 rerum.

200 2632 364 2669 Sacrilegum
377 2638 511 2671 quondam
525 2637 631 2672 dejecto
644 2639 759 2666 culmine
773 2639 901 2674 templum

199 2680 336 2708 Straverat
349 2681 384 2708 ad
398 2686 507 2716 terram,
523 2683 661 2718 perfractis
674 2685 745 2712 idola
755 2686 834 2719 tignis

201 2725 399 2759 Comminucns,
415 2729 531 2764 totisque
542 2737 666 2764 premens
675 2731 816 2759 simulacra
827 2731 918 2759 ruinis.

202 2775 269 2804 lluic
281 2777 360 2811 pinus
374 2777 461 2806 vicina
472 2779 532 2808 loco
544 2780 661 2808 distenta
675 2782 791 2809 virentes

203 2826 338 2855 Pandebat
350 2836 440 2857 ramos
448 2838 549 2860 annosa
564 2836 591 2860 ct
603 2832 712 2860 brachia
724 2833 778 2860 late

203 2877 358 2907 “exuerant
370 2879 481 2910 viridem
497 2882 630 2911 frondenti
645 2884 670 2911 in
687 2884 785 2911 vertice
796 2884 905 2919 sylvam.

972 213 997 242 Α
1011 210 1177 244 Arcebatque
1189 216 1296 237 omnem
1311 207 1434 236 foliorum
1445 210 1520 235 crate
1532 205 1649 233 calorem

1011 255 1122 283 Arboris
1136 255 1216 282 unius
1227 254 1339 282 densum
1350 261 1443 281 nemus
1457 252 1550 280 umbra
1564 249 1693 286 perennis-

1010 299 1105 335 Jugem
1120 300 1277 334 temperiem
1286 299 1399 326 mentito
1412 305 1476 325 vere
1490 297 1606 330 tegebat.

1010 346 1086 374 Hanc
1100 346 1181 373 etiam
1194 345 1286 380 pinum
1301 344 1393 380 templi
1405 344 1509 371 sociare
1523 342 1607 369 ruinis

1012 391 1172 427 Aggreditur
1186 391 1264 426 parili
1278 391 1390 425 cupiens
1403 389 1564 417 convolvere
1577 388 1655 415 busto

1011 437 1145 472 Quidquid
1159 437 1185 464 in
1201 444 1321 464 errorem
1336 427 1497 464 miserorum
1509 434 1588 462 corda
1600 432 1733 460 trahebat.

1012 484 1079 512 Tum
1091 492 1156 511 vero
1170 483 1276 512 accensi
1289 490 1390 510 veeors-
1399 483 1502 509 insania
1515 481 1587 515 vulgi

1011 530 1045 557 Et
1058 529 1202 565 prohibere
1225 528 1272 564 pio
1286 532 1372 555 totum
1387 527 1525 554 molimine
1539 530 1640 554 votum.

1012 576 1055 604 Nil
1065 576 1134 603 ratio
1149 575 1259 606 insanis,
1274 574 1311 601 nil
1325 577 1440 608 prosunt
1454 577 1551 600 saneta.
1561 571 1678 606 profanis

1014 619 1101 647 Verba
1116 619 1224 653 animis,
1239 626 1293 646 non
1304 626 1359 645 vox
1373 617 1470 650 surdis,
1481 624 1535 643 non
1546 616 1646 643 lumina
1660 614 1747 642 accis-

1014 665 1150 693 Clamatur
1163 672 1217 692 non
1231 664 1308 698 quire
1319 663 1420 690 homini
1430 661 1554 690 conferre
1565 661 1678 688 Salutem

1014 709 1078 743 Quas
1089 701 1140 737 sibi
1154 717 1208 737 non
1221 709 1339 743 valeant,
1349 708 1427 742 lignis
1441 714 1494 734 non
1508 713 1587 741 posse
1596 704 1690 739 iuvari,

1016 754 1162 789 Lignorum
1175 754 1314 786 dominos,
1323 753 1491 780 sawireluec
1506 751 1614 779 nutibus
1624 749 1696 784 ejus:

1014 800 1065 833 Qui
1078 800 1181 828 servire
1191 799 1257 827 velit
1270 799 1399 834 subjectis
1408 798 1531 826 subditus
1541 798 1627 830 idern,

1016 848 1053 874 De
1063 846 1136 874 silvis
1146 846 1247 873 urenda
1258 846 1366 880 legens,
1375 844 1528 873 veneranda
1542 843 1706 877 relimuens.

980 899 1003 928 Β
1017 891 1078 919 Ihec
1091 895 1184 919 contra
1196 891 1348 918 exclamant
1362 891 1445 924 longe
1457 890 1562 917 diversa
1573 888 1706 918 volentes,

1015 938 1113 965 ldolico
1127 940 1155 965 et
1167 937 1280 964 multum
1294 936 1396 971 pertusi
1408 935 1491 964 corda
1500 942 1606 962 veneno
1618 942 1625 960 :

1016 984 1110 1011 Desine
1125 983 1235 1017 prolixis
1247 987 1391 1009 renuentes
1404 989 1502 1016 cogere
1513 981 1603 1008 verbis
1616 998 1624 1012 ,

1015 1029 1044 1056 Si
1054 1029 1134 1056 rebus
1148 1028 1283 1055 suadenda
1295 1028 1395 1063 probas
1408 1027 1466 1055 haec
1475 1027 1546 1061 jura,
1561 1024 1677 1061 placebit

1015 1074 1139 1102 Conditio
1154 1074 1268 1100 allatura
1283 1073 1379 1106 fidem;
1395 1081 1446 1100 nos
1456 1072 1578 1107 protinus
1592 1071 1655 1106 ipsi,

1018 1119 1195 1155 Aggredimur
1207 1124 1325 1146 nostram
1340 1126 1454 1153 propere
1468 1117 1606 1145 succidere
1619 1117 1722 1151 pinum.

1018 1165 1057 1192 Tu
1071 1165 1094 1192 si
1107 1172 1172 1192 vera
1185 1165 1300 1192 adhibes
1310 1164 1370 1192 fidei
1384 1165 1555 1196 documenta,
1570 1163 1710 1190 cadentem

1018 1209 1126 1245 Excipe,
1139 1214 1167 1237 et
1180 1213 1280 1245 optatae
1289 1210 1408 1244 gaudens
1420 1217 1533 1238 occurre
1545 1209 1636 1236 ruinae.

1019 1256 1059 1283 Nil
1073 1262 1154 1291 grave
1164 1255 1281 1283 conlisus
1289 1255 1464 1284 Dominotam
1475 1255 1542 1282 dura
1554 1255 1683 1290 probatur

1020 1301 1115 1333 Causa,
1127 1307 1176 1327 nec
1189 1300 1287 1334 injuste
1301 1300 1390 1327 renuit
1400 1300 1563 1334 justissimus
1577 1300 1617 1328 ori

1020 1344 1163 1373 Conﬁdens
1176 1345 1278 1372 virtute
1292 1344 1351 1379 Dei,
1365 1346 1408 1373 cui
1423 1354 1509 1380 prona
1522 1346 1634 1384 facultas

1021 1391 1177 1425 Quanquam
1191 1395 1351 1425 prtesentem
1364 1392 1446 1419 verbo
1460 1392 1605 1427 prohibere
1618 1391 1732 1419 ruinam.

1022 1435 1076 1463 Nec
1090 1442 1164 1462 mora
1177 1439 1204 1462 et
1217 1434 1352 1462 adstrictis
1363 1439 1504 1462 nectuntur
1516 1435 1622 1463 vincula
1636 1433 1762 1462 membris

1023 1480 1109 1516 Atque
1123 1480 1263 1508 elidendus
1274 1480 1330 1515 jam
1342 1486 1418 1515 parte
1428 1481 1532 1509 locatur
1544 1482 1570 1508 in
1583 1481 1627 1508 illa

1023 1526 1081 1559 Qua
1091 1534 1191 1560 pronus
1200 1530 1257 1553 toto
1272 1525 1405 1560 pendebat
1414 1526 1505 1561 stipite
1519 1530 1640 1558 truncus,

988 1583 1011 1613 (τ
1026 1570 1139 1605 Jamque
1153 1570 1286 1597 inclinatis
1294 1573 1415 1600 nutantis
1424 1571 1543 1606 pondere
1554 1571 1636 1604 ramis

1025 1616 1150 1650 Subjccta
1166 1615 1236 1643 haud
1248 1615 1329 1643 dubie
1343 1616 1462 1643 terrebat
1475 1616 1546 1644 mole
1560 1617 1655 1644 ruinae.

1025 1662 1154 1689 lnsistunt
1165 1661 1230 1688 totis
1241 1662 1371 1688 certantia
1383 1662 1479 1695 gaudia
1491 1662 1570 1694 votis,

1025 1708 1123 1736 Ictibus
1137 1708 1249 1735 assiduis
1258 1708 1413 1742 crebrisque
1424 1708 1583 1742 bipennibus
1596 1707 1703 1735 insunt.

1027 1753 1150 1781 Vindicta
1164 1754 1287 1780 allectum
1301 1753 1430 1785 excludit,
1446 1754 1520 1787 fugat
1533 1754 1573 1780 ira
1585 1753 1716 1780 dolorem.

1027 1799 1171 1826 Exanimes
1182 1798 1283 1833 pallent
1295 1798 1430 1830 monachi,
1440 1798 1580 1833 majusque
1593 1798 1721 1833 periclum
1736 1801 1777 1824 est

1029 1844 1151 1872 Confusa:
1161 1843 1272 1870 nimium
1284 1847 1358 1870 tanto
1369 1847 1473 1870 terrore
1487 1842 1559 1870 ﬁdei.

1029 1890 1187 1917 Vulneribus
1196 1889 1282 1916 donec
1294 1889 1423 1923 paulatim
1436 1889 1521 1916 evicta
1535 1888 1667 1923 fragorem

1030 1934 1116 1962 Prona
1130 1933 1214 1967 dedit,
1228 1937 1339 1968 totoque
1354 1934 1383 1960 in
1392 1938 1513 1961 sanetum
1526 1935 1629 1962 concita
1643 1934 1712 1962 saltu

1029 1980 1169 2007 Praecessit
1181 1979 1282 2008 celeres
1296 1980 1470 2014 properantia
1483 1983 1545 2006 vota
1556 1979 1669 2007 furores.

1028 2024 1087 2052 Jam
1102 2032 1186 2060 prope
1200 2025 1326 2059 contigue
1337 2025 1477 2060 perfractis
1487 2025 1592 2053 turbine
1606 2025 1742 2058 membris,

1029 2068 1073 2096 ille
1084 2072 1186 2096 metum
1200 2068 1362 2103 prohibente
1375 2067 1437 2100 fide,
1453 2066 1598 2094 formidine
1613 2067 1703 2101 pulsa,

1033 2115 1153 2143 Vicinam
1167 2115 1311 2150 opperiens
1320 2114 1458 2147 constanti
1471 2114 1554 2141 corde
1569 2114 1689 2146 ruinam,

1032 2159 1070 2186 Nc
1080 2159 1134 2187 cito
1146 2165 1303 2186 conversam
1317 2165 1431 2186 cernens
1445 2157 1555 2192 perfidia
1567 2158 1668 2192 pluunt,

1032 2205 1072 2233 Ad
1086 2212 1178 2233 casum
1191 2208 1331 2232 revocaret
1344 2211 1420 2238 opus,
1435 2204 1614 2237 morituraque
1626 2206 1735 2237 negaret

993 2267 1020 2297 D
1033 2252 1100 2279 Dum
1113 2254 1191 2286 putat
1205 2255 1338 2278 eventum.
1358 2249 1411 2276 Sed
1421 2250 1476 2283 jam
1491 2250 1617 2284 propiore
1630 2249 1730 2284 periclo

1033 2297 1116 2332 Erigit
1128 2300 1258 2324 armatam
1272 2295 1342 2330 signi
1354 2295 1501 2322 munimine
1510 2294 1643 2326 dextram,

1033 2342 1200 2378 Opponitquc
1210 2348 1316 2369 crucem
1330 2348 1382 2374 qua
1395 2340 1517 2374 pro-tinus
1528 2340 1642 2375 impetus
1651 2339 1738 2368 omnis

1034 2388 1184 2421 Frangitur,
1200 2391 1228 2414 et
1239 2386 1320 2414 celeri
1334 2393 1449 2420 propere
1458 2389 1560 2412 induta
1573 2389 1663 2412 rotatu

1034 2434 1170 2461 Diversam
1185 2433 1212 2459 in
1226 2436 1328 2467 partem
1340 2430 1442 2466 pernici
1457 2431 1563 2458 turbine
1577 2431 1654 2466 pinus

1034 2478 1129 2506 Fertur
1139 2477 1166 2504 in
1176 2480 1300 2504 auctores
1313 2476 1421 2504 sceleris
1435 2485 1441 2502 :
1458 2484 1519 2503 nam
1529 2481 1638 2512 propter
1651 2481 1762 2504 ovantes

1036 2524 1065 2551 In
1078 2531 1108 2551 se
1119 2529 1275 2550 conversam
1287 2522 1390 2557 trepide
1402 2522 1514 2549 timuere
1524 2523 1640 2549 ruinam.

1036 2569 1087 2602 Qui
1102 2572 1188 2595 tutum
1201 2571 1288 2595 semet
1301 2571 1374 2595 tanta
1387 2567 1421 2595 ad
1435 2568 1587 2603 spectacula
1601 2571 1679 2595 caute

1036 2615 1188 2642 Credebant
1197 2613 1293 2648 legisse
1306 2614 1404 2646 locum,
1420 2614 1464 2641 vix
1475 2618 1565 2641 mente
1578 2617 1687 2648 recepta

1038 2659 1180 2687 Perfractis
1191 2663 1305 2687 cernunt
1318 2658 1441 2687 confossa
1454 2659 1548 2686 sedilia
1562 2658 1653 2685 ramis.

1037 2704 1151 2732 Tollitur
1164 2705 1190 2732 in
1202 2704 1299 2732 corium
1310 2704 1422 2738 clamor,
1436 2708 1579 2739 partesque
1591 2703 1722 2731 resultant

1037 2750 1172 2783 Attonitae,
1188 2754 1216 2778 et
1229 2758 1308 2778 voces
1322 2755 1394 2778 creta
1407 2750 1558 2777 referuntur
1571 2750 1606 2776 ab
1619 2750 1702 2777 omni.

1038 2795 1138 2822 Gaudia
1152 2800 1284 2823 testantur
1293 2795 1426 2827 monachi,
1442 2795 1567 2822 miracula
1579 2795 1650 2827 victi,

1039 2840 1171 2868 Christum
1185 2841 1273 2875 lingua
1286 2845 1374 2874 sonat,
1388 2840 1522 2867 Christum
1532 2840 1610 2867 simul
1621 2848 1669 2868 ore
1680 2841 1797 2876 benigno

1041 2884 1127 2919 ignari
1142 2887 1269 2921 guarique
1285 2890 1393 2918 canunt,
1409 2893 1470 2920 pars
1485 2885 1535 2913 ista
1548 2886 1668 2915 favorem
