4066 6192
417 284 555 341 1023

414 398 687 467 Agnoscit,
717 398 849 467 petit
878 396 966 450 illa
997 395 1173 452 ﬁdem.
1200 396 1289 450 Sic
1315 410 1551 450 consona
1581 395 1775 465 raptim

415 487 557 542 Inter
574 487 846 542 discordes
871 484 1084 540 Christo
1111 486 1351 540 socianle
1378 485 1643 550 voluntas,

412 577 547 634 Cum
574 576 695 633 ﬁdei
723 577 922 632 donum
943 577 1155 640 meruit,
1184 586 1296 630 tum
1316 575 1536 630 credere
1563 575 1753 629 sancit.

416 671 547 726 Nam
576 680 725 728 certe
753 671 924 726 nullus
945 671 1155 741 penitus
1181 670 1278 724 fuit
1303 671 1512 740 agmine
1537 672 1588 725 in
1619 669 1710 725 illo

420 764 520 830 Qui
541 778 646 818 non
675 763 940 818 rettulerit
959 770 1186 832 sperata:
1208 761 1348 816 dona
1375 762 1562 816 salutis

419 855 673 924 Adjectus
699 854 947 924 gregibus
967 852 1176 907 Domini
1205 853 1496 907 munimine
1518 852 1674 921 signi.

419 945 495 1002 Et
521 947 640 1001 loca
669 961 788 1015 quae
816 946 967 1002 tetris
995 946 1230 1001 fetebant
1257 945 1430 1000 obsita
1458 943 1620 1009 fanis,

419 1037 636 1093 Obtexit
663 1036 803 1092 veris
831 1051 954 1090 mox
979 1037 1132 1105 inops
1154 1033 1390 1090 Ecclesia
1411 1034 1641 1103 templis.

421 1129 511 1184 Sic
533 1128 718 1196 vincis,
747 1127 990 1192 Martiae,
1021 1137 1140 1183 tuos
1181 1128 1259 1183 sic
1278 1128 1460 1183 obruis
1488 1127 1692 1192 hostes,

422 1219 515 1274 Sic
542 1219 718 1289 gravis
746 1234 1032 1288 oppressos
1054 1219 1317 1273 sententia
1346 1217 1601 1288 proterit,
1629 1216 1749 1272 illos

424 1306 660 1366 Immites
685 1307 811 1362 fecit
834 1307 1067 1363 clemens
1095 1308 1318 1362 victoria
1348 1307 1558 1362 fratres.

497 1397 636 1467 Ergo
664 1398 806 1453 acuit
832 1406 1066 1453 mentem
1088 1406 1339 1464 eventus,
1370 1398 1710 1469 studiumque
1738 1397 1962 1454 rebelles

429 1487 683 1543 Vincendi
711 1487 920 1543 assidue
947 1487 1070 1543 felix
1110 1488 1336 1544 victoria
1356 1490 1541 1544 nutrit.

430 1577 561 1631 Nam
587 1579 670 1632 vix
699 1579 948 1650 collapsis
976 1578 1247 1634 fumabant
1275 1580 1415 1635 idola
1443 1579 1688 1646 ﬂammis,

434 1669 616 1724 Vicine
645 1679 702 1724 et
727 1678 912 1726 tenues
939 1670 1232 1727 volitabant
1255 1671 1374 1740 igne
1401 1670 1610 1736 favillae,

429 1760 562 1815 Cum
591 1770 811 1816 renovat
831 1762 1016 1817 similis
1040 1764 1266 1832 repetita
1289 1764 1528 1818 incendia
1557 1761 1739 1834 templi

431 1849 713 1906 Exsultans
738 1853 937 1908 crebris
955 1854 1246 1922 justissima
1271 1854 1491 1910 dextera
1511 1855 1757 1911 ﬂammis.

432 1942 537 1997 Sed
559 1943 685 1997 dum
713 1943 986 2013 ﬂagrantis
1016 1946 1173 2017 longe
1201 1947 1412 2016 lateque
1439 1961 1664 2015 vapores

433 2031 613 2088 Turbo
640 2034 782 2103 ferit,
812 2037 1118 2106 crebrisque
1146 2035 1296 2091 ferox
1316 2045 1572 2092 exaestuat
1597 2034 1752 2092 undis

434 2123 694 2180 Eructans
722 2125 960 2194 rapidam
988 2125 1324 2181 ﬂammarum
1354 2127 1557 2182 insania
1579 2127 1776 2184 nubem

434 2216 649 2285 Augens
677 2216 958 2273 collectum
978 2218 1151 2273 vicina
1177 2227 1354 2287 strage
1377 2217 1612 2276 furorem
1638 2239 1652 2274 :

433 2304 584 2362 llaud
611 2308 798 2377 procul
825 2317 1059 2362 amotum
1087 2316 1202 2364 toto
1230 2311 1365 2378 petit
1391 2313 1600 2381 agmine
1629 2322 1848 2378 tectum,

433 2397 619 2453 Vicina
647 2399 942 2456 allambens
969 2401 1189 2457 funestis
1215 2403 1446 2459 culmina
1467 2403 1711 2460 ﬂammis.

435 2488 589 2554 Quod
617 2499 898 2560 postquam
932 2501 1149 2548 sanctus
1195 2495 1466 2564 trepidans
1503 2495 1703 2553 instare
1747 2498 2004 2568 periclum

437 2579 578 2634 Vidit
601 2579 846 2636 inafﬂatis
865 2581 977 2650 jam
1003 2584 1169 2638 mixta
1197 2585 1439 2640 incendia
1465 2587 1623 2655 tignis

436 2671 677 2741 Sepsisse
705 2672 1018 2742 implicitum
1040 2673 1368 2732 ﬂammarum
1395 2679 1603 2747 gurgite
1631 2688 1852 2744 tectum,

441 2760 650 2816 Pernici
679 2778 972 2832 properans
999 2766 1310 2821 conscendit
1334 2769 1561 2822 culmina
1586 2769 1726 2824 saltu

437 2853 554 2919 Qua
576 2854 763 2921 globus
786 2856 908 2925 igne
935 2857 1148 2914 domum
1172 2861 1337 2916 nimio
1356 2861 1698 2916 densissimus
1719 2870 1899 2932 urget,

439 2943 703 3014 Artusque
732 2947 1004 3015 oppositos
1027 2947 1252 3006 ﬂammis
1280 2951 1613 3007 venientibus
1637 2952 1814 3009 oﬂert.

441 3034 576 3090 Tum
596 3053 724 3093 vero
744 3039 967 3096 adverso
993 3041 1204 3098 sinuata
1232 3043 1474 3101 incendia
1504 3044 1632 3101 ﬂatu

440 3125 522 3179 Ad
551 3136 764 3183 ventum
789 3131 1032 3197 redeunt,
1063 3141 1119 3187 ct
1143 3149 1444 3203 quanquam
1468 3147 1686 3206 urgente
1705 3138 1940 3208 procella

442 3215 706 3286 Praecipiti
737 3219 817 3273 vis
843 3220 1014 3288 major
1039 3223 1169 3289 agit,
1198 3225 1445 3295 cogitque
1473 3229 1704 3282 reversis

442 3306 654 3374 Ignibus
681 3309 923 3362 insanum
948 3312 1226 3366 confestim
1257 3314 1446 3369 cedere
1474 3325 1710 3372 ventum.

445 3399 537 3454 Sic
557 3409 711 3469 paret
730 3402 935 3456 meritis
959 3411 1146 3459 natura
1183 3421 1435 3475 oppressa
1460 3408 1730 3477 iubentis:

443 3488 559 3543 Non
589 3489 815 3547 ﬂammae
843 3503 1097 3562 urgentur
1118 3493 1299 3554 ﬂabris
1317 3541 1332 3566 ,
1363 3499 1457 3554 sed
1484 3498 1695 3556 ﬂamina
1718 3503 1942 3560 ﬂammis

443 3579 619 3649 Atque
646 3581 782 3650 ignis
809 3594 1073 3655 praecepta
1101 3602 1332 3656 sequens
1355 3591 1433 3645 sic
1455 3592 1619 3660 gessit
1639 3600 1944 3665 utrumque.

443 3671 717 3742 Arripiens
735 3675 947 3731 decreta
967 3677 1087 3744 sibi,
1117 3679 1334 3736 defensa
1363 3682 1686 3752 relinquens.

442 3760 531 3818 Sic
555 3762 820 3820 debellato
840 3781 937 3837 per
955 3767 1097 3837 justa
1126 3770 1367 3826 incendia
1399 3774 1596 3843 templo

443 3849 557 3907 Itur
586 3855 636 3908 in
665 3856 931 3913 excidium
951 3860 1170 3916 alterius
1196 3862 1340 3932 quod
1367 3863 1506 3920 forte
1531 3864 1774 3934 leprosus

444 3942 726 4010 Quondam
746 3949 970 4019 epulens
989 3952 1138 4008 vicus
1166 3968 1419 4022 perversa
1448 3964 1628 4011 mente
1646 3957 1877 4012 colebat.

445 4033 553 4089 Sed
583 4046 864 4107 postquam
890 4041 1065 4096 crebri
1085 4042 1308 4098 demens
1336 4044 1538 4098 insania
1565 4046 1708 4114 vulgi

447 4125 734 4184 Tentatum
762 4133 1034 4187 revocavit
1058 4149 1216 4202 opus,
1245 4142 1524 4206 totumque
1552 4135 1788 4194 furorem

447 4219 710 4292 Opposuit
738 4221 959 4277 violenti
990 4223 1146 4279 turbo
1167 4226 1442 4290 tumultus,

449 4316 576 4370 Avia
606 4313 842 4367 solorum
871 4315 1064 4384 repetit
1087 4325 1294 4371 secreta
1322 4317 1562 4374 locorum
1579 4362 1596 4387 ,

453 4403 626 4473 Atque
654 4402 849 4457 ibidem
878 4414 1092 4461 sanctus
1113 4407 1360 4476 precibus
1387 4412 1670 4470 violentius
1695 4415 1877 4482 instat,

450 4494 639 4551 Trinas
658 4495 979 4552 continuans
999 4501 1185 4555 orandi
1215 4502 1443 4558 intentio
1465 4505 1631 4572 luces,

452 4585 518 4640 Et
544 4588 764 4644 totidem
779 4588 1008 4659 jungens
1031 4591 1259 4660 vigilatis
1286 4596 1532 4651 noctibus
1555 4598 1731 4653 horas.

452 4676 589 4742 Quin
615 4686 672 4733 et
691 4689 943 4737 contexto
970 4683 1100 4738 setis
1119 4694 1406 4754 coopertus
1436 4689 1634 4743 amictu

454 4767 638 4822 Exzesa
659 4770 873 4825 assiduo
897 4777 1209 4842 compunxit
1235 4779 1481 4833 acumine
1509 4781 1768 4847 membra,

456 4857 523 4914 Ut
543 4869 744 4916 tereret
771 4870 986 4919 tenuem
1012 4868 1176 4922 vestis
1197 4869 1354 4926 nimis
1373 4887 1562 4941 aspera
1592 4876 1808 4945 pellem,

454 4949 520 5003 Et
543 4951 684 5006 cutis
710 4954 1192 5012 extentis-stimulis
1216 4967 1413 5016 attacta
1441 4974 1692 5035 paveret,

454 5039 628 5096 Saxea
654 5042 912 5099 collidens
939 5060 1094 5114 mage
1112 5048 1258 5106 duris
1287 5053 1496 5109 ossibus
1523 5072 1670 5119 arva,

457 5131 762 5190 Producens
789 5136 971 5192 tardos
997 5155 1118 5195 sera
1147 5142 1200 5196 in
1215 5141 1416 5212 jejunia
1441 5148 1600 5213 soles,

453 5219 782 5278 Perlundens
809 5232 980 5283 totum
1008 5228 1359 5302 lacrymarum
1387 5233 1605 5291 ﬂumine
1633 5239 1835 5294 vultum

457 5310 528 5367 Ut
553 5313 764 5372 Domini
785 5316 928 5387 jugis
955 5335 1167 5390 semper
1194 5323 1476 5380 clementia
1504 5326 1702 5385 Christi

457 5401 686 5460 lnsontis
708 5404 891 5463 famuli
920 5409 1141 5466 nimium
1170 5414 1420 5469 miserata
1450 5418 1688 5474 laborem

459 5493 721 5554 Traderet
741 5501 987 5556 effectum
1015 5511 1162 5570 voto,
1189 5514 1243 5560 et
1265 5515 1462 5563 tentata
1483 5519 1719 5579 patraret

458 5583 706 5643 Adversa:
734 5593 946 5660 penitus
973 5609 1255 5653 removens
1283 5599 1558 5655 molimina
1584 5605 1767 5671 partis.

530 5673 736 5738 Interea
765 5691 999 5739 armatos
1025 5694 1249 5756 propter
1272 5690 1564 5747 consistere
1590 5697 1761 5752 cernit

464 5762 720 5832 Angelico
741 5768 948 5840 fulgore
970 5775 1132 5844 viros,
1163 5793 1263 5836 nec
1285 5780 1434 5838 tarda
1460 5786 1686 5853 patescit

1533 282 1594 336 Β.
1636 278 1905 337 PAULINI
1944 275 2542 336 PETRICORDIENSIS

3524 273 3662 325 {0‘26

2012 396 2062 455 Α
2089 391 2321 460 Agnitio,
2348 391 2549 447 assueti
2577 397 2825 461 prompta
2853 395 2936 446 est
2964 386 3156 444 ﬁducia
3183 384 3378 452 vultus,

2088 484 2310 555 Insuper
2335 493 2391 540 et
2416 485 2595 540 verbis
2619 483 2870 539 veniendi
2897 496 3058 539 causa
3078 480 3323 544 docetur,

2088 575 2166 630 Ne
2190 575 2438 644 trepidet,
2465 590 2532 630 ne
2558 576 2666 629 vim
2694 575 2898 638 timeat,
2929 586 3064 626 neve
3090 586 3237 624 arma
3262 575 3512 638 pavescat

2091 665 2416 721 Prmsentem
2443 672 2734 734 agnoscent
2755 678 2852 734 per
2879 663 3006 717 talia
3030 661 3182 730 signa
3209 657 3478 715 favorem:

2088 756 2350 824 Quaslibet
2376 755 2624 826 opposito
2645 761 2932 822 consurgat
2955 751 3107 807 turba
3133 750 3385 810 tumultu,

2091 846 2362 900 Auxilium
2388 846 2519 900 satis
2547 860 2666 901 esse
2692 843 2806 910 Dei,
2829 842 2920 912 qui
2939 841 3187 912 protinus
3213 853 3405 896 omnes

2091 937 2374 993 Debellare
2400 943 2563 1006 queat
2590 935 2740 992 verbi
2767 934 2965 990 virtute
2989 940 3264 995 catervas;

2090 1025 2349 1083 Sulﬁcere
2371 1025 2442 1081 ad
2463 1026 2660 1082 bellum
2688 1025 2915 1082 credens
2943 1025 3056 1080 hac
3079 1038 3228 1078 arma
3253 1021 3482 1077 duorum

2091 1117 2163 1174 Se
2189 1117 2345 1172 simul
2370 1117 2626 1172 auxilium
2654 1116 2814 1182 ferre,
2843 1125 2899 1172 et
2925 1114 3173 1170 mandata
3200 1113 3420 1169 referre.

2093 1203 2278 1263 Acrior
2305 1221 2434 1276 ergo
2458 1206 2666 1261 animus
2692 1206 2905 1276 penitus
2932 1205 3131 1259 virtute
3153 1211 3368 1272 recepta

2095 1299 2175 1353 Ad
2195 1306 2430 1369 coeptum
2456 1298 2740 1353 revalescit
2767 1311 2922 1367 opus,
2944 1296 3253 1366 mediasque
3273 1302 3522 1351 catervas

2096 1389 2291 1459 lrmpit
2315 1387 2522 1458 trepido
2546 1387 2848 1444 constantia
2875 1385 3082 1442 reddita
3111 1385 3281 1442 cordi.

2097 1479 2359 1534 Funditus
2379 1479 2580 1534 eversis
2609 1484 2922 1533 sternuntur
2948 1475 3144 1546 templa
3165 1475 3350 1540 ruinis,

2099 1568 2388 1639 Excipiunt
2415 1576 2558 1624 totas
2584 1568 2870 1624 simulacra
2889 1566 3122 1635 jacentia
3146 1567 3315 1622 moles

2100 1658 2400 1730 Fractaque
2419 1658 2642 1728 deiectis
2664 1656 3018 1713 succumbunt
3037 1655 3176 1711 idola
3205 1655 3378 1710 tectis.

2031 1765 2079 1826 Β
2100 1749 2328 1805 Involvit
2353 1750 2553 1804 mixtus
2572 1748 2776 1820 pariter
2802 1747 2959 1802 simul
2986 1746 3164 1802 omnia
3195 1745 3368 1816 pulvis

2105 1841 2294 1910 Tigna,
2322 1854 2463 1906 aras,
2493 1845 2720 1906 statuas,
2749 1847 3085 1901 caamentum,
3112 1852 3260 1903 saxa,
3288 1835 3584 1891 metallum.

2104 1934 2216 1989 Nec
2239 1945 2369 1989 sane
2395 1938 2544 1988 tanto
2564 1945 2879 2002 progressus
2905 1929 2971 1984 ab
2997 1929 3205 1998 agmine
3231 1927 3514 1997 quisquam

2103 2025 2302 2082 Obvius
2330 2025 2410 2080 ire
2433 2031 2798 2096 parat,manet
2819 2021 3210 2092 imperterritus
3235 2019 3327 2074 ille

2107 2115 2383 2171 Debellata
2407 2114 2595 2169 videns
2621 2113 2979 2182 trepidantum
3006 2110 3170 2167 corda
3195 2110 3457 2164 virorum.

2104 2205 2316 2261 lmmoti
2338 2211 2654 2275 exspectant
2674 2202 2878 2273 populi,
2906 2202 3117 2270 riguere
3139 2200 3436 2255 minantum

2105 2293 2353 2357 Pectora,
2384 2299 2440 2348 et
2467 2291 2710 2348 attonitis
2735 2298 3058 2361 stupuerunt
3083 2289 3290 2345 viscera
3320 2287 3504 2352 ﬁbris;

2104 2385 2223 2443 Non
2269 2385 2510 2441 membra
2557 2384 2847 2456 expediunt
2892 2391 3098 2440 motum
3145 2399 3253 2439 non
3296 2381 3452 2438 verba
3481 2379 3683 2434 tumul-

2106 2547 2383 2616 Diriguere
2404 2552 2553 2600 artus
2579 2543 2786 2600 miseris
2812 2559 2919 2599 vox
2941 2540 3178 2598 faucibus
3199 2541 3372 2597 haasit.
3521 2470 3682 2546 ltum.

2106 2636 2432 2692 Tentantum
2458 2634 2703 2691 cecidere
2725 2648 2935 2697 manus,
2959 2640 3014 2688 et
3044 2633 3248 2689 clamor
3274 2631 3538 2686 hiantum.

2108 2727 2178 2784 Ut
2204 2743 2356 2784 mare
2381 2725 2526 2798 quod
2548 2725 2710 2780 fundo
2732 2724 3046 2780 convulsum
3074 2724 3303 2779 moverit
3328 2723 3436 2777 imo

2106 2819 2380 2876 Fluctibus
2408 2817 2656 2873 insistens
2682 2816 3016 2871 vehementis
3042 2815 3199 2871 turbo
3227 2814 3477 2886 procella:

2107 2912 2267 2968 lllidit
2289 2918 2404 2968 tota
2424 2909 2695 2981 spumanti
2720 2908 3000 2980 aspergine
3026 2916 3227 2975 cautes,

2109 3004 2178 3059 Et
2198 3019 2358 3059 rauco
2377 3002 2651 3073 oppositas
2677 3001 3007 3057 transcendit
3035 3015 3305 3057 murmure
3323 2997 3470 3068 ripas
3491 3012 3508 3052 :

2059 3136 2082 3160 ,
2110 3097 2333 3152 Pulsant
2355 3093 2632 3166 perfractae
2654 3093 2781 3150 dum
2809 3109 3046 3150 concava
3070 3093 3248 3149 littora
3270 3091 3441 3146 moles

2111 3185 2181 3240 Et
2214 3185 2346 3240 vada
2371 3185 2694 3255 permiscent
2720 3193 2892 3240 totum
2914 3185 3086 3239 vicina
3115 3181 3457 3254 profundum.

2110 3277 2234 3332 Mox
2255 3277 2348 3332 ubi
2366 3277 2612 3348 deposito
2640 3276 2902 3331 siluerunt
2929 3273 3140 3329 ﬂamina
3163 3282 3336 3338 motu,

2110 3366 2380 3422 Sternitur
2407 3367 2699 3420 immensus
2726 3364 3054 3434 placidamm
3082 3377 3299 3437 campus
3333 3374 3618 3432 aquatum.

2113 3457 2287 3514 Laevia
2307 3457 2553 3527 deposito
2582 3455 2869 3510 considunt
2894 3470 3162 3509 marmora
3180 3461 3338 3508 vento
3354 3493 3371 3520 ,

2113 3549 2182 3604 Et
2202 3549 2350 3618 jacet
2375 3546 2580 3602 immoti
2600 3546 2809 3616 species
2836 3553 3038 3599 mutata
3058 3545 3308 3600 elementi

2113 3640 2417 3695 Sollicitans
2445 3647 2632 3692 tenues
2659 3644 2932 3692 constrato
2952 3635 3158 3704 gurgite
3176 3633 3412 3705 cymbas.

2115 3731 2268 3786 Haud
2293 3730 2449 3785 aliter
2474 3729 2622 3784 siluit
2645 3727 2834 3784 furiosi
2862 3729 3064 3782 insania
3085 3727 3232 3796 vulgi

2115 3823 2185 3878 Et
2204 3830 2576 3892 tempestatem
2603 3823 2803 3894 posuit,
2851 3824 3113 3892 ﬂatusque
3140 3821 3366 3878 remisit.

2116 3912 2232 3970 Hoc
2253 3921 2459 3968 tantum
2489 3922 2544 3968 et
2571 3914 2712 3969 veris
2734 3913 2985 3969 clamavit
3008 3914 3221 3969 subdita
3249 3913 3427 3968 verbis

2116 4005 2330 4060 Martini
2355 4005 2634 4061 Dominum
2664 4013 2780 4061 toto
2807 4006 2966 4060 simul
2988 4006 3120 4061 orbe
3140 4005 3440 4070 colendum,

2117 4094 2272 4151 llunc
2289 4096 2464 4151 solum
2487 4111 2546 4150 se
2571 4111 2730 4150 nosse
2755 4095 2942 4161 Deum,
2973 4112 3096 4152 nam
3118 4097 3276 4152 surda
3302 4096 3549 4162 salutem,

2118 4186 2264 4242 ldola
2291 4201 2413 4258 quae
2438 4187 2644 4256 possint
2670 4201 2942 4257 nunquam
2971 4187 3216 4244 conferre
3237 4187 3459 4258 petenti,

2119 4276 2271 4332 Haud
2299 4277 2472 4332 latura
2500 4277 2601 4334 sibi
2632 4292 2732 4333 nec
2757 4293 3080 4350 quemquam
3109 4278 3319 4334 tradere
3341 4277 3541 4333 donum

2119 4368 2237 4434 Quo
2263 4377 2466 4434 careat,
2491 4369 2659 4438 magis
2687 4383 2805 4426 esse
2828 4370 3038 4439 inopem
3066 4371 3157 4439 qui
3185 4378 3371 4440 poscat
3384 4378 3654 4440 egentem.

2121 4459 2213 4514 Sic
2239 4475 2366 4515 vere
2394 4462 2605 4530 penitus
2633 4461 2766 4518 lucis
2792 4461 2995 4531 fulgore
3016 4473 3236 4533 recepto

2047 4507 2097 4568 Β
2125 4547 2251 4604 Haec
2269 4507 2482 4620 quoqrue
2504 4551 2658 4605 turba
2687 4551 2788 4606 diis
2814 4507 3049 4607 aclcrevit
3095 4507 3273 4608 agam
3300 4553 3508 4609 castris.

2196 4639 2414 4695 Talibus
2440 4640 2652 4696 assidue
2677 4651 2922 4710 vegetato
2950 4643 3112 4699 corde
3140 4645 3442 4715 triumphis,

2129 4733 2360 4787 Rursum
2387 4731 2526 4787 bella
2552 4733 2720 4802 cupit,
2750 4743 2992 4790 removet
3013 4735 3147 4790 ﬂdes
3173 4747 3330 4791 aucta
3355 4751 3634 4808 pavorem,

2128 4823 2265 4892 Spes
2286 4822 2509 4891 animat,
2539 4823 2714 4877 meriti
2743 4824 2886 4879 cedit
2915 4825 3141 4882 formido
3169 4827 3385 4896 pericli,

2132 4912 2265 4967 Nam
2293 4911 2523 4966 similem
2549 4913 2716 4967 movit
2736 4913 2924 4969 similis
2950 4931 3077 4971 mox
3102 4929 3264 4971 causa
3289 4916 3596 4971 tumultum.

2133 5001 2269 5056 Dum
2295 5003 2653 5059 subvertenda
2674 5013 2931 5075 properat
2955 5022 3268 5063 succurrere
3297 5007 3494 5078 templo

2135 5090 2422 5147 Rusticitas
2445 5107 2642 5146 vesana
2668 5094 2849 5162 nimis,
2877 5095 3201 5167 solitumque
3219 5099 3450 5168 rigorem

2134 5183 2349 5252 Augens
2375 5185 2668 5254 praacipitat
2696 5186 2953 5245 immensa
2982 5190 3126 5246 mole
3153 5191 3380 5246 furores.

2135 5275 2373 5346 Denique
2397 5279 2474 5332 sic
2496 5283 2667 5333 totum
2695 5279 2949 5335 obruerat
2973 5282 3240 5338 dementia
3268 5298 3483 5339 sensum

2140 5365 2210 5421 Ut
2235 5367 2418 5422 stricto
2445 5368 2661 5436 quidam
2687 5371 2940 5429 minitans
2966 5385 3271 5429 accurreret
3294 5390 3422 5430 ense

2136 5459 2310 5514 Ausus
2328 5460 2643 5529 sacrilegum
2671 5463 2882 5521 vibrare
2918 5466 2969 5520 in
2999 5466 3218 5522 vulnera
3249 5467 3468 5522 ferrum.

2137 5550 2341 5608 Etcum
2370 5551 2574 5620 rejecto
2602 5554 2855 5610 nudatam
2877 5557 3105 5624 tegmine
3129 5559 3365 5626 gaudens

2135 5640 2411 5697 Cervicem
2441 5642 2661 5701 offerret
2685 5657 2920 5713 sanctus,
2941 5648 3072 5702 nihil
3098 5649 3190 5704 ille
3217 5659 3512 5706 retractans

2140 5730 2261 5784 Alte
2287 5732 2552 5790 sublatum
2581 5737 2750 5805 surgit
2775 5738 3004 5793 furiosus
3035 5739 3090 5794 in
3119 5756 3325 5797 ensem.

2139 5818 2344 5876 Celsius
2373 5823 2586 5881 insanus
2633 5826 2872 5880 dextram
2902 5830 3176 5898 suspendit
3203 5832 3255 5885 in
3281 5836 3448 5888 altqu
