2027 3091
181 132 252 162 1025

181 190 313 219 Attollens
326 193 411 216 totum
422 187 504 215 celeri
514 186 655 214 conanime
664 189 773 217 corpus,

180 236 292 265 Concita
302 234 431 270 prmcipiti
447 233 559 260 tendens
571 230 683 264 vestigia
694 229 720 256 in
734 228 818 254 altum

182 282 268 309 Altius
282 285 312 309 ut
324 280 434 307 veniens
447 278 555 306 caderet
564 274 749 304 vehementior
761 273 830 300 ictus
843 281 850 298 :

180 327 248 356 Cum
261 326 350 354 subito
361 324 493 352 adstrictis
506 323 642 356 riguerunt
655 320 758 347 viscera
772 317 872 349 nervis,

180 374 271 409 Atque
283 372 359 400 haesit
372 370 459 399 tenuis
473 371 647 403 consumptus
661 367 688 393 in
702 372 765 392 aera
779 368 878 394 motus,

181 419 310 448 Porrecta
319 422 347 446 et
354 416 458 452 jussum
472 413 610 449 suspendit
619 412 731 440 dextera
745 410 856 442 ferrum,

181 465 217 493 Et
228 463 310 501 periit
321 466 396 491 totus
409 460 537 490 membris
550 458 719 494 torpentibus
733 456 811 488 ictus,

181 510 216 538 Et
229 516 324 538 manus
337 508 414 536 irrito
427 506 568 534 conamine
582 504 635 531 fixa
649 502 787 534 remansit,

181 555 227 584 Sic
238 559 313 583 artus
326 557 383 581 tota
397 551 508 587 collapsi
522 550 594 577 mole
609 553 757 577 retrorsum

182 599 316 635 Praecipiti
328 599 363 627 ad
377 602 474 626 terram
487 596 566 632 proni
575 594 695 623 cecidere
708 592 796 624 ruina,

180 646 302 681 Ossaque
314 644 415 673 collisis
427 645 575 671 sonuerunt
588 641 684 668 obruta
698 637 825 666 membris
833 657 841 670 ,

182 692 271 720 Prona
284 694 312 719 et
325 697 428 718 saxosae
439 688 583 724 jacuerunt
596 693 694 721 aggere
707 690 804 713 teme:
928 721 930 725 ἢ

181 738 250 766 Tum
264 737 371 765 demum
382 736 481 764 extorti
492 735 617 769 gemitus,
632 733 809 768 lacrymatque
821 734 938 763 coactm;

182 783 367 820 Depositisqne
377 782 459 810 armis
469 782 580 809 nimium
594 779 744 807 miseranda
757 777 891 813 precantis

181 829 312 862 Ambitio,
326 828 361 855 ad
376 827 481 855 veniam
496 826 574 853 rediit
584 832 712 853 conversa
724 823 870 851 salubrem.

754 123 799 152 DE
816 120 899 150 VI'I'A
917 119 948 148 S.
967 116 1109 148 IIAR'I'INI
1127 116 1193 145 LIB.
1213 116 1246 145 ll.

980 179 1006 206 Δ
1019 176 1151 204 Affectum
1164 176 1261 210 sociat,
1275 175 1400 203 meritum
1412 179 1501 210 negat,
1517 175 1610 204 abnuit
1619 183 1681 204 esse

1744 119 1813 149 me

1020 224 1153 251 Virtutem
1162 230 1215 257 qua
1226 226 1335 257 praestat
1349 229 1438 258 opem,
1450 223 1497 250 sed
1511 223 1593 251 corde
1605 223 1727 251 dolorem

1021 269 1174 304 Participat,
1190 268 1287 302 refugit
1297 276 1432 304 pompam,
1447 268 1495 296 sed
1508 268 1589 296 deﬂet
1609 276 1758 299 erumnam.

1021 315 1055 342 Et
1067 314 1193 342 meritum
1203 313 1312 341 vitando
1326 314 1432 349 probat,
1446 315 1485 342 sic
1498 314 1596 342 celsior
1609 318 1699 342 exstat

1020 360 1109 388 Corde
1119 359 1221 392 humili,
1233 359 1337 388 confert
1347 360 1418 388 laudi
1435 361 1506 395 quod
1520 361 1604 388 demit
1618 361 1723 389 honori.

1023 403 1086 432 Haec
1096 412 1210 432 cernens
1220 405 1326 438 genitor
1336 409 1412 433 tanto
1422 406 1607 434 vehementior
1618 406 1712 441 instat,

1018 451 1114 479 Donec
1127 455 1250 486 permota
1263 451 1369 479 assiduo
1380 451 1506 487 justoque
1516 457 1613 487 rogatu

1022 493 1123 524 Sancta
1134 496 1305 524 sacerdotum
1319 497 1443 532 precibus
1457 498 1599 533 conjuncta
1614 499 1733 534 paternis

1023 541 1152 576 Ambitio,
1165 542 1264 570 blando
1274 548 1431 570 renuentem
1440 543 1500 578 jure
1514 545 1603 579 coegit

1023 587 1118 616 Visere
1132 588 1246 623 lugentis
1257 589 1405 624 penetralia
1417 594 1512 618 maesta
1526 592 1655 625 parentis.

1024 633 1138 662 Adstant
1147 641 1198 669 pro
1211 633 1313 662 foribus
1326 635 1428 670 populi,
1443 635 1570 663 miracula
1582 636 1680 663 Christi

1024 680 1153 709 Attonitae
1164 685 1321 716 exspeclant
1334 681 1478 717 pendentia
1492 687 1601 717 pectora
1616 683 1709 718 plebis.

1023 725 1072 755 ille
1085 726 1130 755 ubi
1140 727 1282 755 seminecis
1295 727 1437 755 miseratus
1450 728 1539 756 tabida
1551 728 1618 756 vidit

1024 774 1153 807 Membra,
1166 778 1194 802 et
1203 770 1369 810 consumptis
1380 775 1532 810 languentis
1544 776 1644 804 lumina
1659 777 1747 812 malis,

1024 818 1135 848 Ossibus
1148 819 1293 847 merentem
1303 820 1403 848 siccato
1415 828 1529 856 corpore
1543 822 1652 856 pellem,

181 861 324 909 Quidnam,
345 881 447 909 quaeso,
470 872 576 901 avidam
589 871 722 900 revocain
736 878 751 898 a
764 869 894 905 sanguine
907 868 974 896 dex-
989 861 1015 892 Β
1027 863 1061 891 Et
1073 864 1143 892 cutis
1156 864 1244 892 infuso
1258 864 1379 892 Vitialum
1392 865 1455 893 reue
1469 865 1599 898 0010mm.

825 916 923 954 [tram?

181 966 238 996 Cur
246 965 335 1004 parcis
346 973 425 1001 quem
441 972 520 993 nemo
532 963 686 999 rogat.quid
700 962 802 990 detinet
815 961 899 990 ictum

181 1012 211 1041 Si
225 1015 317 1040 manet
328 1011 367 1039 ira
382 1011 475 1038 tuum?
490 1014 519 1038 tu
533 1014 607 1038 certe
620 1009 759 1044 ignoscere
772 1015 827 1036 non
836 1007 888 1035 vis.

147 1060 150 1061 ⁷
182 1058 237 1086 Cur
249 1057 348 1086 ferrum
361 1057 471 1089 retines,
485 1060 560 1092 patet
573 1063 638 1084 ecce
651 1055 760 1083 innoxia
775 1053 866 1082 cervix

183 1103 345 1132 Vulneribus
359 1102 457 1130 nudata
471 1102 535 1135 tuis,
549 1101 613 1136 quid
626 1105 689 1129 vota
703 1099 837 1128 moraris?

183 1151 234 1184 Qui
244 1153 362 1178 mentem
378 1149 497 1177 ferientis
511 1148 604 1181 habes,
618 1155 666 1175 cur
679 1147 791 1175 crimine
804 1147 879 1174 salvo

186 1195 258 1224 Ultio
270 1194 407 1224 differtur?
420 1194 494 1227 facis,
517 1194 567 1222 etsi
580 1193 691 1221 dextera
705 1193 800 1224 salvet,

183 1241 264 1276 Quod
275 1241 370 1269 fecisse
384 1240 458 1275 cupis
472 1240 495 1268 si
510 1247 565 1267 non
578 1243 680 1267 mutata
694 1239 832 1272 voluntas,

184 1288 270 1324 Culpa
281 1292 381 1320 manet,
397 1287 462 1315 satis
474 1291 516 1314 est
529 1286 632 1314 meritis
643 1285 776 1314 sententia
790 1285 888 1313 cordis.

219 1334 276 1363 Nec
285 1341 350 1362 sane
365 1334 428 1361 hinc
440 1333 527 1360 solum
546 1337 660 1360 servatae
674 1331 744 1359 dona
758 1331 851 1358 salutis

185 1380 284 1409 Videre
297 1380 419 1408 attonita:
433 1379 595 1418 trepidantia
609 1382 720 1414 pectora
731 1378 826 1413 plebis.

185 1427 252 1455 Nam
266 1435 330 1455 mox
343 1435 403 1455 cum
416 1427 530 1455 similem
545 1426 639 1454 similis
648 1426 757 1453 vesania
770 1429 885 1454 mortem

185 1473 312 1502 Districto
325 1472 437 1501 inferret
446 1472 637 1505 telo,discussa
651 1476 764 1508 repente

186 1520 261 1548 Ferri
274 1520 346 1548 acies
355 1527 433 1548 casso
446 1519 587 1548 ferientem
597 1519 697 1548 deserit
712 1520 767 1547 ictu

185 1566 326 1595 Extortum
337 1571 364 1594 et
377 1566 488 1594 demens
500 1566 622 1602 quaesivit
631 1566 741 1594 dextera
751 1566 845 1598 telum,

186 1610 310 1646 Totaque
321 1611 427 1639 collecti
441 1618 602 1648 evanescere
615 1615 679 1639 vota
694 1611 792 1639 furoris

186 1656 304 1693 Decepta
318 1657 417 1686 amisso
430 1657 556 1685 viderunt
569 1657 669 1685 lumina
683 1657 765 1685 ferro.

187 1703 221 1732 Et
230 1708 320 1732 tamen
332 1702 466 1732 interdum
480 1703 598 1738 alloquio
611 1703 725 1731 suadere
737 1703 837 1731 salubri

187 1752 326 1785 Sueverat,
342 1756 369 1779 et
382 1751 473 1779 verbis
486 1754 590 1779 mentes
603 1754 708 1778 mutare
721 1750 839 1782 feroces,

188 1797 222 1826 Et
234 1798 316 1826 corda
331 1796 413 1825 affatu
425 1797 530 1824 mollire
544 1796 658 1831 rigentia
672 1800 778 1829 sancto,

187 1842 325 1872 "lustrans
336 1847 456 1869 veterem
467 1841 597 1869 doctrinae
608 1841 709 1868 lumine
723 1846 840 1869 noctem.

223 1888 358 1916 Praeterea
371 1887 490 1922 proclive
503 1886 553 1914 fuit
567 1886 695 1915 adhibere
708 1887 823 1915 salutem

189 1932 310 1966 lnllrmis,
325 1940 446 1968 greSSum
460 1932 572 1967 claudis,
587 1937 614 1961 et
628 1933 729 1961 lumina
742 1933 830 1962 uncis.

189 1980 256 2008 Nam
265 1983 339 2007 certe
353 1979 454 2006 nullum
471 1979 537 2007 tanti
548 1979 677 2008 violentia
691 1980 778 2009 morbi

189 2024 331 2057 Obruerat,
342 2024 406 2059 quin
417 2025 512 2052 votivze
527 2024 645 2053 fomenta
663 2026 756 2054 salutis

190 2069 334 2098 Rettulerit
343 2071 401 2098 visu
411 2070 529 2105 gaudens
541 2071 708 2099 revalescere
720 2075 824 2106 sancto,

190 2115 268 2149 Quod
281 2115 325 2143 vel
338 2115 462 2150 pmsenti
477 2116 578 2151 poterit
591 2116 741 2145 clarescere
753 2117 834 2145 facto.

225 2160 365 2195 Quondam
380 2160 524 2190 Treviricis
537 2162 565 2189 in
577 2163 713 2190 mmnibus
726 2163 825 2191 innuba
840 2163 915 2199 virgo

191 2206 326 2235 Tabuerat
336 2211 493 2242 consumpta
508 2207 581 2243 gravi
594 2208 742 2244 paralytica
755 2210 860 2242 morbo,

192 2252 280 2288 Atque
293 2253 366 2281 omni
381 2257 455 2280 motu
469 2253 605 2288 torpentia
617 2254 738 2281 membra
749 2255 887 2289 carebant,

188 2298 292 2327 Ofllciis
304 2298 408 2334 privata
423 2300 487 2332 suis,
500 2299 556 2334 jam
570 2307 652 2327 carne
666 2300 759 2328 relicta

192 2344 319 2380 Spirabat
328 2345 416 2371 tenuis
428 2344 532 2379 frigenti
545 2345 571 2372 in
584 2350 695 2381 pectore
708 2345 798 2381 ﬂatus,

192 2390 334 2419 Pallebant
346 2390 436 2426 pavidi
450 2391 537 2419 vicina
550 2396 638 2420 morte
651 2393 806 2429 propinqui,

193 2436 362 2471 Arentesque
375 2440 449 2465 artus
463 2436 641 2473 lacrymarum
655 2437 730 2466 fonte
743 2439 882 2474 rigabant,

176 2516 178 2519 ι
193 2480 290 2509 Tristis
300 2485 329 2510 et
339 2481 461 2516 obsequii
474 2486 599 2511 maestum
609 2487 780 2512 contraxerat
794 2491 890 2520 agmen

195 2526 335 2563 Exseqniis
357 2526 517 2563 pmbendus
536 2528 642 2557 honor:
655 2537 717 2558 cum
727 2538 864 2559 murmure
877 2530 987 2559 uentum

195 2574 325 2602 Concitus
340 2573 464 2609 irrumpit
477 2578 597 2603 reserato
606 2575 716 2603 nuntius
726 2584 775 2605 ore

196 2617 341 2646 Martinam
351 2618 458 2647 venisse
472 2618 570 2653 ferens,
584 2620 627 2647 cui
641 2627 727 2655 prona
740 2621 864 2657 facultas,

197 2662 333 2698 Optatum.
346 2664 452 2692 Sanctis
461 2664 639 2701 precibusque
652 2666 813 2703 advolvitur,
826 2676 907 2698 orans

198 2707 344 2743 Auxilium,
359 2713 388 2737 et
399 2710 475 2745 largo
488 2711 589 2746 spargit
601 2712 713 2747 vestigia
723 2713 787 2741 ﬂetu

199 2753 238 2781 Ac
251 2755 429 2790 singultantes
442 2761 569 2792 rumpunt
580 2757 694 2792 suspiria
709 2766 800 2794 voces,

200 2798 234 2826 Et
251 2800 312 2834 plus
328 2799 363 2828 de
376 2801 501 2836 precibus
511 2802 635 2838 lacrymae
645 2811 725 2838 quam
735 2804 816 2832 verba
826 2804 981 2841 loquuntur.

201 2844 236 2872 At
249 2849 344 2873 contra
356 2850 466 2875 sanctus
479 2848 583 2883 pollens
592 2849 692 2884 pietate
705 2850 828 2879 modesta

1025 911 1169 939 Subtracto
1182 915 1211 939 et
1223 912 1329 947 penitus
1341 912 1492 939 constrictae
1505 920 1640 939 murmura
1655 913 1750 947 lingnre

1025 957 1158 993 Suspiria,
1173 957 1299 992 exiguum
1312 957 1418 992 glaciali
1430 965 1445 985 a
1458 961 1569 993 pectore
1583 958 1685 992 flatum,

1026 1002 1137 1038 Filaque
1151 1010 1279 1031 venarum
1294 1007 1374 1038 rupto
1387 1004 1528 1039 pereuntia
1541 1004 1618 1039 pulsu

1026 1047 1126 1076 Ordine
1139 1048 1252 1084 prreciso
1266 1053 1430 1085 quaerentem
1445 1050 1568 1084 linquere
1579 1050 1711 1081 dextram,

1027 1093 1069 1121 Ad
1081 1099 1180 1122 terram
1194 1098 1254 1123 toto
1265 1095 1406 1123 confestim
1421 1103 1535 1130 corpore
1548 1104 1649 1130 pronus

1027 1139 1172 1173 Sternitur,
1185 1147 1202 1168 a
1216 1140 1331 1168 Domino
1344 1141 1434 1169 verbis
1445 1141 1620 1169 medicamina
1633 1149 1756 1177 poscens,

1027 1185 1076 1213 Cui
1084 1186 1197 1221 jussisse
1205 1191 1246 1215 sat
1257 1191 1309 1220 est,
1324 1191 1405 1222 atque
1415 1191 1501 1215 artem
1515 1188 1623 1215 vincere
1637 1192 1711 1215 nutu.

1028 1231 1118 1260 Sensit
1131 1231 1225 1260 adesse
1236 1232 1319 1260 Deum
1332 1242 1339 1259 :
1351 1234 1438 1268 promi
1451 1233 1571 1269 deposcit
1584 1233 1694 1262 olivum.

1028 1275 1125 1304 Oblato
1137 1277 1241 1305 accedit
1251 1277 1403 1306 benedictio
1417 1283 1510 1307 sancta
1521 1279 1629 1315 liquori.

1029 1323 1098 1351 Exin
1108 1325 1203 1352 mutati
1217 1326 1389 1360 congaudens
1401 1327 1518 1360 unguine
1528 1327 1616 1360 succi,

1029 1369 1138 1404 Singula
1152 1371 1283 1406 contingit
1296 1372 1429 1400 medicato
1440 1373 1584 1401 chrismate
1598 1375 1727 1403 membra.

1030 1414 1145 1443 Admota
1155 1417 1266 1451 expellit
1279 1421 1399 1445 veterem
1413 1418 1456 1453 pia
1468 1418 1563 1447 dextra
1576 1419 1696 1448 dolorem
1707 1441 1716 1453 .

1030 1460 1118 1495 Atque
1133 1461 1280 1496 impetratae
1293 1462 1379 1490 felicia
1391 1463 1461 1491 dona
1470 1464 1570 1493 salutis

1031 1506 1071 1534 Ad
1085 1511 1185 1535 tactum
1197 1507 1293 1536 medici
1307 1508 1435 1543 paulatim
1450 1509 1536 1538 infusa
1549 1517 1699 1540 recurrunt.

992 1546 1017 1580 (Ξ
1031 1551 1076 1580 Sic
1089 1552 1191 1580 morbis
1202 1556 1300 1580 cuncta
1310 1553 1492 1583 membrorum
1504 1563 1519 1583 a
1534 1560 1611 1591 parte
1625 1556 1723 1592 fugatis

1032 1597 1144 1625 Reddita
1158 1597 1280 1626 succedit
1290 1602 1416 1634 vegetato
1427 1608 1542 1636 corpore
1555 1602 1650 1630 virtus.

1030 1642 1093 1671 Mox
1102 1643 1190 1672 valida
1204 1646 1323 1680 exsurgit
1332 1647 1432 1682 popqu
1446 1648 1561 1677 mirante
1573 1650 1672 1685 puella,

1031 1689 1065 1717 Et
1078 1691 1187 1719 stabiles
1199 1697 1307 1726 gressus
1319 1692 1410 1721 divino
1424 1701 1535 1722 munere
1547 1695 1658 1730 sistens,

1031 1736 1082 1764 Dat
1091 1736 1198 1765 laudent
1211 1738 1326 1767 Domino
1340 1747 1389 1774 per
1404 1745 1497 1768 sancta
1510 1741 1603 1769 altaria
1618 1742 1737 1771 Christo.

1066 1781 1146 1815 Quod
1155 1788 1297 1818 postquam
1311 1784 1419 1812 virtutis
1432 1793 1500 1820 opus
1512 1787 1686 1815 celeberrima
1698 1795 1770 1817 cmtu

1032 1827 1129 1855 Maenia
1143 1828 1425 1863 complevit,certatim
1439 1838 1579 1859 accurrere
1593 1834 1682 1861 cuncti

1032 1874 1151 1907 Quorum
1164 1874 1207 1902 vel
1221 1879 1325 1903 mentes
1335 1875 1449 1909 daemon,
1461 1877 1504 1905 vel
1517 1886 1631 1914 corpora
1645 1880 1754 1908 morbus

1032 1918 1174 1955 Obruerat,
1185 1920 1268 1948 corde
1277 1925 1386 1949 orantes
1400 1923 1567 1958 memorique
1581 1924 1731 1952 medelam:

1034 1966 1066 1994 lli
1080 1973 1173 2001 gressu
1184 1968 1306 2003 stabiles,
1320 1969 1347 1997 hi
1363 1976 1444 1998 sensu
1457 1970 1548 1998 abiere
1559 1972 1689 2000 valentes.

1035 2012 1225 2048 Przecipueque
1235 2017 1326 2042 tamen
1336 2015 1440 2043 cunctis
1449 2023 1509 2051 quae
1520 2017 1606 2051 gratia
1621 2017 1720 2046 Christi

1035 2057 1087 2086 Per
1097 2059 1225 2088 famulum
1238 2060 1348 2095 dignata
1361 2069 1439 2089 suum
1451 2062 1579 2090 miracula
1591 2063 1654 2091 fecit
1667 2073 1675 2092 :

1036 2103 1111 2131 Unus
1124 2104 1369 2141 eminuit.pr:esens
1382 2107 1487 2135 curatio
1499 2108 1570 2136 servi

1035 2149 1121 2183 Quem
1134 2150 1240 2179 damon
1252 2155 1311 2180 toto
1323 2153 1459 2188 captivum
1470 2153 1532 2188 jure
1547 2154 1663 2183 tenebat.

1037 2196 1157 2232 Denique
1170 2205 1232 2226 cum
1244 2202 1352 2226 sanctus
1365 2199 1458 2233 grandi
1472 2199 1620 2228 ambitione
1633 2205 1774 2236 rogantum

1000 2229 1025 2261 υ
1039 2229 1320 2275 Pernictus.misernm
1334 2229 1429 2273 deduci
1439 2245 1473 2272 ad
1485 2250 1578 2274 sancta
1588 2229 1695 2281 jubeth

1040 2287 1210 2322 Limina,non
1223 2290 1310 2324 potuit
1323 2289 1464 2325 quisquam
1473 2291 1576 2319 vincire
1589 2291 1721 2321 furentem
1731 2313 1741 2327 ,

1039 2333 1084 2362 Sic
1098 2338 1210 2362 cunctos
1223 2335 1317 2363 rabido
1330 2335 1499 2364 debacchans
1513 2344 1561 2365 ore
1571 2337 1688 2372 fugarat,

1040 2379 1169 2409 Dentibus
1178 2380 1341 2415 infrendens,
1356 2380 1474 2409 lacerum
1487 2389 1568 2410 crum
1577 2383 1697 2419 undique
1708 2392 1806 2421 corpus

1040 2425 1167 2460 Texemt,
1177 2431 1206 2455 et
1218 2427 1297 2456 nudis
1310 2427 1457 2456 horrebant
1468 2427 1580 2457 vulnera
1593 2430 1733 2459 membris.

1041 2472 1109 2501 Tum
1126 2473 1250 2503 dominus
1262 2474 1338 2502 claro
1351 2474 1462 2502 nimium
1475 2474 1597 2504 sublimis
1609 2476 1720 2510 honore,

1041 2518 1168 2548 Fascibus
1178 2524 1292 2549 ornatus
1305 2521 1627 2556 proconsulis,immemor
1638 2522 1717 2557 hujus

1041 2566 1201 2596 Ambitionis
1214 2567 1301 2602 adest,
1316 2568 1483 2605 genibusque
1493 2569 1645 2598 advolvitur
1656 2569 1744 2605 almis,

1040 2612 1081 2641 Ac
1093 2620 1194 2648 pronus
1203 2613 1316 2649 pedibus
1330 2614 1442 2643 blandas
1455 2615 1622 2650 circumligat
1633 2615 1708 2643 ulnas
1716 2636 1726 2649 ,

1040 2656 1127 2685 Orans
1140 2661 1170 2685 ut
1181 2658 1308 2693 quoniam
1318 2667 1369 2688 nec
1382 2660 1438 2695 vis,
1452 2669 1503 2691 nec
1514 2661 1599 2689 vincla
1611 2661 1733 2689 valerent

1041 2708 1183 2737 Attrahere
1197 2709 1293 2739 insano
1305 2710 1480 2739 bacchantem
1494 2712 1577 2741 corde
1586 2711 1736 2740 ministrum
1744 2733 1753 2746 ,

1041 2758 1101 2794 Ipse
1115 2759 1193 2787 adeat
1203 2764 1314 2795 tectum,
1327 2761 1378 2790 sub
1391 2769 1446 2798 quo
1458 2761 1515 2797 jam
1528 2766 1650 2798 tempore
1661 2763 1747 2792 multo

1042 2808 1172 2837 Servabat
1183 2811 1303 2840 clausum
1313 2813 1384 2847 jugis
1397 2812 1518 2841 custodia
1527 2820 1643 2842 servtnn.

1043 2855 1096 2883 Sed
1106 2856 1194 2885 renuit
1207 2862 1316 2887 sanctus
1329 2858 1409 2887 limen
1423 2858 1527 2888 calcare
1536 2859 1649 2896 profani,
