2027 3091
184 140 253 168 1029

183 198 334 224 [testitucns
344 198 457 225 celerem
472 196 574 224 Domini
589 197 690 232 pietate
703 197 826 228 salutem,

180 247 221 274 Ad
236 248 311 282 cujus
325 248 429 275 laudem
442 253 514 275 recte
528 247 676 276 referemus
690 253 802 276 ovantes

180 298 245 331 Qua:
260 306 329 326 nunc
343 299 470 326 miramur
478 306 570 326 servos
582 299 700 334 potuisse
712 298 811 326 ﬁdeles.

181 348 235 376 Nec
245 349 330 375 solum
341 349 398 376 haec
409 348 535 376 membris
551 349 642 376 tribuit
663 348 793 376 medicina
817 348 949 376 medelam
960 367 967 379 ,

180 399 232 426 Sed
247 400 327 427 corde
338 399 435 434 adjecit.
447 407 538 427 veram
549 399 614 427 fides
626 404 703 427 aucta
714 399 836 426 salutem.

180 448 328 476 Confestim
338 449 434 477 devota
449 449 504 477 Deo
518 457 592 477 sacra
607 450 682 484 virgo
695 457 744 485 per
754 450 829 477 illum

181 499 296 526 Olfcrtur
306 499 427 533 Domino,
439 507 488 535 per
499 507 578 535 quem
590 499 662 527 valet
675 504 751 527 eruta
759 499 863 526 morbo.

181 551 226 578 Sic
240 551 324 578 tribus
340 551 440 578 indulta
451 556 492 579 est
504 551 582 578 simul
595 551 674 586 hujus
684 551 769 586 gratia
784 551 846 578 doni
855 570 864 581 ,

181 601 328 629 Consecrat
341 603 463 633 antistes,
480 606 557 636 pater
567 600 655 633 offert,
667 601 743 635 virgo
758 604 888 628 sacratur.

217 653 285 685 Quin
300 657 327 680 et
341 652 452 680 Paulino
466 653 561 680 similis
571 652 703 680 medicina
717 651 832 679 salutem

184 704 316 738 Reddidit,
331 704 441 738 insignis
456 704 516 731 fidei
529 711 608 739 quem
620 703 704 738 gloria
719 703 773 730 late

183 749 292 781 Extulit,
307 749 420 777 obducta
435 749 511 783 cujus
524 757 585 776 cum
600 749 671 776 nube
686 749 786 776 latebat

182 794 271 826 Visus.
287 799 314 822 et
328 795 420 822 infusis
435 796 521 829 caligo
536 799 645 822 extenta
660 794 779 822 tenebris

183 840 297 867 Arccbat
309 844 432 867 cunctam
447 840 610 868 macularum
623 841 739 875 tegmine
753 840 849 872 lucem,

183 886 267 919 Quam
281 886 346 914 levis
358 890 384 913 et
397 887 470 913 tenui
485 891 556 914 tactu
572 894 700 922 suspensa
715 886 816 921 fugavit

183 932 308 966 Spongia,
323 932 410 960 vicino
424 932 569 959 benedicta:
583 940 694 960 munere
706 932 818 959 dextrae.

219 978 267 1005 Vix
283 978 389 1005 admota
404 979 482 1006 oculo
497 978 588 1005 didicit
595 978 651 1012 jam
665 978 768 1005 reddita
780 977 868 1005 lueem

184 1023 264 1050 Ferre
278 1023 358 1055 acies,
375 1024 516 1058 lumenque
527 1031 624 1050 novum
640 1023 735 1050 mirata
750 1022 860 1058 recepit.

183 1071 270 1104 Atque
282 1070 382 1097 utinam
398 1070 481 1098 nostri
497 1071 621 1097 tenebras
630 1070 787 1103 contingere
796 1069 885 1098 cordis

184 1115 239 1141 Tali
256 1116 315 1143 luce
328 1116 392 1142 velit
401 1116 486 1143 sancti
501 1115 632 1143 medicina
644 1117 762 1151 patroni,

185 1160 288 1188 Reddat
302 1166 330 1188 ut
343 1161 443 1196 antiqui
459 1169 562 1189 rursum
576 1162 702 1197 mysteria
717 1161 781 1189 facti

185 1205 285 1234 Nomen
300 1206 379 1239 idem,
392 1207 510 1234 medicus
524 1207 606 1240 idem,
619 1215 668 1243 par
680 1215 761 1235 causa
776 1206 896 1234 medcltc.

218 1252 344 1279 Miramur
357 1253 410 1280 cito
422 1257 475 1279 tam
490 1253 572 1280 multa
583 1258 611 1280 et
624 1260 719 1287 magna
732 1253 852 1280 videntes

739 133 783 169 DE
798 139 875 169 VI'I‘A
890 141 1072 171 SJMARTINI
1092 143 1157 171 LIB.
1168 138 1220 172 ⁴111.

1743 144 1810 173 (05η

982 203 1005 231 Α
1022 199 1151 227 Archiatri
1163 199 1279 227 fomenta
1292 200 1339 235 pii,
1350 200 1482 228 miremur
1493 204 1520 228 et
1535 201 1607 228 illam

1021 247 1105 278 Quam
1120 246 1217 273 meruit
1229 247 1347 274 medicus
1359 245 1466 274 Christo
1479 247 1627 274 medicante
1646 247 1776 274 medelam
1789 268 1796 279 ,

1021 290 1071 318 Per
1085 298 1164 327 quem
1173 292 1313 320 munificus
1325 293 1404 320 simul
1417 297 1444 320 et
1454 293 1489 320 de
1499 299 1609 320 munere
1623 299 1714 327 gratus

1021 337 1150 372 Expensis
1164 337 1262 372 gaudet
1273 338 1351 365 donis
1365 339 1452 366 bonus
1463 343 1544 373 atque
1558 340 1679 367 retentis.

1021 383 1140 417 Namque
1154 383 1186 410 ad
1201 383 1341 411 sublimem
1354 384 1442 411 nitens
1454 384 1635 412 conscendere
1648 389 1751 419 partem

1021 427 1077 461 Qua
1093 428 1187 455 domus
1200 428 1312 455 excelsis
1326 429 1459 463 pendebat
1470 429 1534 456 fulta
1547 430 1688 462 columnis,

1024 473 1133 500 Lubrica
1148 473 1210 500 dum
1224 474 1303 500 scalis
1315 473 1371 500 fixit
1385 475 1506 508 vestigia,
1521 483 1622 510 pronus

1022 519 1137 551 Corruit,
1154 524 1180 545 et
1194 519 1314 546 crebram
1329 520 1455 553 gradibus
1470 521 1623 547 renovando
1638 521 1742 547 ruinam

1021 564 1122 591 Colliso
1138 569 1234 591 terram
1246 564 1380 599 collapsus
1393 566 1509 599 pondere
1523 567 1628 600 pressiL

1022 609 1092 638 Ecce
1120 615 1209 637 autem
1235 611 1375 645 prmfracta
1402 616 1504 638 trucem
1527 612 1590 639 dum
1618 612 1734 639 membra
1766 612 1810 637 do.

1669 658 1674 693 ι
1690 659 1773 684 lureul

1023 700 1102 728 Fessa
1114 705 1232 736 gemunt,
1247 702 1333 729 subita
1345 702 1445 729 afflicto
1460 703 1554 730 solatia
1567 709 1677 737 portans

1024 747 1140 781 Angelus
1154 748 1254 775 assistit
1268 753 1362 776 sancto
1376 749 1536 776 venerabilis
1551 757 1609 783 ore,

1024 792 1139 820 Abluere
1152 792 1245 820 infusis
1259 793 1388 820 festinans
1402 794 1513 821 vulnera
1526 795 1652 830 lymphis,

1024 836 1156 865 Paulatim
1168 838 1251 865 oblati
1266 840 1423 872 contingens
1438 840 1555 873 unguine
1566 841 1637 867 succi

988 891 1012 920 Β
1026 882 1177 912 Perducens
1190 889 1297 912 tenuem
1313 890 1385 913 tactu
1398 886 1498 913 leviore
1514 886 1655 921 liquorem,

1025 928 1101 958 Unde
1110 930 1189 965 rigat,
1204 931 1311 958 tacitam
1326 935 1440 966 propere
1455 939 1564 960 sensere
1582 933 1713 960 medelam

1025 975 1143 1003 Membra
1154 976 1232 1004 simul
1245 977 1359 1004 madidis
1372 978 1475 1006 mollito
1490 986 1603 1013 corpore
1615 979 1698 1010 venis,

1024 1021 1224 1056 Confestimque
1237 1026 1312 1050 artus
1322 1023 1431 1050 stabiles
1445 1024 1568 1059 viguere,
1585 1024 1664 1059 fugati

1026 1066 1147 1101 Undique
1158 1067 1284 1096 mandato
1294 1067 1399 1096 Domini
1414 1077 1520 1097 cessere
1531 1070 1648 1098 dolores.

1026 1112 1150 1140 Pernices
1164 1121 1279 1148 gressus,
1295 1122 1371 1142 mens
1383 1115 1482 1150 vivida,
1499 1116 1588 1144 cordis
1602 1121 1629 1144 et
1642 1117 1697 1144 oris

1026 1160 1138 1193 Gaudia,
1153 1161 1273 1196 gratifico
1285 1169 1399 1190 concors
1409 1170 1469 1190 cum
1484 1168 1594 1198 pectore
1608 1165 1706 1192 vultus.

1026 1205 1092 1233 Dum
1109 1206 1248 1234 Dominum
1263 1207 1353 1234 laudat
1366 1207 1473 1236 sibimet
1488 1208 1553 1235 nihil
1568 1214 1677 1243 arrogat
1691 1209 1761 1242 inde,

1027 1251 1146 1279 Prodidit
1159 1256 1186 1279 et
1200 1253 1323 1280 meritum
1337 1254 1399 1288 quia
1410 1261 1439 1281 se
1451 1255 1579 1282 meruisse
1594 1256 1709 1288 negavit.

193 1309 1800 1326 ——————-————-——_——_

734 1351 923 1404 LIBER
965 1352 1260 1405 TERTIUS.

936 1449 1067 1457 —

220 1491 279 1525 Quo
292 1499 385 1520 rursus
394 1492 500 1520 steriles
513 1492 631 1520 calamos
640 1496 668 1520 et
677 1492 754 1520 sibila
763 1491 835 1528 rupti

186 1535 244 1565 Vox
255 1537 360 1573 stipulis
371 1538 468 1566 emissa
479 1538 576 1566 vocas?
586 1538 643 1566 hanc
655 1538 739 1573 gloria
753 1542 826 1567 certe

185 1584 314 1618 Majorum
328 1591 408 1612 voces
422 1584 501 1619 digna
511 1590 553 1612 est
564 1592 664 1619 augere
673 1585 812 1618 tubarum;

186 1629 240 1658 Nec
254 1630 354 1664 poterit
364 1631 452 1665 parvis
463 1638 515 1659 vox
528 1635 602 1658 tanta
617 1638 757 1666 erumpere
770 1630 865 1659 culmis

187 1676 290 1709 Quanta
304 1680 332 1703 et
343 1676 471 1704 sublimes
485 1676 577 1704 laudes
590 1676 702 1712 implere
711 1677 823 1704 valeret.

187 1721 238 1749 Sed
249 1721 272 1749 si
287 1721 328 1749 vel
342 1722 415 1749 tenui
430 1721 495 1750 ﬂatu
507 1726 562 1750 tam
575 1727 687 1758 angusta
695 1722 805 1757 juvetur

187 1765 272 1800 Tibia,
287 1773 368 1801 quam
377 1767 463 1795 sancti
475 1767 626 1795 benedictio
640 1767 742 1795 miserit
755 1768 820 1800 oris,

188 1811 302 1839 Grandia
312 1812 335 1840 si
348 1813 441 1847 nequit
451 1812 538 1846 effari,
548 1813 590 1839 vel
603 1813 695 1840 suavia
708 1813 788 1840 dicet.

188 1857 303 1886 Primam
318 1859 398 1893 igitur
408 1859 468 1886 libri
481 1863 585 1899 partem
598 1858 702 1887 devicta
716 1859 818 1887 tenebit

188 1905 321 1938 Ambitio,
330 1905 388 1933 hzec
401 1905 518 1941 reliquas
528 1905 660 1933 reserabit
667 1905 748 1940 janua
762 1905 854 1935 laudes

188 1950 245 1984 Qua
255 1954 317 1986 post
325 1950 472 1985 degeneres
485 1958 535 1986 per
546 1951 643 1979 saecula
657 1951 740 1978 multa
750 1958 864 1986 pavores

189 1996 321 2032 Corrupto
334 1996 444 2024 emicuit
457 1996 566 2024 libertas
578 1996 681 2032 perdita
692 1997 802 2025 mundo.

190 2041 281 2070 Elatm
289 2042 425 2077 quondam
437 2042 514 2070 bellis
526 2042 639 2070 feliciter
652 2043 722 2071 actis

190 2087 330 2121 Maximus,
343 2091 372 2115 et
389 2087 489 2117 domini
502 2088 580 2116 unius
593 2088 629 2116 de
641 2093 729 2117 morte
740 2089 882 2125 superbus,

191 2132 292 2161 Exsilio
302 2133 423 2168 alterius,
436 2133 538 2162 crimen
553 2134 624 2162 male
633 2135 754 2163 moribus
763 2135 868 2164 hterens

192 2179 311 2208 Auxerat
321 2185 429 2214 eventu,
444 2184 548 2208 natura
558 2184 586 2208 et
599 2181 710 2209 vulnera
724 2189 813 2216 pravae

193 2225 349 2254 Resciderat
359 2232 430 2261 saepe
442 2225 534 2254 infelix
546 2233 624 2261 mage
637 2225 719 2254 corde
732 2227 850 2262 superbo

194 2273 372 2309 Prosperitas,
385 2274 464 2302 rebus
477 2274 584 2309 gravius
593 2275 697 2302 ruitura
707 2274 841 2316 secundis.

193 2320 270 2348 llunc
283 2320 363 2354 igitur
376 2327 466 2355 regem
480 2320 584 2349 diversa
598 2328 632 2349 ex
646 2325 722 2356 parte
736 2320 888 2356 frequentes

194 2365 319 2393 Pastores
330 2365 421 2394 adiere
434 2365 492 2399 Dei,
502 2367 579 2401 queis
593 2374 657 2395 cura
671 2368 798 2402 perennis

194 2410 244 2438 Vel
258 2417 365 2438 servare
375 2410 572 2446 pium,Domini,
586 2412 629 2440 vel
640 2419 749 2448 pascere
759 2413 880 2448 plebem:

194 2456 336 2484 Certantes
348 2456 665 2489 laxarereos,dissolvere
678 2458 793 2491 vinctos,

195 2501 318 2529 Reddere
330 2501 440 2529 defessis
452 2503 582 2537 requiem,
595 2503 690 2531 solatia
700 2504 810 2538 mestis,

195 2547 278 2575 Orare
289 2548 427 2576 exsulibus
439 2548 553 2583 patriam
579 2549 737 2585 veniamque
750 2551 868 2586 precari,

195 2593 358 2628 Proscriptis
369 2601 478 2622 censum
487 2615 495 2628 ,
510 2594 612 2622 miseris
625 2595 761 2630 vitamque
769 2600 876 2625 mereri.

196 2638 317 2673 Dumque
330 2638 388 2667 haec
402 2640 524 2667 nituntur
533 2639 621 2668 studio
634 2640 753 2668 celerare
767 2641 893 2678 benigno,

196 2683 327 2711 Paulatim
341 2692 450 2713 assensu
464 2685 569 2720 trepido
581 2686 700 2721 subjecta
711 2689 823 2716 tumenti

196 2729 295 2757 Sancta
307 2728 415 2758 Patrum
427 2731 554 2765 gravitas,
568 2731 679 2760 nimium
692 2733 823 2762 vilescere
832 2735 913 2770 coepit

199 2774 292 2802 Dedita
306 2775 449 2810 blanditiis,
464 2785 518 2804 non
531 2785 599 2813 quas
609 2777 760 2814 dependere
769 2785 860 2808 suerat

200 2819 288 2848 Prisca
301 2821 469 2849 sacerdotum
481 2823 607 2857 gravitas,
619 2823 665 2851 sed
677 2824 745 2852 fmda
760 2825 885 2854 clientum

200 2865 319 2896 Ambitio
334 2866 366 2893 ad
380 2872 472 2894 nutum
483 2870 576 2898 tumidi
589 2870 693 2906 dejecta
707 2872 822 2906 patroni.

1025 1487 1097 1516 inter
1103 1496 1178 1524 .quos
1187 1489 1262 1517 solus
1274 1490 1408 1517 constanti
1421 1491 1503 1519 corde
1514 1491 1556 1519 vel
1567 1499 1614 1520 ore

1025 1532 1153 1560 Martinus
1163 1533 1236 1561 nullo
1249 1533 1339 1562 infecit
1352 1535 1397 1570 pia
1409 1535 1512 1564 Viscera
1522 1535 1593 1569 fuco,

985 1576 1008 1607 C
1024 1579 1077 1607 Nec
1090 1579 1193 1614 trepida
1206 1580 1339 1615 oppressit
1349 1580 1463 1609 deformi
1477 1582 1580 1616 ignavia
1595 1590 1672 1611 nva

1023 1626 1262 1656 Menmthbristo
1281 1628 1410 1656 humilem
1428 1629 1528 1656 celsam
1543 1629 1578 1657 ad
1592 1630 1698 1666 fastigia
1712 1630 1814 1661 mundi;

1024 1671 1093 1705 Quin
1107 1677 1134 1700 et
1146 1677 1301 1701 constanter
1315 1674 1440 1709 precibus
1453 1675 1578 1703 connisus
1589 1676 1616 1703 in
1631 1676 1706 1711 ipsis.

1024 1717 1054 1745 Si
1064 1726 1116 1754 qua
1130 1717 1180 1746 fuit
1192 1726 1281 1754 regem
1297 1720 1426 1748 tumidum
1439 1725 1496 1748 tum
1507 1729 1588 1750 causa
1602 1723 1728 1757 rogandi,

1025 1765 1148 1800 Optantis
1157 1771 1249 1794 votum
1262 1768 1382 1802 expediit
1395 1769 1470 1803 quasi
1479 1768 1540 1803 jure
1552 1769 1680 1803 jubentis.

1025 1810 1102 1846 Saepe
1114 1811 1194 1839 etiam
1207 1817 1329 1839 sanctum
1339 1813 1435 1841 crebro
1449 1821 1559 1842 movere
1572 1820 1683 1849 precatu

1026 1855 1143 1883 Ambitio
1155 1860 1198 1883 est
1206 1863 1331 1891 aggressa
1344 1857 1441 1891 virum,
1455 1862 1484 1886 ut
1498 1858 1540 1886 vel
1554 1866 1617 1886 sero
1629 1859 1735 1886 veniret

1025 1899 1122 1928 Oratus
1132 1900 1211 1928 toties
1223 1905 1314 1936 spreta
1326 1901 1360 1929 ad
1373 1903 1495 1930 convivia
1509 1903 1591 1938 regis.

1026 1945 1073 1973 Ille
1082 1946 1180 1974 etenim
1191 1946 1274 1975 fastus
1285 1951 1407 1976 temnens
1420 1953 1448 1976 et
1461 1948 1532 1977 facta
1545 1950 1687 1978 revolvens

1028 1991 1091 2027 Ejus
1104 2000 1133 2020 se
1142 1993 1248 2028 penitus
1261 1994 1390 2022 renuebat
1400 1994 1515 2030 jungere
1527 2003 1626 2024 mensa:
1634 2017 1643 2031 ,

974 2037 979 2042 '
1027 2038 1111 2073 Cujus
1119 2039 1277 2068 criminibus
1287 2045 1408 2069 sanctam
1423 2048 1584 2071 connectere
1596 2048 1714 2072 mentem

1029 2085 1146 2114 Assensu
1158 2086 1247 2114 saltim
1255 2087 1336 2115 tenui
1346 2087 1422 2116 nefas
1435 2095 1496 2117 esse
1509 2090 1635 2124 putabat,

1029 2130 1173 2166 Objectans
1186 2132 1287 2161 (aedem
1300 2133 1481 2168 dominorum,
1490 2140 1519 2164 et
1528 2136 1657 2171 sanguine
1667 2135 1776 2164 Patrum

1030 2175 1185 2212 Imperium,
1199 2180 1408 2215 mortem‘regis,
1423 2185 1587 2217 regnumque
1598 2183 1713 2218 tyranni.

1032 2221 1085 2249 Sed
1099 2230 1160 2251 cum
1171 2223 1306 2252 continuis
1319 2225 1501 2261 precibus-pia
1515 2227 1597 2254 corda
1610 2228 1725 2262 fatigans

994 2262 1022 2293 D
1033 2267 1152 2296 Dilueret
1163 2268 1270 2304 culpas.
1282 2270 1387 2304 objecta
1399 2275 1427 2298 et
1439 2272 1550 2300 crimina
1564 2280 1693 2308 purgans,

1033 2312 1140 2341 Diceret
1149 2314 1300 2350 impositum
1314 2316 1420 2344 sibimet
1433 2321 1536 2345 terrore
1548 2318 1688 2352 jubentum

1033 2357 1139 2394 imperii
1153 2360 1282 2394 regimen,
1288 2360 1370 2390 nefas
1379 2366 1483 2391 esseut
1490 2363 1568 2392 'mole
1575 2369 1717 2399 prematur

1032 2403 1149 2437 Invidiae,
1164 2405 1236 2434 ferro
1250 2410 1332 2442 atque
1342 2408 1427 2436 armis
1440 2413 1548 2437 extorta
1561 2414 1693 2445 potestas,

1032 2449 1186 2478 Ambitione
1199 2458 1299 2480 vacans
1308 2460 1379 2481 :lnec
1391 2460 1458 2481 sane
1472 2461 1554 2489 parva
1564 2455 1664 2485 favoris

1033 2494 1113 2529 Signa
1125 2495 1166 2523 sui
1179 2499 1254 2524 tanto
1260 2497 1514 2528 Dominnmmisisse
1527 2501 1672 2537 triumpho.

1032 2540 1088 2568 Nec
1100 2548 1273 2576 quemquam,
1287 2545 1410 2578 quamvis
1418 2545 1515 2581 tepida:
1524 2553 1666 2582 parvaque
1680 2547 1755 2581 fidei,

1032 2584 1158 2620 lgnorare
1171 2586 1307 2615 hominem
1316 2588 1384 2617 belli
1398 2595 1535 2619 momenta
1547 2593 1658 2627 gerendi

1032 2629 1060 2658 lu
1075 2635 1140 2658 nutu
1154 2631 1271 2666 pendere
1286 2632 1344 2667 Dei,
1359 2635 1525 2665 manifestius
1537 2642 1625 2665 autem

1032 2675 1061 2703 Si
1075 2683 1150 2710 mage
1162 2676 1291 2705 confisum
1302 2685 1428 2712 nmero,
1445 2681 1553 2716 virtute,
1569 2682 1683 2716 virisque

1034 2724 1147 2754 Inferior
1159 2727 1257 2761 vincat,
1268 2729 1364 2758 vicisse
1372 2730 1449 2759 hunc
1459 2731 1551 2766 judice
1564 2731 1681 2759 Christo.

1034 2774 1090 2803 Nec
1103 2783 1168 2804 sane
1179 2777 1325 2813 quidquam
1336 2786 1366 2807 se
1375 2779 1417 2807 vel
1426 2784 1488 2815 post
1498 2780 1567 2808 bella
1582 2785 1722 2809 cruentum

1034 2825 1132 2853 immiti
1155 2828 1268 2862 gessisSe
1281 2830 1380 2862 animo,
1393 2830 1509 2865 ferrique
1523 2831 1639 2860 furorem

1036 2875 1100 2904 Post
1109 2877 1192 2905 aciem
1206 2879 1321 2908 valuisse
1333 2879 1408 2913 nihil,
1420 2885 1483 2915 post
1492 2888 1566 2909 arma
1580 2882 1710 2918 tubasque
