2033 3096
266 118 329 146 1051

263 174 384 202 lnsontes
395 172 499 208 gladios
508 178 627 201 cessasse
639 178 655 199 a
665 170 776 200 crimine
789 170 871 199 caedis

263 220 296 247 Et
308 220 382 248 nullo
396 220 502 255 penitus
513 226 663 254 respersam
674 217 801 253 sanguine
810 224 914 252 pacem.

296 267 371 295 Talia
384 273 455 301 saepe
465 266 564 293 iterans
576 264 751 304 precibusque
762 263 903 291 instantius
916 268 996 290 orans

261 314 374 341 Mollivit
387 316 508 340 sanctum
521 311 615 339 crebra
629 310 733 337 ratione
742 309 869 344 rigorem,

260 359 297 386 lit
308 359 394 394 culpa;
406 358 544 392 ignoseens
554 355 697 389 studioque
708 354 810 382 evictus
823 353 909 381 adiret

261 404 388 432 Fastidita
398 403 471 438 prius
480 401 577 436 regalis
608 400 707 428 fercula
718 406 817 427 mensa:
828 406 836 425 :

260 448 382 477 Exsultat
394 456 455 483 spes
465 447 521 482 jam
547 446 654 483 pr0pior
698 445 732 473 de
746 452 856 473 munere
868 447 952 475 tanto,

259 488 340 523 Festa
352 496 409 523 dies
422 495 484 522 laeto
494 493 591 528 gaudet
604 492 752 521 clarescere
766 496 837 520 cmtu
845 512 854 525 ,

261 541 399 569 Adduntur
410 540 472 569 lecti
487 547 611 575 proceres
622 546 691 573 quos
700 538 772 572 regia
784 542 860 572 juxta

258 586 380 613 Culmina
394 585 474 613 vicini
487 584 614 619 splendor
626 583 761 611 connectit
776 582 898 611 honoris.

260 630 378 665 lnsigncs
389 630 495 662 trabeis,
509 630 597 663 legum
611 635 799 662 amorumque
814 631 935 655 tenentes

260 676 416 707 Arbitrium,
431 675 473 702 vel
486 674 545 708 jura
557 674 616 706 fori,
632 673 674 700 vel
687 673 797 701 classica
807 672 888 705 belli,

259 721 438 754 Misceturquc
450 724 524 747 ostro
537 719 668 746 mollitum
683 718 710 745 in
722 717 767 744 ﬁla
780 716 931 744 metallum.

260 766 315 794 llos
325 766 395 793 inter
406 764 508 792 medius
522 771 574 799 qua
587 764 659 792 sim
667 762 784 791 ﬂectitur
797 762 869 790 orbis

260 810 403 846 Presbyter
416 809 548 841 accubuit,
569 809 663 836 dextra
677 808 796 842 laevaque
809 810 947 842 potentum

259 856 331 884 Ordo
345 856 451 888 ducum,
467 855 592 883 membris
602 862 683 890 super
694 862 776 882 aurea
787 854 870 881 fulcra
879 853 974 882 locatis

260 901 360 930 Pressit
372 900 521 936 subjectum
534 900 645 936 pretiosi
659 899 765 927 velleris
779 902 892 928 ostrum.

260 947 301 975 Ad
312 947 432 975 dextram
445 946 516 980 regis
527 949 621 973 sancto
634 943 794 972 venerabilis
807 951 856 971 ore

258 992 385 1020 Consedit
394 991 494 1025 senior,
508 991 594 1025 qualis
607 990 651 1025 pia
661 989 721 1024 jura
732 992 873 1024 reportans

259 1037 402 1065 Descendit
415 1044 491 1065 sacro
507 1036 605 1064 montis
619 1035 653 1063 de
665 1028 767 1063 vertice
776 1034 882 1070 Moyses

264 1082 356 1110 Mutati
367 1082 456 1109 vultus
468 1081 550 1108 nimio
565 1080 667 1116 fulgore
680 1087 835 1112 coruscans.

259 1129 326 1157 Cum
339 1127 433 1156 faciem
447 1127 536 1156 cordis
548 1125 675 1162 splendor
688 1125 859 1161 depromeret
872 1124 927 1151 oris

260 1176 315 1203 Nec
322 1175 448 1203 cohibere
459 1181 556 1201 novam
569 1177 677 1209 possent
690 1171 821 1201 velamina
836 1170 933 1199 lucem.

261 1219 391 1247 Mirantur
399 1219 474 1246 taciti
487 1218 633 1252 gaudentes
647 1218 725 1245 turba
739 1216 870 1245 ministri.

261 1264 347 1299 Atque
360 1264 420 1291 aula
432 1264 567 1298 obsequiis
579 1266 667 1291 certat
680 1262 780 1290 devota
793 1261 924 1290 modestis

258 1309 325 1336 Tam
334 1312 426 1336 sancto
439 1307 541 1335 servire
554 1308 622 1340 viro,
634 1314 698 1334 cura
709 1306 832 1334 omnibus
842 1313 894 1334 una
904 1309 946 1334 est

258 1354 349 1390 Optati
361 1353 452 1386 ofﬁcii,
467 1352 555 1380 minor
567 1356 595 1380 et
608 1351 759 1380 reverentia
769 1352 850 1386 regis.

259 1400 319 1436 Ipse
331 1400 411 1428 etiam
425 1406 541 1435 praesens
554 1398 696 1426 Martinam
710 1397 842 1426 excellere
851 1397 962 1427 mavult.

259 1446 366 1482 Stipant
377 1445 512 1480 subjectus
522 1443 622 1479 regalia
635 1442 736 1472 fercula
745 1451 861 1475 mensas.

261 1493 340 1520 Dives
350 1491 377 1519 in
391 1490 504 1520 excelsis
514 1489 676 1526 splendescit
686 1496 806 1525 purpura
819 1488 922 1522 fulcris,

260 1537 348 1565 Mollia
361 1537 475 1572 puniceo
487 1539 625 1564 metantur
637 1535 723 1563 serica
736 1534 807 1569 fuco,

260 1582 293 1610 Et
305 1583 415 1610 rutilant
427 1583 507 1610 docte
520 1581 608 1610 ductis
620 1581 679 1609 sine
691 1581 792 1609 vellere
803 1581 904 1616 pensis.

261 1626 405 1654 Liminibus
417 1625 534 1653 distenta
548 1622 664 1653 tremunt
677 1624 760 1653 aulaea
773 1626 906 1660 superbis,

260 1670 341 1698 Nutat
350 1674 378 1698 et
391 1670 418 1697 in
433 1669 535 1698 foribus
547 1669 667 1697 velorum
680 1669 781 1698 mobile
794 1669 939 1697 claustrum
948 1689 958 1704 ,

259 1715 360 1746 Cuncta
374 1714 464 1742 nitent‘
471 1714 548 1742 vario
560 1713 635 1743 cultu
644 1721 750 1743 sursum
761 1718 843 1750 atque
855 1714 980 1743 deorsum

260 1760 337 1790 Edita
351 1760 502 1797 pigmentis,
513 1760 571 1788 sola
581 1766 724 1793 marmore,
736 1763 807 1788 tecta
821 1760 956 1789 metallis:

259 1807 417 1835 Sustentant
428 1806 528 1834 vitreas
556 1805 683 1842 crystalla
696 1806 804 1842 capacia
819 1806 957 1843 lymphas,

260 1851 380 1886 Cumque
392 1852 450 1887 ipsa
464 1855 491 1879 et
504 1850 614 1879 conchae
625 1851 729 1886 species
742 1851 864 1880 videatur
876 1856 904 1880 et
918 1852 994 1881 undat

260 1895 315 1925 Nec
327 1896 453 1925 cohibere
463 1900 542 1932 putes
554 1899 708 1932 susceptum
721 1896 836 1925 claustra
850 1897 990 1933 liquorem.

261 1941 357 1970 Pocula
368 1942 512 1970 funduntur
525 1942 646 1977 gemmis,
659 1942 822 1978 gemmisque
833 1942 976 1977 bibuntur,

260 1987 357 2015 Electri
368 1986 451 2015 moles
461 1987 561 2014 fulvum
573 1986 739 2014 discriminat
750 1994 856 2020 aurum,

259 2032 309 2059 Ars
318 2035 377 2059 erat
390 2031 417 2059 in
431 2031 527 2067 pretio,
539 2032 654 2066 pretium
668 2031 811 2066 pretiosius
825 2035 884 2059 arte
895 2036 946 2059 est.

259 2076 321 2104 llzec
333 2076 440 2103 radiant
454 2075 575 2110 gemmis,
590 2075 648 2102 haec
660 2078 769 2103 exstant
777 2075 884 2103 vascula
897 2076 990 2112 signis,

259 2123 359 2158 Aspera
372 2125 435 2149 sunt
448 2121 570 2156 quaedam
584 2120 653 2153 visu,
667 2119 715 2148 sed
728 2120 802 2148 laevia
812 2124 885 2150 tactu
894 2142 902 2155 ,

258 2168 389 2196 Lancibus
401 2172 430 2195 et
438 2166 523 2194 rutilis
535 2166 669 2201 discisque
680 2167 833 2202 patentibus
847 2167 944 2196 adsunt

257 2214 343 2247 Aeris,
354 2217 381 2241 et
395 2212 512 2241 nemoris
525 2212 627 2242 fructus
635 2216 777 2249 terraque,
787 2215 932 2250 marisque.

291 2258 435 2294 Postquam
448 2262 572 2295 exempta
586 2258 671 2288 fames
688 2258 788 2295 epulis,
804 2264 860 2288 tum
875 2261 931 2288 sola
946 2260 1042 2289 volun-

965 2311 1008 2336 tas

256 2351 382 2378 Arentem
392 2349 513 2378 revelare
525 2350 608 2385 sitim,
619 2357 735 2386 rapuere
744 2350 859 2379 ministri
954 2307 964 2343 [

255 2395 372 2423 Inclusas
385 2402 451 2423 auro
464 2395 564 2431 glacies
575 2395 752 2432 lymphasque
760 2395 871 2429 nivales,

256 2440 387 2468 Rorantes
396 2440 441 2468 alii
450 2444 556 2475 pateras
569 2440 666 2469 oﬁerre
678 2444 827 2476 petentum,

254 2485 390 2521 Anticipat
397 2490 489 2514 votum
500 2485 658 2514 famulorum
670 2493 734 2514 cura
747 2486 885 2522 vigorque.

254 2531 322 2559 Tum
335 2538 383 2558 rex
395 2530 508 2559 Martino
519 2531 685 2560 dubitantem
696 2532 793 2560 offerre
805 2533 954 2561 ministrum

254 2575 378 2611 Imperat,
388 2575 477 2604 officio
488 2576 586 2604 cedens
599 2576 678 2604 simul
688 2576 782 2605 ordine
795 2585 884 2610 verso,

253 2621 319 2649 Tam
334 2625 432 2649 sanctae
445 2622 570 2650 ardenter
582 2623 692 2658 cupiens
703 2623 846 2652 succedere
860 2624 971 2656 dextrm,

254 2667 289 2695 Ut
303 2671 396 2703 patera
410 2672 510 2696 attactu
520 2668 587 2696 tanti
597 2668 740 2704 pretiosior
748 2669 803 2697 oris

253 2711 370 2740 Infusum
381 2713 501 2741 inliceret
512 2713 613 2742 etelesti
625 2721 688 2742 rore
698 2714 840 2749 liquorem.

255 2757 351 2785 Verum
365 2758 409 2786 ubi
420 2759 546 2794 respersit
558 2759 631 2787 tenui
645 2766 693 2788 sua
706 2763 816 2794 guttura
823 2760 940 2797 lympha,

272 2869 327 2881 ,ἆ-ι,

818 114 849 144 Β.
863 112 999 143 PAULINI
1018 108 1321 140 PETRICORDIENSIS

1062 171 1088 199 Α
1103 167 1150 195 Vix
1164 166 1307 194 humectati
1321 168 1393 193 tactu
1406 162 1502 192 defecit
1511 162 1538 190 in
1551 161 1607 190 oris
1619 169 1627 188 :

1814 102 1885 131 1032

1096 212 1163 239 Cum
1173 219 1221 240 rex
1230 215 1354 247 protenta
1364 213 1484 245 captaret
1497 208 1591 244 pocula
1601 207 1710 239 dextra;

1096 258 1216 285 Tradidit
1229 257 1274 285 ille
1288 264 1338 284 suo
1356 256 1417 283 ﬁdei
1427 255 1536 282 metitus
1549 254 1680 280 honorem

1096 303 1266 340 Presbytero,
1277 302 1400 330 meritum
1412 300 1501 328 cordis
1513 307 1566 326 non
1579 305 1694 333 purpura
1704 295 1775 331 regis

1097 348 1181 380 Vicit;
1192 347 1307 383 praelata:
1318 346 1398 375 cessit
1410 345 1530 373 diadema
1545 343 1615 371 ﬁdei.

1097 392 1225 421 Attonitis
1238 395 1364 427 stupuere
1376 390 1471 418 animis
1483 388 1570 417 deﬁxa
1583 388 1719 415 videntum

1096 438 1183 467 Corda
1196 438 1283 466 virum
1295 442 1438 473 spretoque
1449 437 1531 464 etiam
1545 435 1694 463 constantia
1706 433 1762 468 regi

1096 483 1158 511 Plus
1168 484 1268 519 placuit
1276 491 1356 519 quam
1367 483 1433 510 mira
1447 482 1505 515 fuit,
1521 489 1571 509 nec
1584 481 1652 507 livor
1663 479 1763 507 adussit

1095 528 1201 556 Invidiae
1215 529 1281 556 tanti
1295 529 1469 556 trutinantem
1483 526 1601 562 pondera
1614 524 1686 552 facti.

1096 574 1221 608 Quisnam
1232 574 1275 602 vel
1289 580 1400 607 magnus
1413 571 1535 607 quamvis
1547 571 1597 598 sub
1607 570 1695 604 judice
1708 574 1793 603 parvo

1095 619 1212 646 Auderet
1224 622 1327 645 tantum
1338 625 1385 653 pro
1397 620 1491 645 sancto
1503 615 1564 650 jure
1573 613 1713 643 sacerdos?

1095 666 1153 694 Non
1167 670 1253 694 terror
1265 665 1329 693 vicit
1344 665 1457 697 firmum,
1471 671 1524 691 non
1535 662 1617 697 gratia
1628 661 1740 695 justum,

1095 711 1154 739 Non
1167 710 1333 739 couvivantis
1346 709 1471 742 studium,
1488 716 1542 735 non
1557 708 1594 734 ira
1605 705 1731 742 potentis.

1094 756 1117 783 0
1127 757 1210 784 virtus
1222 756 1309 784 vicina
1323 755 1393 782 Deo!
1409 754 1448 782 sic
1462 753 1544 781 corde
1556 756 1661 780 remoto

1094 802 1138 830 Sis
1149 802 1222 830 velut
1235 802 1292 836 ipse
1305 800 1408 836 procul,
1423 803 1578 835 praesentem
1591 797 1695 824 vincere
1707 794 1843 823 mundum.

1058 852 1082 882 Β
1129 848 1183 876 Nec
1196 847 1285 875 timuit
1297 853 1470 882 quaecumque
1480 846 1518 873 illi
1528 844 1688 880 patefecth
1701 843 1785 870 altu

1097 895 1220 929 Spiritus,
1236 894 1323 921 infuso
1337 893 1475 928 complens
1489 892 1532 927 pia
1545 892 1647 919 viscera
1660 890 1742 921 dono,

1098 941 1172 968 llaud
1183 940 1328 968 dubitanda
1342 939 1392 975 ipsi
1406 942 1562 966 constanter
1575 936 1691 973 prodere
1703 935 1760 970 regi

1097 985 1214 1012 Eventus
1226 985 1286 1012 belli
1300 984 1398 1017 varios,
1410 983 1495 1011 felicia
1510 983 1624 1017 primum

1098 1031 1201 1062 Praclia,
1216 1038 1278 1057 mox
1289 1030 1341 1057 alio
1354 1029 1456 1057 tristem
1467 1029 1494 1056 in
1504 1027 1651 1056 certamine
1662 1025 1775 1054 cladem.

1098 1077 1162 1110 Quae
1172 1080 1266 1104 cuncta
1281 1080 1310 1102 ut
1323 1082 1390 1110 puro
1402 1074 1468 1102 vidit
1482 1080 1557 1101 mens
1571 1074 1649 1108 ignea
1661 1079 1741 1100 sensu
1750 1091 1759 1103 ,

1097 1123 1143 1151 Sic
1156 1123 1234 1150 ducta
1246 1121 1343 1150 c'ventu
1354 1121 1435 1149 celeri
1445 1120 1522 1156 quasi
1534 1119 1589 1147 visa
1603 1118 1734 1155 probavit.

1097 1170 1164 1197 Nam
1177 1170 1264 1204 primo
1277 1175 1432 1203 oppressum
1442 1159 1531 1201 regem
1538 1165 1685 1196 certamine
1696 1163 1776 1196 fudit.

1097 1216 1158 1244 Mox
1173 1216 1277 1250 captiva
1287 1215 1348 1242 duci
1360 1213 1483 1242 submisit
1496 1213 1564 1241 colla
1574 1216 1691 1240 retuso.

1132 1262 1186 1290 Nec
1195 1262 1292 1290 mirum
1306 1266 1347 1289 est
1361 1264 1464 1288 tantum
1477 1263 1595 1287 mentem
1604 1258 1703 1286 vidisse
1716 1263 1838 1292 sagacem

1099 1308 1271 1342 Linquentcm
1285 1310 1393 1334 cunctas
1403 1304 1508 1333 sublimi
1523 1304 1631 1340 pectore
1643 1310 1730 1334 curas,

1098 1354 1132 1381 Et
1145 1362 1224 1382 sensu
1234 1354 1352 1380 mthereo
1365 1351 1470 1387 penitus
1482 1357 1563 1386 super
1574 1355 1647 1379 astra
1657 1350 1802 1377 volantem.

1098 1399 1163 1427 Nam
1178 1407 1247 1434 saepe
1258 1398 1385 1432 angelidis
1394 1397 1550 1425 miscentem
1563 1396 1646 1423 verba
1657 1395 1769 1430 loquelis

1098 1445 1150 1472 Pro
1164 1445 1264 1472 foribus
1275 1449 1376 1472 stantes
1390 1443 1514 1471 monachi
1527 1447 1653 1478 stupuere
1668 1441 1771 1469 ﬁdeles.

1076 1520 1082 1531 .
1099 1491 1143 1519 Sic
1157 1490 1193 1518 nil
1208 1496 1369 1526 corporeum
1383 1494 1491 1525 corpus,
1505 1489 1549 1516 vel
1562 1488 1682 1516 membra
1695 1487 1825 1516 eaducum

1096 1538 1233 1570 Senserat,
1247 1542 1327 1572 atque
1338 1537 1427 1564 animo
1438 1537 1493 1570 jam
1506 1534 1630 1563 libertate
1639 1533 1743 1562 fruendi

1096 1581 1268 1618 Nequaquam
1279 1582 1401 1610 edofuitae
1414 1585 1565 1610 nocuerunt
1576 1580 1693 1616 pondera
1701 1580 1799 1608 carnis.

1131 1627 1190 1663 ipse
1200 1627 1281 1655 etiam
1294 1627 1390 1662 quovis
1399 1631 1527 1655 tentasset
1540 1626 1633 1654 fallere
1641 1626 1716 1653 vultu

1096 1673 1255 1710 Perspicuus
1268 1681 1345 1702 casso
1358 1674 1446 1709 patuit
1458 1673 1596 1701 molimine
1608 1673 1724 1705 daemon,

1096 1719 1151 1748 Nec
1163 1718 1320 1755 permutatis
1332 1718 1478 1754 permissus
1491 1718 1584 1746 ludere
1596 1717 1699 1746 formis.

1096 1766 1215 1801 Denique
1227 1773 1288 1794 cum
1302 1765 1405 1801 trepido
1419 1764 1526 1801 penitus
1539 1764 1599 1799 fuga
1609 1764 1682 1791 nulla
1695 1766 1811 1799 pateret,

1095 1810 1209 1839 Efllabat
1220 1818 1328 1842 saevum.
1340 1818 1389 1846 per
1400 1810 1483 1838 verba
1496 1809 1611 1837 furentia
1621 1810 1705 1841 virus,

1094 1855 1206 1884 lll:esum
1216 1855 1319 1883 insidiis
1333 1855 1443 1890 cupiens
1456 1854 1601 1882 accendere
1612 1853 1706 1886 dictis,

1095 1900 1222 1928 Dentibus
1235 1900 1353 1935 elapsum
1369 1900 1463 1934 linguae
1476 1900 1595 1927 lacerare
1609 1905 1725 1929 veneno,

1094 1945 1239 1973 Effundens
1251 1953 1341 1973 cassas
1350 1945 1407 1980 jam
1421 1945 1511 1972 fractis
1523 1944 1639 1972 motibus
1652 1944 1715 1976 iras,

1061 2026 1064 2029 ι
1094 1990 1163 2025 Quin
1174 1995 1203 2019 et
1212 1996 1348 2020 rorantem
1361 1991 1511 2019 miserando
1523 1990 1651 2025 sanguine
1660 1990 1782 2017 dextram

1093 2035 1262 2070 Concutiens,
1276 2044 1414 2072 cornuque
1427 2040 1565 2064 ostentans
1575 2036 1686 2064 crimine
1695 2035 1775 2063 caedis

1092 2080 1281 2115 Sanguineum,
1297 2081 1426 2116 laetusque
1439 2081 1525 2115 malis,
1537 2085 1565 2109 et
1579 2081 1664 2109 tristia
1676 2079 1778 2115 ridens,

1092 2125 1218 2161 lrrumpit
1229 2130 1349 2154 sanctam
1359 2126 1464 2153 funesto
1477 2133 1612 2154 murmure
1621 2125 1727 2158 cellam,

1094 2169 1249 2198 Tartaream
1262 2170 1400 2198 effundens
1408 2171 1542 2206 perverba
1547 2170 1671 2206 procacia
1684 2177 1789 2202 vocuo,

1094 2214 1192 2243 Cernat
1204 2219 1235 2243 ut
1247 2215 1350 2251 impleti
1362 2215 1470 2244 tandem
1479 2215 1638 2244 documenta
1652 2215 1759 2244 furoris.

1093 2260 1156 2288 Haec
1168 2260 1224 2288 fors
1235 2267 1311 2288 arma
1324 2260 1409 2295 dedit,
1420 2261 1503 2289 telum
1515 2261 1568 2289 hoc
1590 2262 1705 2290 volentis
1715 2261 1804 2296 adegit

1091 2306 1254 2342 Obsequium
1265 2305 1384 2342 pecudis,
1398 2307 1508 2334 vincens
1521 2306 1569 2335 sed
1581 2306 1694 2335 crimine
1707 2310 1807 2335 nostro.

1091 2351 1151 2385 Quo
1162 2351 1249 2386 major
1260 2351 1361 2380 fructus
1370 2352 1488 2386 sceleris,
1500 2357 1562 2381 tuus
1574 2352 1629 2387 ille,
1644 2353 1736 2389 tuique

1091 2397 1220 2432 Agminis,
1235 2397 1263 2425 iu
1277 2401 1375 2426 nostra:
1384 2398 1480 2426 solatia
1494 2398 1611 2427 concidit
1621 2399 1683 2432 inc,

1089 2443 1204 2472 Allectas
1216 2451 1350 2472 renovans
1360 2448 1453 2479 optato
1464 2445 1595 2480 sanguine
1607 2445 1688 2473 vires.

1089 2490 1214 2518 Protinus
1227 2490 1328 2519 accitos
1338 2498 1465 2526 proceres
1475 2491 1553 2527 jubet
1561 2492 1636 2521 ocius
1649 2500 1742 2521 omnes

1089 2535 1193 2564 Aﬁ'ectu
1204 2535 1285 2563 celeri
1298 2537 1491 2564 monachorum
1502 2537 1590 2565 visere
1602 2537 1696 2572 cellas,

1088 2581 1127 2609 Ne
1137 2581 1192 2609 fors
1204 2580 1307 2609 fallacis
1319 2581 1457 2610 mendacia
1468 2582 1549 2610 verba
1568 2582 1681 2612 latronis

1089 2626 1128 2654 De
1141 2626 1251 2662 proprio
1264 2625 1352 2654 saltim
1365 2626 1496 2655 dixissent
1507 2628 1621 2656 crimine
1634 2635 1728 2656 verum
1740 2636 1750 2657 :

1088 2671 1180 2706 Qualis
1190 2676 1346 2701 mmstorum
1358 2672 1444 2701 soleat
1452 2681 1505 2701 vox
1519 2681 1579 2702 esse
1589 2682 1708 2708 reorum,

1087 2717 1155 2746 Cum
1168 2717 1307 2753 plectenda
1320 2718 1388 2746 truci
1401 2718 1470 2747 clam
1483 2720 1532 2748 sub
1546 2724 1650 2748 tortore
1662 2719 1788 2748 fatentur.

1087 2763 1155 2791 Tum
1168 2763 1286 2792 referunt
1300 2764 1400 2793 nullum
1414 2766 1519 2801 penitus
1531 2766 1565 2793 dc
1578 2766 1703 2795 fratribus
1716 2765 1764 2795 illo
