4054 6182
294 285 435 345 Ιίὶὸΰ

288 396 503 468 Signari
529 392 746 458 indicio,
774 406 958 450 coram
985 404 1045 446 se
1071 390 1316 461 protinus
1341 400 1557 442 omnem

287 488 613 545 Sanctorum
639 498 947 541 numerasse
972 495 1210 550 gregem,
1240 478 1332 547 qui
1359 476 1571 531 clausus
1601 472 1728 527 ovili

287 579 587 634 Temnehat
612 576 852 633 rabidam
890 574 1233 630 frendentum
1262 570 1339 625 ‘ad
1367 571 1596 625 claustra
1625 567 1872 636 luporum

290 671 463 739 Quem
489 668 616 739 vigil
643 676 846 723 aeterno
881 665 1011 733 Regi
1041 663 1300 718 Martinus
1321 661 1518 715 alebat.

292 762 544 816 Attamen
573 766 792 827 accepta
820 754 1105 826 quemdam
1129 752 1375 808 mercede
1398 748 1700 821 profectum

294 850 365 907 Ut
390 850 633 921 plaustro
654 848 890 903 advectis
910 844 1220 917 prohiberet
1240 840 1436 910 frigora
1464 839 1642 908 lignis.

293 943 431 998 Huic
457 954 690 1013 propere
716 940 949 995 accurrit
978 936 1258 1003 Martinus,
1288 933 1529 1004 praecipit
1552 931 1699 985 illum

293 1034 431 1089 Tum
458 1032 665 1088 socium
694 1030 971 1085 monachis
991 1027 1077 1083 vel
1098 1042 1196 1097 per
1215 1024 1538 1081 commercia
1560 1022 1757 1077 factum

293 1122 539 1181 Confessi
562 1122 768 1177 insidiis
794 1120 1019 1177 credens
1042 1118 1277 1189 patuisse
1297 1114 1540 1170 latronis.

294 1216 407 1273 Nec
434 1230 586 1272 mora
607 1215 737 1286 quin
761 1227 999 1284 pmsens
1020 1211 1133 1280 jam
1158 1208 1466 1277 conjectura
1495 1205 1779 1277 probetur,

294 1308 631 1365 Seminecem
651 1305 852 1374 egressi
881 1318 987 1358 non
1013 1302 1174 1371 longe
1195 1316 1225 1354 a
1245 1299 1430 1353 limine
1450 1303 1677 1352 cernunt

296 1400 565 1455 Extrema
589 1397 859 1454 efflantem
880 1396 1132 1451 miserum
1162 1391 1454 1462 spiramina
1476 1390 1618 1444 vitae.

298 1492 393 1548 Ille
417 1500 593 1546 tamen
622 1488 771 1545 letho
798 1485 1108 1556 languentia
1134 1483 1337 1538 lumina
1367 1480 1584 1535 solvens

299 1583 404 1639 Vix
430 1579 769 1649 singultantis
796 1578 1021 1649 pmciso
1047 1587 1322 1629 murmure
1346 1572 1541 1640 lingua:

303 1673 537 1728 Attraxit
569 1679 784 1726 tenuem
805 1667 1019 1739 glaciali
1045 1682 1076 1720 a
1107 1672 1326 1735 pectore
1354 1677 1564 1726 vocem,

298 1764 552 1820 Vulneris
575 1775 853 1832 exponens
873 1773 1085 1816 causas:
1111 1771 1234 1811 nam
1263 1754 1403 1809 forte
1420 1752 1710 1823 juvencum

303 1858 439 1913 Dum
466 1855 704 1911 resoluta
732 1852 894 1908 arctis
921 1851 1256 1919 stringuntur
1282 1844 1496 1901 vincula
1517 1843 1649 1899 loris

304 1950 548 2006 Liberior
575 1945 785 2003 cervice
804 1958 941 2013 vaga
961 1942 1288 2011 dominoque
1309 1936 1528 1993 rebellis

303 2041 481 2097 Mollia
511 2047 749 2096 tartareo
774 2034 1134 2092 transfoderat
1169 2032 1385 2102 inguina
1414 2041 1608 2091 cornu;

302 2136 432 2204 Qua:
458 2141 746 2205 postquam
775 2129 1042 2201 exposuit,
1072 2141 1371 2198 pressoque
1399 2121 1667 2179 obmutuit
1691 2134 1807 2188 ore,

304 2228 441 2283 Tum
470 2227 669 2283 fessum
696 2223 844 2279 letho
871 2221 1053 2292 posuit
1078 2226 1260 2290 caput,
1288 2232 1491 2287 oraque
1514 2224 1570 2271 et
1597 2222 1745 2269 artus

306 2316 546 2374 Perfudit
573 2327 797 2372 croceus
819 2310 1032 2381 glaciali
1058 2323 1288 2380 corpore
1315 2307 1507 2378 pallor.

305 2412 421 2468 [loc
451 2410 557 2466 line
580 2406 820 2472 interiit;
851 2404 1008 2460 nobis
1039 2412 1222 2458 tamen
1246 2401 1336 2457 hic
1362 2414 1575 2471 quoque
1595 2398 1716 2455 finis

308 2500 521 2559 Martini
548 2497 783 2556 ostendit
803 2496 1077 2561 meritum,
1109 2494 1196 2549 cui
1225 2507 1385 2548 nosse
1408 2491 1583 2547 futura

307 2594 397 2649 Sic
414 2592 586 2659 licuit,
614 2588 743 2645 nihil
773 2595 832 2643 ut
857 2578 1073 2657 penitus
1098 2584 1367 2640 velamina
1396 2582 1576 2638 carnis

309 2681 608 2737 Tardarent
628 2678 861 2735 celerem
889 2684 1107 2731 terreno
1130 2673 1368 2745 pondere
1396 2680 1651 2727 mentem.

376 2771 445 2828 Et
466 2786 770 2842 quanquam
801 2768 1017 2824 nimium
1048 2766 1278 2822 mendax
1306 2773 1360 2821 et
1381 2763 1605 2821 callidus
1629 2763 1799 2817 hostis

309 2865 407 2923 Vel
433 2875 613 2933 tegere
640 2863 846 2918 insidiis
874 2860 1085 2917 fraudes
1104 2901 1120 2928 ,
1149 2858 1237 2914 vel
1260 2857 1447 2913 fallere
1475 2856 1661 2911 formis

311 2957 587 3020 Tentaret,
619 2955 814 3010 frustra
842 2954 956 3009 haec
984 2952 1144 3007 toties
1171 2949 1446 3004 molimina
1468 2947 1718 3019 perdens,

312 3049 488 3103 Ausus
517 3046 760 3102 ﬁctorum
790 3045 989 3100 formas
1016 3041 1269 3099 simulare
1289 3040 1533 3104 deorum,

312 3139 540 3206 Fingere
562 3145 615 3193 et
639 3136 868 3206 effigiem
892 3150 1121 3205 quorum
1151 3131 1385 3200 ﬁngebat
1408 3131 1686 3185 honorem.

313 3230 466 3285 Nunc
486 3227 635 3284 Jovis
663 3230 923 3283 incestam
953 3226 1162 3290 faciem,
1194 3222 1487 3291 Martisque
1516 3219 1773 3284 furorem,

315 3320 636 3376 Mercurium
660 3318 806 3373 falsis
835 3331 1032 3373 nexum
1056 3314 1279 3382 vestigia
1302 3312 1509 3383 pennis,

315 3411 543 3480 Forcipe
571 3408 887 3473 Vulcanum,
912 3407 1129 3463 chordis
1150 3405 1235 3460 vel
1255 3403 1467 3474 pectine
1490 3399 1771 3458 Phoebum,

317 3498 570 3569 Elligians
591 3498 781 3571 clypeo
810 3499 1048 3553 insanam
1077 3495 1358 3561 cristisque
1388 3491 1701 3553 Minervam,

313 3593 589 3647 Lascivam
620 3591 905 3653 Venerem,
929 3588 1258 3657 quatientem
1287 3584 1456 3637 lustra
1487 3580 1730 3641 Dianam,

313 3683 575 3739 lncestam
606 3680 789 3736 illicita
812 3678 1170 3734 thalamorum
1198 3675 1318 3743 lege
1352 3685 1616 3733 sororem,

312 3772 594 3828 Germana:
623 3778 678 3824 et
712 3784 907 3823 nomen
931 3766 1241 3837 perdentem
1272 3763 1494 3819 crimine
1517 3759 1716 3814 fratris.

314 3863 531 3918 Talibus
559 3868 834 3917 ostentans
857 3858 1062 3927 formis,
1085 3871 1162 3923 se,
1185 3855 1341 3925 digna
1369 3869 1587 3910 suorum

314 3954 498 4020 Facta,
524 3961 580 4008 et
607 3951 835 4007 mentito
863 3950 1015 4005 vultu
1038 3964 1133 4005 sua
1167 3948 1388 4003 crimina
1414 3944 1649 4015 prodens
1673 3962 1687 4008 ;

315 4046 664 4115 Nequaquam
686 4042 825 4097 elabi
849 4044 1043 4112 potuit,
1070 4039 1167 4095 sed
1196 4036 1382 4093 fraude
1412 4043 1620 4091 retecta

312 4135 558 4191 Perdidit
583 4134 766 4188 irrisus
788 4131 1065 4187 molimina
1094 4128 1287 4185 callida
1316 4128 1543 4190 dannon,

309 4226 513 4282 Efﬂans
534 4234 832 4281 extremum
867 4237 964 4295 per
984 4223 1146 4278 verba
1175 4219 1423 4291 procacia
1453 4219 1621 4282 virus,

310 4316 651 4387 lllrcsumque
669 4315 843 4369 virum
865 4314 1007 4368 vitiis
1028 4312 1116 4367 vel
1144 4323 1280 4366 voce
1307 4310 1598 4365 lacessens.

312 4408 446 4475 Qua:
466 4412 659 4461 cuncta
689 4404 913 4459 immoto
943 4401 1180 4457 tolerans
1204 4399 1462 4469 patientia
1483 4397 1654 4461 vultu,

313 4496 609 4551 Blanditias
638 4503 905 4561 temnens,
930 4492 1126 4563 probra
1155 4498 1210 4545 et
1237 4487 1479 4544 convicia
1503 4487 1704 4551 ridens,

315 4587 491 4657 Atque
539 4586 749 4641 hostem
799 4596 1094 4653 agnoscens
1141 4578 1394 4648 figmento
1444 4577 1497 4630 in
1538 4584 1768 4643 utroque
1807 4570 1906 4625 do-

1625 4667 1641 4739 [
1658 4666 1834 4720 losum

314 4765 551 4822 Crimine
580 4780 681 4821 nec
706 4763 827 4819 laedi
848 4763 1042 4833 potuit,
1076 4775 1173 4816 nec
1200 4759 1360 4816 laude
1389 4759 1618 4826 moveri,

318 4857 616 4913 Verborum
639 4855 832 4925 jaculis
854 4868 1133 4924 opponens
1168 4853 1320 4922 signa
1343 4852 1552 4918 salutis,

314 4944 376 5001 Et
402 4947 578 5003 crucis
604 4945 818 5015 obiectu
848 4943 1190 5013 confringens
1214 4944 1319 4997 tela
1340 4943 1588 5007 latronis,

314 5039 416 5105 Qui
437 5054 578 5107 saepe
603 5051 883 5107 aggressus
907 5035 1055 5090 duris
1083 5035 1170 5105 pia
1198 5035 1362 5089 corda
1383 5033 1620 5102 querelis

313 5128 513 5198 Impius
538 5129 817 5198 objectare
843 5127 935 5198 pio
972 5126 1189 5195 pietatis
1215 5140 1475 5193 amorem,

314 5219 453 5277 Proh
479 5221 665 5276 dolor!
700 5220 931 5277 audebat
953 5233 1137 5274 coram
1165 5219 1245 5273 sic
1268 5232 1403 5273 voce
1430 5216 1722 5280 resultans,

315 5311 564 5368 Testihus
586 5320 645 5366 ut
672 5311 855 5367 multis
880 5310 1065 5365 feralia
1097 5308 1241 5363 dicta
1278 5316 1541 5377 paterent.

316 5400 812 5468 Quare.ait.exosos
829 5400 1053 5457 Domino
1081 5398 1148 5471 (si
1178 5398 1402 5452 crimina
1439 5395 1685 5467 damnas)

316 5491 553 5562 Suscipis
582 5500 637 5548 et
664 5493 859 5547 vitium
880 5493 1124 5561 culpans,
1157 5490 1429 5545 consortia
1458 5489 1654 5559 quaeris

319 5581 670 5651 Pcccantum;
693 5584 873 5639 forsan
898 5584 1105 5638 lateant
1143 5588 1196 5636 te
1219 5580 1358 5635 facta
1385 5588 1621 5644 tuorum,

318 5673 542 5731 llortatu
573 5688 685 5731 tum
714 5675 855 5731 facta
884 5692 1025 5741 meo,
1053 5690 1173 5747 qua).
1199 5674 1429 5745 plurima
1454 5673 1603 5727 suasi

318 5767 380 5824 Et
402 5784 630 5840 quorum
658 5784 783 5840 pars
810 5785 999 5845 magna
1028 5771 1120 5836 fui,
1147 5770 1255 5841 qui,
1290 5782 1492 5840 quaaso,
1525 5759 1773 5835 probabit

609 5866 878 5926 PATROL.
926 5864 1090 5926 LXI.

1398 266 1486 326 DE
1526 264 1681 329 VlTA
1712 255 2068 329 S.MARTlNl
2109 265 2238 322 un.
2292 262 2376 320 ιιι.

1902 383 1953 443 Α
1973 376 2243 433 lnfensum
2270 377 2425 433 factis
2454 374 2729 431 hominem
2759 372 3076 431 facientibus
3096 372 3348 444 :nquumi

3401 248 3538 311 1034

2047 467 2143 522 Ille
2173 468 2268 533 ait,
2286 466 2521 535 Antiquo
2547 479 2775 534 serpens
2809 465 3044 519 distente
3069 478 3279 518 veneno

1977 557 2093 612 Non
2121 557 2237 612 haec
2263 556 2331 611 de
2351 557 2558 612 miseris
2586 556 2790 611 homini
2813 554 3079 610 sententia
3108 552 3305 609 Christi
3336 561 3418 607 est
3442 568 3457 607 :

1977 649 2077 716 Qui
2100 650 2146 704 si
2174 648 2313 711 finiri
2344 649 2557 719 culpam
2576 649 2742 717 videt,
2774 649 2956 717 abjicit
2986 649 3142 713 iram,

1978 741 2244 810 Tempora
2268 755 2378 795 non
2405 748 2647 795 statuens
2671 740 2841 809 culpae
2861 780 2876 804 ,
2904 739 3008 793 nisi
3038 748 3282 809 tempora
3305 750 3460 793 noxas
3480 771 3496 803 ,

1981 833 2056 887 Ne
2078 838 2333 886 maneant
2353 839 2578 900 peccata
2607 847 2852 895 monens,
2888 831 3035 885 finita
3074 832 3388 894 remittens,

1981 923 2123 978 Mitis
2156 922 2444 993 praeteritis
2471 922 2517 977 si
2537 923 2608 979 sit
2634 923 2903 992 correptio
2926 938 3183 992 przesens,

1982 1014 2239 1070 Errantes
2263 1030 2546 1078 revocans,
2578 1015 2843 1069 revocatis
2881 1016 3104 1069 crimina
3129 1015 3357 1078 donans,

1982 1106 2257 1163 Perversis
2280 1108 2511 1176 patiens,
2543 1106 2807 1170 clemens,
2842 1104 3188 1175 placidusque
3210 1104 3465 1165 reversis,

1983 1196 2104 1251 Vita
2131 1197 2428 1259 hominum,
2455 1211 2605 1250 mors
2630 1196 2930 1264 culparum,
2961 1195 3250 1249 miserator
3272 1203 3500 1263 utroque

1986 1286 2215 1342 Exilium
2245 1287 2470 1343 sceleris
2498 1301 2690 1342 causas
2713 1286 2866 1356 jubet
2893 1301 3013 1341 esse
3042 1285 3251 1340 salutis.

2056 1378 2167 1433 Nec
2187 1378 2528 1447 desperarem
2561 1378 2729 1433 fidens
2759 1377 3001 1432 bonitate
3021 1377 3269 1447 probata,

1989 1468 2142 1536 Quod
2168 1469 2413 1538 quamvis
2440 1463 2656 1523 vincant
2683 1477 2907 1524 cunctas
2936 1475 3025 1523 tua
3055 1468 3279 1524 crimina
3311 1479 3483 1523 noxas

1989 1560 2043 1614 Si
2067 1561 2355 1615 commissa
2384 1560 2473 1612 diu
2501 1560 2677 1613 saltim
2708 1559 2792 1613 vel
2820 1574 2942 1613 sero
2964 1558 3184 1614 doleres

1990 1649 2145 1715 Quod
2172 1660 2226 1704 te
2249 1650 2316 1704 de
2337 1651 2528 1705 mediis
2554 1658 2772 1720 raperet
2800 1650 3084 1705 clementia
3113 1647 3364 1704 flammis.

1918 1754 1965 1813 Β
1991 1738 2035 1793 Ο
2062 1740 2188 1794 felix
2215 1741 2406 1809 pietas,
2437 1748 2644 1794 tantum
2667 1740 2940 1795 conlidere
2967 1753 3294 1809 quemquam

1992 1830 2068 1884 De
2095 1830 2304 1884 Domini
2333 1831 2571 1885 bonitate
2592 1831 2706 1897 Dei,
2740 1838 2798 1884 ut
2826 1829 3095 1899 spondere
3118 1830 3350 1897 benigne

1993 1922 2201 1977 Audeat
2224 1923 2313 1976 illa
2338 1922 2497 1978 etiam
2520 1938 2637 1992 qua:
2666 1939 2775 1979 non
2802 1923 3065 1993 promissa
3091 1920 3310 1976 fatetur.

1993 2012 2129 2068 Dum
2158 2029 2420 2070 revocare
2445 2015 2618 2085 ipsum
2644 2023 2905 2070 consueto
2935 2029 2965 2068 a
2988 2014 3212 2069 crimine
3233 2018 3406 2067 tentat.

1993 2103 2241 2161 Criminis
2262 2113 2562 2172 auctorem,
2587 2113 2869 2177 peccatum
2898 2120 2928 2160 a
2950 2104 3135 2159 fomite
3157 2103 3357 2159 tollens

1996 2196 2063 2252 Et
2087 2199 2308 2269 stirpem
2333 2215 2557 2255 exosam
2587 2201 2760 2269 prima
2783 2199 2850 2253 ab
2878 2197 3058 2253 radice
3079 2196 3345 2253 recidens.

2068 2290 2179 2345 Sed
2200 2291 2453 2361 quoniam
2475 2291 2699 2346 crebros
2719 2298 2941 2345 cantare
2970 2290 3118 2344 enisa
3147 2288 3447 2358 triumphos

1996 2380 2269 2435 Murmura
2300 2389 2593 2436 tartarcum
2616 2380 2908 2448 tetigerunt
2929 2387 3113 2435 nostra
3144 2362 3450 2450 tyrannum,

2000 2471 2173 2541 Atque
2191 2472 2331 2526 inter
2357 2470 2545 2525 laudes
2574 2470 2760 2526 titulos
2781 2470 3045 2540 replicare
3072 2469 3321 2524 volentes

1998 2563 2269 2619 Bellorum
2292 2563 2489 2618 seriem
2518 2577 2713 2617 nomen
2742 2560 3113 2617 resonavimus
3140 2561 3330 2624 hostis,

1999 2654 2118 2711 Hoc
2163 2669 2380 2724 quoque
2431 2670 2592 2724 quem
2656 2653 2865 2710 dederit
2917 2652 3166 2709 Christus
3216 2666 3465 2709 sermone
3509 2651 3589 2709 lor-

3265 2745 3279 2818 [
3297 2759 3524 2815 quemur

2001 2837 2267 2907 Tempore
2291 2836 2435 2906 quod
2457 2845 2663 2905 gestum
2694 2837 2852 2893 valde
2880 2838 3139 2891 miramur
3164 2836 3219 2891 in
3238 2835 3352 2890 illo.

2001 2930 2326 2985 Sanctorum
2353 2928 2623 2998 quondam
2657 2930 2819 2984 sociis
2846 2929 3150 2997 Christique
3177 2926 3433 2982 ministris

2001 3023 2258 3093 Adjectus
2278 3022 2490 3091 juvenis
2519 3021 2767 3090 factoque
2788 3029 2841 3075 et
2863 3020 3081 3074 nomine
3103 3018 3316 3087 Clarus,

1933 3129 1978 3193 ο
2009 3113 2160 3169 Haud
2190 3112 2378 3183 procul
2409 3126 2440 3165 a
2461 3119 2649 3166 sancto
2678 3109 2869 3165 cellam
2896 3110 3121 3165 doctore
3149 3110 3375 3164 locarat.

2006 3205 2325 3260 Adsciscens
2353 3203 2537 3273 plures
2558 3204 2661 3257 ista
2689 3203 2756 3256 ad
2779 3204 3053 3258 consortia
3083 3201 3294 3265 fratres,

2012 3295 2079 3350 Ut
2107 3295 2378 3349 modulata
2399 3293 2501 3363 piis
2529 3293 2848 3364 symphonia
2870 3293 3125 3363 psalleret
3148 3292 3379 3363 hymnis,

2005 3385 2249 3441 Concors
2268 3385 2529 3439 connexis
2551 3394 2832 3440 resonaret
2868 3384 3037 3453 gloria
3058 3385 3273 3453 linguis.

2007 3477 2280 3532 Subdolus
2308 3477 2450 3531 hunc
2472 3475 2741 3545 quondam
2767 3474 2980 3544 juvenis
3006 3476 3361 3545 simulataque
3386 3482 3599 3545 gestans

2007 3566 2332 3636 Compositis
2353 3564 2605 3635 figmenta
2629 3565 2787 3631 dolis,
2819 3567 3074 3620 mentitus
3096 3575 3151 3621 ct
3171 3578 3386 3622 omnem

2010 3660 2241 3715 lnsontis
2268 3659 2503 3727 speciem
2526 3658 2773 3712 monachi
2804 3658 2902 3711 sub
2932 3659 3149 3712 nomine
3176 3657 3387 3724 fallens,

2010 3748 2243 3819 Expetiit
2264 3748 2361 3802 sub
2386 3757 2537 3802 veste
2559 3748 2737 3801 ovium
2760 3746 2856 3801 sed
2879 3755 3059 3801 mente
3092 3748 3337 3817 luporum
3353 3790 3366 3812 ,

2009 3838 2233 3910 Spirans
2255 3838 2532 3907 antiquum
2561 3836 2751 3892 vitiato
2780 3845 3002 3906 pectore
3032 3838 3194 3891 virus.

2010 3929 2089 3985 Ac
2110 3930 2340 4000 primum
2368 3927 2570 3983 sanctis
2598 3927 2683 3981 vel
2712 3927 2829 3982 solo
2859 3942 3090 3997 corpore
3116 3929 3313 3983 mixtus

2012 4021 2324 4077 Communis
2344 4019 2467 4073 vita:
2495 4018 2732 4088 speciem
2753 4018 3033 4073 simulator
3059 4019 3272 4089 agebat.

2010 4113 2141 4167 Post
2160 4126 2280 4168 sese
2302 4110 2557 4180 angelicis
2576 4109 2765 4163 solitus
2789 4108 2996 4178 jactare
3019 4109 3272 4178 loquelis,

2012 4203 2282 4257 Fallacem
2308 4201 2576 4256 extulerat
2606 4215 2740 4254 vana
2769 4200 2836 4255 ad
2867 4198 3078 4269 fastigia
3104 4208 3363 4257 mentem.

2014 4295 2221 4350 Celsius
2250 4293 2377 4348 elati
2406 4307 2629 4347 casurus
2658 4291 2891 4347 culmine
2911 4291 3103 4347 cordis.

2015 4386 2155 4453 Quin
2183 4395 2239 4441 et
2260 4385 2517 4455 prodigiis
2546 4383 2781 4440 suadens
2807 4383 3017 4438 incauta
3048 4384 3224 4451 coegit

1937 4506 1989 4564 ι)
2011 4478 2206 4543 Corda,
2238 4478 2385 4533 velut
2414 4477 2621 4533 meritis
2637 4476 2749 4546 jam
2780 4491 2878 4546 per
2904 4477 3228 4530 documenta
3259 4477 3502 4546 probatis

2016 4567 2121 4623 Pro
2146 4568 2355 4624 levibus
2374 4568 2542 4638 signis
2563 4566 2778 4620 tumidis
2807 4566 2928 4635 plus
2954 4565 3175 4621 credere
3195 4568 3391 4623 verbis.

2014 4660 2187 4731 Ipsius
2208 4661 2475 4717 interdum
2496 4670 2617 4715 sese
2641 4658 2851 4728 jactare
2871 4658 3083 4714 solebat

2019 4757 2267 4828 Alloquio
2287 4754 2519 4821 Domini,
2539 4762 2791 4822 tanquam
2822 4752 2866 4811 si
2887 4753 3079 4808 creber
3106 4752 3173 4807 ad
3196 4752 3345 4808 illum

2017 4849 2245 4906 Nuntius
2274 4846 2485 4902 assidue
2510 4844 2715 4901 caelesti
2744 4859 2774 4898 a
2805 4844 2932 4900 sede
2962 4843 3210 4914 referret,

2017 4939 2320 4997 Ostendehs
2342 4950 2591 5006 magnum
2624 4936 2773 4991 socio
2796 4949 3046 4991 sermone
3076 4936 3338 4993 fa‘vorem.

2018 5032 2127 5087 Nec
2152 5028 2327 5083 timuit
2353 5028 2557 5084 sanctis
2585 5035 2757 5083 semet
2779 5027 3026 5083 conferre
3053 5030 3331 5099 prophetis

2016 5121 2238 5192 Spirans
2267 5118 2471 5173 fallacis
2497 5118 2777 5173 mendacia
2806 5119 2970 5173 verba
2991 5119 3235 5175 latronis.

2014 5212 2243 5282 Jamque
2271 5210 2407 5265 adeo
2431 5210 2612 5280 plures
2640 5208 2886 5265 confictis
2914 5210 3138 5265 credere
3158 5211 3337 5266 verbis

2016 5304 2324 5374 impulerat,
2353 5300 2501 5355 solus
2526 5301 2796 5355 constanti
2823 5309 3045 5371 pectore
3072 5299 3261 5355 Clarus

2019 5392 2277 5464 Reppulit
2301 5407 2332 5445 a
2363 5398 2550 5446 sancto
2583 5390 2794 5445 fallacia
2822 5406 3094 5445 murmura
3118 5403 3299 5444 sensu.

2018 5489 2085 5544 Et
2121 5487 2367 5559 quamvis
2390 5486 2600 5541 Domini
2630 5486 2861 5541 furiosus
2883 5485 3105 5553 ﬁngeret
3133 5483 3288 5549 iram,

2019 5582 2129 5637 Nec
2159 5590 2366 5636 terrere
2396 5594 2612 5649 gravem
2638 5579 2833 5649 potuit,
2869 5593 2968 5631 nec
2996 5574 3183 5629 fallere
3206 5585 3444 5629 cautum.

2017 5672 2300 5743 Spondens
2329 5673 2582 5727 virtutem
2614 5687 2712 5741 per
2739 5670 2965 5740 plurima
2994 5668 3144 5736 signa
3182 5667 3533 5738 probandam.

2019 5765 2257 5835 Namque
2281 5772 2337 5820 ut
2364 5762 2619 5837 deceptas
2642 5770 2896 5834 caperent
2918 5760 3173 5817 miracula
3200 5769 3433 5827 mentes,

3170 5851 3247 5911 33
