4066 6192
528 263 664 317 1055

518 371 736 427 Talibus
764 370 1023 425 attonitos
1058 369 1227 425 voluit
1260 368 1589 425 confundere
1616 370 1791 425 dictis.

517 461 648 525 Hac,
678 463 916 532 inquam,
938 476 1026 518 me
1050 470 1207 517 nocte
1232 462 1371 515 Deus
1395 462 1485 531 (ne
1505 476 1642 514 vana
1666 470 1884 531 putetur

513 552 717 620 Gratia,
740 569 901 624 quam
927 555 1128 609 meritis
1157 554 1323 608 voluit
1344 553 1634 607 decernere
1659 554 1875 621 nostris)

514 644 763 701 lndutum
793 646 959 700 nivea:
986 646 1206 700 donabit
1234 645 1431 700 vellere
1460 646 1641 700 vestis.

515 734 640 790 Haec
670 736 862 790 vestris
891 750 1011 789 cum
1043 737 1184 789 dona
1205 736 1372 790 oculis
1401 734 1677 789 manifesta
1708 735 1985 804 patebunt,
2030 730 2047 748 ⁹

515 824 722 889 Saltim,
755 826 799 879 si
822 825 977 880 dictis
1005 824 1258 882 dubitatis
1281 824 1518 882 credere.
1549 824 1677 880 visis

516 916 748 981 Credite,
778 922 832 969 et
861 923 1134 984 aspectum
1164 914 1301 969 facili
1336 914 1544 967 laudate
1572 913 1774 967 favore.

586 1002 721 1057 Cum
744 1017 871 1057 vero
900 1002 965 1056 ad
997 1010 1197 1056 tantum
1220 1003 1343 1075 vigil
1371 1003 1700 1070 exspectatio
1726 1010 2024 1057 monstrum

515 1092 740 1147 Cursum
769 1091 1036 1161 praedictae
1058 1092 1309 1146 novitatis
1334 1100 1582 1159 pergeret
1601 1092 1752 1154 ordo,

514 1182 653 1237 Ecce
683 1191 859 1237 autem
884 1182 1073 1236 medize
1096 1180 1206 1249 jam
1232 1181 1397 1235 ferme
1428 1190 1665 1250 tempore
1693 1182 1863 1236 noctis

515 1271 631 1337 Quo
659 1271 995 1328 divisadiem
1028 1286 1131 1325 non
1163 1271 1319 1337 longe
1348 1279 1586 1339 aspectat
1616 1279 1915 1339 utrumque,

516 1360 766 1415 Proxima
795 1368 1041 1424 venturo,
1072 1374 1171 1414 nec
1201 1361 1422 1413 multum
1454 1370 1629 1413 amota
1662 1359 1872 1426 relicto,

515 1445 783 1503 Concussa
807 1450 1082 1502 intremuit
1106 1450 1284 1512 tellus,
1316 1448 1490 1516 fragor
1518 1448 1747 1518 undique
1778 1458 1957 1504 vastus

516 1535 851 1592 llorrendum
880 1536 1110 1593 intonuit
1134 1540 1369 1595 tenebris
1390 1548 1445 1593 et
1471 1541 1655 1594 tetrior
1677 1540 1813 1608 ignis

516 1626 785 1697 Lampade
816 1630 1036 1684 terribili
1064 1631 1286 1685 mentita
1317 1640 1371 1685 et
1392 1631 1505 1686 luce
1532 1632 1767 1686 micavit.

516 1718 807 1774 Torrentur
832 1721 949 1775 visu
977 1722 1153 1776 subito
1183 1722 1498 1791 trepidantia
1521 1723 1700 1777 corda.

585 1807 834 1864 Protinus
855 1825 982 1879 ergo
1011 1811 1188 1866 alacer
1214 1827 1569 1881 successuque
1597 1813 1773 1867 acrior
1800 1812 1915 1882 ipso

516 1897 634 1964 Quo
658 1900 735 1959 sic
764 1901 1029 1969 praedictae
1059 1901 1256 1955 fraudis
1294 1912 1631 1971 processerat
1659 1903 1814 1968 ordo,

516 1988 860 2058 Tangendum
883 1992 1090 2046 cuidam
1120 1995 1292 2049 vellus
1319 1995 1465 2049 dedit
1492 2004 1651 2064 atque
1680 1995 1985 2051 videndum.

515 2078 615 2146 Qui
645 2082 781 2135 citus
805 2083 995 2137 accivit
1018 2084 1253 2152 reliquos
1280 2101 1348 2139 ne
1376 2085 1581 2140 falleret
1608 2101 1774 2139 unum

515 2170 809 2239 Compositi
840 2188 977 2227 nova
1009 2172 1177 2227 forma
1204 2173 1312 2228 doli
1346 2192 1358 2226 :
1391 2183 1645 2244 stupuere
1672 2175 1851 2229 vocati

514 2260 824 2316 Comminus
851 2263 1109 2331 insignem
1139 2265 1371 2320 candore
1399 2275 1454 2320 et
1481 2267 1683 2321 murice
1713 2276 1935 2330 vestem,

512 2352 755 2423 Extaque
774 2356 1019 2411 sollicitis
1040 2357 1229 2411 blande
1256 2357 1498 2412 cedentia
1527 2359 1749 2422 dextris,

513 2442 689 2497 Mollia
716 2444 839 2499 dum
868 2448 1042 2501 tenuis
1069 2460 1387 2516 percurrunt
1407 2450 1632 2503 stamina
1662 2450 1809 2515 telte,

512 2532 621 2586 Nec
651 2543 825 2588 tamen
853 2537 1066 2602 agnosci
1096 2545 1307 2605 poterat
1334 2552 1440 2605 quo
1470 2538 1668 2591 vellere
1694 2537 1883 2591 ductus

511 2618 763 2685 Quamvis
791 2622 1038 2677 admotus
1063 2634 1302 2693 pr0pter,
1334 2625 1557 2692 fulgeret
1585 2626 1833 2691 amictus,
1912 2674 1923 2681 .

509 2705 616 2761 Sed
643 2710 801 2763 vestis
826 2710 937 2763 visa
960 2719 1202 2779 aspectu,
1233 2712 1316 2766 vel
1343 2712 1546 2767 credita
1576 2722 1721 2769 tactu

508 2796 823 2868 Susceptam
847 2802 1017 2855 tenuit
1046 2805 1274 2857 mendax
1304 2804 1354 2857 in
1385 2811 1612 2873 utroque
1643 2806 1882 2874 figuram.

508 2887 643 2944 Tum
667 2891 855 2947 Clarus
879 2902 1101 2949 cunctos
1124 2896 1341 2950 hortatu
1371 2910 1559 2964 urgere
1581 2898 1809 2964 sodales,

508 2980 575 3035 Ut
604 2991 709 3037 tam
739 2986 979 3041 confusis
1010 3002 1107 3056 per
1134 2997 1371 3043 monstra
1404 2989 1635 3057 iugentia
1668 2993 1827 3047 rebus

1647 262 1705 315 Β.
1750 261 2018 319 PAULINI
2059 261 2667 323 PETRICORDIENSlS

3655 270 3789 323 i056

2126 376 2179 434 Α
2204 373 2442 444 Equora
2471 378 2724 449 dispersis
2752 381 2985 450 produnt
3013 384 3208 438 nudata
3242 384 3494 440 tenebris.

2200 464 2315 521 Hoc
2342 482 2555 537 quoque
2582 479 2767 526 sancte
2788 473 2932 527 cruci
2959 473 3186 530 Martine
3212 472 3368 544 aliige
3395 483 3660 542 tropteum

2200 554 2319 622 Quo
2349 558 2549 628 spolias
2569 574 2767 615 saevum
2796 561 3041 618 simulata
3067 573 3215 620 veste
3245 572 3529 635 tyrannum

2200 644 2462 703 Scindens
2492 650 2651 705 aeria:
2679 652 2953 709 mendacia
2980 654 3211 722 tegmina
3243 655 3383 719 telae,

2199 736 2586 806 Disjieiensque
2605 755 2748 795 cava:
2762 739 3022 798 ﬂuitantia
3042 745 3239 799 vellera
3271 746 3443 799 nubis.

2269 824 2315 879 0
2339 842 2607 897 nunquam
2634 845 2846 887 cessure
2874 833 3043 902 furor,
3075 850 3358 890 rursumne
3383 837 3619 903 resurgis

2200 913 2372 971 Elisus
2394 920 2570 986 toties,
2603 923 2760 977 toties
2787 925 3064 978 conamina
3092 926 3320 994 perdens

2196 1005 2374 1073 lrruis,
2409 1020 2571 1079 atque
2594 1028 2772 1078 ruens,
2806 1029 2905 1069 nec
2928 1014 3086 1069 finem
3112 1017 3333 1071 audacia
3355 1018 3524 1086 ponit,

2196 1094 2305 1151 Nec
2333 1106 2513 1153 votum
2539 1117 2819 1159 successus
2846 1105 2994 1173 agit?
3019 1104 3588 1176 Tune.impie,vultum

2196 1186 2405 1243 Mentiri
2435 1190 2663 1258 Domini,
2689 1197 2925 1252 tenebris
2952 1206 3007 1251 et
3033 1197 3215 1253 fallere
3244 1199 3417 1254 lucem

2196 1281 2439 1348 Conaris,
2463 1285 2555 1339 tali
2584 1296 2641 1340 ut
2668 1290 2843 1357 specie
2871 1289 3127 1345 deludere
3151 1300 3393 1345 sanctum

2194 1368 2518 1441 Compositis
2545 1377 2715 1444 possit
2741 1392 2932 1434 vecors
2961 1380 3163 1435 insania
3195 1379 3399 1443 formis,

2196 1460 2418 1531 Spiraus
2446 1474 2740 1521 extremum
2764 1484 3067 1537 quanquam
3089 1472 3205 1525 sine
3231 1471 3448 1525 vulnere
3479 1472 3640 1533 virus,

2194 1551 2415 1609 Effetam
2444 1566 2499 1610 et
2524 1559 2725 1614 rabiem
2755 1563 2919 1616 cassis
2941 1563 3052 1632 jam
3082 1564 3302 1619 rictibus
3326 1562 3539 1628 emans,

2193 1642 2309 1698 Non
2335 1655 2624 1712 penetrans
2648 1665 2839 1719 purum
2866 1658 3000 1705 tetra
3027 1652 3251 1720 caligine
3278 1667 3490 1707 sensum
3507 1692 3521 1714 ,

2125 1743 2171 1801 Β
2197 1734 2273 1789 Ne
2302 1735 2552 1791 claudant
2580 1755 2762 1794 verum
2798 1742 3111 1797 nebularum
3140 1742 3447 1797 umbracula
3475 1740 3661 1795 solem.

2198 1825 2266 1881 Et
2293 1831 2534 1898 quamvis
2555 1841 2703 1888 ostro
2724 1834 2955 1899 radians,
2985 1836 3313 1904 gemmisque
3340 1849 3627 1889 coruscans

2198 1918 2507 1978 Subdideris
2528 1924 2741 1979 rutilum
2764 1926 2959 1995 plantis
2982 1927 3323 1982 mendacibus
3350 1941 3556 1989 aurum,

2197 2008 2495 2069 lnsimilans
2521 2030 2705 2070 verum
2731 2016 2865 2073 falso
2887 2017 3189 2072 diademate
3210 2030 3413 2085 regem,

2197 2100 2339 2157 Proh
2370 2103 2557 2159 dolor!
2590 2113 2847 2160 aeternum
2877 2107 3113 2162 clamans
3142 2116 3213 2171 te,
3254 2104 3475 2176 perﬁde,
3502 2101 3764 2159 Christum

2197 2190 2267 2246 Ut
2290 2194 2465 2248 velata
2487 2196 2577 2264 pio
2602 2196 2701 2250 sub
2730 2199 2943 2252 nomine
2970 2196 3106 2252 forte
3133 2198 3325 2251 lateret

2195 2282 2442 2354 Impietas
2470 2286 2689 2341 mentita
2719 2286 2884 2341 Deum
2914 2302 3134 2342 suasura
3162 2288 3377 2341 beatum

2194 2371 2425 2429 Credere
2444 2376 2686 2431 mendaci
2708 2378 2885 2445 specie
2906 2378 3003 2431 sub
3030 2377 3245 2431 nomine
3272 2375 3488 2439 Christi,

2194 2461 2260 2516 Et
2290 2479 2512 2521 curvare
2537 2467 2654 2535 pios
2683 2466 2736 2520 in
2762 2468 3020 2521 honorem
3042 2467 3298 2522 daemonis
3319 2476 3484 2530 artus,

2193 2551 2519 2623 Sacrilegum
2548 2565 2606 2611 ut
2633 2556 2850 2623 iaceret,
2884 2559 3031 2614 nefas
3058 2560 3181 2623 heu,
3212 2558 3409 2614 credita
3432 2565 3669 2610 sanctum

2194 2642 2439 2713 Relligio,
2462 2659 2526 2701 ac
2555 2646 2675 2702 fidei
2696 2650 2898 2704 meritis
2927 2650 3192 2705 credendo
3221 2658 3451 2715 careret,

2192 2731 2259 2786 Et
2283 2734 2419 2789 male
2448 2735 2692 2791 tradendi
2720 2737 2924 2795 fallacia
2954 2740 3109 2809 pocla
3139 2741 3330 2795 veneni

2190 2821 2445 2878 Occulere
2475 2834 2530 2879 ut
2558 2826 2610 2880 in
2641 2827 2841 2882 dolium
2870 2829 3041 2887 mellis
3079 2830 3359 2885 dulcedine
3385 2845 3623 2894 succum,

2188 2909 2390 2978 Ignaris
2417 2914 2531 2970 hzec
2557 2915 2713 2970 tende
2740 2918 2948 2985 animis,
2980 2919 3257 2990 tyronibus
3285 2920 3412 2973 iStas

2188 3001 2412 3058 Insidias
2431 3005 2619 3061 molire
2646 3008 2793 3072 viris,
2822 3010 2912 3078 qui
2934 3011 3152 3066 classica
3175 3013 3406 3068 nondum

503 3073 583 3126 Ad
613 3074 896 3130 Dominum
922 3078 1171 3147 precibus
1198 3079 1440 3143 redeant,
1473 3081 1596 3148 quia
1628 3083 1855 3150 prodere
1882 3083 2031 3140 solus
2111 3117 2156 3179 C
2189 3088 2387 3147 Bellica
2412 3094 2704 3164 inexpertis
2736 3073 2943 3153 tentant
2968 3101 3295 3170 prmcludere
3325 3104 3466 3158 telis.

500 3163 752 3220 Olitectos
779 3176 940 3236 queat
968 3169 1055 3222 ille
1085 3170 1258 3233 dolos,
1290 3170 1634 3240 fraudemque
1659 3173 1880 3230 latronis

498 3255 540 3307 E
570 3258 803 3311 tenebris
834 3259 1072 3327 proferre
1094 3261 1222 3312 suis.
1252 3260 1392 3328 Vigil
1412 3263 1563 3317 ocius
1592 3279 1781 3319 omnes

498 3343 674 3397 Turba
698 3344 762 3397 ad
792 3356 1079 3400 consuetos
1108 3348 1469 3402 modulamina
1491 3351 1663 3404 dulcia
1687 3354 1921 3422 psalmos

497 3432 745 3496 Advolat,
777 3440 829 3488 et
855 3436 1055 3489 sanctis
1084 3437 1274 3491 solatia
1302 3440 1488 3505 qumrit
1516 3441 1567 3493 in
1596 3441 1824 3511 hymnis,

494 3521 623 3587 Qure
654 3524 854 3592 pellant
876 3538 1068 3592 segnes
1090 3534 1339 3595 vegetato
1367 3543 1594 3598 corpore
1622 3547 1863 3601 somnos,

492 3613 746 3669 Cantibus
768 3623 822 3669 et
850 3615 1016 3669 sacris
1046 3625 1307 3670 nocturna
1336 3618 1546 3673 silentia
1575 3620 1810 3676 vincant.

490 3703 795 3759 Succedunt
824 3706 1039 3773 psalmis
1069 3707 1332 3777 lacrymte,
1365 3711 1591 3780 suspiria
1621 3713 1763 3779 voci,

488 3792 597 3847 Cor
617 3796 870 3849 clamatsi
902 3795 1076 3863 lingua
1107 3805 1265 3863 tacet,
1301 3802 1637 3855 connectitur
1665 3818 1825 3859 omne

490 3884 547 3936 ιιι
580 3885 786 3957 laudem
816 3886 1026 3942 Domini
1048 3896 1257 3958 tempus
1282 3890 1399 3944 vice
1429 3893 1624 3946 mentis
1653 3903 1706 3948 et
1726 3896 1854 3950 oris.

560 3974 765 4030 Interea
800 3983 857 4029 ttt
885 3978 1112 4045 primum
1145 3980 1391 4033 tenebras
1421 3997 1697 4036 rarescere
1730 3987 1902 4040 noctis

486 4065 670 4119 Vicina
695 4067 804 4135 jam
833 4068 950 4122 luce
986 4068 1185 4133 vident,
1216 4085 1337 4123 eum
1366 4074 1560 4139 prmvia
1591 4076 1761 4129 solem

484 4156 704 4210 Nuntiat
732 4165 1011 4225 acceptum
1040 4172 1296 4226 spargens
1323 4175 1515 4214 aurora
1545 4164 1816 4231 ruborem,

482 4246 552 4299 Et
579 4262 772 4301 croceo
803 4245 1080 4299 obnubens
1110 4246 1361 4314 pallentia
1389 4250 1561 4305 sidera
1591 4252 1709 4307 fuco
1743 4271 1756 4307 :

482 4334 869 4405 Comprensum
895 4333 963 4390 ad
990 4338 1160 4391 sancti
1185 4346 1393 4393 certant
1423 4343 1713 4410 perducere
1732 4348 1920 4404 cellam

483 4425 716 4492 Martini,
741 4434 801 4479 ut
830 4425 1043 4481 tandem
1070 4428 1293 4497 disiecta
1325 4432 1463 4486 nube
1494 4433 1704 4502 fugatus

485 4515 744 4571 Perderet
772 4516 966 4584 ingenii
995 4516 1202 4573 daemon
1231 4518 1483 4587 figmenta
1512 4524 1706 4591 dolosi,

480 4605 724 4680 Prodeas
749 4605 1013 4662 detectam
1038 4616 1186 4664 tanto
1209 4611 1307 4665 sub
1331 4610 1511 4680 judice
1533 4615 1789 4671 fraudem.

480 4695 577 4748 Ast
604 4695 693 4749 il'le
722 4696 969 4751 obnitens
992 4696 1210 4767 jamjam
1240 4703 1489 4770 prepiore
1517 4706 1719 4773 periclo

478 4786 747 4853 Abnuere,
773 4794 827 4840 et
853 4798 1066 4841 sanctas
1096 4799 1416 4858 praesentum
1445 4795 1674 4850 evadere
1700 4799 1917 4856 dextras

475 4875 729 4929 Certabat
754 4890 935 4945 gressu
957 4878 1165 4945 sistens,
1195 4889 1250 4934 et
1277 4898 1409 4937 voce
1436 4885 1709 4955 resistens,

474 4965 727 5021 Clamans
748 4966 815 5020 ad
837 4968 1005 5022 sancti
1036 4971 1255 5024 vetitam
1283 4988 1340 5027 se
1362 4976 1620 5031 accedere
1641 4980 1830 5035 ecllam

476 5057 709 5124 Martini,
741 5067 901 5127 atque
931 5060 1069 5113 illam
1099 5063 1336 5130 proferre
1366 5081 1395 5118 a
1428 5066 1606 5122 limine
1630 5080 1850 5127 vestem.

475 5146 607 5200 Tum
636 5163 765 5203 vero
792 5149 1059 5213 insistunt,
1090 5152 1261 5220 prodit
1304 5157 1585 5224 trepidatio
1616 5159 1873 5231 fraulcm,

474 5234 918 5306 Compositosque
946 5239 1099 5293 dilos
1126 5240 1331 5309 pallens
1360 5245 1564 5313 ignavia
1595 5250 1795 5318 pandit.

475 5325 671 5380 Vanuit
701 5326 753 5380 in
781 5328 1026 5382 manibus
1051 5340 1395 5398 prensantum
1426 5339 1587 5393 vestis
1617 5340 1821 5409 imago,

474 5417 828 5488 Attentosque
860 5420 1046 5475 oculos
1071 5422 1278 5491 species
1305 5426 1506 5497 dilapsa
1536 5432 1767 5503 reliquit.

474 5505 716 5571 Qualiter
744 5508 917 5563 aereis
952 5510 1264 5567 nebularum
1298 5516 1491 5573 vellera
1525 5520 1624 5577 filis

475 5596 604 5661 Quae
634 5606 815 5653 texere
843 5614 1000 5654 cavas
1021 5604 1245 5658 mentito
1272 5608 1478 5675 gurgite
1507 5612 1670 5669 valles

477 5685 611 5741 Cum
639 5703 827 5758 purum
855 5689 1052 5747 nitidus
1080 5692 1159 5749 sol
1187 5694 1345 5752 altius
1373 5698 1529 5771 erigit
1564 5704 1767 5776 orbem,

2185 3180 2254 3235 At
2281 3184 2370 3252 qui
2401 3200 2506 3239 non
2536 3186 2753 3242 rudibus
2780 3200 2961 3246 suetus
2984 3192 3177 3247 sudare
3202 3195 3300 3248 sub
3330 3198 3509 3250 armis.

2182 3274 2453 3345 Signaque
2482 3286 2743 3346 prmtento
2773 3279 2947 3336 felicia
2976 3283 3222 3340 claudere
3249 3287 3407 3352 vallo,

2181 3364 2448 3422 Emeritos
2477 3368 2616 3423 celat
2644 3372 2945 3427 veneranda
2974 3376 3179 3430 casside
3207 3392 3390 3441 cauos,

2180 3452 2367 3509 Omnia
2395 3471 2513 3526 quae
2541 3458 2709 3513 multo
2738 3458 2926 3515 doctus
2950 3465 3259 3531 praeeaverit
3284 3480 3400 3528 usu,

2179 3544 2419 3602 Sollicite
2440 3549 2684 3617 explorat
2712 3565 2830 3619 quze
2858 3553 2964 3606 sint
2994 3554 3110 3609 loca
3141 3555 3242 3610 tida
3264 3557 3515 3627 parandis

2178 3637 2408 3706 lnsidiis,
2440 3642 2521 3695 vel
2546 3656 2663 3710 qua:
2691 3659 2900 3699 rursum
2929 3658 3175 3716 suspecta
3198 3651 3470 3715 cavendis,

2176 3726 2295 3791 Quo
2321 3728 2564 3799 clypeum
2593 3742 2745 3801 regat
2770 3734 3003 3803 ingenio,
3031 3753 3139 3807 quo
3169 3740 3378 3795 turbine
3400 3742 3584 3807 telum,

2176 3818 2277 3884 Qui
2307 3834 2487 3888 regem
2518 3827 2734 3894 capiant
2760 3829 2919 3894 tituli,
2951 3845 3067 3900 quae
3094 3834 3315 3889 crimina
3346 3836 3532 3892 ltedant
3560 3857 3572 3891 :

2174 3909 2265 3963 llle
2287 3910 2358 3963 ita
2387 3916 2655 3968 constanti
2685 3927 2877 3973 cuncta
2902 3922 3163 3987 gravitate
3192 3926 3406 3980 resistet

2174 3998 2401 4066 lnsidiis,
2432 4010 2688 4073 tantaque
2717 4006 2871 4063 dolos
2900 4012 3109 4067 ratione
3134 4017 3363 4081 cavebit,

2171 4086 2249 4142 Ne
2278 4088 2461 4145 fraude
2490 4091 2687 4149 efficiat
2712 4095 2910 4153 fractus
2933 4100 3268 4161 conﬂictibus
3293 4107 3482 4176 hostis,

2172 4177 2328 4245 Quod
2356 4182 2555 4239 virtute
2585 4188 2795 4256 nequit;
2829 4191 2922 4245 tali
2948 4200 3058 4247 tum
3086 4197 3282 4251 robore
3309 4198 3507 4257 florens

2170 4269 2428 4329 Martinus
2454 4273 2686 4333 bellator
2713 4289 2832 4334 erat
2863 4285 2983 4338 cuin
3013 4286 3234 4343 classica
3263 4288 3461 4345 Christi

2172 4361 2505 4422 Submerent
2525 4368 2734 4437 penitus
2790 4372 2957 4429 vitiati
2985 4377 3207 4433 crimina
3235 4380 3439 4436 mundi.

2092 4489 2144 4547 D
2170 4452 2401 4547 Moverat
2422 4457 2510 4512 ille
2531 4460 2613 4513 sui
2641 4460 2849 4529 signum
2878 4465 3190 4534 dignoscere
3212 4468 3394 4539 Regis,

2166 4541 2232 4595 Et
2260 4546 2468 4602 calcare
2495 4548 2626 4605 istas
2652 4553 2889 4608 crucifixi
2910 4558 3125 4612 nomine
3145 4574 3387 4630 pompas.

2168 4632 2248 4687 Tu
2275 4636 2435 4691 modo
2460 4654 2729 4710 purpureo
2752 4644 3019 4701 Christum
3049 4651 3291 4707 mentiris
3311 4655 3510 4710 amictu

2164 4725 2338 4793 Atque
2359 4742 2491 4782 auro
2513 4737 2568 4783 et
2590 4734 2814 4799 gemmis
2832 4738 3112 4806 peregrino
3135 4742 3362 4799 stamine
3388 4760 3567 4799 serum

2164 4812 2314 4870 lianc
2339 4819 2571 4887 speciem
2600 4837 2850 4892 exornas,
2882 4829 3044 4883 miser
3082 4831 3206 4899 heu,
3238 4848 3339 4889 nec
3366 4834 3548 4892 fallere
3575 4834 3727 4892 nosti.

2162 4902 2252 4959 Sic
2277 4906 2526 4965 frustrata
2552 4913 2654 4967 tuis
2684 4917 2842 4973 toties
2869 4919 3144 4976 molimina
3174 4924 3402 4993 perdens

2165 4996 2434 5068 Consiliis,
2464 5019 2647 5060 rursus
2672 5016 2861 5064 tenues
2885 5010 3134 5082 delapsus
3159 5016 3209 5069 in
3234 5031 3412 5081 auras,

2156 5086 2410 5157 Solveris,
2440 5102 2601 5164 atque
2625 5097 2800 5165 fugam
2828 5104 2968 5171 turpi
2997 5102 3168 5160 fetore
3188 5106 3389 5163 fateris.

2228 5176 2306 5232 Tu
2335 5196 2464 5237 vero
2490 5183 2708 5241 immota
2740 5191 2943 5246 stabilis
2971 5195 3167 5251 virtute
3197 5200 3483 5270 triumpha,

2154 5265 2349 5325 Sancte
2379 5273 2491 5338 Dei,
2523 5277 2607 5331 cui
2637 5292 2892 5350 perpetua
2918 5287 3114 5343 virtute
3143 5265 3399 5350 conteres.

2157 5358 2406 5418 Firmasti
2436 5366 2665 5424 invictus
2693 5383 2879 5429 contra
2909 5380 3085 5433 omnia
3113 5383 3333 5440 crimina
3361 5403 3562 5454 mores,

2158 5451 2485 5521 Mansuetus,
2519 5460 2744 5527 patiens,
2770 5466 2965 5533 justus,
2998 5470 3134 5538 pius,
3170 5472 3394 5542 integer,
3426 5495 3629 5549 (equus,

2162 5542 2322 5610 Mitis,
2354 5548 2645 5617 conlidens,
2673 5554 2906 5625 humilis,
2938 5560 3052 5614 sine
3082 5560 3185 5617 fine
3212 5565 3489 5635 benignus,

2156 5632 2472 5705 Instructus,
2505 5644 2691 5708 comis,
2728 5646 2916 5714 facilis,
2946 5650 3242 5720 placabilis,
3276 5671 3419 5723 acer,

2132 5726 2392 5797 .Antistes
2421 5741 2659 5801 sanctus,
2690 5735 2881 5793 doctor
2902 5740 3092 5810 bonus,
3126 5743 3323 5816 hospes
3350 5751 3622 5815 amandus,
