4054 6182
338 279 473 331 1057
1466 273 1552 329 DE
1589 274 1746 332 VITA
1772 276 2118 333 SJIARTINI
2157 276 2279 332 LIB.
2325 276 2411 331 IV.
3454 276 3591 339 I038

337 390 609 445 Mirandus
628 390 808 457 signis,
841 387 1168 444 imitandeoin
1198 390 1436 445 moribus
1464 389 1603 444 idem
1629 407 1642 453 ;
1941 380 1999 451 A'
2014 390 2115 457 Qui
2140 389 2310 460 possit
2330 390 2501 445 sancti
2530 388 2718 445 faciem
2738 389 3056 461 depromere
3076 390 3275 457 cordis,

336 481 511 536 Corde
540 481 770 542 humilis,
795 488 974 535 mente
1002 481 1290 547 excellens,
1321 481 1654 536 venerandus
1682 491 1911 552 utroque
2013 478 2260 535 Proferre
2288 488 2343 534 et
2365 480 2600 535 clausam
2627 496 2782 535 sacro
2802 480 2868 535 de
2892 489 3111 550 pectore
3139 481 3332 535 lucem.

338 570 473 624 Dum
496 569 703 624 Iaudem
729 568 978 639 fugiendo
1003 570 1171 638 capis,
1192 571 1410 625 vitando
1437 569 1681 625 mereris.
2014 571 2238 641 Semper
2262 571 2315 624 in
2338 585 2433 625 ore
2468 569 2626 635 Deus,
2658 585 2871 639 semper
2897 570 3186 624 miseratio.
3221 568 3413 624 Pacem

338 659 547 713 Ducens
567 658 845 726 contiguos
871 671 990 713 sera
1019 656 1071 711 in
1096 656 1297 727 jejunia
1325 658 1487 723 soles,
2016 657 2255 715 Consilio
2276 666 2332 713 et
2360 666 2486 712 voto
2515 659 2702 712 tenuit.
2734 658 2866 712 Nam
2888 673 3029 728 saepe
3051 656 3261 712 solebat

338 748 406 803 Et
428 750 516 802 vix
538 748 741 817 exiguis
766 764 975 819 semper
994 749 1336 819 parcissimus
1363 750 1501 804 escis
2016 748 2214 803 Invidia
2242 746 2466 801 infectas
2488 746 2667 800 fauces
2692 746 2859 800 livore
2879 744 3073 799 veneni

338 836 614 892 Defessum
643 837 887 894 relevans
925 838 1264 893 stomachum
1299 839 1415 894 sine
1453 838 1689 909 pondere
1717 842 1911 895 carnis.
2017 838 2241 892 Armare
2261 836 2583 905 opprobriis,
2611 836 2857 904 ipsosque
2883 834 3177 889 accendere
3204 834 3321 888 diro

338 928 428 982 Sic
454 928 678 996 expulsa
705 927 827 994 cibi,
858 929 934 984 sic
956 928 1130 983 somni
1158 928 1365 997 abjecta
1387 929 1649 997 voluptas,
2018 927 2168 981 Fclle
2196 924 2522 988 sacerdotes,
2563 934 2621 977 ut
2650 925 2840 990 linguis
2860 940 3079 994 carpere
3108 925 3330 979 mallent

339 1016 417 1071 Ne
445 1016 657 1083 vigilem
679 1025 949 1086 premeret
990 1025 1199 1071 terrena
1229 1017 1343 1072 hzec
1366 1018 1573 1073 sarcina
1603 1026 1859 1084 mentem,
2019 1019 2191 1086 Quam
2220 1018 2372 1073 factis
2395 1032 2608 1086 arquare
2634 1018 2778 1086 pium
2804 1035 2815 1069 :
2848 1033 2945 1072 nec
2972 1018 3051 1071 sic
3078 1032 3291 1086 quoque
3315 1026 3561 1076 sanctum

340 1104 446 1160 Sed
468 1105 635 1160 levius
658 1105 818 1160 animi
839 1115 1023 1176 posset
1048 1121 1397 1162 consuescere
1419 1123 1635 1177 corpus,
2018 1110 2100 1164 Ira
2128 1111 2365 1164 animum
2394 1110 2570 1163 saltim
2593 1109 2847 1163 reddendi
2868 1110 2933 1163 ad
2953 1119 3078 1164 vota
3098 1112 3291 1178 coegit.

340 1193 537 1249 Orandi
558 1195 735 1250 studio
765 1195 1043 1265 invigilans
1071 1195 1353 1265 studioque
1375 1196 1603 1264 legendi.
2020 1200 2158 1267 Quin
2179 1208 2234 1255 et
2260 1200 2523 1253 fraternos
2552 1214 2649 1269 pro
2678 1206 2824 1252 tanto
2854 1199 3074 1252 crimine
3104 1198 3258 1253 Iletus

342 1282 665 1338 Continuata
696 1284 812 1338 istis
840 1284 953 1340 haec
981 1293 1169 1339 serunt
1197 1294 1439 1355 tempora
1465 1285 1624 1351 curis,

2021 1297 2296 1353 Fundebat
2322 1296 2535 1351 madido
2562 1296 2797 1351 clemens
2821 1296 3094 1349 miseratio
3125 1296 3291 1358 vultu,

342 1375 468 1431 ΙΙωο
486 1376 600 1431 sola
627 1384 681 1430 et
707 1376 918 1444 requies
940 1376 1138 1446 placuit
1164 1383 1373 1432 mutare
1401 1377 1639 1435 laborem

342 1466 727 1522 Succedentem
757 1468 862 1522 alio
886 1467 1067 1537 jugcm
1094 1468 1209 1522 sine
1232 1465 1336 1523 ﬁne
1362 1467 1634 1537 precandi.

343 1557 514 1628 Ipsam
542 1559 703 1613 etiam
724 1560 901 1613 cuncti
930 1568 1081 1614 tanto
1102 1560 1358 1613 miremur
1379 1567 1601 1614 ovantes

344 1647 595 1702 Naturam
625 1649 849 1703 cessisse
877 1648 1016 1715 viro,
1048 1647 1172 1703 licet
1212 1648 1429 1701 ultimus
1457 1648 1604 1701 illum

344 1737 581 1793 Clericus
602 1738 800 1792 oblitus
824 1739 958 1799 tanti
987 1739 1208 1794 laesisset
1236 1739 1456 1793 honoris
1484 1758 1496 1792 :

344 1827 453 1882 Nec
474 1827 629 1883 laesus
655 1827 777 1883 felle
798 1829 1067 1896 intumuit,
1096 1844 1196 1884 nec
1218 1828 1413 1898 judicis
1442 1846 1674 1899 unquam

2021 1398 2263 1454 Exorans
2285 1398 2566 1453 Dominum
2598 1396 2953 1467 lacrymarum
2984 1392 3200 1450 ﬂumine
3226 1394 3494 1449 Christum

2022 1497 2276 1554 Parceret
2304 1506 2361 1552 ut
2390 1498 2563 1551 verbis
2591 1497 2801 1551 veniam
2829 1495 3111 1551 tribuendo
3142 1496 3361 1550 dolosis.

2022 1596 2113 1651 Sic
2141 1596 2317 1651 stabili
2347 1610 2559 1664 semper
2585 1604 2771 1648 contra
2796 1594 2975 1649 omnia
2998 1594 3217 1647 vulnera
3240 1593 3423 1659 corde,

2024 1696 2141 1750 Non
2164 1697 2342 1751 odium
2374 1694 2521 1749 furor
2550 1694 2765 1759 excivit,
2790 1692 2883 1748 sed
2913 1708 3072 1747 causa
3101 1692 3343 1746 dolorem
3376 1709 3388 1743 :

1954 1767 2000 1824 Β
2026 1794 2208 1861 Qualis
2265 1801 2503 1847 sectatus
2530 1791 2741 1846 Domini
2769 1792 2996 1857 vestigia
3026 1800 3229 1860 martyr

345 1918 471 1973 Iure
491 1920 545 1973 in
573 1919 843 1988 subjectos
863 1919 1107 1973 vindicta:
1133 1920 1333 1973 exarsit
1359 1935 1561 1986 amore,
2023 1891 2306 1961 EXC'p‘ens
2334 1905 2527 1945 ⁵³³⁸⁷³³³
2554 1904 2807 1943 “mrum
2842 1889 2985 1943 nube
3022 1904 3254 1951 """am’

345 2006 462 2063 Non
491 2008 671 2062 odium
692 2008 841 2064 [ιη-οι-
867 2010 1082 2076 εκείνη,
1120 2025 1227 2064 non
1257 2010 1447 2079 gaudia
1476 2011 1641 2064 risum
2024 1990 2157 2045 Cum
2188 1999 2402 2045 tenuem
2436 1989 2641 2044 efflaret
2667 1989 2951 2043 bcnedielo
2980 1998 3199 2060 pectore
3231 1988 3414 2046 vitam,

347 2093 708 2152 Tristitiamve
735 2097 889 2153 dolor
915 2106 1130 2153 sanctus
1158 2100 1420 2167 gravitate
1448 2101 1703 2164 verenda,
2028 2091 2230 2145 Dilnilli
2259 2092 2447 2145 insano
2470 2089 2725 2158 poscebat
2752 2088 2973 2142 Crimina
3002 2087 3180 2156 V0180.

347 2185 631 2257 Angelicus
657 2187 807 2243 fulsit
834 2189 1139 2247 venerando
1162 2190 1216 2244 in
1244 2206 1472 2261 corpore
1497 2192 1672 2247 vultus
2033 2192 2157 2248 Plus
2178 2199 2400 2262 peccata
2428 2190 2617 2245 dolens
2646 2188 2816 2257 plebis
2840 2202 2998 2255 quam
3023 2186 3240 2241 vulnera
3269 2184 3464 2239 carnis.

1426 2442 1803 2543 LIBER
1879 2434 2526 2563 QUARTUS.

424 2712 660 2768 Finierat
686 2718 955 2781 sumptum
983 2711 1259 2767 translatio
1282 2720 1454 2781 coepta
1482 2710 1732 2766 volumen
2036 2709 2272 2765 Antistes
2299 2717 2495 2765 sanctae
2522 2709 2797 2765 custodem
2826 2709 3027 2777 legerat
3049 2722 3205 2773 arm,

356 2803 681 2859 Pereurrens
707 2801 877 2856 sancti
904 2816 1035 2871 pura
1072 2802 1397 2871 exemplaria
1423 2801 1564 2865 libri,
2035 2799 2267 2870 Imperat
2297 2807 2357 2853 ut
2384 2798 2593 2854 Domini
2621 2806 2832 2868 sumptu
2871 2798 3207 2867 nummisque
3242 2801 3540 2864 cocmptam

352 2894 487 2946 Cum
515 2892 692 2946 subito
722 2891 900 2945 oblata
924 2898 1007 2945 est
1029 2890 1289 2945 obstrusae
1317 2890 1484 2960 gloria
1508 2891 1663 2945 nobis
2036 2893 2261 2962 Aptaret
2286 2905 2581 2961 properans
2604 2889 2801 2955 algenti
2831 2889 2884 2941 in
2912 2899 3138 2954 corpore
3165 2893 3391 2939 vestem.

352 2982 621 3050 Historiae,
652 2981 822 3036 nostri
850 2981 1131 3035 stimulans
1154 2981 1431 3035 molimina
1460 2980 1592 3045 voti,
2036 2984 2178 3054 Ergo
2207 2984 2319 3038 hmo
2345 2997 2465 3051 quae
2494 2981 2607 3035 fieri
2635 2977 2801 3034 voluit
2826 2979 2977 3049 quasi
3005 2978 3141 3053 facta
3171 2976 3405 3043 reliquit.

352 3072 468 3126 Non
493 3081 549 3126 ut
567 3072 633 3127 de
654 3072 849 3127 misero
879 3071 1069 3126 melius
1101 3072 1422 3126 claresceret
1448 3085 1545 3125 ore
2037 3075 2171 3129 Exin
2200 3082 2420 3129 secretae
2446 3080 2733 3143 penetrans
2758 3069 3057 3124 habitacula
3086 3068 3233 3124 cella:

354 3162 509 3230 Quod
533 3171 638 3217 tam
666 3162 933 3233 perspicui
956 3163 1216 3230 signasset
1243 3162 1433 3231 pagina
1455 3161 1634 3217 cordis
1969 3219 2005 3233 η
2039 3164 2167 3230 Quze
2190 3177 2592 3233 progressurum
2622 3175 2770 3215 sacra
2796 3156 2861 3215 ad
2884 3160 3132 3231 mysteria
3159 3167 3400 3212 sanctum

344 3254 499 3325 (Cum
515 3255 594 3309 vis
617 3254 903 3308 verborum
932 3254 1053 3307 viva
1075 3254 1273 3307 virtute
1295 3268 1582 3307 coruscans
1964 3251 2007 3279 υ
2040 3256 2136 3311 llic
2163 3270 2377 3324 quoque
2403 3254 2591 3309 vicinis
2614 3261 2796 3308 suerat
2843 3251 3123 3320 seiungere
3154 3251 3342 3317 turbis,

356 3341 613 3398 Perderet
640 3343 930 3411 ingenitum
958 3352 1130 3398 metro
1158 3343 1363 3398 mollita
1395 3340 1677 3411 vigorem),
2035 3344 2319 3415 Excipiens
2346 3345 2668 3399 monachum
2696 3358 2820 3397 mox
2848 3342 3106 3396 emissura
3133 3342 3452 3395 ministrum.

354 3433 462 3489 Sed
489 3436 613 3503 quia
634 3450 741 3491 non
762 3451 950 3491 omnes
978 3435 1162 3505 liquidi
1183 3435 1477 3506 penetralia
1502 3436 1664 3490 lontis
2036 3436 2143 3491 Sed
2171 3436 2299 3505 quid
2327 3451 2432 3490 non
2460 3442 2744 3505 penetrent
2772 3434 2951 3488 miseri
2980 3448 3115 3501 quos
3143 3434 3285 3500 cogit
3312 3447 3531 3487 erumna

354 3523 583 3581 Interius
617 3525 904 3579 scrutanda
931 3533 1138 3596 petunt,
1170 3541 1293 3594 pars
1322 3538 1513 3591 magna
1551 3525 1784 3593 petentis
2040 3527 2249 3580 Attrita:
2272 3526 2574 3595 expositum
2605 3524 2794 3579 frontis
2817 3525 3035 3590 vulgare
3063 3522 3352 3590 pudorem?

355 3615 510 3685 Stepe
536 3616 668 3670 bibit
689 3616 936 3685 proprios
964 3616 1208 3683 neglecto
1236 3615 1434 3683 frigore
1463 3616 1626 3668 rivos.
2039 3617 2191 3684 Quod
2219 3631 2320 3670 nec
2347 3615 2668 3684 presbyteris
2696 3614 2887 3682 patuit,
2919 3613 3213 3681 perrumpit
3232 3620 3444 3679 egestas

357 3706 466 3760 Nos
494 3721 707 3775 quoque
734 3706 826 3773 qui
854 3705 1070 3773 dignum
1093 3705 1166 3758 nil
1190 3719 1474 3774 possumus
1493 3702 1651 3758 edere
1673 3703 1865 3770 doctis,
2038 3710 2288 3775 Allegans
2312 3706 2588 3775 querulam
2617 3704 2782 3758 dilato
2812 3718 3033 3757 munere
3060 3716 3296 3758 causam.

358 3794 591 3850 Turbida
620 3810 729 3848 non
759 3795 916 3863 longe
940 3808 1229 3864 purgemus
1254 3794 1446 3863 pocula
1477 3794 1646 3849 libris.
2037 3800 2173 3853 Tum
2199 3813 2328 3853 vero
2356 3798 2549 3852 invasit
2578 3804 2747 3851 totum
2777 3795 3052 3851 miseratio
3072 3809 3306 3857 sensum,

358 3886 511 3956 Scepe
536 3895 591 3941 et
618 3886 957 3953 clangentum
984 3900 1145 3940 voces
1173 3900 1385 3954 :equare
1407 3886 1655 3939 tubarum
2037 3890 2146 3945 Nec
2165 3889 2363 3958 placuit
2391 3903 2598 3944 rursum
2629 3886 2865 3941 mandati
2887 3885 3078 3940 allerre
3104 3884 3383 3953 periclum.

360 3976 564 4032 Emissa
595 3976 853 4046 implicito
881 3986 1146 4032 conantur
1172 3977 1327 4031 sibila
1358 3977 1513 4031 libro.
2040 3978 2360 4048 Amphibalo
2386 3985 2548 4048 caput
2572 3977 2772 4033 occulit
2798 3985 2909 4030 tum
2936 3983 3073 4031 teste
3096 3982 3324 4036 remoto,

360 4065 428 4121 Et
452 4081 569 4137 qua:
596 4068 693 4122 sub
722 4067 862 4122 celsa
886 4068 1059 4121 suevit
1079 4068 1415 4137 requiescere
1442 4070 1591 4138 pinu,
2042 4070 2321 4125 Subtraxit
2348 4070 2496 4124 hctus
2516 4068 2771 4138 paulatim
2798 4067 2865 4122 ad
2894 4067 3130 4123 membra
3153 4066 3401 4126 lacertos,

362 4160 628 4217 Interdum
653 4160 772 4214 vilis
802 4168 1046 4230 penetrat
1071 4160 1296 4229 virgulta
1325 4160 1517 4215 salicti.
2045 4162 2335 4217 Collectam
2364 4161 2643 4216 excutiens
2670 4159 2864 4214 adclini
2886 4168 3103 4230 pectore
3121 4164 3347 4221 vestem,

362 4250 441 4305 Tu
471 4265 684 4320 quoque
711 4250 801 4320 qui
829 4251 993 4319 gratis
1019 4250 1204 4305 malles
1230 4249 1518 4305 succedere
1544 4248 1695 4314 lucis,
2045 4255 2153 4309 Nec
2179 4254 2351 4324 patuit
2378 4252 2575 4307 nudum
2607 4253 2799 4308 vestito
2826 4266 3065 4321 paupere
3092 4265 3305 4318 corpus,

364 4342 421 4397 Si
451 4342 608 4409 longe
636 4340 800 4395 amoti
831 4340 1065 4396 nemoris
1092 4340 1177 4393 via
1206 4339 1343 4395 forte
1372 4339 1578 4405 fatigat,
2046 4345 2177 4399 Tam
2206 4358 2435 4415 propere
2463 4343 2698 4398 exterior
2724 4343 3013 4412 spoliatum
3039 4342 3172 4395 texit
3202 4340 3446 4403 amictus,

366 4435 674 4491 Comminus
702 4434 938 4489 oblatum
969 4447 1262 4503 properans
1292 4432 1525 4499 irrumpe
1563 4430 1867 4483 frntectum.
2020 4422 2023 4425 ⁷
2049 4432 2118 4487 Ut
2142 4442 2326 4488 votum
2351 4433 2650 4502 anticipans
2678 4431 2852 4486 festini
2879 4430 3146 4499 pauperis,
3175 4430 3348 4498 ipsum

436 4524 699 4592 Pergebat
718 4532 932 4579 sanctus
958 4522 1223 4578 benedicti
1252 4520 1318 4575 ad
1347 4520 1527 4609 limina
1551 4520 1730 4589 templi
1971 4550 2022 4609 υ
2046 4524 2290 4593 Ignarum
2315 4522 2438 4579 facti
2460 4522 2676 4586 faceret,
2699 4536 2858 4590 quem
2887 4536 3108 4575 munere
3130 4520 3307 4573 laetum

366 4613 439 4670 Ut
461 4613 618 4669 solita
647 4620 850 4667 setemo
878 4612 1041 4666 ferret
1068 4610 1322 4682 mysteria
1351 4608 1583 4663 Christo.
1980 4608 1985 4609 '
2048 4616 2270 4671 Fecerat
2294 4614 2526 4677 οεοιιιιο,
2560 4613 2682 4667 testi
2704 4611 3016 4666 manifestus
3038 4610 3234 4677 egenti.

366 4703 505 4759 Ecce
531 4710 710 4757 autem
738 4702 997 4757 tremulus
1023 4700 1231 4770 glaciali
1256 4698 1453 4768 frigore
1474 4714 1699 4768 panper,

1635 4714 1699 4763 ἓν,
2048 4708 2218 4762 Dicite
2247 4705 2339 4776 qui
2362 4702 2528 4774 spreti
2555 4702 2822 4757 calcantes
2841 4698 3031 4766 gaudia
3056 4698 3236 4752 mundi

365 4793 637 4849 Collidens
663 4793 887 4847 miseros
923 4790 1145 4844 nudanti
1180 4790 1385 4844 vertice
1410 4788 1596 4843 dentes
2052 4795 2275 4863 Abjecto
2302 4792 2466 4846 vitam
2496 4789 2738 4844 voluistis
2765 4801 3005 4856 quaerere
3032 4800 3219 4846 censu.

365 4884 730 4954 Admotasque
753 4898 942 4937 manus
968 4883 1123 4937 malis
1150 4882 1471 4952 pallentibus
1494 4890 1683 4950 aptans
2050 4883 2180 4949 Quis
2208 4880 2407 4935 nudum
2436 4879 2654 4949 proprio
2676 4877 2809 4932 texit
2835 4875 3067 4930 nudatus
3094 4875 3326 4929 amictu?

367 4976 631 5046 Captabat
660 4984 873 5030 tenuem
902 4972 1031 5029 ﬂatu
1069 4976 1340 5044 aspirante
1366 4982 1626 5043 teporem.
2050 4972 2178 5038 Quis
2200 4968 2342 5040 quod
2371 4968 2511 5023 ferre
2537 4968 2698 5021 alium
2726 4965 2897 5019 doluit
2920 4979 3027 5019 non
3055 4966 3169 5034 ipse
3197 4965 3425 5032 refugit?

366 5068 603 5123 Durabat
632 5068 851 5123 crebros
877 5082 1229 5122 concrescens
1257 5066 1405 5120 stiria
1434 5064 1610 5126 ﬂatus,
2051 5060 2180 5125 Quis
2207 5058 2371 5111 miser
2391 5072 2509 5111 esse
2530 5055 2712 5109 volens
2734 5055 2987 5108 miserum
3009 5052 3315 5107 miserando
3340 5052 3560 5106 refecit?

368 5156 487 5211 Vox
516 5171 729 5225 quoque
757 5171 865 5210 non
906 5156 1066 5213 toties
1104 5170 1363 5210 resonans
1402 5154 1741 5225 lacrymabile
1770 5151 1943 5206 verbis
2050 5148 2236 5201 Vicisti
2263 5154 2529 5211 veterum,
2554 5142 2799 5206 Martine,
2827 5142 3071 5211 exempla
3092 5142 3345 5203 virorum,

367 5245 659 5301 Flebilibus
678 5248 897 5317 praecisa
918 5248 1063 5301 sonis
1084 5246 1388 5316 gemituque
1417 5246 1593 5300 locuta
2051 5237 2239 5306 Tuque
2267 5238 2437 5305 ipsum
2460 5234 2735 5290 mirandus
2756 5249 2875 5288 eras
2905 5242 3014 5287 tum
3045 5248 3279 5302 paupere
3307 5241 3469 5290 tecto,

370 5335 627 5402 Signabat
659 5343 826 5390 totam
853 5351 1011 5390 causa
1043 5336 1306 5389 clamante
1333 5334 1628 5402 querelam.
2050 5328 2150 5381 Vel
2181 5342 2300 5382 cum
2329 5325 2510 5379 divisa:
2538 5333 2839 5379 remaneret
2866 5324 3045 5393 portio
3073 5324 3253 5385 vestis,

372 5426 498 5481 llzec
524 5428 766 5495 quamvis
793 5428 983 5481 durum
1014 5427 1308 5480 mollissent
1334 5425 1469 5479 forte
1498 5425 1760 5492 rigorem,
2052 5416 2196 5471 Cede
2226 5416 2318 5469 tibi
2342 5415 2614 5484 antiquam
2645 5415 2925 5483 geminasti
2949 5414 3049 5466 hoc
3070 5426 3287 5465 munere
3317 5410 3567 5479 palmam.
3594 5424 3599 5429 ‘

374 5516 451 5570 Ne
480 5516 605 5569 dum
636 5515 847 5570 Martini
878 5518 1046 5587 pictas
1070 5517 1177 5583 jam
1204 5524 1347 5569 mota
1375 5515 1576 5569 valeret
2053 5514 2280 5576 Interea,
2312 5511 2454 5579 quod
2485 5508 2648 5563 moris
2676 5514 2811 5569 erat,
2844 5502 3168 5559 solemnibus
3198 5501 3382 5553 horam

376 5606 717 5661 Dissimulare
747 5608 900 5661 istam
931 5609 1108 5661 miseri
1141 5607 1435 5675 plangentis
1465 5621 1757 5659 erumnam.
2054 5601 2184 5655 Esse
2210 5608 2392 5653 monet
2421 5598 2676 5651 diaconus
2704 5601 2968 5648 conventu
2999 5591 3048 5642 in
3073 5590 3238 5657 plebis
3269 5587 3501 5655 agendis.

380 5694 624 5752 Protinus
655 5699 847 5753 astanti
877 5699 1099 5754 diacono
1124 5713 1279 5766 quem
1311 5712 1458 5751 more
1492 5698 1725 5763 priorum
2055 5692 2145 5745 Ille
2168 5691 2259 5757 ait,
2288 5690 2556 5759 Implenda
2586 5696 2667 5743 est
2695 5685 2863 5741 sancti
2886 5682 3124 5738 doctrinm
3159 5680 3430 5749 propheta:
3473 5697 3486 5731 :

3676 3890 3695 3982 ε

3682 4004 3695 4068 ς
