4066 6192
482 237 621 295 1059

477 348 746 405 Prmcedat
770 348 983 404 missam
1012 350 1303 417 miseratio,
1328 353 1530 419 gratior
1555 353 1667 409 hzec
1692 365 1774 411 est

476 440 680 507 Hostia,
705 441 1008 495 mandatum
1038 442 1238 498 faciens
1261 444 1408 513 prius
1428 446 1623 514 obtege
1652 449 1872 504 nudum.

474 530 733 598 Egressus
762 532 977 599 paulum
1005 534 1230 600 quaesito
1252 549 1487 603 paupere
1513 552 1724 591 rursum

473 617 718 684 Suggerit
739 617 1037 684 absentem,
1064 634 1163 673 nec
1189 620 1469 687 largitione
1497 632 1785 692 repertum.

474 704 668 759 Prome
688 720 807 773 age,
831 714 1046 759 sanctus
1071 706 1163 769 ait,
1197 723 1388 762 munus
1422 727 1433 760 :
1468 725 1576 763 non
1602 711 1773 765 deerit
1800 727 2022 782 egenus.

474 796 606 849 Tum
633 805 833 850 vestem
862 805 1048 851 octava
1088 798 1248 851 solidi
1278 799 1365 852 vix
1393 809 1545 868 parte
1573 810 1874 871 coemptam

470 884 700 940 Nodosis
722 892 919 939 textam
950 894 1130 940 setoso
1162 886 1358 941 vellere
1388 889 1489 942 filis

472 971 609 1026 Ante
637 974 798 1041 pedes
822 974 990 1027 sancti
1014 975 1379 1030 stomachatus
1406 978 1621 1047 projicit
1650 978 1737 1034 ille
1754 1019 1770 1047 ,

470 1062 663 1116 Amoto
687 1064 901 1131 paulum
924 1064 1149 1118 diacono
1182 1064 1415 1133 pretiosa
1439 1078 1680 1123 coarctat

469 1148 819 1218 Congaudens
848 1166 1073 1220 propere
1101 1160 1209 1205 tam
1238 1153 1329 1206 vili
1360 1156 1591 1222 tegmine
1610 1158 1869 1215 membra.

467 1240 557 1294 Sic
585 1242 753 1295 altare
776 1250 962 1310 petens
988 1251 1043 1297 et
1063 1244 1230 1296 multo
1252 1246 1517 1313 comptior
1536 1247 1699 1303 heros

468 1329 582 1386 lloc
614 1332 815 1395 habitu,
849 1333 1021 1399 qualis
1049 1335 1158 1401 regi
1198 1343 1318 1402 post
1346 1337 1483 1391 bella
1514 1353 1731 1394 reverso

466 1418 714 1475 Occurrit
742 1420 983 1474 madidus
1006 1423 1201 1477 sudore
1230 1432 1283 1476 et
1323 1426 1542 1493 pulvere
1568 1427 1742 1492 miles,

471 1509 751 1563 Pulchrior
778 1511 880 1564 hoc
908 1511 1091 1576 titulis,
1116 1528 1222 1579 quo
1243 1514 1495 1570 membris
1524 1517 1731 1585 turpior
1754 1517 1955 1572 horret.

467 1596 600 1650 Nam
627 1598 862 1667 speciem
888 1599 1100 1654 virtutis
1127 1616 1260 1671 opus
1289 1605 1566 1673 praecedit,
1598 1613 1655 1659 ut
1685 1606 1805 1660 alta:

466 1686 680 1741 Itadicis
709 1687 873 1742 robur
901 1686 1149 1743 foliorum
1173 1700 1412 1761 tempora
1443 1695 1649 1749 transit.

464 1778 576 1833 Nec
599 1779 757 1833 dubia
786 1781 890 1836 hoc
910 1791 1091 1836 votum
1115 1799 1239 1838 mox
1273 1785 1579 1855 conjectura
1607 1788 1871 1857 probavit.

463 1872 599 1927 Nam
624 1874 748 1928 dum
773 1875 999 1931 solemni
1027 1879 1262 1932 cumulat
1283 1880 1368 1949 pia
1389 1880 1530 1935 dona
1554 1895 1743 1951 rogatu

465 1964 916 2035 Prosequiturque
944 1968 1109 2022 sacris
1139 1979 1263 2023 vota
1286 1970 1609 2026 immortalia
1636 1975 1829 2041 verbis,

462 2052 674 2109 Effulsit
703 2057 928 2112 rutilans
950 2058 1097 2112 claro
1124 2059 1191 2113 de
1222 2062 1418 2115 vertice
1446 2062 1656 2117 flamma

460 2141 816 2212 Splendorem
844 2148 1006 2215 capiti
1029 2146 1310 2203 infundens
1340 2151 1556 2206 innoxia
1583 2155 1740 2221 crini,

463 2230 754 2303 Perspicuo
776 2251 985 2291 sursum
1010 2248 1257 2306 porrecta
1277 2248 1438 2310 atque
1466 2242 1610 2297 edita
1634 2253 1825 2307 tractu,

459 2320 683 2389 lgniiluo
712 2324 969 2394 liquidum
998 2343 1348 2400 perrumpens
1376 2347 1499 2387 aera
1522 2334 1691 2390 sulco.

459 2413 628 2483 Perge
649 2430 747 2484 age
774 2419 1029 2473 continuo
1060 2421 1334 2477 titulorum
1365 2424 1590 2494 impulsa
1620 2436 1798 2481 rotatu

459 2499 662 2567 Gloria,
688 2505 763 2559 sic
784 2505 925 2561 facili
945 2508 1201 2564 virtutum
1231 2513 1441 2567 concita
1472 2530 1653 2579 cursu,

461 2590 530 2644 Ut
556 2592 768 2661 penitus
794 2593 930 2649 laxis
956 2612 1178 2653 currens
1208 2599 1260 2652 in
1290 2601 1463 2666 gladia
1487 2602 1650 2657 frenis

454 2680 760 2751 lncipienda
791 2684 940 2753 prius
966 2686 1161 2742 subeas
1182 2704 1343 2757 quam
1367 2690 1548 2747 clausa
1579 2694 1866 2765 relinquas.

524 2771 750 2837 Quidam
771 2774 853 2827 vir
881 2773 1116 2844 locuples
1144 2777 1401 2835 Evanitus
1427 2781 1479 2835 in
1509 2782 1635 2838 licet
1658 2785 1775 2841 istis

455 2860 719 2918 Astrictus
747 2864 928 2918 mundi
951 2881 1048 2934 per
1074 2867 1249 2930 vincla
1286 2872 1497 2927 tenacia
1521 2875 1682 2941 curis,

454 2952 702 3007 Attamen
728 2954 905 3010 illaesa:
934 2954 1057 3011 fidei
1085 2960 1370 3031 cordisque
1397 2963 1632 3034 benigni,

452 3042 789 3099 Conservans
817 3062 1008 3115 purum
1038 3056 1253 3106 terreno
1277 3068 1307 3107 a
1335 3056 1559 3111 crimine
1585 3072 1816 3127 sensum,

452 3130 638 3187 Exesis
664 3136 876 3203 penitus
897 3138 1201 3194 vehementi
1230 3140 1377 3197 febre
1406 3146 1676 3211 medullis,

452 3224 776 3281 Coucutiens
804 3228 993 3282 crebro
1024 3231 1341 3299 trepidantia
1367 3235 1573 3290 viscera
1602 3238 1730 3292 flatu

450 3312 520 3366 Et
546 3316 856 3381 singultanti
879 3333 1132 3387 rumpens
1151 3323 1377 3390 suspiria
1399 3327 1578 3394 pulsu,

450 3403 689 3473 Supplex
717 3408 915 3461 arentis
934 3409 1158 3465 confuso
1178 3426 1453 3469 murmure
1481 3417 1677 3486 linguze

449 3494 516 3547 Et
545 3494 807 3564 plectrum
836 3500 986 3553 vocis
1006 3501 1191 3556 siccati
1215 3503 1360 3572 glute
1388 3507 1553 3575 palati

448 3583 786 3655 lmpendens,
810 3587 991 3643 fractis
1012 3592 1191 3648 enisus
1220 3609 1361 3663 saepe
1381 3598 1605 3666 loquelis

448 3676 709 3732 All'ectum
730 3680 939 3747 signare
959 3698 1113 3738 suum
1136 3694 1289 3754 rogat
1308 3689 1458 3744 ocius
1478 3691 1544 3745 ad
1565 3707 1626 3747 se

446 3769 745 3824 Adventum
769 3775 938 3828 sancti
967 3776 1205 3832 obtineat
1225 3779 1525 3836 miseranda
1550 3795 1864 3852 precantum

446 3858 697 3926 Ambitio,
729 3862 772 3916 si
802 3874 919 3932 qua:
948 3867 1184 3922 stimulet
1214 3869 1295 3923 vel
1317 3886 1446 3925 cura
1484 3874 1702 3942 doloris,

444 3947 541 4003 Vel
573 3951 784 4017 pietatis
810 3970 963 4009 amor
981 3971 1224 4025 qumrens
1252 3959 1487 4017 fomenta
1516 3967 1720 4033 salutis,

442 4037 599 4094 llunc
627 4043 783 4096 adeat
808 4045 979 4098 solum
1003 4050 1323 4105 renovanda:
1349 4053 1416 4105 ad
1446 4062 1683 4124 tempora
1711 4061 1847 4125 vitae,

440 4128 650 4185 Martini
680 4143 956 4202 aspectum
986 4148 1208 4193 cunctas
1235 4157 1489 4209 superare
1518 4148 1772 4204 medelas.

440 4218 548 4272 Nec
572 4222 720 4275 tarda
752 4223 1006 4291 injustum
1035 4228 1213 4282 saltim
1241 4230 1428 4289 dilatio
1455 4244 1641 4292 votum

438 4307 699 4377 Credidit,
728 4313 919 4368 oblatis
948 4317 1129 4373 divino
1154 4336 1374 4379 munere
1403 4327 1589 4397 signis,

438 4395 587 4451 lianc
607 4400 737 4453 satis
762 4416 878 4456 esse
899 4403 1055 4459 fidem
1084 4424 1210 4464 mox
1239 4420 1294 4466 et
1318 4430 1403 4470 res
1432 4416 1544 4486 ipsa
1568 4395 1833 4489 probavit.

434 4483 535 4538 Vix
564 4486 688 4540 dum
715 4491 798 4543 vel
821 4492 979 4547 medii
1003 4503 1303 4557 transcursa
1326 4483 1477 4572 parte
1499 4483 1697 4567 laboris

433 4574 689 4633 Restabat
713 4596 838 4650 pars
860 4600 1047 4654 magna
1073 4590 1187 4656 vite,
1220 4598 1477 4662 prrevenit
1504 4611 1721 4659 euntem

431 4661 631 4731 Gratia,
657 4672 913 4737 pnemisit
946 4688 1172 4745 sperata:
1200 4661 1339 4738 dona
1362 4686 1550 4744 salutis

429 4752 743 4816 Prazccdens
772 4766 954 4823 tardos
977 4771 1144 4827 virtus
1173 4779 1439 4844 pernicior
1461 4790 1627 4839 artus.

427 4846 668 4903 Occurrit
688 4852 894 4910 validus
915 4861 1154 4917 medico:
1177 4876 1452 4934 gratantur
1471 4883 1697 4945 uterque

425 4935 665 5008 Corpore
690 4955 877 5002 sanato
900 4953 1216 5010 transfusam
1241 4959 1292 5012 in
1316 4963 1478 5018 corde
1508 4968 1752 5039 salutem,

430 5027 563 5083 Dum
587 5028 707 5087 fidei
734 5040 937 5095 meritis
964 5047 1155 5101 crescit
1183 5054 1387 5107 curatio
1415 5060 1612 5115 carnis.

493 5119 633 5189 Ergo
660 5135 720 5179 nt
744 5129 949 5186 sublata
978 5144 1058 5190 est
1079 5150 1392 5197 cunctarum
1414 5161 1572 5203 causa
1595 5163 1886 5224 morarum,

418 5209 711 5269 Confestim
731 5234 973 5278 remeare
1000 5228 1187 5282 volens
1215 5244 1406 5290 cuncta
1438 5253 1597 5306 prece
1620 5244 1789 5301 victus

417 5297 671 5360 Praestitit
692 5311 847 5366 unius
874 5316 1043 5381 spatia
1073 5330 1292 5376 exorata
1315 5325 1437 5382 diei.

416 5388 525 5499 Sed
552 5393 715 5450 breve
734 5400 878 5467 quod
909 5401 1083 5457 fuerat
1104 5410 1297 5476 spatio,
1322 5414 1601 5475 virtutibus
1627 5426 1859 5494 amplum
1890 5443 1991 5499 est,

418 5480 635 5537 Arctum
663 5502 979 5559 compensat
1001 5510 1108 5550 non
1138 5508 1283 5553 arcta
1314 5511 1554 5571 operatio
1586 5480 1812 5586 tempus.

415 5569 545 5666 llam
572 5590 791 5666 puerum
816 5598 974 5651 quem
1006 5586 1141 5643 forte
1170 5594 1336 5649 malus
1352 5566 1629 5657 Iletbaliter
1657 5566 1819 5666 icitum

416 5659 724 5726 Perculerat
747 5686 970 5741 serpens
998 5677 1250 5737 infectum
1276 5683 1396 5744 felle
1425 5696 1630 5762 veneni,

1616 239 1675 293 .
1718 240 1989 298 PAULINl
2026 243 2625 309 PETRICORDIENSIS

3598 260 3737 315 10

2160 361 2291 418 Cum
2315 366 2426 435 jam
2456 370 2681 426 liventes
2708 338 2852 428 virus
2879 372 3205 429 distenderet
3231 382 3378 429 artus

2157 454 2332 523 Atque
2356 457 2483 526 ipsis
2510 459 2671 513 etiam
2695 460 2909 529 penitus
2935 462 3181 518 vitalibus
3200 463 3447 518 haustum

2155 540 2430 613 Serpentis
2458 545 2621 602 ferale
2648 549 2844 603 malum
2865 550 3016 617 quasi
3041 559 3215 606 morte
3243 560 3459 621 peracta

2156 632 2400 693 Solveret
2428 640 2636 695 inferno
2659 642 2953 697 marcentia
2980 642 3179 697 lumina
3198 659 3390 699 somno
3413 663 3427 696 :

2156 727 2273 799 lpse
2303 732 2463 787 herus
2484 733 2756 789 inflectens
2778 734 2924 803 justo
2952 736 3040 805 pia
3064 736 3227 791 corda
3254 736 3427 791 labori

2156 820 2382 876 Pertulit
2409 823 2476 877 ad
2499 826 2611 879 veri
2637 826 2861 895 vestigia
2888 834 3071 880 sancta
3092 827 3325 896 patroni,

2154 912 2269 966 Non
2292 914 2541 969 dubitans
2569 916 2772 970 meritis
2798 930 2894 984 per
2922 924 3001 970 tot
3024 916 3340 971 documenta
3369 918 3608 987 probatis

2155 1005 2307 1070 Quod
2336 1022 2569 1076 praesens
2596 1010 2765 1077 possit
2792 1016 2936 1063 tactu
2959 1009 3227 1079 depellere
3255 1011 3421 1078 virus,

2154 1096 2254 1162 Qui
2282 1098 2501 1154 veniens
2522 1099 2737 1155 morbos
2761 1101 2877 1155 solo
2908 1108 3114 1156 terrore
3141 1101 3395 1171 fugasset.

2153 1183 2262 1239 Nec
2288 1201 2457 1252 mora,
2488 1196 2791 1242 contactum
2820 1189 3009 1243 dextra
3040 1191 3353 1247 medicabile
3382 1193 3573 1248 vulnus

2155 1275 2406 1347 Purgavit
2436 1286 2573 1333 tetro
2604 1279 2815 1348 figentia
2844 1282 3087 1337 membra
3114 1297 3340 1348 veneno,

2153 1366 2219 1420 Et
2242 1383 2557 1438 quacunque
2586 1385 2779 1425 manus
2803 1386 2901 1441 per
2920 1388 3116 1442 corpus
3140 1382 3324 1429 sancta
3352 1375 3586 1430 cucurrit

2152 1456 2297 1513 Mors
2325 1458 2476 1529 fugit,
2502 1461 2597 1514 sed
2616 1462 2724 1515 vita
2747 1462 2920 1529 redit;
2952 1465 3210 1519 remeavit
3238 1465 3305 1520 ad
3326 1482 3489 1521 unum

2142 1547 2273 1603 Mox
2295 1550 2461 1617 pestis
2484 1550 2709 1606 collecta
2730 1552 2924 1607 locum.
2960 1553 3093 1608 Tum
3120 1555 3341 1610 vulnere
3365 1556 3482 1611 solo

2150 1637 2418 1707 Stipatum
2436 1640 2607 1710 jussit
2635 1643 2914 1697 confestim
2940 1659 3223 1715 erumpere
3251 1646 3414 1711 virus,

2244 1745 2377 1798 puer
2403 1732 2666 1801 intrepido
2688 1732 2902 1790 firmans
2929 1735 3151 1803 vestigia
3182 1736 3305 1790 nisu

2147 1816 2429 1875 Cressibus
2452 1822 2731 1890 impavidis
2756 1822 2972 1880 domino
3001 1825 3265 1893 gaudente
3293 1828 3541 1882 cucurrit.

2144 1908 2259 1963 llac
2286 1910 2436 1965 dives
2463 1913 2713 1968 mercede
2733 1915 2894 1980 redis,
2920 1915 3035 1970 haec
3060 1931 3283 1971 munera
3311 1918 3477 1973 sumis

2146 1998 2381 2066 Adjeeta:
2408 2016 2693 2056 munerans
2718 2001 2891 2058 felicia
2919 2004 3058 2058 dona
3083 2006 3290 2060 salutis.

2146 2088 2300 2153 Quod
2324 2099 2532 2160 tempus
2559 2107 2788 2148 vacuum
2817 2094 3100 2151 virtutibus
3126 2098 3238 2165 egit
3259 2099 3311 2153 in
3338 2098 3500 2168 ipso?

2145 2177 2274 2242 Quae
2301 2180 2386 2232 via
2418 2196 2524 2235 non
2553 2181 2746 2236 cmlum
2773 2183 2927 2251 petiit
2954 2184 3078 2239 licet
3106 2185 3317 2255 hospita
3347 2188 3546 2241 terris?

2216 2268 2504 2325 Lustrabat
2529 2273 2709 2327 caulas
2735 2277 3008 2330 commissi
3038 2286 3221 2346 pastor
3244 2279 3399 2333 ovilis

2144 2358 2305 2425 Queis
2332 2363 2418 2430 pia
2438 2372 2727 2419 rurestrem
2753 2366 3035 2422 claudebat
3056 2366 3260 2424 Eclesia
3286 2370 3517 2439 plebem,

2142 2450 2220 2504 Ne
2247 2450 2422 2505 furum
2451 2452 2677 2509 fortasse
2705 2454 2812 2510 doli
2842 2457 3082 2513 rabiesve
3102 2458 3347 2529 luporum

2140 2540 2385 2599 lncaulas
2413 2546 2644 2613 pecudes
2672 2558 2924 2616 raperent
2950 2550 3171 2606 custode
3200 2561 3428 2611 remoto.

2140 2630 2350 2685 Interea
2376 2633 2535 2689 sociis
2558 2635 2777 2704 paulum
2806 2635 3034 2693 fortasse
3062 2639 3262 2695 relictis

2140 2718 2407 2791 Carpebat
2434 2740 2757 2795 przcgressus
2786 2729 2889 2784 iter
2911 2743 3013 2798 qua
3038 2730 3278 2802 publicus
3302 2745 3462 2804 agger

2140 2807 2371 2880 Porrigit
2399 2819 2630 2869 erectam
2660 2824 2756 2887 per
2784 2820 2940 2889 plana
2965 2819 3197 2888 jacentia
3226 2824 3442 2885 molem,

2142 2900 2211 2956 Ut
2240 2905 2321 2958 via
2352 2909 2635 2963 constratis
2661 2910 2886 2966 solidata
2916 2922 3076 2982 atque
3101 2914 3243 2968 edita
3271 2916 3412 2969 saxis

2140 2996 2397 3066 Vergeret
2425 3001 2621 3061 effusos
2648 3005 2703 3059 in
2726 3022 2962 3062 concava
2991 3008 3201 3063 subdita
3225 3011 3459 3075 nimbos,

2140 3087 2207 3142 Et
2224 3095 2398 3157 gravis
2421 3093 2475 3147 in
2493 3094 2626 3151 duro
2654 3113 2763 3152 non
2790 3098 2989 3153 sideret
3008 3100 3180 3155 orbita
3201 3102 3357 3170 colle,

2135 3180 2414 3252 Mersaque
2440 3200 2509 3241 ne
2538 3186 2737 3242 luteum
2777 3189 3055 3244 sorberent
3092 3191 3328 3261 plaustra
3364 3193 3679 3265 profundum

2133 3273 2240 3328 Sed
2268 3291 2488 3332 summac
2508 3280 2595 3333 vix
2619 3280 2775 3336 dorsa
2796 3283 2894 3336 vim
2922 3284 3127 3353 vertigo
3149 3292 3386 3340 rotarum

2134 3364 2387 3433 Raderet,
2420 3370 2560 3424 haud
2586 3372 2693 3427 ullo
2721 3374 2937 3440 signans
2963 3378 3184 3445 vestigia
3206 3379 3377 3442 sulco,

2131 3453 2237 3507 Sed
2267 3458 2452 3524 procul
2481 3459 2697 3528 impacti
2724 3461 2915 3516 tinnitu
2944 3464 3172 3533 prodere
3199 3466 3346 3523 ferri.

2129 3543 2245 3600 Hoc
2270 3538 2530 3603 Martinus
2559 3551 2659 3605 iter
2686 3550 2902 3621 paulum
2931 3570 3254 3625 prmgressus
3279 3559 3489 3627 agebat.

2130 3634 2262 3689 Cum
2288 3638 2464 3693 subito
2486 3640 2681 3709 ingenti
2707 3650 3082 3713 properantem
3104 3649 3313 3705 turbine
3340 3652 3557 3707 rhedatu

2128 3724 2325 3783 Obvius
2352 3734 2577 3800 aspexit,
2611 3738 2841 3792 tumidos
2861 3756 2977 3809 qua:
3006 3740 3142 3798 forte
3166 3745 3396 3800 vehebat

2127 3816 2325 3872 Militia:
2355 3828 2559 3878 terrore
2584 3827 2724 3882 viros
2757 3846 2769 3881 :
2802 3844 2906 3884 non
2939 3832 3070 3887 ordo
3093 3832 3346 3901 furorem,

2126 3904 2241 3959 Non
2268 3909 2404 3963 ratio
2435 3911 2675 3967 insanam
2705 3926 2916 3985 poterat
2943 3936 3268 3993 componere
3296 3936 3549 3983 mentem.

2126 3996 2377 4063 Ambitio,
2410 4002 2658 4067 ebrietas,
2693 4007 2913 4073 clalnor,
2945 4011 3112 4080 furor,
3140 4014 3233 4079 ira,
3267 4018 3547 4084 tumultus,

2123 4085 2415 4143 Miseebant
2436 4093 2594 4148 variis
2614 4094 2881 4151 incondita
2912 4108 3128 4168 pectora
3156 4108 3425 4170 monstris,

2121 4174 2507 4252 Exanimesque
2529 4184 2666 4239 inter
2690 4184 2862 4243 mulas
2892 4191 3229 4262 trepidosque
3256 4197 3560 4264 magistros,

2120 4266 2355 4325 Verbera
2383 4273 2676 4330 cedentum
2707 4272 3025 4335 resonabant
3048 4285 3208 4339 verba
3239 4287 3584 4355 clamantum,

2118 4357 2227 4413 Nec
2254 4363 2423 4417 standi
2453 4365 2540 4419 lex
2569 4365 2672 4421 ulla
2703 4370 2893 4434 inerat,
2920 4388 3020 4428 nec
3043 4391 3170 4429 cura
3198 4379 3383 4445 pericli

2122 4444 2385 4505 Tardabat
2413 4454 2640 4509 celerem
2668 4473 2767 4526 per
2794 4459 2970 4529 plana,
3001 4478 3097 4532 per
3124 4444 3290 4521 ardua
3308 4484 3541 4525 cursum.

2117 4534 2330 4593 Talibus
2356 4554 2483 4610 ergo
2504 4545 2632 4601 viris
2652 4546 2834 4604 habitu
2855 4551 3094 4609 diversus
3118 4565 3170 4610 et
3199 4573 3314 4626 ore,

2112 4623 2310 4682 Obvius
2335 4634 2571 4687 occurrit
2596 4646 2830 4705 sanctus,
2864 4641 3090 4699 timuere
3115 4647 3405 4704 verendam

2110 4716 2357 4775 Jumenta
2386 4724 2595 4781 adversi
2623 4727 2836 4801 faciem,
2858 4744 3069 4792 cessere
3091 4746 3378 4801 trementes

2109 4811 2317 4878 Aggere
2336 4812 2402 4868 de
2425 4817 2600 4874 medio
2620 4834 2775 4889 mage
2795 4838 2929 4881 sano
2950 4837 3168 4896 pectore
3187 4831 3344 4887 mula:

2109 4897 2318 4956 lnnexa:
2345 4904 2611 4975 implicitis
2636 4913 2957 4981 trepidantia
2984 4933 3211 4989 corpora
3239 4923 3403 4987 loris;

2112 4986 2179 5043 Ut
2215 4994 2482 5059 quondam
2510 5008 2707 5055 sancta:
2730 5004 2949 5060 vetitum
2976 4986 3296 5069 maledicere
3325 5017 3464 5086 plebi

2105 5077 2291 5136 Lectio
2320 5082 2422 5137 fert
2445 5087 2649 5142 asinam
2678 5087 2958 5151 dominum
2989 5105 3265 5172 tempsisse
3287 5106 3571 5175 profanum

2104 5161 2297 5226 Elisam
2319 5174 2511 5232 adclini
2533 5193 2860 5248 pressantem
2886 5204 3113 5261 corpore
3137 5196 3391 5264 plantam.

2101 5258 2235 5314 Tum
2264 5280 2392 5320 vero
2419 5267 2606 5325 insano
2634 5270 2817 5330 suffusi
2855 5258 3018 5336 corda
3041 5299 3249 5341 veneno

2102 5347 2380 5417 Desiliunt,
2412 5371 2534 5425 spes
2562 5370 2643 5413 est
2665 5365 2774 5417 voti
2801 5366 2921 5422 data
2953 5386 3114 5427 causa
3141 5374 3369 5440 furendi,

2102 5437 2229 5493 Ausi
2256 5449 2311 5495 et
2338 5447 2623 5515 sacrilegas
2652 5451 2705 5505 in
2733 5466 2976 5512 sanctum
3015 5464 3303 5521 extendere
3329 5437 3564 5536 dextras,

2100 5526 2528 5603 Verberibusque
2551 5540 2693 5608 pium
2724 5549 2965 5603 certatim
2995 5553 3192 5609 elidere
3213 5573 3429 5629 corpus.

2098 5622 2365 5682 lnsontem
2394 5632 2587 5700 solum,
2615 5638 2821 5708 mitem,
2853 5644 3131 5711 placidum,
3163 5653 3474 5722 patientem,

2095 5712 2240 5783 lrati,
2272 5718 2564 5793 instabiles,
2591 5729 2763 5800 multi,
2792 5736 2996 5805 tumidi,
3029 5712 3235 5808 furiosi,
