4066 6192
391 360 545 442 toti‘

387 499 553 555 Obvia
576 496 887 555 verberibus
913 511 1133 569 prorsus
1152 510 1255 552 nec
1276 493 1440 550 verba
1472 493 1738 549 ferentem

388 591 692 663 lmpellunt,
722 592 976 655 retinent,
1007 589 1212 647 elidunt
1245 606 1258 642 :
1290 603 1385 644 ora
1414 585 1729 640 madescunt

387 682 678 752 Sanguine,
708 681 989 741 confusum
1017 687 1273 751 rumpunt
1297 678 1587 749 spiramina
1625 683 1831 746 pectus,

388 775 641 831 Liventer
662 772 831 830 fracto
859 774 1166 842 nigrescunt
1184 779 1400 841 gutture
1420 770 1621 825 fauces.

389 866 834 935 Languentesque
859 865 1000 920 oeuli
1024 864 1143 920 solo
1171 862 1238 919 de
1265 862 1466 917 lumine
1493 857 1694 914 Christi

389 953 688 1010 Praesentes
713 963 943 1026 pensant
970 954 1221 1010 tenebras
1249 952 1477 1021 caligine
1504 949 1697 1013 noctis,

390 1046 581 1102 Deficit
608 1056 874 1117 aspectus,
898 1046 994 1102 sed
1018 1062 1142 1117 spes
1170 1047 1225 1100 in
1252 1052 1474 1115 pectore
1502 1042 1663 1097 lucet.

462 1137 649 1192 Talem
689 1139 850 1207 igitur
871 1139 1004 1194 socii
1041 1145 1325 1207 postquam
1367 1148 1627 1204 aspexere
1665 1131 1980 1200 magistrum

392 1224 700 1292 Exanimes,
728 1228 842 1283 viso
879 1227 1124 1297 pallescit
1154 1226 1309 1279 turba
1338 1233 1587 1295 patrono,

393 1320 698 1377 Extendens
719 1323 948 1377 humiles
975 1322 1043 1376 ad
1072 1321 1439 1377 sustentacula
1465 1319 1701 1382 dextras,

395 1408 701 1478 Blandaque
721 1411 1027 1479 sanguineis
1047 1409 1269 1480 affigens
1300 1409 1485 1466 oscula
1517 1407 1789 1461 membris.

396 1497 533 1553 Tum
558 1509 850 1571 properant
869 1501 998 1555 dirae
1026 1502 1143 1557 loca
1165 1501 1339 1556 tristia
1364 1501 1607 1569 linquere
1636 1498 1811 1559 cmdis.

397 1590 652 1648 Subditus
677 1594 892 1663 excepit
915 1594 1221 1650 venerabile
1242 1592 1450 1663 pondus
1473 1592 1668 1647 asellus

398 1684 679 1739 Assuetum
710 1693 961 1741 vecturus
989 1702 1143 1741 onus.
1169 1685 1275 1740 Sed
1312 1700 1540 1755 corpore
1561 1685 1703 1740 flexo

398 1772 561 1827 Nutat
579 1773 907 1829 semianimis
935 1776 1154 1831 acclinis
1182 1778 1390 1831 sarcina
1421 1776 1691 1839 membris,

399 1864 465 1920 Et
483 1865 675 1922 dubios
699 1883 855 1923 casus
876 1867 1097 1937 jamjam
1128 1869 1341 1938 lapsura
1371 1868 1622 1924 minatur.

470 1956 683 2012 Interea
712 1959 931 2029 expleto
957 1960 1136 2014 satiati
1164 1959 1325 2014 corda
1356 1959 1538 2014 furore

401 2046 483 2101 Ad
512 2047 732 2105 rhcdam
756 2049 963 2105 rediere
985 2050 1100 2113 viri,
1132 2051 1400 2120 pernicius
1430 2051 1551 2105 inde

394 2136 668 2209 ἰ)ηοίρίιί
697 2149 895 2208 cogunt
912 2141 1154 2211 jumeuta
1180 2158 1466 2213 erumpere
1485 2145 1642 2198 saltu.

404 2228 475 2284 Ut
496 2231 749 2302 quidquid
780 2232 953 2288 fuerat
982 2233 1191 2290 funesta
1218 2236 1270 2288 in
1301 2236 1447 2291 czede
1476 2253 1767 2303 morarum,

400 2318 693 2377 Confestim
715 2324 906 2379 celeris
932 2336 1220 2395 pensarent
1247 2327 1456 2382 turbine
1483 2345 1690 2387 cursus.

403 2410 601 2468 Verum
638 2414 751 2471 haec
794 2416 991 2471 frustra
1037 2417 1292 2474 adhibent
1326 2421 1628 2487 molimina,
1670 2422 1776 2476 tixa
1819 2421 1992 2477 rebel-

1771 2512 1921 2583 [lant

401 2592 632 2664 lmperio
654 2596 897 2666 iumenta
927 2601 1065 2657 truci
1098 2620 1110 2654 :
1144 2602 1355 2671 riguere
1384 2603 1561 2672 ligatae

402 2684 639 2742 Arbitrio
670 2688 872 2745 domini
899 2699 1200 2748 statuarum
1229 2695 1283 2749 in
1313 2695 1544 2763 imagine
1572 2696 1750 2749 mulae.

404 2773 540 2830 Tum
568 2792 699 2833 vero
732 2780 918 2836 insano
948 2785 1172 2853 propius
1196 2786 1337 2840 calet
1365 2787 1441 2848 ira
1472 2788 1721 2846 tumultu.

403 2864 487 2919 Nil
516 2882 695 2934 voces,
721 2870 795 2923 nil
816 2869 981 2941 flagra
1001 2875 1183 2929 valent
1215 2894 1227 2928 :
1253 2885 1479 2931 contusa
1502 2877 1767 2933 resultant

402 2954 515 3021 llia,
546 2958 751 3020 vicinas
771 2962 987 3030 rapiunt
1009 2964 1074 3016 ad
1093 2965 1317 3020 verbera
1341 2967 1519 3034 silvas,

402 3046 567 3115 Saxa,
591 3050 773 3121 sudes,
803 3051 990 3119 fustes,
1034 3056 1299 3125 stimulos,
1325 3060 1470 3127 quod
1501 3060 1692 3129 cuique
1721 3066 1993 3129 repertum

405 3136 641 3194 Rimanti
674 3142 839 3197 telum
866 3143 947 3199 ira
972 3145 1129 3213 facit,
1162 3151 1432 3205 consumit
1461 3151 1514 3204 in
1546 3153 1701 3206 ictus.

405 3225 511 3283 Nec
542 3238 721 3287 tamen
746 3233 862 3291 haec
884 3248 1108 3305 possunt
1127 3256 1322 3296 nervos
1351 3242 1533 3298 laxare
1562 3244 1797 3313 rigentes

406 3320 512 3374 Aut
539 3321 674 3378 fixos
700 3335 910 3383 mutare
938 3339 1105 3396 artus,
1136 3331 1382 3401 frigentia
1411 3335 1603 3391 credas

406 3410 565 3483 IEra,
588 3416 673 3470 vel
694 3431 974 3487 expressas
999 3424 1141 3480 saxis
1161 3425 1387 3493 riguisse
1418 3426 1627 3495 ﬁguras.

408 3500 647 3560 Tandem
675 3520 993 3580 consumpto
1022 3515 1234 3583 penitus
1263 3516 1539 3588 fractoque
1567 3521 1748 3578 furore

408 3594 637 3654 Admisit
656 3615 845 3657 sanum
867 3619 1056 3661 vecors
1075 3607 1346 3664 dementia
1375 3626 1614 3681 sensum,

410 3685 482 3742 Ut
508 3690 709 3755 scirent
732 3708 897 3749 nexas
920 3696 1060 3751 inter
1090 3705 1170 3753 tot
1198 3702 1422 3757 verbera
1453 3705 1625 3759 mulas

409 3779 616 3839 Iudicio
644 3792 858 3855 torpere
880 3787 992 3854 Dei,
1023 3805 1350 3861 causamque
1371 3811 1643 3852 morarum

409 3868 527 3927 Non
553 3873 670 3929 sine
697 3875 880 3932 divino
902 3880 1113 3936 miseris
1147 3885 1459 3955 contingere
1489 3899 1640 3946 nutu.

410 3957 545 4014 Cum
574 3962 790 4020 demum
813 3966 1071 4023 admoniti
1094 3976 1366 4042 monstris,
1399 3981 1683 4050 positoque
1716 3983 1896 4039 furore

412 4047 627 4112 Peccati
659 4070 927 4113 memores
954 4073 1221 4129 quaerunt,
1253 4068 1499 4135 quisnam
1542 4070 1632 4127 ille
1662 4076 1895 4141 verendo

412 4141 653 4214 Corpore
673 4150 962 4221 sacrilegos
990 4156 1292 4223 pulsantum
1323 4166 1598 4232 exceperit
1630 4167 1781 4222 ictus.

413 4233 551 4292 Ecce
579 4248 756 4296 autem
783 4245 965 4300 audito
1004 4247 1217 4304 Martini
1249 4255 1465 4308 nomine
1496 4258 1650 4325 proni

414 4325 712 4386 Accurrunt
732 4334 940 4392 laceros
965 4342 1162 4409 lurpati
1195 4343 1415 4412 pulvere
1437 4348 1635 4416 crines,

415 4416 789 4510 Rorantesque
817 4442 983 4495 genas
1010 4432 1364 4502 lacrymarum
1388 4436 1534 4493 fonte
1562 4442 1799 4510 rigantes

415 4506 698 4567 lunectunt
726 4516 952 4575 humiles
982 4523 1176 4590 plantis
1199 4524 1442 4583 felicibus
1474 4506 1649 4601 ulnas,

416 4599 707 4664 Pascentes
737 4611 946 4664 veniam
979 4616 1199 4683 pariter,
1224 4621 1533 4692 pariterque
1572 4599 1821 4696 fatentes.

414 4692 525 4750 Nec
552 4711 682 4752 sane
710 4698 875 4754 dilata
906 4702 995 4757 diu
1025 4715 1109 4759 est
1136 4709 1436 4765 miseranda
1476 4726 1790 4782 precantum

416 4786 672 4877 Ambitio,
704 4794 929 4848 exclusit
957 4798 1144 4867 longos
1169 4803 1452 4860 clementia
1481 4806 1655 4877 fletus,

416 4876 480 4932 Et
503 4881 674 4935 venia:
701 4881 902 4939 donum
932 4894 1190 4957 pra-venit
1218 4904 1342 4949 vota
1374 4876 1675 4966 rogantum.

417 4968 527 5026 Nec
552 4988 704 5030 mora
733 4975 951 5034 libertas
973 4982 1201 5039 abeundi
1232 4988 1459 5057 reddita,
1482 4993 1647 5047 verbo

419 5065 644 5123 Laxavit
669 5072 831 5128 celeri
853 5074 1120 5143 jussarum
1149 5081 1298 5137 frena
1328 5100 1619 5142 morarum.

418 5156 589 5213 Dicite
608 5162 735 5230 quid
762 5165 928 5219 vestri
956 5167 1114 5222 velox
1142 5173 1349 5229 evectio
1378 5178 1522 5245 regis

418 5246 627 5304 Eﬂiciat
655 5254 901 5310 tardante
930 5256 1062 5325 Deo,
1094 5260 1334 5318 conferte
1363 5281 1614 5323 coruscas

419 5339 761 5400 Gemmarum
790 5349 952 5405 radiis
981 5349 1202 5419 frontes,
1235 5364 1288 5409 et
1318 5361 1550 5424 tegmina
1591 5363 1721 5418 setis

418 5431 659 5505 HiSpida,
689 5439 945 5496 virtutum
978 5443 1176 5510 titulos,
1209 5462 1539 5521 pompasque
1564 5453 1881 5524 jubentum;

419 5531 555 5589 Tum
580 5537 756 5592 saltim
783 5540 959 5596 edocti
988 5544 1301 5599 meritorum
1334 5551 1571 5616 pondere
1596 5556 1765 5609 sancti

419 5634 703 5707 Imperium
731 5650 910 5697 vestro
936 5646 1125 5701 melius
1154 5651 1450 5718 prmponite
1479 5653 1610 5720 regi.

489 5737 679 5809 Perge,
708 5756 825 5812 age,
852 5748 1109 5805 continuo
1145 5751 1401 5805 virtutum
1440 5762 1721 5809 stemmata
1757 5766 1930 5813 tractu

422 5839 710 5900 Historiam
735 5848 1017 5918 pangendo
1048 5850 1205 5921 refer,
1239 5854 1323 5909 via
1351 5869 1501 5910 versa
1533 5858 1781 5913 sacerdos

1515 378 1603 434 DE
1644 377 1794 434 VITA
1819 376 1878 433 S-
1901 375 2183 435 MARTIXI
2219 375 2348 433 LIB.
2382 376 2479 432 ι-ν.

2008 494 2057 553 Α
2085 486 2471 558 lngeniumque
2499 502 2699 557 meum,
2732 496 2788 545 tu
2817 489 2995 547 cordis
3022 491 3224 561 plectra
3254 492 3339 547 vel
3366 492 3476 547 oris

3532 378 3669 434 10ιῖ

2083 580 2301 635 Auxilio
2333 581 2591 650 continge
2619 590 2733 648 tuo,
2763 597 2963 638 vesana
2993 586 3296 653 loquentes,

2082 671 2371 726 Dementes
2394 672 2608 742 rapiant
2627 674 2825 730 furiosa
2853 676 2919 730 ad
2942 684 3160 745 pectora
3186 676 3380 731 Musas.

2080 762 2191 817 Nos
2216 762 2478 817 Martinus
2500 773 2644 833 agat,
2677 766 2798 821 talis
2820 767 3049 822 mutatio
3068 783 3279 834 sensus,

2083 853 2248 908 Grata
2274 854 2406 908 mihi
2436 863 2537 917 est,
2570 857 2733 911 talem
2755 858 2943 913 sitiunt
2968 876 3089 915 mea
3109 861 3315 915 viscera
3340 857 3565 924 fontem,

2083 942 2343 998 Castalias
2364 954 2594 1014 poscant
2622 946 2948 1018 lymphatiea
2970 960 3190 1020 pectora
3219 951 3483 1021 lymphas,

2085 1033 2266 1089 Altera
2291 1036 2448 1105 pocla
2477 1035 2672 1091 decent
2700 1038 2946 1094 homines
2971 1040 3204 1095 Jordane
3229 1048 3465 1095 renatos.

2156 1126 2360 1183 Rursus
2386 1129 2491 1183 iter
2518 1143 2733 1198 gressus
2760 1133 3069 1188 venerabile
3097 1143 3313 1189 sanctus
3342 1134 3534 1201 agebat

2087 1216 2383 1272 Carnotina
2408 1218 2595 1287 jacent
2620 1221 2820 1289 patulis
2839 1236 2946 1290 qua
2967 1225 3161 1278 mmnia
3193 1226 3418 1294 campis.

2086 1307 2226 1377 Ergo
2255 1309 2343 1365 hic
2367 1307 2579 1364 fecundi
2608 1310 2737 1365 dum
2765 1314 3004 1381 prteterit
3032 1316 3147 1367 avia
3176 1317 3337 1381 ruris,

2086 1398 2335 1454 Vicinum
2366 1400 2609 1471 implevit
2624 1401 2768 1470 justa
2792 1403 3075 1458 admiratio
3108 1406 3299 1458 vicum.

2087 1489 2356 1545 lnnumeri
2380 1492 2577 1561 passim
2607 1502 2806 1547 coeunt
2835 1503 2889 1548 et
2909 1510 3071 1549 sexus
3092 1502 3147 1548 et
3174 1503 3322 1557 (etas,

2087 1578 2285 1634 Omnes
2315 1580 2557 1635 denudat
2582 1598 2782 1637 vacuos
2811 1584 3107 1639 cultoribus
3129 1601 3287 1655 agros

2089 1671 2272 1725 Gloria
2296 1679 2446 1726 tanta
2469 1673 2598 1739 viri;
2620 1674 2797 1735 minor
2821 1682 2903 1728 est
2922 1675 3035 1742 jam
3057 1692 3184 1730 cura
3206 1676 3507 1737 domorum.

2090 1760 2377 1816 Martinum
2403 1761 2603 1817 vidisse
2622 1770 2709 1816 sat
2734 1770 2838 1830 est,
2862 1763 2967 1819 hoc
2994 1780 3190 1819 nomen
3218 1773 3272 1820 et
3294 1766 3393 1835 ipsi

2018 1868 2065 1926 Β
2092 1850 2197 1905 Pro
2218 1851 2391 1906 laudis
2419 1852 2576 1907 titulo
2601 1861 2754 1909 recte
2774 1863 3029 1925 stupuere
3054 1856 3281 1925 profani.

2092 1941 2159 1994 Et
2188 1955 2497 2011 quanquam
2521 1958 2623 1999 nec
2651 1944 2777 1999 dum
2809 1946 2930 2001 fidei
2953 1948 3151 2003 virtute
3180 1956 3393 2018 recepta

2094 2031 2173 2085 Ad
2194 2030 2391 2087 famam
2411 2034 2549 2087 tanti
2570 2035 2763 2104 raptim
2794 2035 3051 2093 affluxere
3072 2039 3330 2108 magistri.

2093 2122 2339 2193 Stipabat
2362 2125 2589 2181 densum
2617 2130 2831 2199 populis
2852 2134 3176 2188 rurestribus
3198 2146 3408 2201 agmen.

2094 2212 2327 2269 Texerat
2353 2218 2629 2286 expositos
2646 2219 2791 2288 justa
2817 2220 3099 2281 admiratio
3126 2239 3364 2294 campos,

2093 2304 2263 2371 Quem
2294 2306 2525 2363 fructum
2556 2317 2718 2365 tantce
2738 2314 2935 2380 segetis
2963 2314 3179 2369 satione
3195 2316 3381 2372 salutis

2094 2400 2408 2456 Commissis
2428 2404 2652 2473 cupidos
2675 2406 2936 2475 gauderes
2958 2409 3193 2464 condere
3223 2410 3469 2464 claustris
3488 2448 3503 2473 ,

2096 2492 2408 2563 Respiciens
2434 2511 2633 2551 vacuos
2658 2512 2947 2567 granorum
2977 2501 3216 2569 pondere
3239 2503 3466 2555 culmos.

2092 2582 2225 2637 Cum
2256 2583 2434 2640 subito
2464 2587 2770 2641 exanimum
2797 2590 2908 2642 nati
2931 2590 3207 2660 complexa
3238 2591 3469 2645 cadaver

2096 2677 2265 2732 Mater
2287 2678 2459 2743 adest,
2482 2680 2703 2749 pulsans
2724 2696 2906 2737 cassos
2926 2682 2994 2736 ad
3022 2683 3227 2737 viscera
3251 2683 3439 2747 rictus,

2096 2765 2161 2821 Et
2188 2769 2469 2836 querulum
2499 2770 2821 2839 immergens
2858 2772 3022 2828 labris
3048 2772 3360 2840 glacialibus
3388 2772 3542 2837 uber,

2097 2858 2349 2926 Allegans
2374 2861 2630 2916 tremulas
2651 2862 2790 2916 inter
2818 2864 3047 2933 suspiria
3069 2880 3251 2932 voces,

2098 2948 2476 3019 Pallentesque
2503 2950 2682 3019 rigans
2701 2951 3058 3023 lacrymarum
3088 2952 3305 3007 flumina
3332 2954 3521 3009 malas.

2100 3038 2374 3096 Persensit
2400 3058 2552 3099 mens
2578 3044 2738 3113 plena
2768 3045 2880 3099 Deo
2906 3045 3078 3099 vicina
3104 3044 3333 3101 faventis

2100 3132 2250 3187 Dona
2279 3132 2375 3188 Dei
2403 3151 2415 3185 :
2441 3150 2635 3204 purum
2667 3136 2933 3204 vegetavit
2962 3137 3133 3204 gratia
3161 3152 3377 3192 sensum

2019 3237 2067 3298 ε
2100 3222 2315 3280 Fideret
2345 3233 2402 3279 ut
2432 3234 2639 3281 tantum
2666 3227 2845 3281 divina
2876 3227 2942 3282 ad
2972 3230 3193 3297 praemia
3219 3230 3434 3299 plebem

2101 3318 2389 3390 Perspecta
2417 3320 2595 3375 saltim
2625 3320 2834 3375 Domini
2863 3322 3060 3377 virtute
3082 3325 3403 3380 vocandam.

2170 3410 2313 3479 Ergo
2344 3418 2403 3465 ut
2439 3410 2675 3467 defuncti
2705 3412 2862 3468 funus
2890 3414 3195 3469 miserabile
3226 3415 3338 3469 nati

2099 3501 2339 3572 Supplex
2365 3502 2619 3573 imposuit
2647 3503 2835 3557 matris
2865 3501 3108 3558 felicibus
3137 3504 3294 3569 ulnis,

2101 3592 2301 3646 Attacti
2331 3600 2525 3645 nutare
2551 3600 2720 3654 artus,
2751 3600 2999 3647 reserata.
3020 3601 3206 3662 patere

2103 3679 2346 3745 Lumina,
2378 3689 2433 3735 et
2462 3681 2691 3735 infusam
2723 3682 2980 3750 paulatim
3012 3698 3324 3738 assuescere
3351 3685 3548 3751 lucem,

2102 3768 2171 3823 Et
2198 3769 2463 3839 plectrum
2492 3769 3052 3825 bumentiscollidcns
3081 3771 3257 3840 lingua
3288 3773 3453 3841 palati

2104 3859 2367 3914 Faucibus
2386 3874 2695 3929 expressam
2720 3861 2897 3915 verbis
2927 3861 3253 3930 distinguere
3282 3879 3496 3931 vocem,

2104 3951 2438 4021 Brachiaque
2468 3952 2665 4006 innexo
2695 3953 2933 4020 gaudens
2958 3954 3287 4023 suspendere
3315 3955 3455 4010 collo

2105 4040 2319 4095 Martini
2341 4041 2627 4111 amplexus
2656 4044 2900 4111 neglecta
2939 4053 3113 4099 matre
3144 4046 3404 4115 poposcit.

2109 4129 2288 4185 Pande
2316 4135 2465 4186 sinus
2493 4134 2707 4202 patulos
2732 4136 2945 4205 populis
2972 4136 3139 4191 ditata
3170 4140 3415 4209 receptis,

2107 4222 2491 4294 Adjectamque
2518 4225 2621 4280 tibi
2642 4227 2881 4295 gaudens
2909 4229 3240 4298 amplectere
3268 4231 3505 4299 plebem.

2107 4316 2317 4385 Sponsa
2346 4315 2461 4379 Dei,
2498 4326 2675 4372 totum.
2698 4320 2913 4389 rapiens
2935 4320 2999 4373 ad
3040 4321 3245 4375 viscera
3273 4322 3549 4377 mundum.

2107 4407 2218 4463 Vos
2246 4422 2375 4463 vero
2405 4408 2459 4463 in
2488 4410 2699 4465 miseris
2728 4410 2927 4465 dudum
2954 4412 3177 4468 fetentia
3206 4415 3379 4469 bustis

2107 4499 2274 4565 ldola,
2307 4500 2617 4567 gaudendos
2644 4501 2860 4555 tandem
2890 4502 3066 4570 lugete
3097 4505 3413 4573 triumphos.

2032 4619 2087 4679 Β
2182 4590 2312 4657 Quae
2342 4606 2451 4644 non
2480 4590 2642 4645 corda
2673 4591 2768 4644 tibi
2793 4591 3071 4659 cedebant,
3100 4600 3304 4659 sancte,
3345 4594 3594 4651 docenti?

2110 4684 2241 4750 Quze
2270 4684 2452 4739 feritas
2478 4699 2587 4738 non
2609 4684 2754 4740 mitis
2780 4692 2897 4738 erat
2918 4687 2941 4738 ?
2962 4701 3085 4739 cum
3116 4701 3330 4755 semper
3356 4688 3407 4740 in
3440 4689 3570 4758 ipsis

2109 4773 2344 4843 Regibus
2371 4776 2679 4844 oppositum
2708 4783 2896 4829 contra
2926 4782 3015 4828 tua
3043 4784 3169 4830 vota
3198 4778 3432 4845 rigorem

2109 4864 2314 4919 Praevia
2337 4866 2568 4920 molliret
2602 4866 2809 4920 Domini
2839 4866 3125 4920 clementia
3152 4866 3393 4922 Christi?

2107 4954 2217 5010 Sed
2246 4969 2401 5022 mage
2432 4963 2557 5010 trux
2584 4956 2806 5025 reliquis
2833 4957 3072 5025 vitioque
3103 4958 3345 5023 tumoris,
3372 4965 3427 5011 et
3450 4958 3541 5010 ira:

2110 5045 2389 5109 Terribilis
2415 5048 3028 5103 mliuniValenlinianus
3057 5048 3269 5116 agebat.

2112 5136 2282 5202 Quem
2303 5151 2424 5191 cum
2447 5151 2590 5206 saepe
2612 5136 2803 5192 ducem
2826 5138 3053 5207 supplex
3076 5138 3333 5191 Martinus
3360 5136 3533 5189 adiret

2113 5229 2391 5286 Difﬁcilem
2422 5231 2659 5301 allegans
2684 5232 2819 5287 duro
2848 5234 2948 5287 sub
2976 5233 3217 5303 principe
3245 5245 3483 5297 causam,

2113 5319 2243 5374 Tam
2267 5321 2380 5391 jugi
2410 5321 2647 5377 offensus
2674 5338 2771 5377 rex
2802 5324 3093 5377 ambitione
3121 5320 3390 5391 precantis

2111 5408 2189 5463 Ne
2218 5426 2359 5480 smpe
2388 5411 2690 5467 obstructas
2718 5414 2959 5482 pulsaret
2994 5413 3270 5483 questibus
3297 5423 3474 5471 aures,

2112 5500 2295 5555 Arceri
2327 5501 2527 5558 foribus
2553 5512 2797 5558 sanctum
2823 5504 2995 5572 jubet.
3020 5502 3113 5557 llle
3141 5500 3386 5569 repulsus

2112 5592 2319 5645 Deserit
2344 5593 2532 5649 infensi
2560 5596 2855 5664 penetralia
2889 5593 3097 5647 turbida
3130 5593 3269 5659 regis

2111 5680 2334 5737 Mallens
2362 5688 2547 5739 interni
2577 5687 2793 5754 pulsare
2822 5685 2888 5738 ad
2920 5685 3099 5737 limina
3122 5683 3338 5743 Christi,

2113 5774 2285 5841 Atque
2308 5774 2449 5827 illam
2474 5785 2758 5844 penetrare
2798 5775 2974 5828 aulam
3004 5790 3124 5843 qua:
3150 5775 3363 5841 regibus
3396 5773 3520 5844 ipsis

2114 5861 2205 5917 Jus
2238 5864 2439 5931 tribuit,
2467 5867 2627 5920 certis
2658 5865 2980 5921 concludens
3004 5874 3246 5935 tempora
3276 5868 3455 5932 metis,
