4066 6192
433 370 569 428 10Ᾱό

428 478 745 546 Astringens
769 469 962 529 validis
984 468 1115 525 licet
1140 480 1235 522 ora
1264 463 1492 534 rigentia
1520 462 1704 518 frenis.

428 569 568 639 Ergo
598 568 665 622 ad
693 571 1012 622 consuetum
1038 565 1244 615 remeat
1270 571 1423 613 mens
1462 562 1573 610 tota
1602 554 1839 621 vigorem

432 665 686 731 Amigens
714 671 933 716 tenuem
960 656 1171 713 defesso
1197 656 1251 709 in
1284 666 1513 722 corpore
1537 664 1774 706 carnem.

432 756 664 809 Exesam
693 751 976 808 stimulans
1004 756 1185 803 setosa
1214 744 1449 813 tegmine
1478 740 1672 811 pellem
1693 781 1707 805 ,

433 844 735 915 Jejunando
758 843 900 897 diem
928 840 1147 901 ducens,
1176 833 1446 905 vigilando
1479 832 1746 893 tenebras,

433 936 705 991 Continuo
732 940 788 988 et
818 930 946 985 fletu
974 934 1301 984 connectens
1330 932 1542 992 tempus
1570 927 1875 986 utrumque.

434 1029 511 1081 Ac
534 1027 577 1080 si
602 1024 820 1096 quando
846 1021 995 1077 brevi
1022 1020 1309 1075 cessissent
1336 1015 1543 1071 lumina
1572 1025 1764 1068 somno
1788 1050 1803 1073 ,

435 1119 588 1175 Nuda
616 1118 810 1171 humus
838 1115 905 1169 ad
934 1122 1150 1169 tenuem
1173 1118 1257 1166 sat
1278 1115 1396 1164 erat
1418 1106 1661 1175 subjecta
1688 1114 1966 1172 soporem,

437 1212 621 1267 Donec
649 1207 956 1265 mmstitiam
986 1204 1155 1261 sancti
1181 1200 1485 1257 miserantis
1514 1196 1718 1252 alumni

436 1303 681 1359 Christus
710 1300 777 1356 ad
805 1298 1061 1354 alllictum
1086 1296 1279 1351 solatia
1303 1291 1451 1348 misit
1473 1291 1707 1345 amicum

438 1395 691 1463 Alloquio
719 1392 900 1448 delata
927 1390 1019 1460 pio
1044 1407 1057 1442 :
1083 1403 1207 1443 nam
1234 1388 1415 1457 lapsus
1444 1385 1511 1438 ab
1535 1383 1645 1437 alto

439 1485 678 1555 Angelus
704 1486 820 1539 haec
848 1483 1060 1539 Domini
1085 1480 1325 1536 mandati
1356 1478 1523 1533 verba
1550 1473 1822 1546 profatur:

439 1574 632 1645 Perge,
654 1589 772 1643 age,
799 1583 859 1629 ut
877 1575 1209 1629 obstructam
1235 1577 1490 1641 penetres
1513 1580 1734 1622 securus
1747 1563 1809 1616 ad
1826 1561 2024 1615 aulam.

440 1667 523 1723 Nil
555 1675 766 1737 septum
795 1674 897 1732 est,
930 1666 1222 1721 miserante
1252 1663 1388 1728 Deo,
1418 1659 1505 1715 cui
1532 1658 1681 1725 regia
1711 1653 1833 1711 caeli

440 1758 628 1815 Oranti
659 1758 853 1829 patuit,
884 1766 1097 1813 terrena
1125 1756 1243 1810 haec
1269 1753 1503 1808 claustra
1530 1747 1813 1818 patebunt.

440 1849 551 1905 Nec
570 1864 719 1904 mora
754 1865 769 1903 :
800 1848 966 1903 divini
993 1853 1144 1901 tanto
1170 1858 1432 1915 sponsore
1460 1839 1660 1895 favoris

441 1937 602 1993 Certa
632 1938 785 2004 fides;
820 1938 958 2007 petit
986 1934 1283 2005 intrepidus
1310 1929 1642 2003 penetranda
1672 1924 1884 1997 tyranni

443 2029 673 2093 Limina,
705 2028 973 2083 concessit
1000 2026 1191 2081 tumidi
1220 2024 1462 2095 custodia
1492 2021 1652 2089 regis,

443 2122 713 2190 Armaque
732 2122 799 2175 ad
825 2120 1079 2176 excubias
1103 2120 1339 2174 dirarum
1361 2116 1571 2185 objecta
1600 2111 1884 2165 minarum.

446 2214 617 2279 Quem
643 2223 928 2284 postquam
956 2214 1095 2268 solio
1124 2212 1303 2270 subito
1332 2225 1429 2264 rex
1456 2206 1589 2261 vidit
1618 2204 1684 2258 ab
1706 2203 1833 2263 aito,

446 2302 732 2372 Obstupuit
756 2305 873 2359 visu
902 2303 1180 2367 attonitus,
1212 2310 1531 2367 torvumque
1559 2300 1851 2350 trementes

446 2392 670 2462 Aspexit
690 2393 944 2447 minitans
967 2392 1134 2460 regali
1162 2407 1193 2445 a
1213 2390 1339 2445 sede
1364 2388 1656 2443 ministros.

519 2485 734 2539 Interea
764 2489 823 2535 ut
852 2489 1036 2546 spreto
1065 2485 1285 2547 caperet
1314 2479 1508 2532 solatia
1544 2480 1760 2533 sancto,

448 2574 770 2633 Comminus
793 2578 1062 2625 astantem
1087 2569 1240 2622 nullo
1274 2567 1530 2634 dignatus
1550 2565 1784 2628 honore,

447 2661 690 2717 lmmotis
718 2661 912 2730 pressit
938 2657 1177 2726 subjecta
1202 2656 1391 2711 sedilia
1420 2654 1694 2709 membris.

447 2751 591 2807 Ecce
615 2759 793 2806 autem
820 2749 1010 2820 rapido
1037 2747 1352 2818 crepitantis
1380 2745 1595 2801 turbine
1627 2743 1854 2797 flamma:

447 2839 592 2912 Ignis
618 2850 773 2897 atrox
802 2840 998 2897 vindex
1023 2839 1204 2894 divino
1241 2851 1464 2893 munere
1484 2836 1677 2889 missus

448 2931 680 2990 involvit
709 2933 902 2990 solium
927 2931 1071 3000 regis
1092 2937 1411 3001 partemque
1438 2925 1694 2982 sedentis.

450 3023 588 3079 Tum
608 3023 824 3079 demum
852 3024 1014 3079 celeri
1036 3022 1283 3090 linquens
1304 3018 1551 3075 incendia
1578 3017 1720 3071 saltu

450 3113 705 3169 Excussis
734 3112 849 3167 ﬁxit
876 3112 1115 3181 trepidus
1142 3110 1367 3178 vestigia
1394 3107 1649 3163 membris

452 3204 737 3261 Extortum
765 3204 1046 3260 redhibere
1066 3203 1157 3272 pio
1179 3208 1419 3270 gratatur
1443 3200 1725 3262 honorem,

453 3295 521 3349 Et
547 3294 747 3349 blando
769 3293 961 3348 affectu
992 3306 1212 3347 causam
1242 3303 1524 3345 removere
1550 3284 1807 3356 precandi

455 3382 704 3438 Subdens
730 3381 1008 3451 prmceptis
1036 3380 1258 3433 immitia
1288 3386 1507 3448 pectora
1534 3376 1753 3441 sanctis,

455 3473 526 3529 Et
555 3473 778 3528 ﬂectens
801 3472 1002 3527 dociles
1030 3471 1098 3525 ad
1124 3470 1288 3525 verba
1314 3467 1559 3538 jubentia
1591 3480 1790 3521 mores.

457 3564 596 3630 Quin
627 3571 682 3619 et
710 3563 855 3631 larga
878 3562 1007 3618 satis
1029 3561 1197 3630 regali
1224 3560 1363 3615 dona
1387 3566 1582 3629 paratu

457 3656 705 3725 Ingessit.
772 3655 878 3711 Sed
898 3655 970 3709 nil
998 3654 1066 3710 de
1093 3653 1279 3709 mundi
1307 3666 1521 3707 sumere
1546 3664 1712 3705 censu

459 3750 609 3804 Mens
633 3749 885 3818 opulenta
915 3747 1027 3803 Deo
1055 3747 1245 3811 voluit,
1276 3753 1490 3800 terrena
1520 3742 1830 3809 relinquens

459 3838 704 3905 Prtemia,
734 3846 790 3892 at
815 3838 1000 3893 :eterni
1022 3836 1321 3893 recondens
1348 3849 1570 3890 munera
1600 3831 1818 3889 Christi.

530 3932 681 3987 Nunc
706 3932 830 4000 quia
848 3930 1069 4001 plebeiis
1084 3930 1338 3986 vilissima
1365 3928 1603 3983 carmina
1627 3925 1804 3980 verbis

459 4022 709 4092 lrrupere
730 4021 917 4076 humili
944 4021 1196 4090 praecelsa
1226 4020 1423 4089 palatia
1445 4032 1626 4082 versu,

459 4117 747 4184 Contiguo,
780 4123 840 4169 ut
866 4112 1109 4168 Christus
1130 4111 1357 4175 dederit,
1389 4124 1638 4165 sermone
1666 4108 1947 4175 loquemur

460 4206 684 4262 Subdita
712 4212 1020 4261 sanctarum
1048 4202 1253 4256 meritis
1280 4200 1491 4267 fastigia
1516 4214 1714 4255 rerum.

460 4296 777 4365 Postquam,
808 4302 867 4348 ut
896 4292 1185 4347 transcursi
1210 4291 1439 4359 signavit
1466 4291 1657 4361 pagina
1687 4291 1825 4358 libri,

460 4387 728 4443 Maximus
748 4384 981 4453 impositi
1011 4384 1261 4453 purgavit
1288 4383 1511 4438 crimina
1534 4383 1703 4450 regni,

460 4477 683 4544 Jugibus
712 4474 900 4530 ofliciis
928 4485 1161 4545 coeptum
1188 4488 1403 4530 servare
1431 4472 1669 4528 favorem

462 4566 761 4622 Prudenter
788 4566 991 4623 studuit
1016 4584 1029 4619 :
1060 4581 1183 4619 nam
1215 4566 1293 4621 sie
1316 4579 1594 4621 arcessere
1622 4571 1866 4619 sanetum

462 4658 742 4714 Gaudebat
769 4658 990 4727 cupiens
1018 4657 1182 4711 divini
1204 4655 1422 4710 ﬂumine
1444 4655 1594 4709 verbi

464 4749 724 4818 lrriguam
755 4759 945 4819 potare
973 4747 1149 4815 fidem,
1180 4748 1247 4803 de
1268 4747 1416 4802 fonte
1438 4748 1581 4802 beati

462 4840 582 4895 Oris
606 4848 911 4895 nectareum
943 4838 1202 4894 doctrina:
1222 4838 1440 4893 haurire
1465 4838 1747 4906 liquorem,

462 4932 680 4987 Discere
708 4939 1017 4985 sanctorum
1046 4930 1227 4984 titulos
1254 4938 1310 4985 et
1336 4938 1485 4997 gesta
1512 4929 1746 4998 piorum,

462 5024 591 5088 Quae
611 5023 950 5075 decertantes
977 5019 1232 5074 sudarent
1260 5020 1461 5089 praelia,
1486 5035 1673 5088 qumve

463 5115 688 5167 l’t-annia
710 5114 939 5168 victores
968 5118 1255 5181 caperent,
1286 5126 1404 5179 quae
1431 5112 1601 5179 gloria
1626 5111 1803 5179 justos

462 5205 724 5276 l'lxt-ipiat,
752 5222 870 5275 qua:
898 5221 1053 5274 paena
1084 5204 1519 5262 reos,clementia
1553 5203 1726 5259 Patris

465 5296 534 5349 lit
562 5298 761 5364 foveat,
792 5305 1051 5365 quantum
1080 5295 1279 5349 alliciat
1305 5295 1568 5349 sententia
1597 5296 1757 5362 regis.

464 5387 612 5441 Talia
642 5388 901 5457 quaerenti
933 5384 1276 5453 congaudens
1297 5385 1500 5452 singula
1538 5393 1756 5440 sanctus

467 5475 726 5541 Pandere,
758 5486 814 5532 et
840 5476 1027 5545 ejectis
1052 5475 1230 5529 lumen
1259 5489 1516 5529 revocare
1544 5475 1797 5531 tenebris.

466 5571 544 5621 Ac
573 5585 679 5623 non
709 5569 931 5622 inferior
960 5576 1110 5621 tanto
1139 5567 1322 5635 regina
1351 5567 1545 5621 marito

466 5659 669 5713 Devota
694 5660 964 5729 obsequiis
990 5658 1237 5713 vincebat
1264 5658 1446 5713 sedula
1476 5671 1677 5726 regem,

468 5746 711 5803 Pendens
730 5747 1007 5803 sanetiﬁco
1029 5763 1243 5818 semper
1265 5749 1527 5803 narrantis
1553 5747 1620 5801 ab
1643 5763 1755 5815 ore,

472 5835 541 5889 Et
561 5834 707 5906 largo
736 5846 957 5906 propter
983 5852 1239 5910 spargens
1266 5839 1485 5910 vestigia
1508 5837 1656 5908 fletu,

1534 355 1596 410 Β.
1640 352 1914 411 PAULINI
1956 348 2562 407 PETRICORDIENSIS

3567 331 3709 389 ωιι

2043 464 2089 519 Α
2120 462 2268 556 illius
2296 482 2543 552 aequabat
2570 479 2819 535 meritum
2845 491 2965 547 quae
2992 476 3143 534 crine
3168 475 3350 540 beato,

2127 574 2261 629 Lota
2290 574 2440 643 prius
2468 572 2718 643 lacrymis
2750 569 2962 625 Domini
2988 568 3211 637 vestigia
3240 564 3414 620 tersit.

2121 668 2321 722 Verum
2350 668 2463 722 bmc
2487 680 2653 736 parva
2679 672 2831 736 putat
2858 661 3075 733 speciali
3099 659 3339 715 accincta
3365 667 3615 712 seorsum

2123 758 2332 814 Affectu
2361 757 2563 812 servire
2589 770 2805 826 parans,
2836 762 2897 808 ut
2924 752 3037 808 sola
3065 749 3290 807 remotis

2122 851 2418 905 instrueret
2438 863 2653 903 mensas
2681 847 2808 902 felix
2834 845 3021 914 regina
3049 841 3329 899 ministris.

2122 944 2232 998 Nec
2259 944 2409 1012 prius
2430 941 2683 1011 adjuncto
2712 937 3045 994 contendens
3070 950 3213 1006 saepe
3241 934 3433 989 marito

2123 1032 2339 1087 Destitit
2370 1047 2401 1085 a
2428 1031 2704 1100 precibus,
2734 1044 2896 1100 quam
2922 1035 3167 1083 sanctum
3196 1025 3389 1081 cedere
3415 1022 3638 1079 crebros

2123 1124 2455 1179 Continuans
2482 1119 2637 1175 fletus
2654 1120 2767 1190 jugi
2797 1119 3092 1173 ambitione
3117 1116 3313 1185 coegit.

2126 1212 2360 1283 Apponit
2387 1225 2647 1276 mensam,
2677 1209 2864 1265 sellam
2893 1209 3067 1272 locat,
3096 1206 3285 1273 ingerit
3316 1204 3456 1258 ultro

2126 1305 2314 1359 Lintea
2342 1302 2605 1359 siccandis
2632 1300 2879 1355 manibus
2906 1299 3259 1370 lymphasque
3284 1292 3544 1349 lavandis.

2127 1394 2191 1449 Et
2218 1410 2351 1465 quas
2378 1391 2635 1461 obsequio
2664 1390 3003 1459 congaudens
3031 1395 3253 1444 coxerat
3280 1400 3431 1439 escas

2129 1487 2245 1557 Ipsa
2276 1487 2328 1540 in
2356 1482 2655 1555 perspicuis
2682 1487 2938 1551 properat
2966 1479 3178 1533 deferre
3206 1475 3471 1531 canistris.

2128 1577 2192 1631 Et
2223 1589 2529 1645 quanquam
2560 1571 2749 1627 ciliciis
2774 1585 3046 1639 nunquam
3068 1568 3274 1623 defessa
3299 1572 3567 1629 vacasset,

2132 1665 2429 1743 Supplebat
2444 1664 2625 1733 jugem
2653 1661 2827 1716 standi
2852 1661 3050 1714 virtute
3076 1659 3336 1721 laborem,

2130 1756 2237 1812 Pro
2264 1755 2399 1809 tanti
2428 1752 2677 1808 mercede
2701 1750 2881 1822 operis
2902 1747 3209 1804 venerabile
3236 1760 3431 1800 munus

2059 1831 2106 1891 Β
2132 1847 2391 1901 Micaritm
2418 1845 2714 1913 fragmenta
2737 1842 2941 1911 legens,
2972 1840 3166 1908 quibus
3194 1851 3316 1891 esca
3346 1834 3469 1889 fidei

2134 1938 2379 1993 Esuriem
2408 1944 2649 1991 sanctam
2678 1941 2825 1989 tactu
2849 1931 3083 2002 pretiosa
3111 1929 3362 2000 repleret.

2132 2032 2176 2086 0
2202 2031 2327 2084 l'elix
2349 2030 2544 2083 virtute
2569 2036 2658 2081 tua
2688 2026 2956 2093 regalibus
2983 2024 3113 2077 istas

2136 2120 2457 2177 Anteferens
2484 2128 2645 2188 gazas
2674 2117 2885 2187 Opibus,
2917 2115 3119 2169 servire
3138 2113 3300 2167 beato

2135 2214 2372 2275 Mallens,
2404 2226 2564 2282 quam
2596 2217 2710 2264 toto
2737 2208 2953 2278 penitus
2980 2203 3291 2275 pnecellere
3318 2198 3542 2254 mundo!

2138 2302 2217 2356 Ad
2240 2302 2449 2355 famuhe
2478 2314 2674 2355 nomen
2705 2296 2939 2352 referent
2959 2292 3233 2361 regnantis
3255 2292 3535 2345 honorem.

2133 2392 2250 2447 Non
2280 2392 2375 2447 tibi
2406 2390 2627 2445 sidereis
2655 2387 2919 2443 radiantia
2951 2394 3195 2454 tempora
3225 2381 3446 2450 gemmis

2134 2483 2406 2537 Mutavere
2436 2480 2694 2542 animum,
2726 2478 3009 2544 rutilisque
3039 2473 3267 2541 rigentia
3300 2470 3400 2524 illis

2137 2574 2342 2638 Serica,
2366 2580 2731 2640 contextoque
2759 2582 2946 2624 aurum
2975 2565 3265 2637 pretiosius
3292 2570 3493 2617 austro.

2140 2662 2387 2731 IEquasti
2416 2661 2609 2715 merito
2641 2667 2825 2725 tantm,
2857 2658 3067 2725 regina,
3099 2654 3219 2709 fidei

2134 2753 2287 2807 Illam
2315 2766 2432 2821 quae
2457 2750 2647 2806 similis
2674 2750 2793 2805 solii
2823 2747 3067 2803 sublimis
3088 2747 3295 2801 honore

2138 2842 2297 2897 Venit
2324 2842 2392 2898 ab
2420 2842 2675 2897 extremis
2704 2840 3047 2896 Salomonem
3075 2850 3368 2905 agnoscere
3398 2834 3573 2901 terris,

2143 2934 2344 2989 Auditu
2373 2943 2598 3004 captans
2624 2933 2787 2988 docili
2814 2932 2958 3002 quod
2986 2940 3167 2985 mente
3195 2929 3471 2984 retentans

2140 3027 2198 3082 In
2224 3042 2284 3082 se
2303 3026 2449 3095 quod
2478 3025 2649 3081 tenuit
2675 3025 2832 3094 longe
2860 3037 3143 3094 progressa
3170 3020 3361 3091 petivit
3385 3035 3403 3072 :

2142 3115 2291 3169 Talia
2319 3114 2547 3184 subjecti
2571 3115 2761 3170 calcati
2791 3113 3070 3169 obstacula
3102 3111 3285 3166 mundi

2141 3204 2362 3260 Femina
2384 3206 2682 3276 priscorum
2709 3204 2874 3260 titulis
2896 3212 3106 3274 atquata
3132 3203 3390 3257 virorum.

2066 3270 2110 3332 Ο
2142 3295 2276 3351 Nam
2299 3312 2442 3367 saepe
2470 3298 2697 3353 invictos
2724 3296 2893 3351 multo
2924 3270 2979 3351 in
3006 3295 3303 3351 certamine
3330 3306 3489 3360 reges

2141 3386 2267 3442 Sola
2294 3387 2481 3456 jugum
2508 3402 2742 3443 renuens
2770 3387 2982 3441 funesta
3011 3386 3258 3455 superbia
3284 3384 3434 3438 vicit.

2143 3475 2312 3532 Recte
2341 3477 2500 3545 igitur
2526 3477 2698 3531 sancti
2722 3476 2923 3531 donum
2952 3476 3184 3545 speciale
3204 3474 3371 3529 tulisti

2149 3565 2217 3621 Ut
2246 3568 2341 3622 tibi
2371 3567 2577 3623 mollito
2605 3568 2821 3638 paulum
2850 3568 3137 3637 positoque
3160 3566 3339 3634 rigore

2144 3657 2293 3712 Mitia
2321 3657 2517 3713 siderei
2544 3658 2722 3713 cordis
2748 3667 2957 3714 secreta
2986 3666 3251 3728 paterent.

2148 3748 2320 3816 Quam
2348 3750 2545 3804 multos
2567 3750 2692 3806 licet
2719 3750 2913 3820 exiguo
2940 3748 3120 3803 laxata
3147 3762 3341 3803 sereno

2148 3839 2319 3894 Frons
2339 3840 2427 3909 pia
2457 3840 2753 3895 clementer
2773 3840 2933 3909 jussit
2960 3838 3240 3895 considere
3261 3838 3472 3903 fluctus,

2148 3934 2385 4000 Quantas
2410 3932 2617 3987 sedavit
2640 3932 2968 3987 moderatior
2990 3948 3119 3986 aura
3154 3931 3438 4001 procellas,

2147 4022 2216 4078 Et
2244 4023 2477 4079 breviter
2503 4022 2728 4077 rutilans
2756 4022 2881 4077 licet
2911 4022 3051 4077 inter
3079 4023 3261 4077 nubila
3289 4020 3513 4076 sudum!

2148 4113 2318 4179 Quam
2341 4115 2522 4169 tristes
2550 4113 2664 4169 hate
2688 4128 2872 4168 mensa
2901 4129 3042 4179 reos,
3074 4121 3194 4182 qua).
3223 4112 3431 4167 vincula
3462 4110 3620 4166 solvit

2148 4204 2392 4260 Libertas
2417 4206 2679 4275 permissa
2708 4221 2916 4276 parum,
2942 4215 3278 4275 quantasque
3306 4214 3526 4259 catenas

2147 4294 2407 4351 Discussit
2436 4298 2621 4351 laxans
2645 4299 2920 4367 proprium
2940 4298 3116 4353 brevis
3146 4299 3279 4353 hora
3313 4299 3544 4365 rigorem
3568 4296 3582 4347 !

2148 4386 2279 4441 Nam
2310 4396 2540 4457 tempus,
2564 4404 2813 4458 persona,
2839 4390 2988 4443 locus
3013 4390 3347 4458 sapientibus
3376 4396 3553 4442 astant

2146 4476 2414 4541 Consiliis,
2444 4478 2727 4546 subitaque
2754 4480 2989 4531 animum
3020 4481 3231 4533 ratione
3256 4478 3593 4547 gubernant;

2069 4571 2123 4631 D
2148 4568 2257 4623 Nec
2280 4570 2408 4623 mihi
2435 4569 2652 4624 feminei
2682 4570 2985 4639 prmtendas
3012 4572 3227 4624 nomina
3251 4587 3433 4625 sexus,

2142 4659 2346 4723 Invide,
2374 4676 2481 4715 non
2505 4662 2635 4715 artis
2665 4660 2914 4715 meritum
2944 4661 3035 4717 sed
3065 4661 3228 4715 corda
3256 4660 3541 4729 parebunt.

2146 4754 2255 4812 Nec
2281 4758 2459 4812 minor
2483 4764 2566 4812 est
2585 4766 2775 4813 natura
2795 4756 3015 4811 humani
3038 4749 3114 4822 [F
3164 4751 3393 4823 homini]
3414 4768 3533 4806 cum
3562 4752 3717 4818 gratia

3408 4844 3539 4915 [par
3565 4844 3652 4907 sit,

2152 4940 2261 4995 Nec
2286 4940 2448 4995 distet
2475 4938 2665 4995 merito
2693 4937 2812 4992 fidei
2841 4953 2989 5008 gens,
3012 4952 3196 5003 sexus,
3218 4943 3271 4990 et
3297 4943 3447 4997 aetas,

2150 5030 2264 5096 Vir,
2290 5030 2502 5097 mulier,
2533 5044 2739 5093 servus,
2767 5028 2919 5091 liber,
2952 5029 3283 5097 peregrinus,
3315 5034 3368 5078 et
3394 5024 3588 5078 hmres.

2150 5114 2432 5169 Credentis
2459 5113 2708 5167 meritum
2738 5120 2957 5182 prmstat
2982 5154 2998 5175 ,
3026 5128 3134 5166 non
3164 5112 3333 5180 gloria
3365 5112 3563 5165 carnis.

2221 5206 2460 5275 Denique
2482 5204 2609 5274 quid
2638 5218 2825 5259 sexum
2849 5204 2992 5258 hunc
3018 5204 3196 5258 studio
3225 5203 3489 5257 meruisse
3521 5202 3659 5256 fnleli

2148 5294 2517 5365 Compcrerim
2547 5294 2797 5349 brevibus
2833 5294 3055 5363 cupiens
3082 5295 3445 5363 perstringere
3475 5294 3659 5360 signis,

2151 5387 2265 5442 lloc
2287 5400 2658 5457 quemcunque
2679 5385 2830 5441 dabit
2857 5386 3098 5442 Christus
3126 5402 3377 5441 sermone
3396 5396 3659 5440 retexam.

2151 5477 2285 5532 Dum
2311 5494 2623 5548 progressus
2652 5480 2753 5534 iter
2779 5479 2952 5548 carpit
2980 5478 3285 5533 venerabile
3313 5485 3532 5532 sanctus

2150 5568 2207 5623 ιιι
2240 5578 2450 5624 noctem
2474 5578 2725 5636 vergente
2753 5569 2861 5635 die,
2888 5570 3058 5623 vicina
3088 5568 3280 5637 petivit

2151 5658 2338 5725 Tecta,
2367 5666 2421 5713 et
2442 5658 2719 5726 gaudentis
2746 5667 3020 5729 susceptus
3048 5658 3283 5713 culmine
3309 5658 3413 5714 vici

2150 5748 2384 5819 Expetiit
2404 5766 2697 5819 properans
2724 5751 2891 5805 sancti
2921 5750 3213 5819 penetralia
3246 5750 3452 5819 templi.

2158 5840 2328 5910 Atque
2356 5839 2443 5897 hic
2471 5847 2531 5896 ut
2556 5854 2767 5911 semper
2786 5839 3054 5897 benedicti
3082 5838 3279 5899 liminis
3300 5839 3501 5908 hospes
