4066 6192
341 359 481 416 10ιῦ

344 480 596 539 Permisit
624 477 818 534 fessum
841 472 1060 547 paulum
1086 468 1425 539 requiescere
1451 480 1666 536 corpus,

348 577 558 629 laxans
585 571 776 639 exiguo
803 565 1095 621 marcentia
1123 562 1325 616 lumina
1353 573 1563 621 somno,

349 665 420 720 llt
439 669 695 719 renovata
721 657 869 713 brevi
893 655 1069 713 saltim
1098 654 1417 719 modicoque
1444 660 1641 717 sopore

349 754 667 811 Sufficerent
688 749 800 820 jugi
830 747 1137 803 tenuissima
1166 742 1406 799 membra
1434 737 1604 794 la'bori
1623 776 1640 803 ,

351 847 417 900 Et
444 845 645 900 ferrent
676 841 891 910 vigilem
910 853 1007 908 per
1033 832 1395 892 sustentacula
1415 838 1674 885 mentem.

350 937 551 991 Verum
579 932 666 988 ubi
699 929 957 997 transegit
987 928 1234 983 tenebras
1263 932 1317 979 et
1337 930 1496 977 nocte
1517 919 1784 987 refulgens

352 1025 466 1080 Lux
495 1036 716 1093 operum
744 1019 949 1075 cunctis
970 1029 1200 1088 propere
1222 1012 1532 1068 solemniter
1560 1008 1712 1075 actis,

355 1116 560 1171 Rursus
587 1114 688 1167 iter
713 1110 938 1167 festinus
961 1108 1096 1177 agit;
1122 1115 1235 1160 tum
1260 1119 1390 1159 vero
1421 1101 1595 1156 fidelis

356 1206 535 1262 Turba
559 1202 855 1275 puellarum
878 1198 1104 1254 Domino
1118 1210 1251 1264 quas
1279 1201 1462 1249 sancta
1485 1196 1721 1245 sacrarat

357 1296 647 1365 Virginitas
672 1307 833 1348 carne
859 1291 1109 1351 intactas,
1142 1295 1196 1341 et
1216 1283 1379 1341 corde
1409 1283 1645 1354 pudicas,

358 1391 442 1446 Ne
470 1387 810 1443 festinantem
839 1382 961 1439 coeli
984 1380 1050 1436 ad
1071 1378 1319 1435 sublimia
1349 1384 1581 1431 mentem

359 1478 441 1533 Ad
465 1486 661 1532 terram
691 1480 962 1545 premeret
985 1469 1186 1539 fragilis
1213 1465 1485 1536 corruptio
1515 1462 1711 1527 carnis,

362 1569 610 1638 lrrumpit
636 1575 833 1622 sancta:
855 1563 1090 1634 gaudens
1113 1558 1409 1631 penetralia
1436 1556 1585 1612 cellae

364 1660 610 1730 llospitio
635 1656 917 1712 benedicta
946 1654 1056 1724 pio,
1088 1650 1349 1719 flatusque
1378 1654 1622 1702 recentes

364 1751 572 1816 llaurit,
606 1756 661 1803 et
685 1746 917 1801 infectas
946 1743 1198 1798 absorbet
1224 1738 1492 1794 anhelitus
1511 1750 1689 1795 auras,

364 1837 515 1894 Tunc
534 1835 715 1891 humili
744 1832 1002 1901 obsequio
1024 1830 1217 1884 solium
1242 1825 1479 1882 doctoris
1501 1824 1711 1881 adorat;

365 1930 554 1987 Officio
583 1928 744 1983 docto
765 1924 961 1995 raptim
989 1922 1107 1976 loca
1133 1919 1341 1988 singula
1371 1918 1585 1986 signant

367 2022 496 2089 Qum
525 2020 747 2087 tetigere
774 2014 938 2086 pedes
965 2012 1177 2075 stantis,
1210 2024 1328 2080 qua:
1355 2007 1594 2067 membra
1618 2003 1867 2075 jacentis,

368 2115 498 2179 Qum
524 2118 710 2166 sancto
734 2106 1011 2162 benedicta
1039 2103 1179 2168 cibo,
1206 2116 1325 2170 quae
1350 2114 1533 2170 pressa
1564 2094 1733 2161 sedili,

367 2204 464 2258 Vel
490 2216 609 2271 qua:
636 2196 915 2270 prostratis
939 2192 1116 2249 oranti
1136 2192 1346 2247 subdita
1367 2188 1639 2243 membris.

374 2291 440 2347 ιιι
463 2305 590 2346 vero
619 2294 836 2357 aspectu
860 2282 1126 2339 benedicti
1152 2280 1410 2335 stramine
1439 2279 1562 2333 lecti

371 2382 671 2436 Tentavere
694 2377 784 2447 pio
814 2373 1135 2445 tepefactum
1163 2386 1389 2441 corpore
1411 2369 1612 2433 fenum,

372 2470 557 2526 Ccrlat
578 2467 646 2523 ad
670 2467 941 2521 inventam
967 2462 1205 2517 violenta
1241 2459 1502 2514 modestia
1534 2456 1764 2527 prmdam
1790 2473 1803 2521 ;

372 2560 506 2613 Dum
531 2564 736 2628 partem
764 2554 866 2609 sibi
894 2567 1120 2623 qumque
1148 2551 1308 2621 rapit,
1338 2549 1649 2616 sinibusquc
1668 2547 1887 2617 repletis

372 2647 548 2703 L-cvia
574 2646 781 2702 densati
809 2649 1172 2715 compungunt
1198 2650 1416 2712 pectora
1444 2639 1625 2705 culmi,

374 2740 547 2810 Atque
566 2744 749 2792 arcent
772 2743 962 2790 tenues
986 2733 1257 2788 stimulato
1277 2738 1497 2800 pectore
1525 2735 1736 2793 vestes;

374 2829 511 2895 Quid
532 2844 637 2882 non
663 2841 790 2881 vera
819 2824 949 2879 fides
975 2823 1176 2878 faciat?
1212 2821 1351 2877 forte
1372 2835 1476 2875 una
1504 2820 1743 2874 cohortis

376 2918 655 2986 Virginea),
688 2930 787 2970 nec
812 2914 975 2969 corde
996 2914 1172 2968 minus
1200 2926 1359 2980 quam
1387 2925 1614 2979 corpore
1643 2918 1809 2973 casta,

375 3007 507 3064 Cum
526 3005 815 3076 quemdam
845 3004 1097 3058 miserum
1122 3003 1359 3057 violento
1384 3000 1504 3068 jure
1536 3008 1811 3054 retentans

376 3098 607 3168 Cogeret
627 3096 681 3150 in
709 3095 874 3149 furias
901 3094 1109 3148 daamon
1139 3106 1489 3163 prorumpere
1507 3091 1704 3159 jussas,

377 3186 665 3241 Excutiens
686 3199 873 3240 sanum
903 3182 1114 3252 captivo
1141 3197 1171 3234 a
1191 3188 1409 3250 pectore
1436 3195 1671 3245 sensum,

381 3280 597 3334 Auxilio
625 3277 827 3332 conlisa
850 3275 945 3329 Dei
1002 3274 1299 3342 meritoque
1328 3272 1559 3342 patroni,

378 3370 699 3426 Particulam
726 3376 863 3439 apta:
884 3366 1157 3437 sapienter
1176 3364 1392 3435 prodiga
1416 3363 1605 3434 praeda;

380 3461 643 3517 Faucibus
670 3458 894 3513 innectit
922 3456 1103 3511 miseri
1135 3455 1383 3524 colloque
1404 3453 1627 3507 furentis

378 3550 669 3620 Suspendit
696 3563 937 3620 pressum
967 3544 1252 3602 benedicto
1282 3558 1512 3613 corpore
1541 3542 1738 3594 fenum.

379 3640 490 3697 Nec
518 3655 689 3707 mora,
713 3647 768 3693 et
794 3644 1000 3691 attactu
1029 3633 1557 3691 confestimterritus
1581 3631 1747 3684 hostis

381 3733 609 3787 Arentes
636 3730 862 3799 stipulas
890 3738 917 3765 ⁸
943 3742 1081 3781 smva
1106 3733 1164 3780 ut
1192 3722 1434 3779 incendia
1457 3722 1606 3789 fugit,
1734 3710 1739 3715 ’

383 3824 559 3895 Impar
584 3822 845 3878 contactis
873 3819 1085 3873 Martini
1112 3831 1341 3886 corpore
1363 3816 1569 3869 culmis.

408 3903 413 3911 ’
453 3916 523 3970 Et
546 3924 726 3969 tamen
757 3914 921 3967 elisus
959 3910 1117 3965 toties
1147 3909 1410 3976 toticsque
1439 3905 1650 3974 fugatus

386 4008 568 4063 Audes
592 4004 809 4061 mutatis
836 4004 1056 4058 demens
1083 4015 1365 4055 occurrere
1392 3999 1605 4060 formis,

385 4096 676 4167 Expertum
703 4102 911 4148 tentare
935 4092 1122 4155 virum,
1149 4103 1438 4157 coramque
1458 4086 1721 4142 verendos

388 4189 553 4245 Ferre
596 4187 819 4252 oculos,
867 4184 1210 4256 speciemque
1255 4190 1444 4250 tegens
1491 4188 1793 4234 monstrare
1824 4178 1971 4232 furo-

1702 4270 1899 4341 [mm?

391 4370 526 4426 Nam
555 4368 777 4441 pecudis
803 4366 963 4421 dorso
993 4364 1227 4420 insidens
1252 4361 1508 4429 furiisque
1537 4361 1804 4430 petulcum

392 4461 714 4517 Concutiens
742 4456 939 4512 animal
967 4468 1192 4523 seseque
1216 4454 1270 4506 in
1297 4452 1498 4506 viscera
1526 4464 1792 4517 mergens,

394 4552 646 4607 Naturam
671 4546 889 4619 pecudis
914 4545 1122 4599 funesta
1145 4550 1456 4598 excusserat
1486 4542 1580 4594 ira.

396 4642 493 4696 Vel
529 4655 650 4696 cum
676 4639 900 4707 captivae
926 4634 1179 4706 pmsistit
1208 4642 1352 4702 terga
1370 4632 1611 4701 juvenem

1453 342 1542 398 DE
1583 342 1742 397 VITA
1768 335 2133 402 S.M.\RTINI
2164 335 2292 390 LIB.
2335 331 2422 387 ιν.

1945 460 1995 518 Α

3455 318 3591 374 1046

2025 453 2336 523 Agminibus
2362 447 2523 507 sociis
2549 443 2787 518 gaudens
2816 455 2875 498 se
2900 436 3094 497 bucula
3116 436 3316 508 junxit,

2025 568 2223 624 Desine
2252 579 2397 620 nunc
2421 561 2599 619 saltim
2621 557 2868 631 gregibus
2905 561 2959 609 te
2987 564 3230 619 mergere
3252 546 3452 603 Christi

2026 660 2314 727 Postquam
2342 669 2443 709 nec
2468 651 2732 723 pecudum
2751 655 2969 704 sanctus
2996 642 3094 698 tibi
3113 641 3233 710 jura
3259 636 3491 705 reliquit.

2094 752 2365 813 Cedimus,
2382 751 2672 814 exsuperat
2696 738 3014 811 trepidantia
3043 734 3205 790 verba
3233 727 3500 798 loquentis

2026 844 2212 899 Gloria
2236 840 2526 903 virtutum,
2553 834 2711 889 claris
2738 831 2908 899 magis
2936 828 3077 883 edita
3101 825 3256 880 factis

2030 933 2202 1000 Quam
2236 930 2429 997 lingua:
2451 921 2725 995 prodenda
2754 921 2900 975 sonis
2929 919 3156 973 obscura
3185 919 3362 985 poeta:

2029 1024 2085 1078 in
2110 1023 2282 1076 lucem
2310 1017 2469 1072 fando
2491 1012 2807 1085 expediant;
2824 1026 2922 1065 nos
2940 1009 3141 1063 lumine
3168 1004 3340 1060 laudis

2033 1114 2325 1176 Vincimur,
2349 1118 2403 1165 et
2425 1117 2576 1163 tanto
2603 1104 2847 1175 oppressi
2872 1102 3155 1172 splendore
3180 1099 3429 1153 latemus.

2032 1206 2206 1272 Atque
2235 1200 2439 1255 utinam
2465 1202 2706 1253 nostram
2746 1191 2963 1262 paulum
2988 1201 3262 1243 rarescere
3291 1189 3506 1239 noctem

2033 1296 2214 1351 Gloria
2239 1302 2349 1347 tam
2377 1289 2507 1347 clari
2536 1286 2697 1343 faciat
2722 1289 2970 1353 contacta
2993 1279 3227 1349 patroni,

2035 1387 2111 1441 Ne
2132 1386 2305 1439 lucem
2330 1380 2567 1436 historia:
2597 1377 2882 1432 tenebroso
2906 1371 3067 1428 corde
3097 1378 3360 1436 tegamus,

2038 1477 2105 1531 Et
2134 1474 2346 1530 titulum
2375 1470 2548 1526 laudis
2572 1468 2815 1523 minuant
2842 1470 3061 1534 peccata
3088 1457 3378 1528 loquentis.

2039 1567 2193 1634 Quod
2231 1580 2328 1621 cor
2357 1578 2463 1617 non
2493 1558 2759 1630 placidum
2789 1561 2996 1615 sancto,
3020 1565 3206 1619 quaeve
3236 1547 3313 1601 ira
3342 1542 3579 1606 rebellis,

2041 1658 2168 1724 Qum
2198 1654 2380 1709 feritas
2411 1667 2513 1707 non
2543 1648 2687 1703 mitis
2714 1645 2874 1700 crat?
2901 1644 3129 1697 Sensere
3150 1636 3371 1692 molossi

2041 1745 2329 1816 imperium
2356 1757 2479 1798 cum
2506 1746 2703 1794 venatu
2732 1746 3036 1789 transcursa
3070 1734 3349 1799 patentum

1962 1818 2012 1878 Β
2042 1836 2280 1905 Αῐίιυοηι
2304 1844 2617 1901 camporum
2643 1832 2890 1895 quateret
2910 1821 3107 1876 lasciva
3130 1819 3399 1887 juventus,

2043 1928 2354 1997 Corripiens
2381 1922 2543 1979 celeri
2569 1920 2654 1975 vel
2680 1932 2848 1987 prona
2878 1915 2960 1969 vel
2984 1912 3147 1967 ardua
3175 1910 3336 1970 saltu,

2043 2017 2376 2087 Cornipedes
2402 2025 2632 2084 propere
2653 2009 2823 2064 multo
2843 2007 3039 2062 sudore
3062 2002 3365 2063 madebant,

2045 2109 2114 2163 Et
2137 2106 2332 2177 patulis
2361 2110 2550 2157 tenues
2576 2098 2830 2155 efﬂabant
2858 2096 3076 2150 naribus
3104 2106 3282 2145 auras.

2050 2196 2258 2265 Ungula
2281 2192 2515 2247 terrifico
2542 2187 2829 2245 resonabat
2850 2185 3059 2241 concita
3090 2182 3265 2252 pulsu,

2052 2290 2319 2357 Linquens
2348 2283 2653 2354 pulveream
2684 2278 2789 2333 cita
2816 2284 2938 2347 post
2958 2272 3176 2340 vestigia
3206 2269 3420 2327 nubem.

2050 2378 2157 2431 Nec
2183 2386 2265 2429 sat
2284 2382 2401 2428 erat
2426 2372 2706 2427 volucrum
2732 2376 2843 2421 tam
2869 2365 3028 2419 velox
3049 2376 3236 2417 cursus
3259 2371 3556 2429 equorum:

2049 2466 2287 2523 Pendula
2309 2464 2387 2518 sic
2410 2475 2609 2531 pronas
2634 2456 2921 2526 mquabant
2949 2460 3166 2522 pectora
3195 2449 3397 2502 frontes

2053 2556 2119 2611 Ut
2139 2569 2291 2609 mora
2316 2548 2665 2620 cornipedum
2697 2544 2936 2600 tardaret
2961 2550 3087 2596 V'ota
3113 2540 3416 2603 sedentuin,

2055 2646 2341 2701 Vectorum
2366 2649 2423 2695 et
2448 2652 2663 2695 cursum
2692 2633 2947 2690 transiret
2973 2638 3151 2685 motus
3180 2635 3450 2697 agentum.

2057 2736 2348 2793 Certabant
2372 2732 2577 2786 alacres
2601 2738 2794 2783 ventos
2817 2737 3031 2793 mquare
3052 2720 3293 2786 molossi,

2058 2823 2317 2881 Vincendi
2346 2829 2402 2878 et
2421 2820 2599 2876 studio
2626 2823 2961 2887 spectantum
2991 2812 3208 2881 explere
3234 2809 3490 2871 furorem,

2066 2918 2469 2982 Pendentesque
2494 2908 2684 2981 procul
2711 2914 2952 2961 reserato
2981 2909 3196 2970 gutture
3226 2899 3433 2966 linguas

2058 3008 2295 3063 Flatibus
2319 3003 2537 3057 alternis
2564 2996 2824 3053 tremulus
2851 2992 3125 3061 quatiebat
3153 2989 3352 3043 hiatus.

2061 3102 2158 3155 Hic
2178 3106 2357 3153 tantus
2380 3095 2551 3157 labor,
2576 3092 2661 3145 hic
2684 3094 2926 3157 sumptus
2946 3098 3074 3153 quo,
3102 3082 3237 3151 proli
3262 3079 3417 3134 dolor
3442 3078 3453 3128 ἰ
3482 3076 3591 3130 exit
3618 3080 3632 3127 ξ

2062 3193 2191 3259 Quis
2216 3189 2437 3252 fructus,
2467 3198 2654 3253 quzeve
2676 3180 2876 3235 utilitas
2895 3187 3152 3248 prensare
3182 3171 3395 3239 fugaces

2063 3280 2345 3342 Bestiolas,
2375 3278 2727 3346 leporumque
2756 3270 2877 3338 fuga
2900 3265 3135 3336 gaudere
3163 3260 3499 3333 paventum?

1986 3383 2030 3445 C
2064 3369 2347 3441 Tempsisti
2376 3367 2557 3430 talem,
2588 3362 2822 3434 prudens
2852 3356 3100 3420 Martine,
3128 3352 3385 3416 furorem,

2060 3464 2289 3520 lnsontis
2317 3460 2524 3515 tristem
2552 3468 2735 3512 casum
2765 3450 3079 3511 misératus,
3134 3446 3374 3500 biantum

2062 3555 2164 3608 Ora
2194 3568 2407 3615 canum,
2437 3558 2493 3603 et
2519 3546 2753 3616 trepidos
2781 3543 2980 3597 faciens
3010 3549 3317 3608 torpescere
3344 3550 3575 3604 gressus.

2131 3642 2246 3695 Jam
2274 3642 2319 3694 si
2346 3640 2656 3694 continuum
2686 3636 2922 3691 laxasset
2946 3632 3121 3686 fronte
3146 3630 3397 3697 rigorem,

2065 3733 2184 3798 Quo
2212 3731 2324 3785 sale
2354 3728 2638 3781 verborum
2662 3723 2931 3778 sociorum
2962 3719 3241 3774 absolvere
3270 3732 3447 3782 curas,

2070 3821 2416 3885 Attcntasque
2443 3830 2600 3868 aures
2626 3809 2844 3882 paulum
2874 3809 3116 3864 refovere
3145 3807 3375 3872 solebat,

2070 3910 2201 3963 Cum
2231 3907 2493 3976 gravitate
2520 3911 2693 3969 catus,
2722 3917 2845 3958 cum
2872 3902 3150 3969 relligionc
3173 3900 3394 3963 facetus,

2072 4000 2331 4053 Virtutem
2351 3996 2526 4052 cordis
2546 4009 2862 4065 respergens
2883 3991 3014 4047 flore
3042 3990 3262 4061 leporis.

2078 4089 2306 4144 Pellicea
2335 4101 2561 4143 cernens
2588 4086 2859 4141 obtectum
2881 4092 3030 4138 veste
3058 4081 3368 4146 bubulcum,

2080 4184 2180 4248 En,
2210 4182 2303 4246 ait,
2333 4182 2471 4235 alter
2498 4178 2666 4233 Adam
2694 4178 2825 4232 tales
2852 4176 3049 4231 velavit
3076 4175 3304 4228 amictus

2076 4273 2274 4329 Nudati
2302 4270 2593 4326 obvolvens
2617 4267 2847 4337 algentia
2876 4265 3113 4320 membra
3145 4261 3402 4334 parentis,

2079 4366 2253 4433 Atque
2280 4378 2422 4418 novo
2448 4362 2706 4432 praestans
2734 4358 2922 4413 solatia
2952 4371 3115 4426 parva
3144 4353 3351 4426 pudori,

2077 4458 2210 4512 Cum
2236 4463 2360 4526 post
2391 4452 2608 4509 tartarei
2636 4450 2783 4505 virus
2812 4449 3008 4503 lethale
3035 4449 3223 4503 veneni

2080 4548 2309 4602 Lubrica
2335 4546 2621 4613 deceptum
2648 4539 2915 4610 persensit
2941 4539 3095 4593 sibila
3123 4554 3340 4607 corpus.

2080 4638 2148 4691 At
2171 4653 2268 4692 nos
2297 4641 2488 4691 exutos
2516 4632 2726 4702 penitUS
2749 4630 3069 4700 penitusque
3096 4627 3336 4696 sepultos

398 4732 582 4786 Ferret
609 4737 668 4783 ut
696 4727 1002 4797 impositum
1028 4741 1135 4779 non
1157 4724 1331 4779 solum
1362 4738 1589 4793 corpore
1618 4730 1937 4787 monstrum,

2050 4714 2056 4749 ’
2086 4730 2319 4784 Peccato
2349 4725 2518 4780 veteri
2544 4738 2754 4778 rursum
2784 4735 2921 4775 nova
2942 4719 3112 4788 gratia
3136 4719 3293 4772 velet.

398 4822 633 4892 Explens
672 4818 907 4873 infusum
932 4832 1030 4887 per
1057 4816 1296 4871 membra
1325 4816 1542 4869 obsessa
1575 4813 1832 4882 furorem,

400 4915 575 4985 Atque
603 4911 955 4966 ministerium
978 4909 1291 4966 bacchantis
1320 4908 1556 4963 motibus
1580 4915 1771 4975 aptans

400 5007 761 5074 Sanguineum
792 5016 1047 5073 spargens
1067 5015 1330 5057 concusso
1358 4999 1561 5053 vertice
1582 5012 1781 5063 rorem,

406 5096 575 5150 Laevia
600 5095 727 5150 dum
745 5095 921 5149 rubrae
949 5098 1269 5163 percurrunt
1293 5103 1492 5145 cornua
1523 5096 1705 5155 guttae,

406 5189 670 5255 Igneaque
695 5187 885 5240 iratam
913 5184 1224 5254 prmeedunt
1251 5196 1451 5237 cornua
1482 5179 1733 5245 frontem,

408 5278 585 5341 Ef‘llat,
610 5285 664 5332 et
684 5278 916 5332 alternas
946 5275 1033 5330 vix
1061 5276 1251 5329 creber
1272 5274 1540 5328 anhelitus
1569 5288 1748 5337 auras,

408 5369 831 5436 Pulvereamque
855 5366 961 5421 ciet
985 5371 1206 5419 curvato
1227 5363 1428 5434 poplite
1455 5363 1672 5426 nubem,

408 5458 474 5512 Et
504 5466 691 5513 tenues
719 5472 933 5512 sursum
961 5455 1218 5510 tremulus
1246 5469 1341 5523 pes
1369 5454 1573 5523 spargit
1599 5469 1807 5509 arenas.

410 5550 611 5618 Nempe
634 5549 773 5603 inter
793 5546 1045 5617 profugos
1071 5544 1270 5615 passim
1290 5545 1548 5599 bacchata
1577 5551 1826 5599 catervas

411 5640 554 5695 Mitis
583 5639 649 5693 ad
671 5645 944 5707 aspectum
964 5636 1374 5702 sancti,ccssore
1396 5633 1600 5703 fugato,
1662 5626 1673 5630 ’

414 5732 618 5793 Astitit,
652 5740 812 5798 atque
842 5742 1006 5782 onere
1034 5726 1241 5796 abjecto
1274 5725 1366 5780 sed
1391 5734 1568 5780 mente
1594 5732 1811 5794 recepta

2157 4818 2301 4871 Idem
2329 4815 2586 4871 detractis
2613 4814 2838 4868 detonso
2866 4810 3062 4864 vellere
3087 4808 3222 4862 lanis

2088 4908 2342 4963 Arridens
2360 4906 2597 4975 respexit
2625 4918 2801 4968 ovem,
2834 4910 2946 4955 tum
2978 4901 3222 4969 protinus
3254 4900 3377 4955 inde

2085 5000 2283 5054 Ordine
2309 4998 2377 5053 de
2403 4998 2527 5052 facti
2556 5009 2775 5049 sumens
2802 4993 3051 5062 exempla
3079 4992 3327 5057 docendi,

2085 5092 2301 5147 Cernite
2322 5089 2631 5144 mandatum
2656 5086 2815 5141 vilem
2841 5085 3138 5154 complesse
3161 5085 3455 5150 bidentem,

2090 5184 2341 5238 Vestibus
2369 5198 2399 5236 e
2429 5179 2653 5248 geminis
2682 5177 2924 5249 poscenti
2948 5175 3165 5230 tradidit
3190 5192 3349 5230 unam

2091 5274 2474 5331 Suecrescente
2495 5271 2595 5324 alia
2618 5270 2808 5325 nolens
2831 5268 3063 5322 retinere
3091 5268 3347 5337 priorem.

2093 5370 2189 5421 Ast
2209 5366 2456 5419 homines
2478 5365 2649 5418 bruta:
2676 5362 2868 5433 pecudi
2901 5362 3126 5417 cessisse
3148 5358 3453 5429 pudendum
3482 5367 3565 5417 est

2091 5456 2148 5509 Si
2173 5469 2325 5523 mage
2352 5452 2604 5509 munifico
2634 5455 2811 5509 vincat
2831 5468 2928 5507 nos
2958 5450 3177 5521 prodiga
3201 5465 3385 5504 censu.

2163 5547 2232 5598 At
2260 5552 2411 5612 parte
2432 5560 2497 5598 ex
2520 5544 2621 5597 alia
2652 5551 2925 5613 pratorum
2952 5540 3110 5595 dorsa
3133 5540 3391 5608 patebant

2093 5633 2342 5687 Dissimili
2370 5635 2600 5688 distenta
2631 5635 2755 5697 situ,
2781 5646 2905 5700 pars
2934 5644 3036 5683 una
3058 5644 3281 5684 voraces

2095 5723 2396 5778 Pertulerat
2416 5724 2637 5779 suffossa
2663 5740 2802 5785 sues,
2832 5721 3161 5789 viridemque
3190 5721 3427 5776 colorem

466 5860 490 5883 ει
513 5845 586 5899 Ita
618 5852 758 5899 recte
778 5840 937 5896 habet
964 5855 1014 5893 v.
1038 5853 1222 5899 c..non
1240 5845 1420 5893 autem
1445 5846 1500 5890 ut
1525 5853 1681 5903 swva,
1707 5837 1834 5907 quia
1859 5846 2065 5892 veteres
2088 5836 2336 5891 voculam
2362 5846 2414 5890 ut
2440 5852 2581 5905 smpc
2606 5835 2978 5905 produxerunt
2995 5834 3158 5892 etiam
3175 5845 3435 5907 sequente
3458 5840 3652 5895 vocali.
