4066 6192
342 374 479 430 1049

338 484 622 557 Proposito
649 481 829 555 gavisa
857 482 987 540 ﬁdes
1011 501 1023 538 :
1050 482 1149 541 sed
1177 489 1368 539 cuncta
1396 482 1660 552 benignus

338 575 469 644 Quae
502 584 654 648 spem
693 575 1035 634 contulerant
1072 575 1349 649 pr0prium
1387 573 1691 631 numeravit
1735 573 1913 629 hono-

1643 663 1838 736 [mm,

340 753 465 809 Plus
493 754 640 810 lucra
669 754 952 810 attendens
981 755 1172 809 animm
1201 769 1361 824 quam
1388 752 1579 824 gaudia
1607 753 1805 808 carnis.

340 846 509 914 Quam
536 847 632 900 tibi
657 860 819 914 quam
859 854 1047 900 sancto
1073 845 1251 900 rabies
1274 845 1343 900 de
1370 852 1589 914 pectore
1616 851 1845 913 partem,

343 936 575 991 Ambitio
598 935 771 991 insani
805 936 979 990 ventis
1005 933 1183 990 amata
1213 936 1461 1003 tumoris,

338 1027 457 1083 Jam
484 1028 697 1098 penitus
722 1036 990 1097 prostrata
1007 1027 1173 1097 jacet,
1204 1028 1279 1081 nil
1306 1025 1552 1083 Christus
1580 1025 1781 1079 habere

1461 366 1550 423 DE
1594 367 1751 425 VlTA
1776 366 2133 427 S.MAllTlNl
2173 366 2303 425 LIB.
2342 366 2406 421 Υ.

1944 486 1992 542 Α
2021 479 2156 535 Cum
2184 478 2332 533 vitiis
2360 490 2647 533 commune
2676 482 2888 547 potest:
2922 477 3013 547 qui
3040 477 3198 535 laude
3229 486 3527 536 tumescunt

2021 568 2220 624 Extolli
2247 575 2418 623 semet
2445 566 2683 635 cupiunt.
2714 564 2856 621 Satis
2883 568 3146 637 approbat
3167 570 3255 624 ille

3458 366 3593 421 1050

2024 657 2127 722 Qui
2150 656 2369 711 latuisse
2397 656 2565 725 cupit,
2595 654 2778 708 mundi
2802 662 2856 709 et
2878 654 3085 726 fastigia
3110 659 3320 723 temnit,

2018 748 2190 814 Quam
2220 744 2322 802 soli
2350 746 2577 801 Domino
2606 744 2807 799 tribuat
2827 760 2987 814 quem
3015 747 3147 801 vitat
3170 749 3451 803 honorem.

2021 841 2130 898 Sed
2158 842 2249 910 qui
2270 837 2490 894 laudato
2512 838 2697 894 malles
2716 840 2974 894 vilescere
2999 837 3214 893 Christo

2025 932 2143 987 Hoc
2170 945 2387 1001 quoque
2415 928 2672 997 judicium
2702 930 2867 983 titulis
2893 930 3136 985 addendo
3162 930 3354 993 beatis,

2028 1022 2202 1091 Quam
2230 1019 2455 1078 vitando
2478 1017 2616 1087 fugis
2644 1019 2878 1086 laudem,
2904 1020 3123 1075 vitando
3143 1020 3388 1074 mereris.

367 1133 3566 1161 ΝΜ

1445 1223 1826 1325 LIBER
1880 1202 2491 1342 QUINTUS.

408 1453 527 1510 Jam
553 1454 719 1511 semel
739 1455 793 1510 in
820 1454 1032 1509 laudem
1060 1454 1197 1509 tanti
1223 1454 1433 1524 prolata
1455 1451 1669 1523 patroni

342 1544 603 1611 Quidnam
625 1544 802 1612 lingua
827 1543 996 1600 siles?
1025 1542 1295 1598 incondita
1320 1556 1592 1596 murmura
1612 1539 1762 1594 vocis

343 1632 709 1703 lndocilesque
736 1647 900 1688 sonos
927 1648 1025 1703 per
1048 1632 1205 1701 longa
1234 1632 1443 1686 silentia
1468 1629 1741 1686 claudens.

342 1723 400 1779 Si
428 1724 592 1780 rubor
618 1733 703 1780 est
731 1732 839 1779 tam
860 1738 1051 1793 magna
1079 1724 1225 1793 loqui
1255 1724 1402 1794 prius
1424 1723 1525 1778 ista
1552 1722 1742 1792 pudori

345 1814 455 1870 Lex
481 1814 765 1871 statuenda
781 1814 901 1879 fuit,
933 1815 1090 1870 nimis
1119 1816 1233 1869 haec
1261 1814 1525 1868 velamina
1557 1811 1711 1867 tarde

344 1907 552 1962 Attritre
571 1907 796 1961 nimium
826 1914 1002 1962 tentas
1026 1905 1359 1977 praetendere
1379 1905 1562 1961 fronti.

343 1994 413 2050 At
439 1997 482 2050 si
508 1996 722 2054 desidia:
748 1996 841 2051 vili
868 2004 1086 2067 torpore
1114 1998 1332 2063 teneris,

349 2084 416 2141 Ut
436 2094 584 2141 tetra:
612 2086 801 2141 mortis
822 2087 987 2142 tristis
1007 2086 1249 2143 discedat
1272 2087 1467 2156 imago,

346 2177 553 2234 Excute
577 2186 924 2246 marcentem,
954 2178 1207 2249 depressa
1237 2187 1411 2233 morte
1439 2190 1706 2245 resurgas.

344 2266 402 2322 Si
430 2268 623 2323 merito
651 2266 901 2337 depressa
919 2266 1091 2336 jaces,
1123 2266 1328 2322 confide
1349 2274 1597 2336 patrono.

345 2356 480 2425 Quid
509 2372 601 2411 rea
623 2357 869 2426 supplicii
893 2358 1099 2428 pavitas
1121 2372 1239 2411 cum
1268 2357 1342 2411 sis
1371 2372 1463 2411 rea
1494 2356 1649 2410 voti?

344 2446 487 2516 Ergo
514 2460 629 2515 age,
655 2454 714 2506 et
740 2446 1057 2501 exstinctam
1096 2446 1321 2501 Domino
1362 2446 1637 2501 committe
1667 2442 1922 2509 favillam,

350 2535 419 2592 Ut
449 2537 595 2605 rigor
617 2536 816 2606 ingenii
843 2536 1058 2591 Christo
1087 2536 1357 2606 aspirante
1386 2542 1657 2605 tepescat,

347 2627 415 2682 Et
441 2627 666 2696 glaciem
694 2626 872 2682 cordis
904 2625 1118 2680 Martini
1144 2626 1319 2680 oratio
1348 2626 1541 2690 solvat,

348 2720 424 2776 Ac
451 2720 611 2775 faciat
630 2720 840 2775 brutam
868 2718 1259 2789 quamprimum
1289 2732 1572 2787 erumpere
1593 2731 1784 2773 vocem

348 2809 419 2867 Ut
437 2810 709 2880 quondam
739 2809 925 2865 similis
952 2809 1149 2864 meruit
1176 2809 1432 2864 miracula
1461 2808 1607 2864 facti.

420 2902 725 2956 Carnotena
748 2900 931 2970 jaccnt
958 2899 1153 2970 patulis
1181 2915 1286 2970 qua
1313 2900 1514 2956 moenia
1539 2900 1742 2969 campis

345 2986 535 3056 Callia,
561 2998 617 3045 et
634 2989 907 3046 immensis
934 2989 1040 3044 late
1061 2988 1382 3044 distenditur
1408 2988 1568 3058 agris,

346 3081 446 3137 llic
467 3083 579 3152 jam
600 3082 825 3137 bissenis
847 3096 966 3151 qum
994 3089 1139 3136 muta
1161 3081 1354 3137 silebat
1386 3080 1438 3136 in
1468 3081 1623 3136 annis

346 3172 629 3227 Obstructa
657 3179 713 3226 et
736 3171 895 3226 nullis
916 3178 1254 3228 reseraverat
1278 3186 1372 3226 ora
1400 3170 1630 3240 loquelis

349 3261 499 3327 Filia,
526 3268 839 3318 maestorum
865 3261 1166 3317 tristissima
1193 3277 1320 3319 cura
1346 3271 1628 3331 parentum

349 3352 591 3424 Angebat
608 3353 789 3423 jugem
817 3353 1027 3409 miseris
1054 3353 1282 3409 vivendo
1309 3353 1571 3421 dolorem,

351 3444 627 3499 Annorum
655 3452 711 3498 et
730 3443 905 3513 spatio
934 3443 1244 3498 crescebant
1271 3442 1490 3498 vulnera
1519 3442 1712 3500 lectus.

354 3536 503 3592 lieu!
535 3534 748 3605 quoties
774 3534 994 3590 doluere
1022 3534 1138 3589 aliis
1164 3533 1365 3589 indulta
1386 3536 1619 3605 potentis

352 3628 501 3682 Dona
522 3627 618 3682 Dei
646 3627 869 3698 periisse
897 3627 1017 3691 sibi,
1048 3641 1169 3682 cum
1199 3642 1342 3696 saepe
1368 3627 1613 3681 viderent

352 3716 451 3772 Vix
474 3716 597 3772 dum
621 3724 893 3787 reptantes
921 3717 975 3770 in
1002 3717 1166 3771 verba
1199 3730 1479 3785 erumpere
1500 3731 1713 3786 parvos,

351 3807 685 3878 Nominaque
706 3823 737 3864 e
767 3806 1006 3863 tenebris
1034 3806 1315 3876 prtefracta
1344 3806 1494 3861 exire
1516 3807 1768 3863 labellis?

351 3895 487 3952 Cum
521 3911 762 3952 murmur
788 3896 1007 3952 dubium
1029 3896 1202 3966 pietas
1222 3910 1513 3966 praegressa
1538 3905 1753 3953 notaret

352 3986 615 4043 Incertam
644 4001 939 4055 agnoscens
967 3985 1158 4041 affectu
1190 3987 1481 4057 interprete
1508 4002 1695 4043 vocem

354 4077 637 4149 Excipiens
659 4078 812 4148 quasi
839 4078 981 4133 dicta
1008 4092 1189 4144 sonos,
1215 4078 1534 4149 rapiensque
1560 4078 1868 4150 loquenda?

352 4168 477 4225 Ηωο
504 4185 622 4239 quae
650 4177 772 4240 post
793 4169 991 4239 primas
1017 4167 1105 4222 alii
1134 4176 1260 4223 sunt
1283 4171 1516 4238 prtestita
1549 4184 1715 4224 cunas

354 4258 567 4314 Emula
597 4259 682 4314 bis
713 4258 856 4315 senis
880 4260 1054 4329 pietas
1086 4257 1376 4313 defleverat
1400 4260 1573 4323 annis,

349 4348 483 4403 Cum
510 4348 687 4404 lustris
713 4349 940 4417 geminis
968 4364 1203 4405 mmrens
1224 4389 1240 4415 ,
1267 4349 1525 4416 annisque
1555 4348 1780 4410 duobus,

352 4437 574 4508 Optaret
594 4440 822 4509 primam
842 4440 1079 4497 nubendi
1108 4440 1175 4494 ad
1201 4448 1443 4509 tempora
1470 4455 1675 4494 vocem.

350 4530 531 4586 Donec
550 4529 760 4584 Martini
786 4532 1011 4598 genibus
1036 4545 1309 4586 connexus
1334 4537 1388 4584 et
1417 4530 1626 4586 hmrens

348 4620 616 4675 Exanimis
641 4621 855 4689 genitor
883 4620 1184 4691 lacrymoso
1211 4618 1400 4675 flebilis
1427 4633 1522 4674 ore

346 4711 625 4766 Astrueret
652 4718 898 4764 cunctam
934 4710 1131 4777 gemitu
1162 4710 1428 4779 pandente
1452 4710 1746 4779 querelam,

346 4799 587 4854 Attracta
616 4814 682 4854 ex
708 4800 814 4854 imo
839 4800 1065 4869 suspiria
1092 4809 1312 4870 pectore
1340 4801 1561 4857 ducens.

344 4891 589 4960 Singultu
618 4890 859 4946 incidens
887 4891 1076 4946 crebro
1106 4892 1451 4963 lacrymabile
1480 4911 1737 4960 murmur,

345 4980 423 5035 Ac
451 4981 721 5035 madidum
751 4990 939 5051 pectus
967 4980 1291 5050 perfundens
1318 4984 1486 5039 imbre
1509 5000 1786 5053 genarum.

345 5068 514 5125 Etiam
538 5072 750 5127 Martini
780 5080 1014 5126 mentem
1044 5083 1387 5131 cencusserat
1416 5077 1611 5131 almam

344 5163 585 5217 Assuetae
610 5163 824 5233 pietatis
846 5178 1018 5233 amor,
1047 5165 1142 5219 sed
1171 5182 1327 5221 causa
1358 5184 1629 5222 morarum

345 5255 420 5309 De
448 5254 714 5324 probitate
742 5255 841 5311 fuit
868 5258 1092 5326 pretiosi
1122 5274 1249 5313 cura
1282 5261 1518 5328 pudoris,

345 5346 411 5401 Et
433 5362 643 5416 semper
670 5347 827 5404 claris
854 5351 1109 5405 socianda
1140 5352 1404 5407 modestia
1439 5353 1608 5419 factis,

344 5435 420 5492 Ne
447 5437 591 5505 quod
617 5439 909 5495 contuleris
937 5441 1186 5496 meritum
1211 5442 1468 5510 jactantia
1499 5446 1689 5515 perdat

345 5524 409 5579 Et
434 5526 643 5581 virtutis
667 5541 802 5596 opus
832 5530 983 5583 vitiet
1006 5533 1362 5602 praesumptio
1391 5535 1590 5588 cordis.

346 5614 505 5683 Ergo,
536 5616 631 5683 ait,
661 5615 938 5685 indignum
966 5622 1103 5674 tanti
1136 5622 1203 5676 a‘d
1231 5623 1486 5677 miracula
1522 5624 1647 5677 farti

348 5703 430 5757 Me
452 5719 590 5770 reor,
624 5712 678 5759 et
707 5706 913 5774 trepida
941 5710 1150 5777 pondus
1178 5712 1385 5765 cervice
1407 5727 1655 5780 pavesco.

348 5791 500 5860 Quod
519 5795 660 5849 ferre
689 5794 933 5853 infirmus
962 5814 1192 5869 nequeo,
1228 5817 1294 5858 ne
1336 5802 1542 5858 sarcina
1575 5802 1745 5871 major

2032 1447 2325 1515 Deprimat,
2357 1454 2412 1500 et
2433 1446 2597 1500 nimio
2626 1445 2887 1501 invalidus
2912 1446 3011 1501 sub
3034 1445 3175 1501 fasce
3204 1447 3460 1502 laborem.

2028 1536 2134 1592 Sed
2156 1553 2263 1591 non
2289 1535 2518 1591 difficilis
2539 1537 2741 1606 qumvis
2768 1537 2975 1591 curatio
2996 1536 3209 1591 Christo
3229 1543 3330 1602 est,

2030 1627 2132 1693 Qui
2172 1636 2318 1682 recte
2346 1626 2460 1682 hcce
2488 1627 2606 1681 aliis
2634 1628 2920 1681 committit
2949 1628 3099 1695 signa
3124 1629 3400 1693 ministris,

2026 1718 2345 1773 Sanctorum
2373 1726 2431 1772 ut
2457 1718 2705 1773 meritum
2727 1716 2939 1773 Domini
2968 1718 3219 1771 miracula
3248 1719 3497 1787 prodant.

2028 1808 2168 1865 Ecce
2197 1808 2303 1864 duo
2324 1809 2580 1863 assistunt
2607 1808 2738 1862 clari
2766 1808 3035 1877 probitate
3065 1805 3275 1875 fideque

2029 1897 2095 1952 Et
2114 1899 2313 1953 virtute
2343 1897 2462 1961 viri,
2485 1911 2622 1965 quos
2648 1904 2793 1951 recte
2821 1897 2999 1950 evexit
3029 1895 3097 1949 ad
3127 1896 3286 1949 istum

2029 1989 2172 2044 Talis
2200 1989 2309 2043 vita
2332 1987 2527 2055 locum,
2557 1988 2794 2057 nunquid
2823 2003 2931 2043 non
2960 1987 3257 2058 promptius
3292 1986 3394 2040 illis

2024 2078 2155 2135 llaec
2178 2078 2388 2134 Domini
2419 2078 2680 2133 medicina
2709 2078 2854 2132 dabit
2874 2093 2992 2147 quae
3020 2078 3239 2147 grandia
3262 2085 3503 2131 nostrum

2025 2168 2306 2226 Excedunt
2332 2170 2605 2238 meritum,
2635 2169 2730 2224 sed
2761 2185 2865 2223 non
2896 2177 3020 2224 sunt
3047 2168 3209 2223 ardua
3239 2168 3459 2223 sanctis.

2098 2261 2245 2316 Talia
2272 2277 2414 2331 smpe
2442 2262 2643 2316 iterans
2676 2261 2851 2315 cordis
2878 2261 3197 2317 documenta
3231 2261 3462 2316 modesti

2029 2355 2097 2410 Et
2115 2355 2366 2410 meritum
2391 2354 2666 2409 renuendo
2695 2354 2946 2423 probans,
2973 2353 3074 2408 hoc
3093 2353 3302 2422 dignior
3330 2360 3510 2408 exstat

2026 2446 2179 2513 Quod
2207 2446 2373 2501 comit
2398 2446 2635 2514 reliquos
2664 2447 2899 2516 pretiosa
2929 2446 3188 2501 modestia
3209 2461 3407 2511 mores,

2024 2537 2392 2605 Invidiamque
2420 2534 2553 2602 fugit
2581 2537 2670 2604 qui
2692 2552 2750 2591 se
2779 2536 3021 2591 conferre
3040 2537 3296 2607 pavescit.

2025 2626 2151 2681 llaec
2172 2640 2399 2682 cernens
2425 2626 2637 2694 genitor
2665 2635 2854 2681 sancto
2882 2627 3252 2683 vehementius
3279 2628 3463 2694 instat,

2025 2717 2137 2773 llos
2154 2731 2370 2787 quoque
2396 2716 2725 2785 conjungens
2745 2716 3019 2786 precibus,
3053 2733 3281 2788 quorum
3308 2717 3394 2771 ille
3423 2724 3601 2783 tegen-

3370 2806 3391 2877 ι
3412 2805 3538 2860 dant

2028 2897 2247 2952 Dixerat
2274 2912 2393 2952 esse
2420 2897 2597 2963 fidem,
2630 2912 2697 2952 ne
2725 2897 2809 2951 vel
2836 2896 3050 2952 differre
3071 2897 3256 2952 liceret

2028 2987 2181 3055 Quod
2202 3001 2456 3058 germana
2476 2989 2564 3058 pie
2581 2987 2797 3043 Christo
2827 2988 3097 3056 aspirante
3124 2988 3372 3041 voluntas

2028 3078 2283 3133 Suaserat
2302 3086 2463 3147 atque
2490 3079 2633 3149 paris
2661 3078 2944 3134 concordis
2967 3077 3137 3146 gratia
3163 3077 3321 3146 juris.

2029 3168 2302 3224 Submotis
2330 3169 2490 3238 igitur
2522 3169 2733 3241 populis
2754 3184 2821 3223 ne
2842 3168 2978 3224 forte
3004 3176 3277 3239 receptum

2028 3259 2214 3315 Oranti
2240 3262 2577 3331 obstreperet
2598 3258 2822 3316 confuso
2842 3269 3116 3313 murmure
3150 3257 3355 3327 vulgus,

2025 3353 2131 3407 Aut
2162 3361 2461 3409 ostentaret
2488 3352 2731 3423 proprias
2755 3351 3015 3421 jactantia
3044 3350 3206 3416 vires,

2026 3444 2136 3500 llos
2165 3452 2370 3498 tantum
2398 3443 2638 3511 adjunxit
2665 3442 2841 3497 socios
2867 3457 3005 3511 quos
3031 3443 3246 3496 cu'men
3272 3441 3491 3495 honoris

2025 3535 2251 3591 Fecerat
2279 3550 2398 3589 esse
2419 3549 2598 3604 pares,
2628 3540 2682 3589 et
2709 3532 2862 3603 queis
2892 3546 2989 3600 par
3009 3546 3136 3586 cura
3158 3532 3430 3599 precandi,

2027 3623 2132 3678 Par
2159 3623 2412 3688 studium,
2436 3636 2680 3676 connexa
2703 3619 2851 3685 fides,
2883 3619 3168 3687 conjuncta
3191 3620 3457 3674 voluntas.

2026 3715 2254 3770 Additur
2281 3722 2335 3767 et
2362 3714 2573 3781 genitor
2602 3709 2873 3780 trepidans
2894 3724 3052 3779 quem
3083 3724 3303 3764 munera
3332 3709 3530 3765 Christi

2027 3805 2217 3860 Acrius
2244 3810 2520 3872 optantem
2546 3800 2813 3856 faciebant
2838 3807 2961 3854 vota
2988 3797 3217 3857 fidelem.

2028 3895 2163 3949 Tum
2186 3894 2397 3949 sublimi
2420 3892 2598 3946 animo
2628 3897 2858 3955 erectus,
2883 3890 2976 3945 sed
3004 3903 3231 3959 corpore
3256 3904 3475 3959 pronus,

2027 3985 2247 4040 Sursum
2271 4000 2365 4040 cor
2385 3990 2627 4038 sanctum
2655 3990 2913 4048 statuens,
2949 3981 3042 4036 sed
3070 3981 3308 4036 membra
3331 3981 3601 4050 deorsum,

2029 4077 2205 4133 Carne
2230 4076 2395 4145 jacet,
2425 4074 2518 4129 sed
2546 4080 2726 4129 mente
2752 4074 2914 4141 viget,
2952 4072 3263 4127 conscendit
3284 4073 3336 4126 in
3368 4073 3535 4129 altum

2026 4166 2177 4223 Mens
2200 4165 2486 4235 conjuncta
2518 4164 2648 4230 Deo,
2678 4163 3209 4235 premiturjactantia
3239 4164 3432 4219 carnis.

2025 4258 2116 4314 Sic
2136 4257 2221 4311 via
2245 4256 2515 4311 dissimilis
2544 4254 2830 4310 concordia
2853 4253 3158 4323 adjungitur
3177 4264 3321 4309 actu.

2026 4350 2116 4406 Sic
2147 4348 2364 4402 humilis
2392 4355 2647 4417 properat
2669 4361 2777 4416 quo
2806 4361 3128 4416 prazeessere
3150 4345 3354 4401 fideles.

2026 4440 2136 4495 Nec
2154 4455 2328 4504 mora,
2361 4446 2416 4494 et
2436 4438 2635 4493 assueti
2663 4437 2929 4507 persensit
2953 4438 3101 4505 signa
3128 4436 3326 4493 favoris

2029 4531 2253 4586 Assidue
2274 4538 2491 4587 sanctus
2519 4527 2859 4598 congaudens
2888 4528 3100 4597 hospite
3122 4525 3335 4583 Christo

2026 4624 2215 4680 Cordis
2234 4639 2377 4694 smpe
2404 4622 2548 4678 fores
2573 4621 2641 4675 ad
2669 4620 2794 4674 talia
2819 4635 3039 4675 munera
3064 4620 3303 4689 pandens

2027 4713 2161 4769 Tum
2200 4712 2569 4769 benedicendo
2599 4710 2768 4781 promi
2805 4710 3058 4780 prmcepit
3087 4710 3289 4763 olivum

2025 4804 2271 4859 Oblatum
2301 4803 2545 4859 inliciens
2580 4802 2865 4857 verborum
2897 4808 3114 4856 nectare
3144 4818 3391 4870 succum,

2025 4896 2130 4951 Per
2156 4912 2312 4966 quem
2342 4902 2549 4950 mutato
2569 4894 2717 4949 venit
2740 4893 3003 4948 medicina
3034 4893 3248 4963 liquori.

2027 4988 2131 5054 Qui
2160 4995 2443 5057 postquam
2474 4985 2656 5040 infusis
2676 4984 2935 5053 gratantis
2960 4985 3014 5039 in
3042 5000 3138 5039 ore
3167 4985 3358 5054 puellze
3378 4995 3460 5040 est

2027 5079 2322 5135 Confestim
2353 5079 2559 5133 innexa:
2583 5077 2865 5132 solvuntur
2890 5077 3102 5132 vincula
3128 5078 3352 5147 lingum,

2028 5170 2095 5225 Et
2122 5170 2362 5226 madidas
2389 5170 2618 5239 implens
2644 5168 2822 5224 subito
2843 5169 3133 5239 spiramine
3162 5169 3344 5223 fauces

2026 5261 2266 5316 Murmur
2291 5258 2648 5327 blandiloqua:
2677 5274 2783 5313 vox
2807 5267 3116 5329 exspectata
3143 5260 3353 5313 revixit.

2028 5349 2104 5405 Ac
2124 5350 2353 5421 primum
2382 5348 2644 5418 trepidam
2672 5348 2888 5418 proprie
2910 5350 3120 5418 signare
3149 5349 3414 5417 loquelam

2040 5442 2385 5511 lacertosque
2412 5455 2572 5495 sonos
2592 5439 2847 5509 genitoris
2878 5441 3093 5495 nomine
3121 5440 3362 5508 sumpsit.

2042 5532 2165 5587 Haec
2193 5548 2299 5587 vox
2320 5533 2489 5603 prima
2517 5529 2641 5594 fuit,
2673 5531 2954 5601 primoque
2984 5530 3249 5600 loquentis
3276 5530 3344 5584 ab
3375 5546 3471 5586 ore

2039 5621 2245 5692 Eripuit
2265 5630 2437 5690 pater,
2469 5629 2628 5689 atque
2652 5620 2887 5674 auditam
2914 5620 2967 5673 in
2997 5619 3201 5673 viscera
3232 5621 3436 5675 mersit.

2039 5712 2171 5766 Exin
2196 5713 2474 5782 prostratis
2499 5713 2723 5781 supplex
2764 5712 3137 5781 complectitur
3165 5714 3322 5779 ulnis,

2041 5804 2253 5874 Quique
2282 5819 2470 5874 preces
2494 5803 2640 5861 solus
2668 5804 2864 5858 tulerat
2883 5802 3143 5859 reticente
3172 5805 3365 5876 puella,
