4066 6192
511 346 642 400 1051
1622 338 1684 393 Β.
1728 335 1997 394 PAULINI
2035 333 2641 396 PETRICORDIENSlS
3632 339 3769 395 1039

506 457 623 513 Jam
651 456 877 511 Domino
898 456 1065 526 gratis
1089 470 1196 511 non
1219 469 1331 510 una
1354 468 1488 509 voce
1516 452 1780 523 rependit.

505 549 615 602 Nec
641 563 770 602 sane
798 548 1017 601 alterius
1038 547 1215 600 minor
1236 545 1517 599 admiratio
1546 544 1671 599 facti
1699 552 1801 608 est,

504 636 670 705 Cujus
692 653 777 693 me
805 653 1099 692 memorem
1128 636 1376 691 medicati
1412 636 1606 691 infusio
1634 636 1800 699 succi,

506 726 573 781 Et
593 729 860 783 decantati
888 728 1188 783 benedictio
1212 728 1337 783 fecit
1363 728 1509 781 olivi.

505 817 570 872 Et
594 819 842 889 quotiens
864 820 1077 890 pietatis
1098 833 1254 889 opem
1276 818 1537 873 medicina
1566 816 1831 887 poposcit,

505 908 813 976 Disparibus
835 909 1009 963 causis
1026 924 1124 977 par
1150 908 1318 977 gratia
1340 908 1693 965 sanctificavit
1718 924 1732 959 :

505 1000 763 1069 Namque,
793 1010 851 1055 ut
878 1017 1019 1071 smpe
1044 1002 1219 1057 solent
1239 1010 1507 1072 przecauto
1528 1000 1693 1056 corde
1719 999 1922 1061 fideles,

504 1089 612 1154 Vas
640 1090 761 1145 oleo
789 1091 1062 1161 oppletum
1089 1092 1351 1147 servando
1381 1108 1445 1147 ea
1474 1092 1631 1148 ducta
1652 1093 1840 1147 salutis

505 1179 599 1234 Vel
617 1179 772 1247 justis
798 1181 993 1237 offerre
1012 1182 1159 1249 viris,
1191 1183 1274 1237 vel
1301 1183 1533 1237 condere
1570 1186 1773 1239 sanctis

504 1269 803 1339 Relligione
827 1272 980 1337 locis,
1003 1274 1195 1343 quibus
1223 1283 1314 1327 aut
1334 1275 1578 1343 operatio
1608 1291 1844 1345 pnesens

504 1359 741 1432 Martyrii
771 1364 1023 1418 emeritos
1059 1365 1237 1434 prodit
1264 1366 1459 1420 virtute
1481 1376 1762 1435 patronos,

504 1454 610 1507 Aut
632 1456 824 1523 quibus
846 1456 898 1509 in
920 1473 1088 1512 cunas
1119 1458 1338 1512 verbum
1370 1460 1578 1513 venisse
1608 1460 1793 1514 beatas

504 1544 602 1599 Vel
633 1547 820 1600 recolit
853 1548 1129 1603 manifesta
1162 1549 1314 1616 fides,
1345 1549 1427 1602 vel
1458 1550 1617 1603 lectio
1638 1550 1838 1619 prodit,

504 1634 611 1689 Aut
639 1637 725 1692 ubi
747 1638 1007 1707 contigua1
1030 1642 1335 1710 prrecedens
1359 1650 1598 1711 tempora
1628 1643 1761 1698 lucis

504 1725 835 1784 llorrescens
862 1730 990 1784 dine
1020 1732 1194 1786 scelus
1217 1732 1489 1786 exitiabile
1520 1734 1694 1801 gentis

504 1816 732 1874 Inseruit
758 1821 960 1875 subitas
982 1838 1081 1878 nos
1109 1823 1363 1877 interfusa
1397 1825 1662 1890 tenebras,

503 1910 610 1965 Aut
641 1912 728 1965 ubi
758 1912 981 1982 disrupti
1012 1914 1183 1969 felicia
1209 1931 1445 1969 concava
1470 1917 1585 1969 saxi

504 1999 719 2055 Attaetu
749 2004 925 2071 gavisa
950 2003 1061 2068 Dei,
1094 2005 1209 2059 sine
1245 2004 1360 2072 lege
1387 2007 1619 2075 sepulcri

504 2088 627 2143 Mox
658 2092 978 2145 surrecturis
1007 2103 1293 2162 patuerunt
1320 2096 1525 2148 subdita
1560 2096 1831 2149 membris.

504 2182 611 2236 Aut
634 2183 756 2237 hinc
780 2182 889 2252 jam
920 2184 1129 2240 reducis
1158 2188 1337 2254 gavisa
1374 2188 1439 2241 ad
1462 2189 1639 2243 sidera
1665 2188 1865 2245 Christi

506 2272 785 2329 Postrema
806 2278 1019 2346 excepit
1047 2278 1171 2332 felix
1200 2280 1424 2348 vestigia
1457 2281 1612 2335 tellus
1638 2300 1650 2333 :

504 2361 635 2428 Qua:
665 2372 770 2417 tam
799 2366 1055 2421 sanctifici
1087 2378 1407 2423 conservant
1428 2388 1648 2425 munera
1679 2380 1869 2435 tactus,

505 2455 773 2522 Quidquid
802 2457 1115 2512 adornatum
1139 2470 1499 2515 commentum
1522 2462 1707 2515 dextra
1731 2463 1956 2533 paravit,

504 2542 797 2611 Dedignata
825 2547 935 2600 suis
964 2547 1119 2615 longe
1138 2549 1385 2603 discussit
1408 2553 1615 2615 arenis,

504 2634 851 2704 Disrumpens
874 2636 1111 2706 fragilem
1140 2642 1407 2695 transfuso
1434 2644 1651 2711 pulvere
1685 2654 1912 2710 cratem,

494 2735 531 2799 γ’·
566 2727 780 2781 Extenti
807 2728 1106 2785 dissolvens
1128 2742 1277 2801 septa
1307 2734 1526 2789 metalli.

504 2814 598 2871 llis
628 2833 866 2889 persmpe
894 2820 1026 2876 locis
1060 2823 1253 2891 quibus
1277 2826 1378 2879 hoc
1406 2826 1597 2880 vicinia
1620 2836 1835 2897 praestat

504 2904 792 2963 Pacificum
820 2921 1097 2980 exponunt
1126 2930 1221 2984 per
1243 2916 1451 2971 vascula
1481 2932 1611 2986 pura
1640 2918 1933 2988 liquorem,

503 2999 743 3071 Desuper
764 3001 921 3058 infusi
949 3006 1260 3060 mutandum
1286 3018 1502 3064 nectare
1530 3011 1695 3075 roris,

503 3093 620 3159 Quo
650 3094 765 3149 fluit
794 3096 846 3150 in
877 3107 1119 3153 sanetum
1150 3101 1383 3155 caelestis
1404 3104 1574 3169 gratia
1597 3119 1837 3170 succum,

502 3184 609 3237 Aut
637 3200 774 3253 quos
800 3188 1077 3255 longarum
1101 3192 1273 3259 spatia
1303 3193 1557 3247 interfusa
1590 3196 1795 3249 viarum

505 3274 724 3331 Diversa
754 3286 967 3333 amotos
996 3280 1205 3347 penitus
1247 3283 1463 3349 regione
1492 3293 1783 3350 retentant,

502 3363 795 3421 Credentes
826 3365 1106 3423 Dominum
1133 3385 1239 3424 non
1266 3372 1439 3426 claudi
1470 3373 1573 3427 fine
1605 3375 1864 3439 locorum,

502 3452 567 3506 Et
590 3456 890 3512 miserantis
922 3476 1079 3530 opem
1108 3472 1327 3517 cunctas
1357 3466 1619 3522 excedere
1644 3477 1832 3535 metas,

502 3546 848 3603 Incunctante
876 3550 977 3606 fide
1007 3556 1289 3621 praesentia
1325 3571 1546 3613 munera
1573 3570 1799 3627 poscunt

502 3636 784 3693 l‘lmsentis
812 3639 1044 3710 Domini,
1068 3645 1157 3714 qui
1180 3660 1278 3714 pro
1307 3647 1507 3703 virtute
1535 3649 1733 3706 favoris

502 3726 618 3780 Non
648 3728 804 3797 longe
826 3731 893 3785 ad
918 3748 1034 3791 sese
1061 3736 1365 3792 venientum
1396 3749 1518 3795 vota
1553 3741 1762 3811 fatigat,

501 3816 731 3889 Propter
750 3830 805 3877 et
826 3823 1075 3880 admotus
1103 3830 1366 3898 contingit
1398 3832 1592 3902 ubique
1622 3845 1876 3904 rogantes

500 3909 610 3965 Nec
643 3915 823 3972 tardos
852 3918 985 3971 vitat
1009 3936 1021 3970 :
1050 3924 1294 3990 properis
1320 3924 1544 3980 vicinior
1563 3938 1722 3995 astat,

502 4000 691 4071 lt‘itque
722 4006 818 4059 vite
841 4006 958 4062 finis
975 4009 1123 4064 Solus
1150 4021 1375 4067 conatus
1396 4017 1591 4071 euntis.

500 4090 625 4146 llzec
651 4095 739 4163 qui
763 4096 925 4151 corde
954 4107 1146 4163 gerunt
1166 4115 1484 4171 quacunque
1515 4106 1566 4158 in
1590 4115 1742 4175 parte
1772 4111 1948 4164 vocati

500 4181 692 4238 Munus
718 4184 917 4239 habent
948 4185 1181 4254 Domini,
1205 4205 1299 4243 seu
1322 4194 1487 4248 sacris
1522 4196 1725 4250 credita
1758 4201 2011 4256 mandent

501 4272 638 4326 Vota
670 4273 815 4338 viris,
847 4290 943 4329 seu
971 4278 1195 4334 sacratis
1221 4294 1551 4352 qmecunque
1573 4289 1868 4345 recondunt

499 4361 888 4418 Sanctificanda
908 4366 1059 4421 locis.
1094 4368 1335 4426 Christus
1364 4370 1506 4442 quod
1540 4394 1768 4447 corpore
1787 4393 1971 4441 sancto

499 4458 615 4511 Non
643 4459 790 4527 adiit,
818 4462 1016 4518 virtute
1048 4466 1195 4533 tegit,
1237 4466 1360 4522 licet
1396 4469 1485 4524 ille
1515 4488 1761 4530 reversus

498 4548 579 4603 Ad
606 4550 829 4607 sublime
852 4554 962 4623 poli
979 4553 1295 4623 jamdudum
1322 4568 1376 4614 et
1403 4577 1630 4629 corpore
1659 4575 1865 4634 regnet.

498 4638 625 4694 llzec
649 4656 827 4696 secum
851 4643 1161 4701 stimulante
1186 4645 1288 4702 fide
1304 4689 1318 4714 ,
1352 4666 1591 4720 persaepe
1619 4657 1899 4712 revolvens

498 4727 769 4787 Excedens
798 4733 1037 4803 fragilem
1062 4752 1252 4791 sexum
1282 4740 1477 4795 virtute
1509 4744 1649 4808 fidei,

498 4820 564 4875 Et
592 4839 698 4877 non
722 4824 936 4882 feminei
963 4829 1204 4884 sublimis
1232 4830 1427 4886 femina
1452 4835 1648 4901 cordis,

495 4912 754 4981 Credidit,
787 4918 1038 4973 emissum
1070 4928 1182 4974 tum
1210 4931 1396 4978 sancto
1420 4924 1636 4982 offerret
1661 4928 1859 4987 olivum

497 5002 651 5066 Quod
675 5006 921 5073 precibus
950 5010 1086 5063 tanti
1113 5011 1285 5079 pietas
1316 5014 1487 5071 vicina
1517 5018 1748 5075 ministri

497 5094 611 5150 Non
641 5097 797 5153 aliter
818 5102 956 5155 votis
982 5101 1211 5158 Martino
1239 5116 1429 5163 orante
1460 5108 1682 5179 faveret,

497 5185 666 5249 Quam
690 5189 736 5241 si
768 5191 970 5258 pernici
994 5207 1222 5261 propere
1251 5200 1508 5255 translata
1538 5204 1723 5259 volatu

498 5273 637 5330 Intra
670 5276 843 5348 ipsum
873 5281 1081 5338 Domini
1103 5286 1267 5343 ferret
1291 5304 1385 5344 sua
1415 5305 1537 5348 vota
1560 5300 1887 5367 sepulcrum,

497 5362 761 5423 Vexillum
790 5373 1072 5441 complexa
1098 5379 1292 5444 crucis,
1318 5362 1857 5454 lignumque-salutis.

497 5453 609 5511 Tali
642 5459 798 5527 plena
828 5460 928 5517 fide
950 5468 1162 5521 canenti
1186 5470 1372 5524 sedula
1401 5474 1538 5529 vitro

496 5541 753 5601 Sollicitis
777 5552 1024 5607 manibus
1052 5555 1286 5612 viridans
1308 5560 1501 5616 infudit
1532 5566 1757 5623 olivum.

498 5629 775 5690 Permutat
803 5641 1013 5697 niveum
1044 5644 1374 5706 descendens
1405 5653 1543 5708 unda
1570 5659 1825 5731 colorem,

580 5796 602 5823 "
630 5794 878 5851 Protinus
906 5806 1097 5859 extenti
1129 5805 1448 5881 dissolvens,

2110 449 2161 506 Α
2186 444 2249 498 Et
2274 450 2440 504 tacito
2460 465 2683 505 manans
2711 449 2763 504 iu
2792 464 3027 505 concava
3049 450 3255 505 subdita
3282 450 3431 519 lapsu

2187 539 2395 596 Crescit
2418 559 2513 613 per
2533 544 2685 598 nitidi
2714 544 2967 613 paulatim
2991 552 3272 612 augmenta
3300 543 3546 613 liquoris,

2187 633 2263 687 Ac
2288 636 2467 689 sonitu
2500 636 2761 691 reticente
2789 637 2951 692 silens
2982 636 3247 705 pinguedo
3276 637 3547 691 tumescit.

2187 725 2436 781 Attamen
2467 735 2525 781 ut
2552 742 2730 781 vacuae
2757 727 2936 782 fauces
2962 726 3028 781 ad
3057 726 3289 781 claustra
3317 734 3586 796 paterent,

2187 816 2296 872 Nec
2323 818 2479 872 nimis
2507 819 2725 888 oppleto
2746 826 2957 873 nutaret
2977 816 3165 872 dextra
3194 819 3415 885 fluento,

2188 906 2299 972 Qua
2330 908 2395 962 de
2424 908 2668 977 subjecto
2695 916 3027 977 consurgunt
3060 908 3198 963 colla
3219 908 3471 973 rotundo,

2186 996 2305 1052 Oris
2326 999 2501 1054 adhuc
2524 1001 2675 1055 vacui
2703 1000 2915 1070 patulus
2944 999 3215 1055 residebat
3240 1001 3442 1066 hiatus,

2187 1088 2320 1143 Tum
2341 1105 2475 1157 puer
2494 1099 2718 1158 accepto
2744 1106 3047 1159 properans
3071 1092 3309 1161 perrexit
3343 1092 3483 1145 olivo
3498 1133 3515 1157 ,

2186 1179 2266 1233 Ad
2285 1190 2532 1234 sanctum
2558 1179 2798 1236 referens
2824 1189 2879 1235 et
2905 1189 3027 1235 vota
3058 1190 3113 1235 et
3141 1182 3302 1235 verba
3331 1184 3619 1251 precantis.

2187 1270 2295 1324 Nec
2323 1270 2496 1323 tardat
2523 1270 2734 1339 pietatis
2761 1287 2918 1340 opus,
2949 1272 3057 1327 cita
3084 1272 3255 1340 gratia
3278 1272 3480 1341 justum

2185 1362 2539 1416 Commendat
2565 1362 2818 1427 studitun,
2847 1380 2913 1418 ne
2940 1365 3025 1419 vel
3046 1365 3347 1420 cunctando
3376 1364 3584 1419 fidelem

2188 1453 2425 1518 Differat,
2457 1462 2551 1507 aut
2578 1453 2795 1509 dubium
2829 1453 2989 1509 faciat
3018 1472 3171 1511 mora
3196 1472 3357 1525 parva
3392 1457 3657 1512 favorem.

2188 1544 2586 1613 Confestimque
2615 1546 2755 1600 Deus
2776 1562 2873 1616 per
2899 1548 3047 1615 signa
3078 1548 3280 1601 indulta
3310 1548 3555 1616 probavit

2189 1636 2458 1701 Quantum
2480 1636 2752 1692 conferret
2781 1653 3014 1707 pnesens
3044 1639 3347 1693 benedictio
3375 1639 3597 1707 donum,

2191 1731 2270 1787 Ne
2293 1731 2513 1787 fortasse
2535 1731 2666 1786 fides
2687 1748 2846 1787 sensu
2877 1732 3179 1803 trepidante
3200 1732 3428 1787 labaret.

2114 1813 2160 1872 Β
2188 1824 2485 1881 Praesentes
2512 1835 2767 1896 stupuere
2789 1826 2917 1889 viri,
2947 1825 3090 1893 quod
3118 1826 3361 1880 Christus
3388 1825 3577 1881 adesse

2186 1916 2421 1971 Jusserat
2448 1918 2649 1972 electos
2678 1922 2824 1970 tanta
2850 1916 2917 1970 ad
2945 1916 3200 1970 miracula
3231 1924 3413 1971 testes.

2186 2008 2276 2063 Sic
2305 2009 2539 2063 crevisse
2570 2009 2715 2063 illum
2736 2008 2964 2063 Martino
2992 2017 3182 2062 orante
3203 2008 3490 2077 liquorem,

2190 2099 2257 2152 Ut
2285 2115 2493 2152 sursum
2524 2098 2647 2153 elati
2678 2113 3003 2167 consurgens
3032 2099 3169 2153 unda
3199 2100 3422 2154 tumoris

2186 2187 2440 2257 Oppleret
2466 2204 2690 2242 vacuam
2718 2204 2980 2259 suspenso
3008 2190 3215 2258 guigite
3243 2198 3470 2259 partem,

2186 2277 2273 2331 Sic
2296 2278 2407 2345 jugi
2437 2277 2502 2331 ad
2530 2290 2794 2332 summum
2813 2294 3106 2348 properans
3126 2294 3193 2332 ne
3222 2279 3481 2347 linqueret
3507 2278 3691 2341 imum;

2188 2369 2440 2424 Ferveret
2468 2371 2766 2433 exundans,
2797 2371 3080 2425 Considens
3111 2372 3267 2440 plena
3290 2380 3547 2435 maneret,

2186 2457 2461 2513 Cresceret
2483 2459 2687 2524 infusis,
2720 2459 2815 2514 sed
2846 2476 2954 2514 non
2984 2459 3255 2514 vacuanda
3285 2460 3517 2529 receptis

2184 2551 2265 2604 Ad
2293 2551 2563 2605 dominam
2586 2552 2759 2607 donec
2781 2551 2951 2607 felicia
2979 2552 3117 2606 dona
3143 2559 3420 2620 reportans

2187 2637 2441 2708 Pergeret
2468 2641 2744 2696 exsultans
2774 2641 2999 2695 famulus
3017 2683 3033 2708 ,
3063 2640 3416 2708 meritumque
3441 2639 3588 2693 beati

2185 2731 2413 2785 Offerret
2433 2733 2597 2787 ta‘ntis
2616 2732 2955 2801 congaudens
2975 2732 3192 2786 dextera
3222 2732 3408 2799 signis.

2187 2820 2331 2874 Talis
2360 2821 2599 2890 przeclari
2620 2821 2923 2875 benedictio
2945 2829 3129 2875 sancta
3159 2822 3433 2891 propheL'e

2185 2910 2318 2965 Cum
2348 2910 2506 2965 vidua
2534 2910 2783 2977 exiguum
2814 2909 3015 2965 finisset
3038 2911 3261 2981 prodiga
3283 2918 3551 2980 sumptum

2187 3000 2413 3055 Vascula
2443 3002 2710 3056 mansuris
2737 3001 3004 3072 supplevit
3032 3002 3206 3054 inania
3236 3001 3409 3055 donis.

2188 3089 2258 3145 Ut
2285 3106 2403 3161 qua:
2424 3089 2686 3146 munifica“:
2712 3091 2930 3146 dederat
2951 3091 3269 3146 documenta
3300 3091 3421 3146 fidei

2110 3178 2155 3241 Β
2187 3180 2358 3235 Ditior
2386 3182 2639 3251 expensis
2668 3182 2821 3237 fieret
2848 3196 3035 3236 secura
3062 3182 3261 3251 petitis.

2187 3270 2299 3325 Nec
2319 3287 2447 3326 sane
2472 3280 2531 3325 ut
2558 3272 2791 3343 reliquas
2818 3287 3041 3343 paveam
3072 3272 3382 3341 contingere
3410 3272 3592 3327 laudes

2188 3360 2534 3430 Virtutesque
2560 3362 2681 3425 viri,
2713 3362 2891 3415 saltim
2922 3362 3036 3419 hzec
3061 3378 3278 3417 narrare
3306 3363 3518 3429 valebo,

2187 3451 2243 3505 In
2274 3454 2469 3521 quibus
2499 3452 2737 3521 ejusdem
2760 3454 2949 3509 similis
2974 3454 3275 3509 benedictio
3306 3456 3451 3510 succi

2186 3541 2492 3611 blnltiplicis
2521 3542 2681 3611 digne
2708 3545 2883 3613 poséit
2910 3546 3176 3614 praeconia
3205 3546 3373 3599 vocis.

2190 3631 2304 3687 Una
2336 3632 2466 3689 fides
2495 3635 2761 3690 medicina
2791 3635 3043 3707 frequens
3072 3655 3178 3693 non
3215 3638 3453 3692 dissonat
3478 3648 3622 3703 actu,

2189 3723 2295 3778 Sed
2320 3724 2481 3779 distat
2509 3740 2733 3780 numero
2761 3741 2860 3795 par
2883 3726 3048 3795 signis
3076 3727 3245 3781 altera
3274 3728 3445 3781 donis.

2187 3814 2361 3869 Testis
2390 3815 2545 3870 adest
2571 3816 2733 3870 docto
2761 3816 3020 3871 mirabilis
3046 3832 3141 3871 ore
3162 3816 3391 3872 Severus

2185 3903 2253 3957 Et
2275 3912 2384 3958 tota
2412 3903 2680 3959 Christum
2709 3906 2885 3961 cordis
2912 3907 3110 3962 virtute
3138 3916 3352 3963 secutus

2186 3994 2410 4063 Insignis
2437 3995 2622 4049 mundi
2654 3996 2840 4062 titulis,
2872 3998 2966 4052 sed
2995 3998 3191 4053 clarior
3218 3999 3305 4051 illa

2186 4086 2299 4151 Qua
2331 4086 2583 4139 mundUm
2617 4088 2831 4157 tempsit
2858 4098 3057 4144 sancta:
3085 4090 3282 4143 virtute
3312 4088 3432 4143 fidei

2186 4176 2476 4231 Nobilitate
2503 4185 2697 4246 potens
2716 4219 2729 4241 ,
2761 4177 2854 4232 sed
2884 4180 3053 4233 multo
3083 4180 3350 4235 extentius
3375 4180 3514 4234 idem

2185 4265 2425 4319 Nobilior
2453 4266 2651 4321 Christi
2685 4268 2831 4321 cultu
2852 4283 3010 4337 quam
3040 4270 3312 4336 sanguinis
3342 4279 3481 4334 ortu,

2187 4358 2281 4413 llic
2305 4375 2516 4413 sacrum
2541 4375 2824 4424 canoncm,
2850 4361 3095 4416 distenta:
3122 4372 3177 4416 et
3197 4364 3393 4433 scripta
3415 4373 3696 4421 coarctans

2185 4438 2448 4511 liistorize,
2478 4451 2705 4518 geminis
2732 4452 2995 4506 conclusit
3033 4462 3222 4508 cuncta
3257 4455 3449 4509 libellis

2106 4535 2158 4595 1)
2184 4538 2523 4607 Ουωουηᾳυο
2553 4557 2583 4594 a
2612 4542 2796 4611 primis
2823 4553 3161 4612 pcrcurrerat
3192 4545 3333 4599 edita
3361 4547 3552 4601 s'eclis.

2188 4630 2331 4684 Idem
2363 4630 2574 4685 Martini
2605 4634 2806 4697 titulos,
2839 4635 2922 4687 vel
2953 4643 3099 4702 gesta
3128 4646 3380 4693 retexens

2186 4720 2467 4777 Serutator
2494 4733 2683 4779 cautus
2712 4726 2823 4779 veri
2849 4726 3089 4795 fidusque
3117 4727 3318 4783 relator

2186 4810 2413 4865 Protulit
2433 4812 2487 4866 in
2515 4814 2749 4868 medium
2771 4823 2877 4868 tam
2904 4816 3062 4870 clara:
3088 4818 3311 4887 insignia
3336 4821 3471 4874 vitae.

2186 4903 2275 4957 Sic
2294 4904 2489 4971 justam
2518 4906 2760 4961 retinens
2787 4916 2999 4976 aequato
3029 4912 3274 4965 examine
3301 4911 3489 4965 libram

2186 4992 2262 5048 Ne
2286 4994 2443 5049 dubia
2467 5006 2731 5051 astrueret
2752 4997 2953 5063 dicens,
2987 5016 3085 5055 nec
3113 5010 3258 5056 certa
3291 5011 3512 5058 taceret.

2186 5083 2282 5139 llic
2301 5095 2485 5139 saneto
2517 5102 2756 5157 persmpe
2785 5090 2871 5158 pie
2896 5082 3132 5146 sociatus
3160 5092 3403 5158 adha‘sit,

2188 5188 2257 5243 Ut
2285 5191 2423 5244 solet
2451 5192 2503 5245 in
2532 5194 2748 5261 speculo
2775 5195 2950 5249 cordis
2994 5197 3293 5265 perspectio
3320 5199 3518 5253 mentis

2186 5291 2437 5359 Cognata:
2455 5294 2641 5348 similis
2661 5311 2868 5350 morum
2892 5298 3333 5366 sociareflguras.

2187 5392 2304 5458 Quo
2344 5406 2498 5461 mage
2537 5394 2862 5450 credendum
2908 5406 2992 5453 est
3035 5407 3229 5454 testem
3275 5403 3443 5471 magis
3486 5420 3607 5457 esse
3638 5420 3760 5471 pro-

3516 5495 3692 5548 batum

3516 5495 3547 5547 b

2181 5574 2282 5640 Qui
2304 5591 2485 5630 coram
2515 5587 2791 5646 comperta
2813 5579 2969 5635 docet
2993 5595 3115 5634 cum
3145 5582 3260 5636 visa
3282 5493 3550 5653 loquattlir.

2179 5675 2317 5745 Ergo
2346 5678 2484 5732 inter
2510 5679 2715 5749 reliqua
2742 5680 2961 5737 affectus
2992 5682 3317 5739 documenta
3353 5685 3624 5753 poposcit,

1478 5822 1620 5885 etc.,
1657 5828 1713 5873 ut
1745 5837 1930 5880 versus
1960 5840 2173 5887 constet
2197 5833 2288 5903 qui
2309 5832 2571 5889 claudicat
2603 5835 2658 5889 in
2684 5850 2731 5888 v.
2758 5851 2807 5891 c.
