4054 6182
309 350 448 406 1055

305 462 557 518 Sumeret
578 467 639 515 ut
662 456 833 513 sancti
860 469 1054 511 munus
1084 453 1318 524 speciale
1348 452 1569 521 liquoris

306 552 407 608 Cui
432 558 713 621 postquam
749 545 854 600 tido
885 544 1069 599 tribuit
1096 543 1411 598 benedictus
1436 539 1609 593 amico

305 639 664 709 Congaudens
685 636 898 690 virtutis
920 649 1075 704 opem
1092 674 1105 698 ,
1132 638 1482 687 monmnenta
1510 626 1730 692 favoris,

305 733 517 789 lnvexit
544 729 755 785 Domini
778 742 901 783 cum
928 725 1207 793 relligione
1236 722 1359 776 ﬁdei

306 824 548 880 Credens
574 820 833 876 indultam
862 833 983 874 sese
1009 815 1225 872 deferre
1251 816 1502 880 salutem,

304 914 375 970 Et
396 913 583 971 statuit
609 912 766 968 celsa:
789 909 1006 966 sublimi
1026 909 1080 963 in
1109 916 1261 977 parte
1288 907 1538 961 fenestrae

304 1004 421 1071 Qua
451 1008 711 1073 praetenta
734 1000 874 1055 diem
902 998 1159 1055 claudunt
1185 996 1486 1066 specularia
1518 1010 1711 1065 purum

303 1096 473 1152 Obvia
503 1102 785 1149 ventorum
805 1091 1008 1156 flabris,
1037 1097 1093 1144 et
1120 1090 1302 1159 pervia
1333 1088 1460 1143 luci.

307 1186 408 1242 llic
429 1187 598 1241 niveae
620 1183 907 1254 ampullam
936 1182 1071 1236 texit
1100 1179 1361 1234 velamina
1386 1178 1540 1248 pallze

308 1277 381 1333 Ut
408 1278 638 1332 distenta
658 1290 825 1344 vagos
853 1273 1200 1345 prohiberent
1233 1272 1397 1326 lintea
1427 1271 1573 1325 visus

303 1369 604 1426 Occursura
632 1367 821 1433 oculis,
848 1365 943 1421 sed
969 1373 1077 1422 non
1109 1364 1348 1419 arcentia
1377 1370 1602 1417 mentes.

305 1459 443 1513 Tum
465 1473 600 1528 puer
632 1458 849 1525 ignarus
873 1455 1215 1525 properantis
1242 1454 1456 1507 turbine
1476 1452 1679 1506 dextrae

301 1546 439 1602 Dum
464 1546 608 1616 rapit
635 1546 850 1601 incauto
879 1544 1106 1598 festinus
1131 1541 1366 1609 tegmina
1393 1541 1531 1604 nisu,

301 1635 410 1690 Vas
431 1636 659 1689 vitreum
686 1632 903 1687 illidens
930 1632 984 1686 in
1015 1645 1282 1685 marmora
1307 1629 1519 1683 subdita
1542 1628 1693 1697 jecit.

300 1724 599 1793 Exsanguis
626 1724 829 1792 stupuit
855 1722 1074 1777 domino
1098 1721 1333 1790 pallente
1361 1719 1625 1782 minister,

300 1818 593 1873 Exsonitus
618 1816 805 1886 rapido
825 1814 965 1870 redit
993 1814 1059 1867 ad
1090 1813 1297 1879 fastigia
1320 1812 1493 1881 pulsu,

301 1911 627 1978 Tinnituque
655 1922 792 1977 vago
810 1906 969 1961 simul
990 1906 1170 1961 omnia
1196 1919 1471 1959 murmure
1499 1903 1795 1973 complens,

300 2001 471 2057 inlisit
494 2006 687 2064 semet,
709 1997 892 2061 sumit,
920 1995 1155 2050 surrexit
1181 1994 1249 2049 ab
1271 1993 1412 2062 imis,

299 2095 416 2149 Non
439 2093 610 2147 sensit
636 2098 816 2144 tantos
843 2084 1077 2156 ampulla
1105 2086 1337 2154 impacta
1363 2084 1607 2152 fragores

300 2186 490 2252 lllmsa,
522 2190 577 2238 et
605 2182 789 2235 vitrea:
812 2183 1129 2234 manserunt
1158 2176 1394 2243 tegmina
1425 2184 1635 2230 crustae.

302 2274 393 2329 Sic
416 2275 590 2344 liquor
616 2272 844 2325 interior
872 2267 1044 2336 fragili
1075 2267 1362 2321 conclusus
1385 2266 1581 2320 amictu

302 2363 586 2420 Exteriora
613 2378 758 2418 cavae
783 2360 995 2416 duravit
1024 2366 1274 2429 tympana
1305 2358 1485 2423 cratis,

302 2461 569 2520 Marmora
590 2466 650 2513 ut
680 2458 733 2512 in
763 2456 971 2526 plumas
994 2454 1208 2523 penitus
1234 2459 1439 2505 mutata
1464 2460 1680 2520 putares

303 2551 595 2621 Excepisse
616 2548 761 2602 illam
791 2561 888 2616 per
908 2543 1087 2598 mollia
1110 2542 1279 2596 fulcra
1306 2542 1533 2594 ruinam.

303 2642 417 2705 Sic,
447 2639 691 2702 Martine,
718 2646 864 2691 tuum
895 2635 971 2688 sic
995 2633 1135 2702 jugis
1174 2632 1344 2699 gratia
1374 2630 1574 2684 donum

304 2727 646 2785 Sanctificata
669 2727 753 2796 pie
782 2725 991 2793 recipit,
1025 2722 1303 2777 benedicta
1337 2730 1534 2776 tuetur.

378 2819 606 2886 Quidam
631 2833 754 2872 cum
784 2816 885 2869 diri
911 2813 1166 2868 violentia
1197 2827 1332 2865 saeva
1364 2812 1583 2865 molossi

304 2912 542 2966 irrueret
568 2909 815 2979 quatiens
836 2906 1066 2961 furiosos
1092 2913 1308 2973 gutture
1328 2904 1511 2969 rictus,

304 3001 541 3071 Rugatas
563 2999 843 3055 retrahens
871 2999 981 3051 oris
1003 2997 1069 3050 de
1100 2996 1333 3063 tegmine
1354 3010 1531 3058 nares,

303 3091 544 3145 Nudatos
568 3089 758 3144 crebro
780 3086 1039 3141 collidens
1066 3100 1341 3140 murmure
1369 3084 1556 3139 dentes
1586 3101 1600 3137 :

305 3182 439 3237 Tam
467 3182 643 3237 subito
670 3188 876 3234 terrore
906 3193 1124 3249 pavens,
1161 3193 1269 3233 non
1293 3176 1453 3243 fuste,
1487 3192 1588 3232 nec
1617 3178 1743 3244 ictu,

302 3273 411 3329 Sed
441 3273 559 3327 solo
589 3287 650 3326 os
678 3271 922 3324 rabidum
953 3269 1166 3323 Martini
1191 3269 1407 3323 nomine
1438 3269 1652 3332 clausit,

306 3362 461 3429 Quod
485 3360 643 3416 simul
666 3360 899 3414 insonuit
929 3359 1223 3428 compressi
1252 3359 1455 3413 hmsere
1477 3359 1722 3425 latratus,

304 3452 509 3512 Ercclte
538 3451 780 3508 cecidere
804 3451 965 3519 jubm,
1000 3458 1318 3519 torvumque
1347 3450 1585 3504 minaces

302 3546 698 3614 Exstantesque
721 3545 860 3600 oculi
883 3542 1113 3597 suffusas
1141 3542 1401 3609 sanguine
1430 3540 1671 3596 flammas

301 3639 568 3709 Depositis
591 3640 834 3694 clausere
864 3636 1045 3700 minis,
1078 3644 1188 3689 tum
1210 3635 1459 3690 blandius
1481 3650 1640 3690 aures

298 3728 557 3795 Mulcere,
588 3739 643 3782 et
670 3736 867 3781 terram
899 3734 1146 3779 contorta
1173 3739 1387 3778 verrere
1409 3724 1600 3791 cauda,

297 3818 364 3874 Et
388 3828 548 3890 caput
570 3818 765 3872 inﬂexo
790 3831 1020 3887 pronum
1052 3815 1337 3869 demittere
1364 3814 1523 3869 collo.

298 3909 427 3978 Quae
457 3910 671 3976 merito,
702 3907 950 3971 Martiae,
978 3905 1081 3960 tuis
1114 3921 1221 3958 non
1250 3905 1398 3958 milia
1428 3905 1623 3959 cedant

298 4001 433 4057 Cum
461 4009 662 4054 tantam
693 3998 895 4052 rabiem
926 3997 1010 4051 vel
1048 3996 1166 4051 solo
1196 3998 1412 4051 nomine
1433 3998 1655 4053 vincas?

297 4091 436 4158 Quid
463 4107 604 4144 nunc
632 4090 857 4143 miretur
879 4102 1141 4143 saevorum
1171 4087 1333 4141 corda
1364 4088 1600 4141 virorum

295 4180 521 4245 Cedere,
550 4187 603 4233 ct
626 4180 887 4233 humanos
914 4178 1123 4230 tibimet
1151 4177 1434 4231 mitescere
1464 4176 1673 4230 motus?

298 4269 369 4325 Ut
397 4269 666 4338 quondam
689 4277 945 4338 stupuere
974 4268 1221 4323 homines
1256 4266 1402 4334 quod
1432 4265 1547 4320 dira
1578 4276 1814 4337 potestas

296 4360 367 4414 Et
395 4360 473 4413 vis
495 4358 729 4413 crudelis
753 4358 847 4411 tibi
878 4356 1101 4412 cesserit
1128 4356 1381 4419 Avitiani,

293 4450 392 4505 Cui
418 4450 600 4505 feritas
626 4464 871 4504 connexa
891 4449 1050 4503 minis
1070 4457 1125 4502 et
1146 4446 1260 4502 sola
1284 4447 1532 4516 voluptas

298 4540 524 4610 Ungula,
549 4540 846 4605 carnifices,
876 4550 1129 4607 tortores,
1156 4542 1340 4609 ﬂagra,
1366 4550 1591 4609 catenae,

294 4636 437 4687 Mors
466 4632 897 4697 hominum,vox
941 4632 1311 4700 plangentum,
1356 4633 1635 4703 pallorque
1663 4651 1878 4691 reorum

290 4723 491 4779 Carcer
518 4722 676 4787 edax,
706 4721 833 4775 fassi
864 4721 1133 4787 interitus,
1164 4731 1432 4777 tormenta
1457 4725 1703 4793 negantis

291 4817 535 4872 Tartarei
563 4814 786 4869 nimium
813 4814 1103 4867 saevissima
1133 4815 1303 4869 bestia
1343 4817 1522 4871 cordis

290 4910 513 4981 Spirans
538 4913 847 4967 innumeras
868 4908 1071 4964 furioso
1093 4919 1310 4979 pectore
1331 4910 1523 4976 caedes,

290 5000 483 5056 lznmiti
505 5003 718 5057 feritate
742 4999 974 5054 fremens
1012 5000 1307 5054 intraverat
1330 5003 1518 5057 urbem

291 5094 464 5161 Quam
489 5104 676 5151 sancto
703 5094 926 5147 antistes
951 5092 1210 5147 Martinus
1237 5094 1446 5149 honore
1474 5094 1713 5163 regebat.

290 5182 602 5239 Mmstorum
629 5184 836 5253 pallens
863 5181 1045 5236 infelix
1079 5181 1212 5237 ordo
1235 5198 1451 5237 reorum

290 5274 555 5339 Haerebat,
582 5275 731 5329 nexis
751 5290 849 5344 per
875 5272 1133 5342 squallida
1158 5274 1293 5329 colla
1314 5274 1521 5330 catenis

291 5364 556 5420 lncutiens
584 5364 763 5419 fratris
796 5365 1076 5421 stridentia
1103 5364 1316 5419 vincula
1345 5365 1618 5432 membris,

289 5455 351 5509 Et
378 5465 590 5510 motans
618 5455 801 5511 tardos
830 5456 1053 5511 incurvo
1082 5463 1301 5524 pectore
1339 5471 1551 5524 gressus

288 5545 436 5600 Talia
466 5546 693 5601 Martino
716 5546 956 5603 Phalaris
984 5547 1290 5617 spectacula
1319 5548 1565 5616 pra-bens

286 5637 536 5692 Proxima
564 5639 802 5693 diversas
832 5649 986 5710 parat
1014 5640 1081 5694 ad
1111 5639 1363 5696 subsellia
1388 5641 1581 5696 czedes.

287 5726 562 5782 Festinant
590 5728 760 5798 rapidi
782 5728 986 5784 furialis
1011 5732 1165 5784 turba
1192 5731 1441 5794 ministri,

288 5814 639 5875 Instrumenta
656 5819 794 5876 feris
815 5821 1059 5876 certatim
1084 5823 1366 5893 exquirere
1393 5822 1577 5891 poenis

1440 333 1528 388 DE
1568 334 1725 390 VITA
1752 333 2107 393 SJIARTINI
2148 334 2274 392 LIB.
2311 335 2378 389 ν.

1913 451 1964 510 Α
1993 448 2073 501 llli
2102 448 2169 502 ad
2199 456 2461 503 tartareae
2489 449 2815 520 depromunt
2840 450 3057 506 vascula
3083 449 3344 520 flammas,

3446 341 3466 394 l
3478 342 3506 393 ll
3514 338 3579 392 Ii"

1996 538 2052 592 ln
2083 540 2278 608 quibus
2306 541 2514 597 incluso
2536 542 2640 597 diri
2666 543 2878 599 fervore
2902 546 3120 614 vaporis

1997 627 2095 682 Pix
2123 630 2359 684 resoluta
2381 632 2548 687 trucis
2576 633 2900 703 crepitacula
2938 644 3190 704 posceret
3216 636 3368 705 ignis,

1997 722 2099 786 Qui
2125 721 2311 791 procul
2340 722 2618 778 exundans
2643 723 2865 780 funesta:
2901 727 3110 795 gurgite
3144 726 3373 782 llatnmze

1995 809 2300 879 Sulphureo
2330 821 2617 882 exceptum
2645 822 2875 870 torreret
2894 830 3089 885 corpus
3110 816 3165 871 in
3191 826 3369 872 antro.

1994 899 2092 955 Ast
2119 902 2211 957 alii
2240 918 2449 959 sursum
2478 906 2713 974 porrecti
2742 908 2935 963 robora
2962 908 3092 979 ligni

1996 991 2172 1048 Triste
2201 995 2558 1051 ministerium
2586 996 2789 1054 furioso
2819 1000 2979 1055 corde
3013 1002 3298 1071 parabant,

1997 1081 2067 1136 Ut
2090 1098 2219 1137 caro
2244 1084 2495 1140 distentis
2516 1101 2747 1156 propere
2774 1089 2915 1144 male
2943 1091 3173 1159 pendula
3202 1091 3456 1147 membris

1996 1172 2209 1227 Tortori
2230 1173 2443 1230 laceros
2471 1177 2765 1231 crucianda
2796 1188 3093 1248 exponeret
3120 1189 3287 1236 artus.

1995 1261 2306 1318 Tartaream
2330 1264 2527 1319 misero
2556 1264 2887 1335 perfundens
2916 1270 3174 1337 sanguine
3202 1270 3471 1339 dextram,

1993 1349 2057 1403 Et
2080 1366 2337 1421 spargens
2380 1354 2588 1409 tristem
2618 1370 2717 1424 per
2737 1356 2958 1411 vulnera
2988 1358 3174 1413 crebra
3202 1376 3469 1414 cruorem.

1994 1439 2170 1509 thue
2198 1443 2383 1497 eadem
2412 1445 2687 1512 geminum
2709 1446 2932 1501 satiaret
2955 1463 3113 1517 pmna
3142 1447 3397 1515 furorem,

1990 1531 2237 1588 lncussor
2264 1534 2427 1589 laceri
2453 1536 2730 1605 quatiebat
2750 1539 2993 1607 corporis
3019 1549 3187 1606 artus,

1990 1623 2269 1692 Disjiciens
2297 1627 2467 1695 ruptis
2487 1628 2852 1682 membrorum
2876 1630 3085 1683 vincula
3115 1632 3290 1687 nolis.

1992 1714 2086 1767 Ast
2112 1714 2201 1767 alii
2223 1714 2433 1769 deferre
2455 1714 2618 1781 faces,
2652 1726 2815 1786 atque
2839 1721 3072 1786 unguine
3094 1722 3264 1774 multo

1918 1808 1964 1868 B
1989 1803 2208 1860 lnﬁcere
2233 1805 2285 1858 in
2315 1805 2532 1874 longum
2558 1816 2824 1862 contexta:
2853 1808 3023 1863 vincla
3054 1812 3263 1880 papyri,

1997 1894 2112 1947 Non
2143 1901 2202 1948 ut
2228 1892 2494 1949 discusses
2525 1896 2617 1950 lux
2647 1898 2885 1953 vinceret
2918 1900 3008 1953 illa
3041 1902 3291 1956 tenebras

1994 1982 2286 2039 Obscuram
2309 1984 2527 2053 igniﬂuo
2547 1986 2877 2056 distinguens
2899 1989 3101 2044 lumine
3121 2000 3357 2056 noctem,

1994 2076 2193 2131 Verum
2223 2086 2282 2131 ut
2306 2078 2555 2133 funereos
2583 2080 2796 2135 miseris
2824 2082 3178 2137 succenderet
3215 2084 3367 2153 ignes

1994 2166 2225 2234 lntigens
2254 2167 2446 2223 laceris
2470 2168 2689 2223 admota
2720 2170 2966 2225 incendia
2992 2174 3267 2227 membris.

1994 2256 2238 2311 llaeccine
2262 2257 2492 2313 Martino
2531 2260 2806 2315 debuisset
2832 2263 2883 2315 in
2910 2263 3040 2318 urbe
3066 2264 3254 2329 videri,

1995 2346 2061 2400 Et
2086 2348 2345 2416 placidam
2371 2357 2519 2405 tanto
2548 2350 2742 2420 configi
2766 2352 2985 2408 vulnere
3013 2363 3271 2421 mentem,

1999 2435 2065 2489 Ut
2092 2444 2305 2492 sanctas
2333 2439 2510 2493 saltim
2540 2441 2681 2495 fama
2708 2442 2822 2497 haec
2850 2444 3185 2513 contingeret
3217 2463 3396 2513 aures,

1995 2526 2100 2580 Aut
2121 2528 2206 2597 pia
2230 2537 2545 2584 concuteret
2574 2532 2657 2585 vel
2686 2532 2834 2587 solus
2855 2534 3060 2589 viscera
3089 2553 3290 2593 rumor.

1994 2615 2135 2684 Ergo
2165 2626 2224 2671 ut
2250 2617 2477 2674 funereo
2506 2622 2659 2676 inens
2686 2630 2769 2677 est
2808 2624 3052 2692 perculsa
3080 2637 3291 2696 paratu,

1994 2709 2219 2764 Nuntius
2246 2718 2301 2764 et
2322 2710 2421 2764 diri
2448 2726 2587 2766 smva
2613 2714 2726 2769 haec
2746 2726 3051 2771 commenta
3084 2721 3294 2789 tyranni

1995 2799 2199 2854 Praevia
2230 2802 2387 2857 vicini
2414 2804 2666 2873 dispersit
2694 2807 2847 2875 signa
2876 2809 3073 2865 furoris
3102 2830 3115 2865 :

1996 2895 2268 2952 Percurrit
2297 2906 2439 2954 totas
2466 2900 2741 2956 miseratio
2766 2902 2909 2970 justa
2939 2901 3220 2973 medullas,

1996 2985 2071 3041 Ac
2100 2989 2295 3056 sparsit
2326 2989 2557 3043 celerem
2588 2991 2803 3058 pietatis
2834 2989 3043 3047 flamma
3071 2994 3326 3049 calorem.

1996 3077 2061 3131 Et
2081 3081 2323 3147 quamvis
2339 3090 2541 3136 mortes
2569 3082 2889 3138 miserorum
2924 3084 3050 3140 ﬂere
3080 3102 3296 3141 reorum

1918 3177 1962 3239 (ζ
1993 3166 2222 3237 Cogerct
2252 3171 2483 3227 humano
2512 3173 2760 3229 recolens
2780 3176 3065 3231 clementia
3095 3193 3279 3244 casus,

1993 3262 2110 3317 Non
2140 3265 2314 3319 minor
2343 3264 2433 3321 illa
2464 3265 2650 3321 aderat
2678 3270 2954 3337 przesentis
2981 3285 3141 3325 causa
3171 3271 3371 3327 doloris

1992 3353 2135 3408 Idem
2164 3356 2309 3424 quod
2330 3356 2509 3414 fautor
2529 3362 2749 3416 sceleris
2769 3362 2861 3430 qui
2894 3361 3130 3416 criminis
3155 3361 3299 3417 ultor

1989 3444 2061 3499 Se
2086 3444 2287 3502 faceret
2315 3449 2462 3519 prius
2483 3451 2596 3520 ipse
2622 3468 2772 3507 reum
2794 3455 3078 3522 plectendo
3106 3465 3333 3510 reatum.

1990 3537 2236 3593 Crassior
2263 3542 2537 3596 obtectum
2565 3544 2736 3612 caligo
2763 3546 3075 3601 obvolverat
3104 3550 3321 3611 orbem,

1990 3626 2154 3682 Grata
2184 3630 2338 3698 quies
2365 3632 2629 3699 placidam
2662 3650 2757 3703 per
2790 3647 2985 3689 cuncta
3013 3638 3279 3690 elementa
3322 3653 3573 3709 soporem

1990 3716 2292 3788 Sparserat,
2327 3730 2382 3775 et
2410 3721 2622 3777 madido
2650 3725 2965 3779 marcebant
2993 3728 3172 3781 omnia
3198 3744 3407 3795 somno,

1990 3810 2285 3881 Pressaque
2310 3819 2579 3868 mutarunt
2606 3814 2903 3870 reticebant
2922 3833 3196 3873 murmura
3223 3836 3434 3875 vocum.

1988 3901 2291 3956 llorrebant
2319 3901 2507 3958 mediae
2535 3905 2694 3959 nimis
2717 3905 2825 3959 alta
2855 3907 3068 3961 silentia
3100 3911 3274 3966 noctis

1987 3991 2221 4047 Obscura
2252 4001 2305 4049 et
2332 3995 2608 4065 proprium
2636 3996 2809 4065 caligo
2834 3998 2946 4053 fusa
2975 3998 3215 4053 colorem

1987 4084 2238 4154 Texerat,
2266 4086 2534 4156 abripiens
2556 4089 2764 4142 cunctis
2789 4105 2884 4143 sua
2909 4090 3058 4157 signa
3086 4090 3287 4159 ﬁguris.

1986 4182 2056 4229 At
2084 4192 2189 4231 non
2219 4174 2449 4233 Martino
2474 4179 2743 4248 capienda:
2772 4196 2898 4235 cura
2928 4182 3144 4251 quietis,

1986 4268 2092 4323 Sed
2119 4279 2303 4324 sancta
2328 4271 2583 4325 assistunt
2617 4274 2862 4326 humana:
2886 4281 3007 4326 vota
3037 4274 3223 4329 salutis

1986 4358 2191 4415 All'ectu
2221 4361 2528 4415 stimulante
2558 4363 2815 4428 animum,
2839 4365 2974 4433 petit
2994 4379 3121 4433 ergo
3150 4366 3358 4421 cruenti

1984 4452 2186 4508 Judicis
2217 4454 2435 4509 instanti
2466 4455 2648 4508 feralia
2678 4456 2863 4510 limina
2893 4471 3100 4524 gressu,

1910 4541 1960 4601 D
1986 4546 2144 4601 Solus
2167 4556 2221 4602 et
2250 4548 2543 4617 intrepidus
2573 4564 2669 4617 per
2690 4564 2855 4618 opaca
2881 4549 3093 4603 silentia
3120 4561 3288 4604 vastm

1983 4639 2184 4703 Noctis,
2217 4648 2271 4694 et
2299 4641 2613 4695 horrentum
2645 4648 2853 4695 secreta
2896 4642 3121 4696 obscura
3152 4642 3385 4697 viarum.

1982 4727 2156 4784 Credo
2179 4731 2394 4800 quidem
2426 4732 2731 4786 umbrarum
2755 4742 2976 4787 cunctas
3004 4734 3229 4788 ccssiése
3258 4744 3503 4792 catervas

1982 4822 2125 4885 Quas
2148 4821 2319 4874 malus
2349 4822 2567 4891 instigat
2592 4834 2855 4875 nocturna
2888 4822 2955 4876 ad
2984 4823 3214 4877 crimina
3245 4823 3476 4893 dzemon,

1982 4911 2156 4980 Atque
2182 4911 2313 4965 alias
2335 4911 2480 4965 diros
2504 4913 2696 4967 blando
2719 4913 2927 4969 siluisse
2944 4915 3209 4971 molossos

1984 4998 2332 5069 Tcrriﬁcique
2361 5003 2470 5056 oris
2500 5002 2745 5057 strictum
2775 5004 2985 5060 siluisse
3008 5005 3281 5063 latratum.

1983 5092 2121 5161 Ergo
2152 5093 2240 5146 ubi
2278 5101 2590 5163 perventum
2623 5103 2707 5148 est
2736 5095 3009 5151 obstructa
3040 5098 3107 5152 ad
3136 5100 3317 5154 limina
3358 5100 3457 5154 diri

1982 5186 2205 5251 Judicis,
2238 5193 2291 5238 et
2319 5186 2444 5240 saevi
2467 5186 2755 5241 claustrum
2778 5186 2944 5242 ferale
2974 5187 3187 5255 furoris,

1983 5274 2121 5329 Ante
2143 5276 2359 5329 domum
2385 5276 2557 5329 media
2586 5284 2886 5346 prostratus
2918 5279 2971 5333 in
3001 5293 3192 5349 aggere
3220 5280 3385 5349 septis

1981 5369 2205 5423 Arcetur
2228 5367 2449 5432 foribus,
2482 5368 2574 5423 sed
2599 5368 2727 5423 fletu
2755 5370 2819 5423 ad
2841 5371 3017 5426 sidera
3040 5373 3235 5441 pulsat.

1980 5458 2129 5513 Saeva
2160 5473 2374 5527 gravem
2407 5458 2612 5513 tumido
2644 5458 2902 5529 perﬂabat
2922 5470 3142 5531 pectore
3169 5476 3416 5515 somnum

1975 5548 2175 5612 Bestia,
2202 5548 2445 5604 distentis
2467 5559 2521 5603 et
2549 5553 2737 5605 mortis
2767 5553 2995 5619 imagine
3024 5552 3278 5610 membris

1977 5639 2275 5708 Torpcnles
2302 5642 2514 5710 penitus
2542 5644 2724 5697 stratis
2746 5643 3004 5711 rejecerat
3033 5654 3200 5709 artus,

1977 5731 2108 5785 Cum
2133 5733 2308 5787 subito
2342 5735 2611 5804 angolicus
2641 5737 2913 5790 concussit
2945 5737 3149 5791 viscera
3180 5747 3374 5805 terror,

1984 5826 2097 5882 Vox
2125 5827 2285 5883 etiam
2318 5830 2575 5884 attonitas
2602 5828 2883 5899 stupefacti
2913 5829 3105 5903 irrupit
3134 5833 3201 5891 ad
3235 5849 3413 5890 aures.
