4066 6192
613 349 748 403 1055

592 458 737 517 Tene
759 462 907 535 gravi
937 461 1118 518 infelix
1148 461 1414 532 oppressit
1436 459 1629 517 inertia
1658 474 1848 515 somno

592 551 790 620 Bestia,
822 556 1062 625 corrupti
1091 563 1391 610 ructantem
1420 552 1612 624 pocula
1640 553 1769 617 vini,

588 646 667 701 Ac
691 647 899 715 pigrum
919 646 1073 703 crudi
1096 646 1349 701 distendit
1375 647 1586 702 sarcina
1608 645 1811 700 ventris
1827 684 1843 712 ,

590 731 654 788 Et
682 734 910 791 famulus
931 736 1132 791 domini
1162 736 1314 791 nudm
1338 752 1498 806 super
1517 736 1665 790 arida
1690 744 1845 790 teme

590 823 757 881 Dorsa
787 827 930 895 pium
964 826 1135 882 multo
1163 826 1486 897 perfundens
1514 827 1733 896 pulvere
1762 840 1981 895 corpus,

591 915 694 971 Pro
717 916 919 972 foribus
939 918 1086 988 jacet
1112 934 1239 974 ecce
1268 920 1393 989 tuis,
1422 926 1477 973 ut
1499 918 1728 973 claustra
1758 918 1952 987 quietis

588 1004 785 1075 Objicis
806 1008 873 1063 ad
904 1010 1071 1079 turpis
1096 1018 1357 1065 nocturna
1387 1010 1597 1065 silentia
1622 1008 1795 1063 somni

589 1098 814 1167 Diriguit
842 1100 957 1155 visu
985 1100 1181 1165 subito,
1214 1115 1547 1170 propereque
1567 1108 1791 1154 vocatos

589 1189 837 1259 Praecipit
874 1191 942 1243 ad
977 1191 1267 1245 claustrum
1298 1190 1483 1259 rapide
1528 1205 1825 1259 properare
1864 1190 2160 1257 ministros,

594 1275 661 1333 Ut
687 1280 883 1333 seriem
908 1280 1020 1333 veri
1049 1294 1147 1349 per
1174 1280 1359 1333 nuntia
1390 1278 1549 1333 verba
1578 1277 1860 1333 referrent.

589 1367 788 1423 Verum
814 1377 871 1423 ut
899 1384 1038 1439 szepe
1062 1370 1200 1425 solet
1222 1370 1476 1424 membris
1500 1379 1717 1438 torpore
1746 1368 1924 1437 ligatis

587 1457 751 1512 Grata
775 1460 926 1527 quies
951 1476 1191 1530 pressum
1215 1461 1419 1517 vincire
1441 1468 1495 1515 et
1516 1462 1732 1515 vincere
1764 1475 2002 1527 sensum,

590 1548 868 1617 Progressi
894 1551 1108 1620 paulum
1138 1552 1226 1605 vix
1248 1552 1418 1621 prima
1452 1552 1515 1605 ad
1542 1552 1725 1605 limina
1748 1552 1891 1605 servi

589 1640 890 1699 Marcentes
918 1646 1033 1700 visu
1057 1646 1303 1711 nimium,
1334 1660 1633 1715 gressuque
1660 1645 1902 1699 labentes

589 1737 861 1793 Murmura
884 1738 1162 1810 perplexis
1188 1737 1419 1792 reddunt
1447 1737 1655 1792 fallacia
1683 1738 1879 1801 verbis,

588 1831 803 1887 Nullum
832 1848 930 1903 pro
962 1832 1167 1887 foribus
1197 1831 1383 1887 solerti
1412 1830 1604 1899 indage
1631 1839 1925 1903 repertum.

588 1922 821 1979 Rursum
848 1924 1009 1979 vicini
1038 1924 1195 1994 longe
1218 1931 1398 1978 amota
1427 1923 1696 1992 voluptas,
1758 1961 1765 1968 -

588 2012 823 2069 Marcida
853 2016 1135 2070 confestim
1164 2014 1429 2071 conclusit
1460 2014 1659 2067 lumina
1689 2030 1900 2069 somno.

589 2106 724 2160 Tum
753 2122 883 2162 vero
912 2107 1221 2162 tremefacta
1250 2122 1421 2161 novus
1448 2105 1742 2175 priecordia
1773 2115 1947 2161 terror

586 2196 841 2253 Concutit
865 2199 1226 2268 angeliemque
1256 2200 1440 2253 minax
1475 2200 1742 2254 sententia
1774 2200 1920 2253 vocis

587 2288 819 2357 Surgere
839 2290 1169 2361 pnecipitem
1198 2297 1523 2361 prteceptum
1554 2289 1797 2346 iterando
1822 2290 2019 2358 coegit,

586 2378 697 2433 Nec
722 2379 923 2448 placuit
952 2396 1162 2435 rursum
1192 2380 1429 2435 mandati
1456 2378 1647 2435 afferre
1670 2380 1949 2450 periclum.

585 2469 707 2539 Ipse
731 2472 798 2524 ad
820 2471 1053 2527 claustra
1081 2473 1191 2528 cito
1220 2473 1498 2529 contendit
1533 2473 1713 2525 limina
1740 2485 1944 2538 gressu,

584 2559 998 2629 Obstructaeque
1026 2562 1169 2617 fores
1190 2562 1410 2617 domino
1438 2570 1713 2616 reserante
1752 2569 2053 2631 patescunt.

584 2652 815 2709 Obfulsit
840 2655 988 2711 claro
1018 2655 1337 2711 venerabilis
1363 2671 1457 2711 ore
1484 2657 1739 2712 sacerdos

583 2742 873 2800 Ostentans
896 2754 1087 2802 sancto
1112 2746 1372 2800 virtutum
1401 2754 1687 2802 stemmata
1705 2747 1871 2815 vultu,

581 2835 835 2893 Florebat
859 2838 1041 2895 multis
1070 2839 1287 2897 elucens
1312 2842 1483 2910 gratia
1510 2841 1679 2911 signis

581 2928 901 2999 llelligione,
928 2931 1053 3001 fide,
1079 2931 1274 2988 affectu
1291 2971 1307 2998 ,
1334 2932 1555 3003 pietate,
1581 2934 1804 3003 pudore,

580 3017 730 3077 Mens
757 3022 879 3078 lzeta
900 3022 953 3078 in
982 3022 1250 3091 gravibus,
1282 3034 1534 3080 constans
1559 3033 1613 3080 et
1634 3025 1772 3081 seria
1796 3025 1953 3089 laetis,

581 3111 694 3168 Nec
721 3113 934 3169 feritate
956 3114 1153 3181 rigens,
1181 3129 1282 3169 nec
1318 3115 1436 3171 risu
1466 3124 1677 3171 austera
1707 3116 2011 3178 resolvens;

580 3199 809 3257 Prorsus
836 3203 915 3257 sic
936 3203 1109 3258 media
1140 3219 1355 3273 semper
1380 3206 1649 3276 probitate
1671 3206 1940 3275 refulgens

581 3288 654 3345 Ut
677 3306 785 3345 non
819 3292 896 3345 ira
926 3300 1132 3350 trucem
1160 3294 1381 3360 faceret,
1412 3312 1520 3351 non
1542 3298 1712 3366 gratia
1740 3312 1978 3367 segnem.

580 3381 726 3437 Talis
749 3382 967 3453 pallenti
988 3386 1194 3457 species
1220 3388 1522 3443 veneranda
1553 3396 1784 3459 tyranno

578 3468 825 3527 Occurrit
854 3480 1006 3528 teme
1035 3474 1371 3546 disrumpens
1394 3477 1573 3533 nubila
1606 3480 1799 3535 noctis.

578 3557 642 3617 Et
665 3560 777 3631 jam
804 3562 1117 3633 prodiderat
1135 3564 1250 3625 sine
1273 3566 1448 3622 verbis
1476 3568 1691 3623 conscia
1722 3569 1858 3623 tanti

579 3650 729 3708 Mens
756 3653 993 3721 sceleris,
1016 3669 1135 3724 quae.
1157 3671 1319 3711 causa
1346 3656 1419 3726 pii
1447 3656 1585 3713 foret
1613 3659 1700 3712 illa
1722 3659 1940 3715 laboris.

578 3742 689 3799 Nec
716 3745 965 3815 precibus
990 3747 1271 3817 pandenda
1298 3748 1414 3815 fuit,
1448 3751 1596 3820 prior
1624 3751 1738 3821 ipse
1763 3760 2049 3821 paventem

577 3833 806 3891 Protulit
826 3845 881 3895 et
906 3840 1133 3894 tremulo
1158 3840 1410 3895 confusus
1434 3850 1654 3915 pectore
1684 3858 1893 3908 vocem,

576 3925 685 3982 Cur
712 3942 851 3993 mea,
875 3937 1078 3996 sancte,
1104 3939 1251 3985 metu
1272 3930 1471 3986 dudum
1496 3940 1717 4003 torpore
1740 3931 1987 4002 fatigans,

576 4015 816 4073 Excusso
845 4020 1057 4089 penitus
1082 4021 1261 4075 turbas
1289 4023 1583 4092 prmcordia
1604 4024 1830 4079 somno?

575 4105 657 4161 Tu
681 4106 883 4163 foribus
910 4110 1095 4178 procul
1124 4111 1338 4174 arceris,
1370 4111 1659 4180 penetralia
1689 4121 1874 4167 sancto

575 4194 830 4266 lrrumpis
853 4198 1067 4260 merito,
1090 4199 1335 4255 subsistis
1356 4216 1603 4271 corpore,
1621 4202 1743 4272 jure

574 4286 893 4357 lngrederis,
927 4296 1132 4345 terrore
1156 4292 1331 4361 quatis
1351 4292 1441 4363 qui
1471 4308 1631 4349 carne
1652 4296 1899 4351 moraris.

574 4377 685 4433 Nec
703 4393 831 4435 sane
852 4380 1127 4437 abnuerim
1155 4385 1359 4440 meritis
1384 4386 1497 4441 haec
1526 4387 1703 4442 debita
1728 4391 1928 4444 nostris

574 4468 707 4523 Cum
734 4469 867 4526 duro
896 4471 1202 4530 innumeras
1228 4477 1490 4546 spirarem
1520 4488 1739 4548 pectore
1764 4481 1938 4535 caedes

572 4557 760 4615 Saevus
782 4562 834 4616 in
864 4563 994 4618 urbe
1025 4572 1135 4631 tua,
1166 4582 1358 4637 precor
1385 4583 1532 4638 ergo,
1567 4571 1782 4638 ignosce
1810 4570 2017 4635 fatenti,

577 4650 737 4708 Utere
761 4652 881 4723 jure
909 4663 1021 4721 tuo,
1047 4659 1191 4727 parci
1212 4660 1378 4732 cupis,
1409 4670 1524 4716 esto
1548 4663 1828 4729 remissus,

571 4740 857 4812 Suppliciis
884 4746 1066 4801 emitte
1095 4764 1237 4815 reos,
1265 4765 1350 4804 me
1380 4752 1527 4805 solve
1548 4761 1721 4808 reatu.

572 4833 681 4889 Nec
700 4850 849 4889 mora
881 4853 895 4889 :
929 4837 1119 4894 laxatae
1141 4843 1337 4912 raptim
1359 4843 1601 4899 cecidere
1623 4853 1827 4901 catena:

570 4923 701 4991 Qua:
728 4925 889 4982 modo
914 4929 1207 4998 pallentum
1236 4933 1571 5003 stringebant
1590 4935 1725 4989 colla
1749 4952 1986 5003 reorum,

569 5014 855 5073 Servantes
875 5018 1002 5075 dirze
1023 5023 1305 5077 morientia
1330 5040 1558 5095 corpora
1581 5028 1759 5082 morti.

568 5108 814 5168 Exsultat
841 5115 1017 5170 subito
1042 5116 1247 5172 miseris
1267 5131 1391 5187 spes
1417 5118 1619 5174 reddita
1640 5129 1793 5185 voto;

567 5202 775 5260 Lmtitia
803 5206 1079 5276 mixtoque
1108 5220 1253 5264 metu
1284 5218 1391 5265 tam
1414 5224 1604 5280 magna
1635 5222 1858 5282 repente

566 5295 797 5353 Credere
822 5297 1067 5354 diffidunt
1088 5301 1297 5371 trepidi,
1329 5302 1419 5357 sed
1450 5304 1671 5358 credere
1699 5305 1920 5359 malunt.

565 5385 788 5443 Certant
812 5399 1083 5458 gratantes
1110 5392 1331 5460 genibus
1356 5408 1414 5447 se
1443 5393 1726 5449 advolvere
1751 5397 1970 5465 sanctis,

565 5477 793 5549 Cingere
818 5482 1144 5553 supplicibus
1174 5484 1393 5552 vestigia
1416 5484 1661 5541 blandius
1691 5487 1847 5542 ulnis.

566 5565 659 5623 llle
689 5569 797 5625 Deo
826 5580 1004 5639 grates
1030 5572 1216 5629 suadet
1240 5576 1405 5643 magis
1427 5590 1544 5630 esse
1570 5574 1834 5643 ferendas,

566 5660 961 5733 Auctoremque
983 5663 1140 5733 hujus
1167 5665 1439 5721 Christum
1469 5676 1653 5722 monet
1682 5683 1800 5723 esse
1830 5671 2034 5737 salutis,

567 5750 669 5819 Qui
696 5752 775 5810 sic
802 5754 1113 5813 criminibus
1141 5768 1342 5828 parcat,
1373 5758 1415 5813 si
1445 5773 1568 5813 vera
1597 5758 1835 5816 dolorem

1734 348 1795 403 .
1840 346 2108 406 PAULINI
2151 345 2753 407 PETRICORDIENSIS

2271 458 2551 515 Commissi
2579 461 2794 517 sceleris
2815 459 2988 516 saltim
3016 460 3296 516 conversio
3323 458 3539 530 prodat,

2265 550 2397 606 Nam
2426 568 2613 622 pinnas
2636 567 2916 622 superesse
2938 553 3043 607 reis
3056 552 3282 607 durante
3310 560 3479 607 reatu.

2267 640 2485 696 Talibus
2513 642 2758 710 alloquiis
2781 642 2938 697 simul
2964 650 3019 697 et
3038 642 3236 712 pietate
3258 642 3507 697 labamus

2268 732 2542 803 Supplicio
2564 733 2790 788 absolvit
2810 734 3039 799 vinctos,
3066 732 3343 801 culpisque
3368 731 3599 785 solutos.

2336 822 2454 876 Jam
2482 838 2613 877 vero
2640 824 2744 878 hoc
2771 822 2970 877 donum
2994 837 3112 891 quae
3130 822 3289 891 digne
3314 821 3491 888 lingua
3518 820 3787 887 loquetur,"

2267 912 2421 979 Quod
2452 920 2611 981 pavet
2630 913 2859 967 attonito
2880 913 3056 966 saltim
3085 912 3394 979 contingere
3421 926 3586 965 sensu

2268 1004 2418 1059 Mens
2447 1003 2513 1057 ad
2544 1011 2665 1056 tam
2682 1004 2813 1058 clari
2843 1003 3028 1060 titulos
3050 1011 3275 1073 angusta
3304 1000 3554 1071 patroni?

2266 1097 2354 1153 Sic
2376 1098 2623 1151 meritum
2645 1096 2815 1151 sancti
2844 1105 3065 1151 cunctas
3095 1095 3386 1165 trepidasse
3412 1100 3661 1147 catervas

2268 1188 2552 1254 Haemonis,
2580 1195 2635 1241 et
2662 1187 2797 1240 tanti
2820 1187 2898 1241 sic
2925 1185 3133 1255 prodita
3158 1186 3309 1254 signa
3339 1184 3573 1253 pavoris,

2267 1277 2337 1332 Ut
2357 1278 2568 1346 quoties
2595 1278 2827 1347 propria:
2854 1291 3166 1346 progressus
3189 1277 3370 1331 limina
3392 1275 3542 1330 cellae

2266 1368 2486 1423 Eminus
2514 1376 2746 1423 amotam
2776 1382 2992 1436 gressus
3019 1366 3274 1422 movisset
3294 1366 3363 1420 ad
3388 1365 3599 1427 urbem,

2265 1457 2618 1514 Commissam
2642 1458 2875 1513 invisens
2903 1467 3089 1511 sancto
3118 1457 3482 1511 moderamine
3508 1456 3741 1524 plebem,

2266 1548 2363 1602 Vel
2385 1548 2602 1618 cupiens
2627 1547 2821 1602 offerre
2840 1547 2976 1601 sacri
3000 1547 3253 1616 mysteria
3280 1547 3431 1610 ritus,

2265 1636 2447 1692 Gratia
2475 1639 2552 1693 sic
2579 1637 2765 1708 rapido
2794 1652 3022 1706 propere
3050 1651 3332 1707 progressa
3361 1636 3544 1688 volatu

2268 1726 2566 1795 Torqueret
2594 1727 2828 1797 trepidas
2855 1728 3064 1796 captivo
3085 1728 3137 1779 in
3166 1742 3393 1795 corpore
3419 1725 3631 1786 larvas;

2196 1816 2245 1877 B
2272 1820 2341 1875 Ut
2359 1820 2577 1875 vixdum
2605 1835 2880 1890 egressum
2910 1828 3106 1874 sancta:
3124 1819 3417 1888 penetralia
3439 1818 3582 1873 sedis

2271 1907 2373 1963 Per
2400 1918 2666 1965 tormenta
2694 1910 2841 1979 prius
2869 1910 3024 1977 longe
3051 1922 3342 1978 praegressa
3364 1908 3608 1961 viderent

2265 1998 2463 2055 Adfore
2493 1998 2796 2063 confestim,
2828 1999 3071 2053 stridenti
3091 2007 3147 2052 et
3178 2012 3449 2051 murmure
3479 1997 3629 2050 vocis

2263 2087 2463 2143 Judicis
2490 2089 2781 2144 adventum
2802 2088 3058 2143 clamaret
3079 2103 3237 2157 poena
3267 2102 3503 2142 reorum.

2267 2180 2335 2235 Ut
2360 2195 2490 2237 vero
2514 2181 2566 2235 in
2587 2181 2789 2236 foribus
2816 2180 3037 2248 vestigia
3058 2181 3231 2249 prima
3259 2180 3488 2234 locasset

2264 2268 2501 2324 Cernere
2529 2277 2648 2324 erat
2666 2268 2835 2339 raptis
2863 2282 3092 2337 propere
3119 2267 3186 2322 ad
3210 2266 3455 2321 sublimia
3482 2265 3734 2321 membris

2262 2359 2566 2415 Constricta
2591 2361 2751 2415 aeriis
2772 2360 2946 2415 attolli
2969 2375 3196 2429 corpora
3222 2359 3425 2413 vinclis.

2264 2450 2329 2503 Et
2346 2467 2444 2521 per
2470 2451 2629 2505 inane
2655 2452 2833 2520 gravis
2856 2451 3098 2505 nutantia
3121 2450 3356 2520 pondera
3382 2451 3561 2509 carnis

2264 2540 2530 2610 Linquere
2550 2543 2827 2612 contiguas
2854 2542 3056 2612 pernici
3084 2542 3292 2597 turbine
3318 2550 3487 2596 terras

2262 2633 2538 2704 Supplieio
2560 2649 2820 2704 suspensa
2844 2650 2963 2698 suo,
2986 2633 3081 2690 sed
3111 2634 3275 2689 libera
3304 2648 3462 2697 nexu,

2264 2725 2453 2779 Vincta
2481 2740 2699 2795 precum
2720 2725 2943 2789 meritis,
2967 2725 3198 2795 propriis
3227 2724 3511 2794 pendentia
3546 2725 3735 2793 pretiis,

2262 2816 2510 2872 Clamare
2537 2816 2794 2872 admissas
2823 2817 2987 2871 tacito
3012 2817 3111 2871 sub
3127 2816 3306 2885 judice
3331 2816 3549 2884 culpas;

2263 2909 2373 2965 Nec
2400 2910 2765 2979 percontantis
2793 2909 3057 2966 confessio
3085 2909 3290 2964 reddita
3310 2908 3485 2965 verbis

2263 3000 2425 3055 Eruta
2446 3016 2543 3072 per
2568 3001 2829 3071 trepidam
2856 3001 3116 3070 prodebat
3141 3001 3362 3056 crimina
3382 3014 3592 3055 vocem.

2262 3090 2500 3160 Namque
2524 3092 2640 3147 solo
2662 3092 2879 3147 acclinis
2908 3092 3168 3146 transibat
3189 3092 3363 3147 sidere
3384 3099 3538 3157 voto,

2187 3170 2234 3231 C
2264 3178 2371 3249 Spe
2400 3180 2685 3235 Dominuin
2714 3189 2935 3251 tangens
2956 3191 3192 3249 sanctus,
3225 3181 3319 3237 sed
3348 3196 3582 3251 corpore
3619 3196 3820 3251 pronus,

2263 3268 2438 3325 Corde
2464 3271 2699 3335 humilis,
2724 3272 2899 3327 celsus
2921 3274 3131 3339 merito,
3148 3274 3263 3327 sine
3287 3287 3561 3328 murmure
3577 3273 3820 3335 clamans,

2261 3357 2512 3413 Occultus
2539 3360 2658 3414 visu
2680 3360 2867 3428 judex,
2903 3362 3098 3416 virtute
3126 3360 3398 3430 probatus,

2262 3449 2341 3503 Ad
2370 3450 2523 3518 cujus
2549 3452 2799 3505 meritum
2827 3452 3083 3507 miracula
3114 3462 3257 3508 tanta
3284 3462 3532 3523 paterent

2260 3542 2406 3597 Inter
2426 3544 2583 3600 inane
2610 3557 2733 3599 reus
2759 3543 3016 3614 pendens,
3046 3554 3101 3600 et
3130 3546 3183 3600 in
3210 3561 3336 3601 aere
3366 3554 3538 3600 tortor

2260 3633 2527 3689 Porrectis
2552 3650 2761 3691 sursum
2786 3636 3028 3707 pedibus,
3059 3637 3350 3691 constricta
3379 3636 3604 3703 rigentis

2264 3722 2470 3778 Vellera
2498 3725 2745 3791 vestitus,
2776 3726 2930 3780 tectis
2957 3726 3214 3779 bzerentia
3240 3725 3511 3787 membris;

2258 3813 2334 3867 Ne
2362 3812 2500 3869 exu
2529 3824 2745 3870 curvata
2766 3830 2865 3871 suo
2883 3814 2969 3869 vel
2996 3814 3145 3884 lapsa
3176 3823 3469 3870 retrorsum

2256 3906 2528 3961 Nudarent
2555 3915 2739 3977 turpes
2764 3908 2985 3978 appensi
3014 3908 3259 3977 corporis
3280 3916 3449 3966 artus.

2331 3997 2422 4053 Sic
2451 3998 2721 4064 meritum,
2752 3996 2999 4067 Martine,
3044 4008 3213 4067 tuum,
3246 4001 3324 4055 sie
3368 4008 3555 4056 sancta
3598 4006 3824 4071 potestas

2255 4086 2323 4141 Et
2344 4087 2616 4157 prodenda
2646 4088 2738 4142 Dei
2757 4103 2855 4159 per
2881 4104 3065 4145 servos
3084 4090 3253 4159 gloria
3281 4088 3476 4147 Christi

2258 4177 2534 4236 Excedens
2561 4188 2735 4235 terras
2758 4179 2928 4234 titulis
2951 4188 3006 4235 et
3030 4181 3082 4235 in
3117 4196 3242 4236 aere
3267 4190 3472 4250 regnat.

2255 4269 2491 4326 Siccatas
2519 4272 2681 4327 etiam
2702 4279 2907 4328 certum
2930 4284 3012 4329 est
3034 4282 3087 4330 te
3106 4277 3348 4345 supplice
3378 4277 3567 4343 nubes,

2254 4360 2538 4416 Grandinis
2566 4370 2621 4418 et
2648 4363 2778 4419 dirae
2798 4379 3106 4435 suspensam
3134 4367 3349 4422 hmsisse
3378 4369 3588 4421 ruinam

2256 4450 2559 4509 Constricto
2587 4456 2799 4524 penitus
2825 4456 3031 4513 densati
3054 4459 3261 4526 gurgite
3288 4458 3475 4523 nimbi,

2180 4543 2228 4602 )
2253 4541 2352 4608 Qui
2378 4545 2555 4611 gravis
2578 4554 2633 4600 et
2656 4547 2811 4615 rigidi
2838 4564 3109 4604 connexus
3136 4550 3331 4618 frigore
3358 4551 3505 4604 venti

2256 4631 2313 4687 ln
2336 4634 2541 4704 lapides
2568 4635 2791 4693 duratus
2818 4640 2991 4707 aquis,
3021 4641 3098 4695 sic
3120 4640 3332 4696 turbine
3360 4641 3551 4696 crebro

2256 4724 2313 4779 In
2345 4734 2517 4782 terras
2540 4728 2699 4784 solidi
2724 4729 2956 4799 jaciebat
2977 4747 3106 4786 saxa
3135 4733 3372 4801 liquoris,

2259 4816 2327 4871 Ut
2357 4818 2553 4887 fruges,
2584 4820 2819 4888 arbusta,
2845 4822 3053 4891 hortos,
3086 4825 3345 4893 pomaria,
3376 4825 3513 4879 vites

2257 4911 2603 4969 Protererent
2625 4914 2828 4971 crebris
2854 4916 3155 4972 nimborum
3185 4918 3290 4973 tela
3319 4920 3509 4983 ruinis,

2256 5001 2519 5059 Confossa
2548 5012 2603 5059 et
2630 5005 2809 5060 valido
2849 5016 3161 5075 quateretur
3186 5008 3412 5063 verbere
3436 5009 3616 5063 tellus.

2258 5095 2382 5150 llaec
2409 5097 2573 5166 pestis
2603 5096 2874 5154 Senonum
2903 5101 3008 5156 late
3030 5110 3269 5171 grassata
3295 5118 3392 5172 per
3419 5116 3601 5171 agros,

2259 5188 2517 5258 Supplicii
2541 5199 2595 5245 et
2622 5190 2768 5260 leges
2787 5203 3046 5248 consueta
3082 5195 3299 5264 explere
3327 5196 3619 5263 quotannis

2258 5277 2397 5332 Elisa
2427 5280 2655 5336 assiduis
2684 5283 2979 5338 nudaverat
3006 5300 3133 5338 arva
3162 5285 3347 5339 ruinis.

2252 5372 2517 5427 Amissam
2545 5380 2780 5440 segetem
2802 5375 3008 5443 pallens
3035 5376 3303 5431 referebat
3328 5385 3515 5431 arator

2252 5461 2506 5518 Perfracti
2534 5466 2746 5534 penitus
2774 5468 3027 5537 plangens
3046 5470 3268 5536 vestigia
3290 5470 3472 5533 culmi,

2254 5564 2321 5617 Et
2347 5566 2520 5622 fossor
2545 5582 2773 5623 vacuum
2797 5570 2911 5624 sine
2938 5569 3111 5623 fructu
3132 5578 3188 5623 et
3209 5571 3430 5639 palmite
3452 5571 3638 5635 vitem,

2252 5662 2405 5733 Smpe
2434 5678 2653 5733 gemens
2675 5666 2815 5735 jugis
2842 5676 2962 5735 post
2989 5681 3164 5723 annua
3191 5679 3319 5723 vota
3349 5670 3546 5723 laboris

2251 5765 2324 5819 Dc
2344 5764 2452 5833 jam
2475 5766 2753 5833 turgidulis
2780 5768 3094 5824 numerabat
3118 5770 3311 5826 damna
3334 5774 3577 5857 racemis.
