4054 6182
242 252 375 306 1057
1407 246 1492 300 DE
1532 244 1688 303 VITA
1720 250 1775 305 S.

1896 249 2079 305 R'I'lNl
2120 250 2247 304 ΗΒ.
2290 249 2346 304 \'.
3366 252 3502 307 1038

223 360 555 419 Monstrabat
575 363 776 419 fructus
800 371 972 417 mater
996 363 1341 420 moestissima
1378 379 1561 420 ramos

222 454 430 523 Repere
454 453 727 508 consuetis
752 468 849 521 per
870 454 1019 507 mitia
1039 454 1252 523 pomula
1284 455 1442 517 natis,

220 546 448 613 Propter
466 551 523 597 et
551 544 749 597 arentis
771 543 1024 612 pallentia
1049 544 1289 610 germina
1315 544 1496 614 campi

220 631 422 702 Mugitu
444 632 712 701 pecudum
737 632 1015 687 reboantia
1038 648 1169 689 saxa
1194 634 1482 688 sonabant.

219 723 420 780 Tabida
442 724 737 779 lustrabant
756 740 956 779 vacuos
981 733 1248 780 sarmenta
1279 742 1523 782 recessus

221 814 340 880 Quo
368 824 619 885 poterant
644 816 843 882 gemitu
866 817 1144 885 querulam
1174 818 1429 871 testantia
1459 828 1701 872 causam.

220 904 335 962 Hoc
365 907 525 974 igitur
544 915 865 976 compuncta
893 907 1037 961 malo
1066 908 1218 977 plebs
1255 916 1449 963 cuncta
1468 909 1554 962 vel
1583 917 1731 974 acta,

221 996 353 1053 Tam
382 1001 584 1055 clarum
607 999 820 1053 sibimet
842 999 1062 1067 cupiens
1094 998 1348 1052 adbibere
1374 1006 1659 1067 patronum

221 1091 507 1146 Martinum
532 1098 721 1153 exorat
743 1090 918 1156 legato
950 1088 1242 1157 interprete
1270 1086 1516 1157 supplex,

226 1181 294 1237 Ut
321 1182 536 1252 placare
562 1179 729 1233 Deum
752 1177 982 1240 studeat,
1015 1177 1333 1245 veniamque
1359 1176 1569 1246 precari

222 1273 329 1329 Pro
351 1271 577 1335 miseris,
610 1268 936 1337 tandemque
956 1282 1175 1336 gravem
1204 1266 1476 1336 depellere
1497 1274 1725 1335 pestem.

223 1362 510 1433 Suppliciis
538 1361 669 1415 satis
696 1373 816 1414 esse
843 1358 1049 1425 datum,
1080 1358 1364 1413 clementia
1394 1357 1591 1411 Christi

224 1455 477 1510 Auferret
504 1452 721 1507 nimiam
746 1448 921 1505 saltim
947 1457 1068 1519 post
1097 1450 1319 1503 verbera
1344 1447 1549 1502 cladem
1576 1466 1589 1500 :

224 1547 334 1600 Nec
356 1559 488 1599 sane
516 1544 743 1598 miseros
771 1556 895 1609 spes
922 1546 1233 1608 exspectata
1272 1538 1479 1592 fefellit.

225 1637 358 1692 Nam
380 1635 537 1690 simul
561 1650 591 1687 a
612 1632 840 1687 Domino
869 1647 1084 1702 semper
1103 1647 1379 1687 connexus
1407 1640 1462 1685 et
1490 1630 1702 1685 hzercns

225 1729 486 1783 Martinus
512 1726 683 1781 solita:
704 1726 918 1795 pietatis
946 1724 1088 1779 dona
1113 1725 1380 1794 poposcit.

225 1818 550 1887 Suffragium
578 1831 797 1872 sensere
825 1817 1002 1885 pium,
1036 1815 1260 1884 depulsa
1291 1815 1495 1883 quievit

228 1912 565 1980 Tempestas,
598 1922 844 1979 puroque
864 1908 980 1962 dies
1006 1910 1217 1962 nituere
1242 1922 1455 1972 sereno,

230 2020 308 2075 Ac
336 2017 607 2088 exoptatis
628 2015 950 2069 maduerunt
974 2016 1215 2082 germina
1240 2013 1453 2067 nimbis.

231 2112 340 2165 Nec
361 2110 539 2179 spatio
569 2106 858 2162 constricta
888 2106 1058 2167 brevi,
1091 2105 1183 2158 sed
1216 2112 1458 2172 tempore
1483 2103 1645 2172 longo

230 2203 447 2256 Cratior
466 2199 697 2254 extentis
726 2194 1108 2252 commendans
1133 2207 1353 2248 munera
1378 2194 1536 2248 metis

230 2297 496 2362 Quattuor
520 2301 575 2350 et
601 2292 775 2363 plenis
803 2290 1097 2360 permansit
1118 2289 1288 2357 gratia
1313 2289 1492 2344 lustris
1515 2305 1531 2343 :

230 2392 344 2447 Nec
374 2392 522 2461 prius
553 2389 755 2443 insana:
788 2392 1074 2441 senserunt
1102 2384 1295 2437 damna
1325 2382 1572 2452 procella:

230 2485 402 2551 Quam
431 2482 683 2537 Dominus
708 2481 891 2535 clauso
919 2477 1195 2548 pnesentis
1219 2485 1462 2545 tempore
1482 2476 1603 2529 vitae

231 2580 316 2632 Ad
352 2578 594 2645 requiem
630 2588 814 2628 veram
855 2570 1200 2626 benedictum
1242 2568 1530 2636 assumpsit
1563 2567 1812 2621 amicum.

231 2670 325 2724 Sic
352 2669 626 2734 utriusque
645 2665 746 2734 pia:
769 2661 1026 2730 transegit
1048 2669 1290 2728 tempora
1314 2658 1457 2723 vitae,
1538 2678 1543 2687 ί

232 2760 373 2814 Ante
394 2760 538 2813 salus
568 2758 742 2820 terris,
776 2763 831 2809 at
860 2769 1001 2808 nunc
1031 2751 1274 2807 sublimis
1300 2750 1353 2805 in
1382 2750 1559 2805 astris.

304 2858 421 2913 Jam
446 2858 604 2925 longa
636 2856 793 2910 nimis
820 2852 1121 2922 languentis
1150 2851 1342 2920 pagina
1376 2850 1497 2905 libri

232 2951 476 3006 Euervat
502 2950 634 3005 clari
660 2948 843 3003 titulos
865 2955 921 3003 et
943 2956 1097 3016 gesta
1126 2948 1370 3015 patroni,

229 3042 464 3098 Grandia
492 3041 617 3095 dum
647 3055 839 3109 parvus
869 3040 1079 3108 loquor,
1119 3049 1173 3095 et
1200 3038 1444 3094 sublimia
1475 3035 1641 3103 signis

228 3131 582 3203 Splendorem
609 3129 780 3184 laudis
810 3129 1045 3199 trepidus
1075 3144 1360 3197 corrmnpo
1386 3127 1603 3181 relator.

228 3227 338 3283 Sed
366 3225 492 3295 quid
519 3228 707 3293 agam?
736 3240 895 3281 versu
920 3224 1198 3279 historiam
1229 3235 1545 3293 percurrere
1575 3219 1727 3278 novi;

224 3317 489 3373 Judicium
521 3324 733 3369 narrata
761 3315 968 3377 timent,
999 3328 1283 3383 suppressa
1304 3319 1531 3366 reatum.

228 3405 447 3462 Rectius
476 3407 588 3460 h:ec
616 3406 783 3459 lector
805 3403 915 3460 fors
936 3401 1169 3459 fastidita
1196 3398 1478 3471 relinquet,

225 3498 398 3563 Quam
428 3498 545 3566 pius
567 3494 777 3551 auditor
804 3496 1016 3566 penitus
1045 3496 1320 3549 subtracta
1343 3494 1597 3561 requiret.

224 3586 295 3647 Et
318 3588 465 3656 prius
493 3587 750 3641 immitem
772 3586 882 3655 jam
912 3586 1132 3651 contigit
1163 3584 1464 3637 Avitianum

224 3678 417 3731 Sermo
446 3677 613 3746 prior,
640 3692 780 3731 nunc
808 3676 941 3730 ordo
966 3675 1145 3743 operis
1168 3680 1453 3728 revocatur
1482 3664 1549 3723 ad
1586 3671 1777 3739 ipsum.

224 3766 327 3823 Hic
354 3782 522 3821 saevos
551 3768 770 3820 vincens
793 3764 906 3819 dira
936 3764 1146 3819 feritate
1175 3772 1453 3834 tyrannos,

223 3859 420 3914 Tristia
451 3868 766 3914 mmstorum
797 3856 983 3911 sitiens
1011 3864 1276 3911 tormenta
1308 3864 1545 3919 reorum,

223 3946 485 4002 Parcebat
510 3948 726 4017 paulum
755 3945 1027 4002 Turonum
1053 3945 1237 4001 mitior
1256 3945 1394 4000 urbi.

224 4037 327 4093 llic
354 4046 557 4092 tantum
581 4038 798 4092 humani
828 4053 1015 4093 sensus
1044 4037 1259 4104 vestigia
1291 4036 1543 4105 prodens,

222 4128 501 4183 Subdebat
526 4130 725 4184 sanctis
752 4130 878 4184 licet
906 4146 999 4184 ora
1028 4130 1247 4184 rebellia
1275 4129 1439 4183 frenis

224 4219 521 4286 lugenitum
546 4221 846 4288 reprimens
877 4220 1087 4275 Martini
1113 4222 1177 4274 ad
1203 4221 1348 4289 jussa
1379 4220 1633 4273 furorem.

222 4306 291 4360 Et
318 4322 449 4361 sane
476 4307 757 4362 manifesta
794 4309 948 4377 hujus
976 4311 1296 4365 documenta
1327 4308 1564 4361 medellzr

221 4400 315 4455 Sic
335 4400 565 4470 quadam
591 4411 812 4472 patuere
839 4404 926 4458 die
951 4423 962 4457 :
988 4404 1321 4459 venerandus
1349 4404 1529 4458 adibat

222 4489 485 4543 Martinus
506 4489 677 4543 diram
706 4492 795 4544 tali
822 4493 922 4546 sub
945 4492 1125 4560 judice
1153 4491 1335 4546 sedem

222 4576 422 4631 Lenior
441 4585 500 4631 ut
525 4578 685 4633 tantis
712 4578 894 4634 feritas
922 4581 1203 4635 mitescere
1230 4588 1415 4650 posset

219 4667 443 4733 Officiis,
470 4671 640 4723 sancti
669 4670 939 4741 obsequiis
964 4673 1215 4728 obstricta
1244 4677 1477 4744 patroni.

221 4759 315 4813 llle
348 4761 397 4813 in
429 4762 683 4828 przecelso
710 4763 981 4817 residebat
1009 4764 1146 4819 forte
1175 4767 1331 4822 sedili

218 4846 555 4918 Conspicuus
575 4850 710 4905 solio
737 4851 1006 4907 excellens
1028 4854 1353 4924 nimiumque
1379 4861 1605 4929 superba

220 4938 528 4995 Ambitione
552 4950 781 5008 tumens,
812 4942 989 4996 subito
1018 4959 1139 4998 cum
1165 4956 1380 5002 sanctus
1403 4949 1468 5002 ad
1498 4952 1667 5019 ipsum

220 5026 499 5095 Aspicicns
520 5030 666 5083 videt
694 5030 961 5085 horrentis
989 5032 1219 5102 tetrique
1247 5045 1526 5091 cruentam

222 5116 493 5173 Daemouis
520 5120 688 5173 insani
715 5120 947 5189 speciem
978 5122 1188 5177 cervice
1215 5124 1469 5179 reclinem
1492 5170 1506 5193 ,

222 5208 476 5262 lnnexam
508 5218 622 5263 toto
646 5224 871 5279 pronam
899 5209 1220 5267 decumbere
1245 5214 1385 5268 nisu.

223 5298 393 5363 Quam
416 5300 601 5367 procul
630 5308 687 5353 ut
715 5300 842 5353 ﬂatu
866 5299 1133 5355 benedicti
1163 5304 1385 5370 contigit
1414 5306 1525 5359 oris

223 5388 457 5443 Sanctus
484 5397 535 5444 el
566 5390 781 5445 admoto
808 5391 957 5445 verbi
986 5399 1188 5447 terrore
1210 5392 1429 5463 fugavit,

223 5486 443 5555 ignarus
471 5488 600 5541 socii
626 5502 685 5542 se
711 5487 938 5543 credidit
971 5488 1245 5545 Avitianus

226 5586 513 5655 Excepisse
538 5602 752 5656 gravem
783 5588 1048 5643 maledicti
1079 5590 1131 5643 in
1157 5590 1385 5657 imagine
1409 5605 1643 5658 paruam.

227 5681 319 5739 llle
348 5685 511 5738 refert
544 5701 557 5739 :
587 5682 664 5737 Ne
683 5682 841 5739 crede
861 5700 981 5742 meo
1004 5696 1056 5743 te
1079 5686 1221 5744 forte
1245 5695 1488 5743 notatum

1846 4470 1898 4529 D

1841 374 1891 430 Α
1916 360 2144 426 Judicio,
2174 368 2270 414 aut
2298 358 2457 414 subiti
2486 360 2696 427 signum
2724 358 2832 415 hoc
2868 360 3100 416 existere
3127 369 3326 431 motus,

1905 452 2029 507 llzec
2056 453 2249 522 pietas,
2274 467 2381 506 non
2405 452 2483 507 ira
2505 452 2607 506 fuit
2642 467 2763 522 quae
2787 453 2939 507 srevit
2959 454 3014 508 in
3034 454 3268 517 hostem.

1910 541 2016 596 Pro
2044 542 2244 595 misero
2264 541 2515 595 miserata
2547 540 2715 604 dolet,
2745 542 3049 610 prorumpit
3076 544 3130 597 in
3161 544 3309 597 illum

1906 629 2005 685 Hic
2028 638 2215 684 noster
2239 637 2356 684 toto
2385 630 2598 698 penitus
2618 629 2685 684 de
2713 638 2933 699 pectore
2955 628 3114 686 flatus

1905 723 2076 788 Quem
2100 740 2347 794 premere
2374 724 2642 779 horrendo
2670 725 2813 779 celsa
2833 724 2951 779 btec
2970 724 3220 780 subsellia
3252 726 3390 790 nisu,

1906 812 2185 883 Quemque
2210 823 2315 867 tua:
2341 828 2572 882 pronum
2601 814 2797 869 cervici
2826 814 3136 870 incumbere
3155 816 3285 870 vidi.

1906 902 2100 957 Desine
2124 902 2234 971 jam
2260 903 2382 957 talis
2410 904 2635 971 collegia
2664 902 2803 958 ferre
2829 905 3073 971 latronis,

1905 990 2156 1048 Consiliis
2181 993 2300 1063 plus
2328 992 2487 1048 crede
2514 994 2637 1062 piis,
2662 995 2923 1063 deprensa
2950 995 3160 1064 fugetur

1907 1078 2214 1149 Calliditas,
2237 1089 2460 1151 experta
2488 1082 2642 1136 dolos
2662 1083 2871 1137 cautela
2899 1085 3146 1154 repellat.

1906 1166 2025 1221 Jam
2053 1168 2251 1237 pudeat
2274 1184 2465 1238 parere
2494 1184 2608 1235 reo,
2642 1170 2845 1225 servire
2868 1170 3069 1240 fugato.

1908 1254 2128 1311 Talibus
2156 1256 2330 1324 ejecto
2358 1257 2616 1326 praeclusa
2647 1266 2729 1312 est
2751 1258 2915 1327 janua
2936 1262 3111 1317 cordis

1909 1344 2206 1409 Dremonio,
2235 1344 2485 1415 sedisque
2514 1361 2622 1400 sum
2650 1358 2915 1417 praerupta
2937 1358 3177 1419 potestas
3204 1372 3217 1407 :

1908 1432 2088 1487 Mitior
2113 1434 2239 1489 hinc
2263 1436 2482 1503 proprio
2510 1435 2726 1490 tandem
2756 1437 2873 1492 sine
2896 1438 3078 1507 judice
3101 1443 3263 1512 judex

1909 1523 1977 1577 Et
2003 1526 2179 1593 gravis
2208 1542 2435 1581 excusso
2464 1527 2663 1594 rejecta
2689 1538 2771 1583 est
2795 1532 3008 1587 sarcina
3037 1536 3199 1591 collo.

1908 1615 1999 1669 Sic
2026 1625 2219 1669 cuncta
2248 1625 2496 1670 extrusos
2518 1616 2703 1672 hostes
2732 1618 2800 1673 de
2828 1620 2955 1676 sede
2983 1621 3218 1691 fugabat,

1846 1742 1887 1800 Β
1914 1702 2088 1759 Corda
2116 1704 2391 1759 hominum
2432 1705 2735 1775 absolvens,
2780 1706 3019 1781 profugis
3058 1727 3161 1767 nec
3197 1716 3393 1785 templa
3415 1733 3501 1773 res

3236 1803 3497 1873 hnquens,

3236 1803 3306 1857 lin
3349 1820 3404 1859 ue

1982 1884 2100 1938 Jam
2126 1885 2382 1955 quidquid
2408 1901 2577 1940 vanus
2606 1886 2854 1942 fanorum
2881 1801 3233 1947 exstruxeratl
3248 1818 3404 1949 ergon-

1914 1974 2149 2029 Ardebat
2170 1976 2355 2044 pronis
2377 1976 2482 2030 late
2509 1984 2723 2031 vastare
2746 1978 2933 2033 ruinis.

1915 2065 2067 2119 Haud
2093 2067 2252 2135 longo
2272 2067 2447 2137 spatio
2480 2067 2698 2137 prmfata
2722 2077 2937 2124 amotus
2964 2071 3033 2126 ab
3054 2072 3187 2128 urbe

1914 2153 2078 2208 Vicus
2106 2164 2241 2217 erat,
2274 2157 2472 2209 veteris
2499 2156 2774 2225 quondam
2803 2160 3025 2229 vestigia
3053 2163 3218 2219 castri

1916 2240 2066 2297 Tune
2090 2242 2302 2298 famulis
2330 2244 2567 2299 habitata
2596 2244 2691 2300 Dei
2720 2244 3025 2319 Christique
3053 2252 3329 2309 ministris.

1917 2331 2186 2387 Ambacia:
2214 2348 2406 2387 nomen
2428 2334 2661 2403 priscum
2690 2336 2840 2405 pr‘ior
2856 2337 3031 2393 incola
3054 2339 3207 2395 dixit.

1917 2420 2017 2476 llic
2046 2424 2291 2478 immensi
2321 2425 2502 2493 operis
2527 2426 2838 2494 przecelsam
2866 2437 3207 2486 exstruxerat
3230 2424 3399 2489 (edem

1920 2516 2177 2585 Sacrilegi
2207 2518 2476 2587 quondam
2498 2533 2684 2573 vecors
2707 2520 2974 2576 dementia
2997 2530 3197 2590 castus;

1918 2605 1977 2659 In
2006 2621 2202 2661 conum
2232 2622 2457 2675 surgens
2479 2608 2681 2663 turrita:
2708 2606 2865 2665 molis
2893 2610 2947 2665 in
2981 2612 3147 2666 altum

1917 2692 2200 2749 Mirificum
2232 2694 2487 2749 tendebat
2514 2706 2668 2765 opus,
2696 2697 2775 2752 sic
2803 2714 3025 2768 prorsus
3052 2701 3120 2755 ad
3150 2716 3379 2771 unguem

1919 2784 2189 2840 Conuexis
2211 2800 2425 2856 semper
2448 2786 2640 2842 crebro
2669 2789 2792 2843 licet
2814 2791 3004 2846 ordine
3031 2793 3175 2849 saxis

1919 2874 1997 2929 Ne
2019 2876 2222 2931 celsum
2253 2885 2469 2931 nutaret
2491 2893 2645 2943 onus,
2666 2894 2732 2933 ne
2754 2879 2888 2935 rima
2912 2892 3140 2950 pateret,

1919 2966 2029 3022 Sed
2068 2963 2291 3037 pulchra
2316 2968 2561 3023 admotos
2589 2964 2792 3038 lapides
2820 2980 3082 3043 Compago
3111 2975 3320 3043 ligaret.

1922 3056 2040 3122 Quo
2070 3058 2239 3127 magis
2268 3056 2488 3114 artificis
2519 3059 2753 3114 studium
2782 3052 3006 3115 rationis
3032 3068 3254 3129 egentes

1923 3147 2180 3202 Attonitis
2205 3156 2460 3219 stupuere
2489 3150 2680 3205 animis
2706 3168 2718 3203 :
2748 3150 2825 3206 sic
2852 3151 3015 3207 stulta
3043 3153 3290 3222 pudendo

1925 3238 2154 3308 Relligio
2183 3238 2407 3295 invaluit
2436 3257 2698 3298 venerans
2727 3259 2828 3312 pro
2850 3244 3072 3300 numine
3092 3247 3268 3305 solum

1924 3329 2195 3398 Ingenium
2224 3333 2545 3403 geniumque
2569 3330 2665 3387 Dei
2691 3332 2757 3387 de
2790 3335 3006 3389 nomine
3035 3335 3187 3391 fabri.

1922 3420 2076 3476 Hanc
2104 3422 2265 3491 igitur
2284 3433 2500 3477 sanctus
2528 3423 2763 3477 subverti
2780 3423 3013 3492 jusserat
3039 3426 3210 3482 πάθω

1924 3504 2184 3567 Martinus
2209 3532 2221 3565 :
2255 3514 2497 3581 neglecta
2527 3513 2617 3566 diu
2646 3514 2898 3567 mandata
2930 3514 3070 3569 fideli

1924 3599 2247 3673 Presbytero
2276 3603 2591 3671 exprobrat,
2624 3611 2799 3656 tamen
2840 3604 2931 3658 ille
2962 3604 3074 3658 haec
3092 3604 3238 3673 jussa
3261 3610 3501 3665 modeste

1922 3690 2137 3760 Expleri
2170 3693 2406 3761 potuisse
2428 3700 2586 3759 negat
2613 3709 2625 3743 :
2659 3692 2788 3747 satis
2808 3692 2973 3747 ardua
2995 3693 3147 3750 fessis

1920 3780 2047 3837 Haec
2075 3782 2369 3846 monachis,
2406 3781 2697 3851 paucisque
2726 3782 2821 3836 Dei
2869 3782 3026 3838 docet
3066 3800 3183 3841 esse
3220 3786 3499 3859 ministris,

1920 3872 2053 3939 Quae
2077 3874 2165 3928 vix
2193 3872 2433 3928 collecta:
2461 3880 2690 3927 vacuato
2719 3888 2844 3928 rure
2873 3882 3103 3929 caterva:

1921 3964 2027 4017 Aut
2055 3963 2377 4018 desudantes
2399 3971 2619 4033 possent
2648 3963 2869 4033 explere
2890 3964 3159 4020 cohortes.

1921 4052 2014 4108 llis
2041 4054 2213 4123 patuit
2235 4054 2450 4123 penitus
2468 4051 2614 4121 justa
2643 4052 2917 4107 excusatio
2946 4052 3143 4110 verbis.

1921 4143 2030 4198 Nec
2059 4160 2183 4214 spes
2205 4153 2286 4200 est
2314 4143 2539 4198 infracta
2568 4152 2770 4212 tamen,
2797 4159 2905 4199 non
2936 4142 3022 4199 ille
3049 4144 3328 4213 vocandis,

1922 4234 2057 4290 Vota
2089 4246 2243 4306 parat
2270 4233 2500 4306 populis,
2532 4249 2632 4291 nec
2658 4245 2772 4291 toto
2801 4252 2869 4292 ex
2898 4238 3028 4293 orbe
3054 4250 3268 4296 coactas

1920 4326 2189 4382 Ambacim
2218 4327 2284 4381 ad
2313 4327 2487 4381 vicum
2517 4336 2775 4396 properat
2800 4328 3068 4384 deducere
3096 4339 3319 4388 turmas.

1925 4421 2189 4474 Auxilium
2210 4419 2427 4475 cmleste
2456 4429 2631 4486 vocat,
2650 4434 2775 4488 spes
2803 4420 2979 4476 omnis
3009 4421 3061 4474 in
3086 4421 3177 4477 illo
3205 4432 3290 4479 est

1923 4510 2023 4575 Qui
2042 4510 2235 4565 cmlum
2260 4518 2562 4577 terramque
2590 4510 2747 4577 regit,
2778 4510 2863 4564 cui
2892 4510 3084 4564 militat
3112 4526 3208 4566 aer

1921 4600 1991 4654 Et
2021 4616 2424 4671 permansurum
2454 4608 2671 4653 servant
2692 4599 2958 4654 elementa
2986 4615 3262 4669 pavorem.

1923 4690 2153 4745 Rursum
2176 4692 2338 4759 igitur
2364 4691 2531 4746 setosi
2561 4690 2775 4744 habitus
2796 4690 3132 4759 Stimulisque
3160 4694 3413 4752 reclinem

1919 4780 2172 4836 Consueti
2201 4788 2485 4850 penetrare
2514 4789 2710 4845 cutem,
2744 4794 2987 4836 connexa
3015 4780 3206 4839 rebelli

1919 4870 2128 4926 Vellere
2157 4867 2363 4925 durilire
2391 4870 2574 4941 rigidis
2603 4871 2655 4926 iu
2687 4872 2906 4927 vulnera
2938 4871 3070 4937 filis,

1919 4961 2205 5029 Pervigiles
2232 4961 2423 5015 iterum
2452 4962 2710 5028 gemitus,
2728 4960 2931 5031 jejunia
2963 4979 3176 5020 rursum

1917 5053 2101 5107 Dilatis
2127 5060 2381 5107 renovata
2409 5052 2563 5116 cibis,
2595 5052 2878 5123 noctisque
2906 5053 3148 5109 laborem

1914 5142 2038 5198 Mox
2066 5158 2381 5197 successuro
2414 5158 2623 5196 rursum
2649 5142 2926 5212 jungentia
2948 5144 3070 5198 soli.

1914 5233 2023 5288 Nec
2052 5234 2208 5302 longa
2239 5235 2340 5288 hoc
2363 5241 2548 5287 votum
2572 5250 2723 5287 mora
2751 5234 2957 5288 distulit
2981 5252 2993 5287 :
3027 5250 3153 5290 ecce
3182 5253 3401 5293 reverso

1914 5323 2226 5396 Tempestas
2254 5324 2487 5379 violenta
2516 5324 2603 5379 die
2623 5326 3013 5396 circumstrepit
3042 5326 3211 5381 andem

1915 5411 2148 5469 Turbine
2172 5424 2455 5470 ventorum
2477 5416 2648 5484 ruptis
2678 5416 2732 5469 in
2761 5413 2977 5469 flumina
3001 5415 3212 5483 nimbis,

1914 5508 2149 5563 Dividuae
2178 5525 2406 5565 excusso
2435 5510 2750 5565 scinduntur
2777 5511 2979 5565 lumine
3004 5512 3201 5577 nubes,

1911 5599 1979 5653 Et
2005 5601 2349 5656 collectarum
2378 5617 2540 5672 super
2559 5601 2724 5657 ardua
2747 5602 2917 5657 moles
2944 5617 3205 5670 aquarum

1912 5690 2213 5750 Raucisono
2243 5693 2530 5763 impactum
2563 5692 2766 5751 collidit
2794 5692 3007 5749 turbine
3034 5701 3268 5763 cratem,
