4066 6192
595 266 730 318 itif-'9

592 379 783 433 Reddit
802 387 857 433 et
876 390 1187 447 expressum
1211 376 1513 431 nimborum
1537 389 1715 445 pugna
1740 374 2023 443 fragorem.

590 467 868 523 Intremuit
898 468 1055 523 tellus
1083 468 1297 535 imoque
1326 481 1550 521 excussa
1581 467 1847 535 profundo

590 558 815 628 Respuit
844 558 1105 628 imposita:
1133 557 1439 611 fundamina
1472 556 1704 627 pendula
1739 558 1911 609 molis.

588 648 868 717 Disjiciens
896 663 1135 717 sparsam
1168 648 1352 716 procul
1382 663 1412 701 a
1438 661 1696 717 compage
1717 648 1925 701 ruinam

588 737 657 793 Et
685 754 780 809 per
800 755 966 809 prona
995 747 1179 792 rotans
1207 738 1460 806 disrupta:
1486 736 1745 805 fragmina
1776 738 1950 800 molis,

587 829 632 883 Ο
662 832 882 885 nimium
906 831 1099 884 dilecte
1131 830 1263 896 Deo,
1293 838 1344 884 te
1365 831 1607 899 supplice
1629 829 1875 885 Christus

585 920 700 973 Jam
720 936 918 989 pronos
938 921 1083 974 celso
1106 920 1327 973 siccavit
1356 921 1405 972 in
1428 934 1553 973 aere
1578 921 1806 974 nimbos.

586 1011 667 1063 Ad
698 1020 787 1064 tua
811 1020 933 1064 vota
965 1011 1157 1065 iterum
1188 1012 1393 1065 celeres
1415 1011 1618 1065 rediere
1645 1012 1927 1080 procellm,

585 1100 836 1156 Accincta
864 1109 919 1155 et
946 1102 1195 1170 gravibus
1227 1102 1491 1171 nigrantia
1524 1102 1701 1155 nubila
1734 1104 1907 1156 ventis

585 1192 815 1248 Parcere
840 1194 986 1262 jussa
1008 1195 1158 1260 satis,
1188 1194 1389 1248 validas
1406 1194 1705 1263 rumpentia
1738 1195 1906 1248 moles

583 1286 762 1341 Mollia
792 1286 1139 1354 graminibus,
1174 1286 1425 1354 durisque
1449 1286 1671 1340 immitia
1694 1287 1857 1340 saxis.

653 1376 763 1431 Nec
793 1377 969 1429 minus
1011 1376 1113 1430 hoc
1140 1377 1389 1430 meritum
1419 1375 1607 1442 fuerit,
1637 1392 1735 1429 nec
1764 1376 1977 1445 dispare
2006 1390 2164 1430 causa

580 1466 765 1521 Gloria
794 1466 1085 1521 consimilis
1110 1466 1307 1536 pariles
1334 1467 1535 1519 imitata
1586 1467 1909 1535 triumphos,

582 1555 791 1610 ldolica:
815 1556 1044 1627 efﬁgiem
1072 1558 1363 1611 celsissima
1391 1556 1559 1611 fulcra
1590 1558 1855 1611 columna:

581 1647 867 1704 Tollebant
890 1649 1089 1719 junctis
1117 1652 1303 1720 procul
1332 1651 1397 1704 ad
1424 1652 1669 1705 sublimia
1701 1652 1845 1705 saxis

580 1737 755 1793 Altior
782 1748 842 1794 ut
862 1741 1071 1809 species
1091 1741 1335 1809 solioque
1358 1741 1549 1796 elatior
1571 1743 1676 1796 isto

578 1828 886 1899 Despiceret
906 1832 1154 1884 miseram
1184 1830 1415 1885 eonlicto
1438 1833 1658 1885 numine
1689 1832 1919 1901 plebem.

580 1916 735 1973 llanc
755 1933 971 1987 quoque
1000 1919 1229 1974 Martino
1252 1920 1489 1989 cupienti
1518 1930 1764 1975 evertere
1795 1923 1990 1977 molem

576 2011 771 2067 Cuncti
791 2013 1075 2067 defuerant
1097 2013 1164 2066 ad
1195 2014 1321 2066 talia
1348 2022 1473 2068 vota
1504 2023 1717 2083 parato,

575 2101 681 2157 Sed
706 2118 829 2173 spes
859 2103 927 2158 ad
955 2103 1240 2158 Dominum
1270 2118 1483 2174 semper
1510 2103 1704 2158 festina
1745 2106 2014 2160 manebat.

574 2193 714 2265 Ergo
742 2206 801 2250 ut
829 2196 1033 2264 pernici
1064 2195 1326 2249 revolavit
1354 2195 1421 2249 ad
1447 2196 1648 2250 mthera
1680 2210 1839 2250 sensu

576 2286 955 2355 Auxiliumque
984 2286 1148 2341 citum
1172 2287 1430 2341 emlorum
1457 2303 1486 2341 a
1510 2286 1654 2355 Rege
1679 2286 1947 2357 peposcit;

574 2375 733 2445 Ignea
762 2377 1056 2433 consimilis
1081 2377 1284 2447 specie,
1308 2377 1402 2433 sed
1432 2378 1631 2433 lumine
1652 2378 1851 2447 dispar,

574 2466 901 2522 Contminuit
928 2468 1171 2536 fragilem
1199 2468 1416 2539 delapsa
1438 2470 1687 2525 columna
1712 2470 1919 2522 ruinam

572 2557 874 2629 Sulphurea
902 2561 1192 2616 advolvens
1219 2563 1545 2632 crepitantes
1572 2561 1783 2613 flamma
1808 2558 2011 2614 favillas
2032 2604 2047 2627 ,

570 2647 890 2704 Fumantem
920 2650 1171 2705 attollens
1200 2652 1446 2707 ambusto
1474 2665 1505 2704 e
1534 2649 1752 2720 pulvere
1773 2650 1989 2714 nubem,

570 2738 751 2808 Atque
778 2739 1139 2796 exundantem
1168 2749 1487 2812 consumpta
1512 2742 1655 2796 mole
1682 2757 1957 2811 vaporem.

568 2828 660 2884 Sic
690 2830 873 2896 rutilo,
905 2830 1155 2897 Martine,
1187 2832 1345 2902 polo,
1374 2832 1453 2887 sic
1482 2832 1697 2887 turbine
1719 2832 1867 2887 venti

568 2918 859 2978 Connectis
888 2925 1132 2992 geminos
1154 2924 1240 2979 Vel
1269 2925 1429 2991 nube,
1461 2924 1547 2978 vel
1575 2924 1696 2993 igne
1725 2924 2041 2993 triumphos.

568 3010 677 3069 Nec
700 3015 894 3070 mirum
925 3024 984 3070 ut
1011 3016 1259 3071 dominus
1282 3031 1445 3071 servo
1464 3016 1728 3085 promissa
1761 3013 1904 3071 fideli

566 3100 701 3159 Tam
729 3114 916 3161 sancto
946 3107 1196 3177 impleret
1217 3106 1438 3173 famulo,
1460 3108 1552 3176 qui
1572 3107 1780 3161 dixerat
1808 3107 1936 3162 olim

566 3196 823 3251 Attonitis
849 3198 1071 3252 nimium
1102 3206 1249 3251 tanta
1280 3198 1348 3251 ad
1371 3200 1627 3252 miracula
1654 3200 1843 3265 servis,

575 3284 705 3340 lltec
723 3301 863 3340 verze
884 3286 1005 3341 fidei
1034 3303 1153 3342 sese
1181 3288 1504 3341 documenta
1532 3289 1798 3352 daturum,

566 3372 639 3428 Ut
658 3373 863 3442 majora
890 3375 1084 3429 horum
1113 3375 1394 3430 credentes
1414 3376 1563 3444 signa
1586 3377 1896 3445 probarent.

565 3464 703 3531 Quid
730 3466 923 3521 mirum
947 3475 1028 3521 est
1051 3467 1239 3521 eadem
1263 3466 1545 3521 Dominum
1573 3467 1873 3535 complesse
1890 3470 2145 3524 fatentem

565 3552 667 3609 Per
694 3570 880 3611 servos
904 3557 994 3627 qui
1025 3557 1175 3627 plura
1207 3557 1308 3627 piis
1333 3555 1601 3626 spondere
1628 3557 1905 3626 ministris,

563 3645 818 3715 Dignatus
839 3664 1048 3703 sursum
1077 3648 1325 3703 sublimia
1352 3646 1516 3702 corda
1542 3647 1789 3717 paravit?

629 3738 765 3793 Nam
790 3739 943 3794 sicuti
972 3739 1155 3809 prodit
1183 3740 1418 3795 ccclestis
1447 3740 1640 3809 pagina
1666 3739 1787 3792 libri

562 3827 869 3883 Femineam
898 3837 1094 3883 testata
1123 3829 1281 3883 fidem
1301 3836 1425 3899 post
1450 3826 1671 3884 flumina
1698 3829 1849 3884 multi

562 3918 865 3988 Sanguinis,
895 3927 949 3975 et
979 3921 1185 3975 tristem
1225 3929 1544 3991 consumpto
1572 3936 1799 3991 corpore
1826 3921 2000 3976 tabem

562 4008 778 4066 Attactu
806 4011 969 4066 vestis
996 4011 1229 4066 celerem
1258 4024 1529 4065 remeasse
1554 4011 1780 4065 salutem
1807 4028 1820 4063 :

561 4099 647 4156 Sic
673 4101 799 4155 data
827 4102 1056 4155 Martiae
1078 4109 1160 4156 est
1186 4100 1430 4171 ejusdem
1458 4101 1628 4169 gloria
1662 4099 1811 4167 facti,

560 4190 665 4246 Sed
693 4198 915 4246 sanante
941 4190 1072 4255 Deo,
1104 4192 1196 4259 qui
1216 4205 1359 4244 nunc
1386 4204 1602 4259 quoque
1628 4191 1802 4245 celsus
1826 4193 1876 4246 in
1908 4207 2033 4248 arce

561 4278 834 4338 Stellamis
856 4278 977 4333 solii
1000 4278 1142 4346 tangi
1168 4293 1266 4349 per
1293 4279 1531 4333 membra
1553 4281 1831 4350 probatur,

560 4366 688 4433 Quze
712 4367 871 4435 capiti
896 4375 1099 4422 aeterno
1127 4376 1313 4423 sancta
1338 4383 1599 4438 compage
1631 4372 1921 4427 cohaerent.

627 4457 766 4524 Quid
790 4473 898 4514 non
927 4459 1055 4513 mite
1082 4460 1193 4529 pio,
1222 4476 1341 4530 qua:
1369 4478 1479 4516 non
1500 4462 1740 4532 subjecta
1765 4463 1903 4518 ﬁdeli

559 4551 791 4605 Monstra
812 4551 970 4606 viro?
991 4551 1126 4621 jussi
1154 4553 1414 4622 parebant
1441 4556 1635 4624 saepius
1664 4571 1883 4624 angues,

559 4640 667 4697 Nec
687 4643 905 4698 suberat
932 4644 1087 4699 victis
1116 4642 1301 4700 feritas
1325 4654 1552 4714 cognata
1576 4649 1819 4702 venenis.

558 4730 825 4786 Tranabat
852 4734 994 4788 virus
1020 4742 1240 4804 propter
1267 4734 1399 4789 vada
1428 4736 1671 4804 proxima
1700 4752 1919 4807 serpens

557 4819 626 4876 Et
653 4823 849 4877 vitreas
876 4824 1116 4879 sulcabat
1144 4840 1329 4895 aquas,
1360 4826 1609 4881 exstabat
1636 4827 1703 4882 ab
1735 4828 1893 4883 undis

557 4911 689 4966 Cum
712 4913 920 4968 cervice
948 4922 1127 4984 caput,
1160 4914 1397 4971 findebat
1421 4924 1640 4986 pectore
1663 4933 1927 4974 summum

556 5002 801 5059 Festinus
824 5000 1059 5071 fluvium,
1092 5007 1329 5077 reliquos
1355 5024 1453 5079 per
1481 5010 1675 5065 caerula
1704 5020 1904 5067 tractus

554 5090 831 5149 Flectebat
860 5096 1008 5152 vario
1036 5098 1333 5153 sinuamina
1363 5099 1567 5155 lubrica
1589 5110 1757 5166 motu,

554 5182 872 5256 lntorquens
899 5188 1043 5243 laevis
1068 5200 1284 5244 curvata
1314 5192 1586 5245 volumina
1613 5193 1819 5259 caudae,

552 5274 622 5331 Et
647 5278 862 5333 vibrans
886 5280 1167 5333 tremulam
1195 5282 1447 5335 meditata
1478 5283 1530 5336 in
1549 5283 1768 5336 vulnera
1798 5284 2049 5350 linguam.

552 5374 707 5432 llunc
726 5378 815 5433 ubi
841 5378 929 5432 vix
956 5380 1130 5433 medio
1159 5379 1416 5435 Martinus
1444 5383 1497 5436 in
1518 5398 1733 5452 aequore
1764 5384 1893 5437 vidit

552 5472 827 5545 Contiguze
856 5492 1142 5546 properum
1166 5478 1497 5549 jamjamque
1525 5483 1779 5537 accedere
1802 5493 1977 5552 terrre,

551 5573 820 5646 Compulit
844 5578 924 5633 his
943 5578 1097 5634 dictis
1121 5597 1132 5633 :
1161 5578 1371 5650 Raptim
1392 5594 1634 5635 remeare
1660 5592 1950 5639 retrorsum

553 5671 876 5730 Obstrictum
899 5679 1092 5733 virtute
1117 5680 1230 5746 Dei,
1256 5679 1339 5736 vel
1362 5680 1579 5735 nomine
1606 5680 1819 5737 Christi.

1683 262 1745 315 ll.
1792 261 2060 317 PAULI.“
2104 262 2705 321 PETRICURDIENSIS

2197 383 2243 436 Α
2276 376 2615 445 Nequaquam
2644 379 2709 433 ad
2734 378 2952 432 vetitam
2977 375 3195 429 ulterius
3216 380 3544 430 contendere
3570 376 3741 444 ripam

3716 263 3833 316 Ιυῧο

2275 464 2351 521 Te
2372 467 2536 536 jubeo
2567 487 2579 520 ε
2609 470 2760 524 stetit
2788 470 2838 522 in
2862 467 3037 521 medio
3062 466 3203 519 mala
3234 466 3401 519 bestia
3428 463 3615 530 fluctu,

2272 555 2341 610 Et
2369 557 2565 613 fractos
2592 559 2793 627 rigidus
2827 566 3015 626 torpor
3039 556 3329 611 connexuit
3354 565 3522 617 artus,

2272 645 2614 716 Membraque
2633 649 2843 717 captivo
2872 646 3127 717 paulatim
3159 646 3361 699 haesere
3385 655 3569 698 natatu
3588 683 3605 708 ,

2271 734 2455 790 Donec
2478 738 2737 806 praecluso
2762 736 3044 807 praestricti
3069 736 3291 803 gurgitis
3312 742 3446 789 testu

2272 827 2545 895 Languida
2575 844 2838 899 promisso
2862 829 3132 883 fluitarent
3160 829 3297 882 colla
3323 826 3608 896 profundo,

2270 916 2335 970 Et
2356 927 2500 974 retro
2520 922 2840 975 seminecem
2875 920 3039 974 ferret
3063 920 3215 989 piger
3236 920 3419 973 alveus
3445 933 3700 987 anguem.

2270 1008 2445 1078 Atque
2471 1012 2673 1065 utinam
2701 1024 2944 1066 n05trum
2969 1012 3129 1067 simili
3157 1012 3353 1065 virtute
3379 1027 3672 1076 venenum,

2270 1100 2423 1165 Quod
2451 1103 2590 1158 male
2617 1111 2935 1159 transcursaa
2964 1103 3172 1157 vitiavit
3200 1103 3400 1157 lubrica
3422 1102 3548 1156 vitae

2270 1194 2596 1262 lmmergens
2617 1196 2805 1266 rapido
2833 1210 3053 1263 semper
3078 1209 3197 1247 mea
3241 1194 3461 1247 crimina
3490 1193 3671 1255 saeclo,

2269 1284 2562 1340 Convertat
2589 1287 2759 1340 sancti
2788 1287 3067 1340 miseratio
3093 1284 3195 1339 fida
3218 1285 3453 1354 patroni,

2268 1376 2440 1445 Cogat
2466 1386 2521 1432 et
2544 1377 2723 1432 oblitae
2747 1393 2931 1433 rursus
2957 1377 3264 1432 meminisse
3293 1376 3495 1439 salutis,

2268 1469 2345 1524 Ne
2374 1485 2541 1540 prona
2565 1471 2619 1523 in
2648 1470 2794 1525 luteo
2823 1478 3129 1537 mergantur
3148 1469 3387 1523 membra
3407 1467 3699 1537 profundo,

2269 1561 2528 1617 Infectum
2559 1569 2613 1616 et
2638 1562 2854 1616 madeat
2884 1562 3133 1615 vitiorum
3163 1561 3372 1628 gurgite
3392 1575 3610 1627 corpus,

2268 1654 2374 1709 Sed
2396 1654 2615 1708 stabiles
2640 1668 2852 1707 sursum
2873 1654 3130 1707 virtutum
3157 1654 3208 1706 in
3244 1653 3481 1720 margine
3506 1665 3736 1719 gressus,

2198 1748 2243 1807 B
2270 1746 2519 1801 lnsistant
2547 1746 2687 1811 fidei,
2713 1754 2927 1800 terrena
2956 1752 3008 1800 et
3028 1745 3218 1814 gaudia
3248 1744 3477 1805 ealCeut,

2266 1836 2499 1905 Qumque
2527 1836 2696 1891 fluunt
2720 1836 2883 1891 celeri
2911 1836 3129 1905 cupiant
3160 1834 3391 1888 evadere
3421 1834 3560 1886 nisu.

2266 1926 2379 1982 Hoc
2402 1935 2607 1981 tantum
2636 1935 2692 1982 et
2712 1927 2931 1996 paulum
2953 1926 3236 1980 subsistam
3266 1924 3332 1978 ad
3353 1923 3569 1978 flumina
3608 1932 3731 1975 voto

2263 2017 2399 2072 Dum
2420 2019 2551 2073 clari
2580 2020 2763 2074 titulos
2790 2020 3036 2073 recolens
3056 2033 3311 2088 percurro
3340 2017 3582 2086 patroni.

2263 2105 2344 2161 Ad
2372 2108 2523 2176 cujus
2551 2108 2803 2162 meritum
2829 2107 3066 2176 gaudens
3089 2122 3149 2161 se
3168 2105 3398 2161 subdere
3426 2106 3599 2159 sancti

2263 2197 2449 2251 Paruit
2478 2198 2715 2267 imperiis
2738 2198 3005 2267 iussarum
3029 2211 3224 2266 gurges
3249 2212 3527 2265 aquarum.

2329 2284 2657 2342 Continuum
2698 2303 2916 2357 semper
2933 2287 3138 2356 jejunia
3166 2287 3324 2341 ducta
3345 2301 3441 2354 per
3469 2301 3665 2339 annum

2260 2376 2537 2432 Laxabant
2562 2379 2782 2447 paulum
2807 2386 3006 2433 sancta:
3037 2378 3295 2433 solemnia
3325 2375 3542 2430 Paschze
3576 2394 3587 2428 :

2258 2466 2437 2523 Mitius
2463 2468 2549 2524 his
2578 2476 2787 2523 tantum
2816 2469 3090 2524 cruciabat
3116 2469 3354 2523 membra
3383 2468 3588 2522 diebus.

2258 2558 2393 2615 Tum
2414 2561 2589 2615 solum
2608 2561 2855 2630 exiguam
2884 2561 3085 2630 piscem
3116 2559 3361 2613 sumebat
3383 2559 3434 2612 in
3460 2574 3661 2613 escam.

2256 2650 2363 2706 Sed
2391 2651 2517 2705 dum
2545 2652 2783 2706 venturis
2811 2658 3093 2707 servantur
3120 2658 3363 2719 tempora
3390 2649 3555 2718 signis

2255 2740 2527 2796 Consueta
2554 2741 2718 2797 officii
2749 2749 2933 2797 votum
2961 2747 3183 2811 captura
3214 2740 3416 2795 fefellit.

2253 2831 2349 2887 Ille
2376 2832 2466 2887 ubi
2494 2833 2793 2902 piscantum
2817 2848 3014 2887 vanum
3037 2830 3254 2885 ﬂuxisse
3273 2830 3533 2892 laborem,

2254 2924 2491 2992 Linaque
2532 2939 2629 2993 per
2647 2939 2873 2978 vacuum
2900 2921 3136 2977 ﬂuitasse
3164 2928 3381 2975 extenta
3412 2917 3728 2988 profundum

2252 3013 2482 3083 Agnovit
2508 3013 2745 3082 querulis
2768 3020 3088 3069 maerentum
3116 3026 3388 3065 murmure
3416 3009 3625 3075 verbis,

2173 3113 2219 3177 ρ
2250 3102 2383 3157 Nam
2406 3104 2624 3172 reliquis
2653 3118 2887 3173 praesens
2909 3104 3097 3158 diebus
3124 3102 3384 3156 diaconus
3412 3100 3542 3154 Satis
3571 3114 3666 3152 ore
3697 3097 3818 3151 fideli

2254 3194 2588 3264 Astipulator
2616 3203 2749 3256 erat,
2783 3208 2943 3262 quem
2963 3209 3091 3249 cura
3114 3194 3398 3247 instantior
3428 3192 3585 3257 hujus
3676 3191 3786 3262 [δέτι

2248 3282 2501 3352 Obsequii
2528 3284 2742 3351 vigilem
2768 3298 3071 3353 przegressa:
3104 3295 3345 3353 tempora
3376 3283 3551 3337 noctis

2246 3371 2315 3426 Et
2338 3373 2535 3428 fessum
2563 3382 2752 3428 exacta
2781 3374 3061 3442 praesentis
3088 3384 3239 3443 parte
3266 3374 3372 3428 diei

2248 3466 2461 3522 Testem
2487 3466 2789 3522 communis
2823 3466 3057 3522 faciebat
3078 3466 3265 3521 adesse
3295 3467 3510 3521 laboris.

2246 3556 2409 3626 Cujus
2436 3566 2494 3611 ut
2521 3558 2765 3613 anxietas
2794 3558 2964 3613 sancti
2985 3557 3072 3626 pia
3093 3556 3297 3612 viscera
3326 3558 3495 3611 movit

2244 3644 2526 3701 Permotus
2555 3662 2786 3702 mterore
2815 3648 2924 3718 pio,
2958 3662 3142 3716 perge,
3172 3648 3359 3716 inquit,
3392 3656 3447 3701 et
3470 3662 3681 3701 amnem

2244 3736 2586 3793 Transcursis
2614 3754 2844 3808 propere
2869 3739 3039 3793 solers
3059 3749 3303 3794 scrutare
3334 3739 3576 3802 fluentis;

2242 3826 2359 3882 Jam
2388 3829 2482 3882 tibi
2508 3830 2775 3899 captivam
2804 3829 3130 3884 concludent
3150 3831 3283 3885 retia
3307 3830 3558 3899 pandam.

2242 3919 2353 3974 Nec
2378 3934 2529 3973 mora
2554 3935 2567 3971 :
2596 3919 2850 3974 confusus
2872 3921 3003 3973 tanti
3027 3936 3276 3976 sermone
3304 3922 3545 3989 magistri

2241 4013 2479 4069 Festinat
2505 4013 2779 4079 diaconus,
2805 4014 3017 4083 trepido
3046 4030 3170 4084 spes
3195 4014 3397 4069 reddita
3430 4024 3554 4069 voto
3585 4024 3687 4077 est,

2241 4105 2351 4160 Nec
2376 4106 2541 4160 dilata
2562 4106 2689 4160 licet
2715 4120 3004 4175 properum
3024 4114 3246 4175 captura
3268 4104 3473 4160 fefellit.

2239 4196 2371 4250 Nam
2394 4196 2551 4250 simul
2575 4210 2639 4250 ac
2667 4195 2877 4250 modico
2904 4197 3071 4266 sepsit
3100 4196 3232 4249 vada
3264 4197 3506 4265 proxima
3536 4195 3645 4248 lino

2238 4288 2487 4343 Incussus
2507 4288 2725 4344 tremuit
2744 4296 2950 4343 metato
2978 4290 3179 4343 cortice
3204 4289 3344 4343 funis

2238 4376 2551 4448 lmplicitam
2580 4378 2813 4449 prodens
2840 4394 3002 4449 super
3023 4379 3161 4432 invia
3198 4379 3391 4433 czerula
3422 4379 3680 4448 praedam.

2161 4468 2209 4527 D
2235 4470 2493 4524 lnnexum
2517 4486 2748 4541 propere
2770 4470 2945 4526 vicina
2972 4472 3039 4525 ad
3070 4472 3247 4526 littora
3276 4473 3438 4525 traxit

2243 4562 2597 4630 Congaudens
2618 4578 2852 4629 esocem,
2884 4572 2997 4616 tum
3020 4571 3137 4618 toto
3166 4570 3387 4633 pectore
3411 4582 3612 4634 pronus

2243 4650 2466 4706 Brachia
2492 4652 2692 4707 labenti
2720 4654 3087 4708 circumdabat
3113 4654 3325 4708 humida
3358 4657 3508 4725 pisci.

2242 4742 2468 4798 Lubrica
2493 4743 2706 4799 nudatis
2730 4745 2819 4799 vix
2853 4744 3019 4800 haeret
3046 4746 3224 4814 praeda
3253 4746 3468 4801 lacertis

2239 4833 2510 4891 Concessa
2538 4844 2594 4892 et
2617 4835 2849 4893 madidis
2870 4837 2982 4907 jam
3006 4853 3145 4909 pene
3172 4839 3402 4893 elabitur
3424 4840 3579 4894 ulnis.

2239 4925 2421 4983 Donec
2442 4928 2698 4997 paulatim
2725 4938 2956 5000 cognata
2983 4931 3249 4985 elementa
3272 4932 3577 5001 relinquens

2233 5017 2455 5073 Efﬂaret
2484 5028 2695 5075 tenuem
2720 5022 3070 5077 moribundus
3100 5024 3150 5076 in
3177 5037 3302 5077 aere
3330 5024 3526 5086 vitam,

2232 5106 2444 5175 Oraque
2473 5108 2779 5177 languidulo
2806 5113 3066 5167 tremulus
3090 5122 3356 5167 reseraret
3385 5113 3533 5166 hiatu

2234 5196 2467 5266 llejecta:
2493 5200 2821 5269 applaudens
2849 5203 2984 5271 signi
3012 5203 3303 5258 motamine
3328 5205 3529 5257 cauda‘.

2230 5284 2563 5355 Obstupuere
2591 5305 2744 5345 suum
2773 5293 3156 5347 monachorum
3182 5292 3374 5363 gaudia
3403 5302 3609 5359 votum,

2231 5386 2331 5451 Qui
2356 5388 2422 5441 de
2448 5389 2637 5444 vicinis
2668 5399 2813 5445 tanta
2843 5392 2911 5445 ad
2935 5391 3233 5462 spectacula
3264 5392 3416 5446 cellis

2231 5484 2463 5555 Egressi,
2497 5490 2827 5558 implendum
2859 5494 2951 5547 tali
2980 5509 3241 5563 sponsore
3265 5493 3507 5548 faventes

2231 5587 2578 5644 Crediderant
2599 5603 2784 5646 sancto
2815 5594 3076 5662 prolatum
3101 5600 3325 5661 pectore
3347 5595 3594 5648 verbum:

2230 5684 2275 5739 Ο
2300 5702 2422 5743 vere
2448 5699 2660 5749 aeternae
2689 5692 2961 5757 speculum
2984 5692 3215 5755 virtutis,
3251 5693 3315 5748 ab
3342 5694 3457 5759 ipso
