4054 6182
283 252 412 307 ιεδι
1420 243 1504 296 DE
1548 244 1700 303 VITA
1728 250 1785 310 S.
1811 255 1884 311 Mf

1937 255 2091 313 ιτιΝι
2129 257 2256 314 LIB.
2304 260 2366 312 ν.
3408 261 3538 315 1062

282 365 402 419 llch
427 364 521 418 tibi
548 362 688 418 dona
717 361 907 431 ﬂuunt,
928 364 1019 432 qui
1042 363 1311 433 quondam
1331 364 1468 420 retia
1489 364 1647 433 jussit

278 455 485 510 Ducere
508 462 771 509 nocturno
800 454 1065 508 incassum
1095 454 1368 510 molimine
1389 454 1560 511 fessos

281 547 579 617 Discipulos
604 548 821 602 mittens
841 562 1181 603 numerosam
1207 548 1262 602 in
1290 549 1425 603 retia
1450 549 1715 618 prmdam,

280 635 618 692 Coneludens
646 636 813 691 lectos
833 644 1018 691 sancta
1046 637 1112 691 ad
1141 638 1385 692 convivia
1406 638 1579 707 pisces

280 728 427 795 Quos
455 729 613 783 medii
636 729 885 798 abreptos
904 729 1119 798 penitus
1137 730 1203 784 de
1225 729 1438 784 turbine
1466 730 1650 785 mundi

280 819 362 874 Ad
396 818 681 879 Dominum
711 819 948 874 traheret
975 828 1173 874 sanctae
1200 819 1442 874 doctrina
1471 819 1612 875 fidei.

352 911 507 980 Smpe
536 911 677 964 Deus
701 910 871 965 voluit
896 910 1143 965 meritum
1170 910 1396 964 sublime
1426 912 1569 965 beati

280 1001 521 1057 lllustres
541 999 783 1071 proferre
809 1002 974 1068 viros,
1000 1016 1107 1070 quo
1129 1002 1343 1066 clarius,
1371 1002 1475 1056 illis

282 1092 526 1148 Testibus
554 1092 820 1147 extulerat
846 1093 1059 1162 penitus
1088 1107 1224 1161 quos
1246 1094 1415 1161 gloria
1445 1094 1648 1161 mundi,

282 1182 495 1237 Prolata
522 1183 575 1236 in
598 1183 826 1251 populos
855 1182 1108 1236 virtutum
1137 1184 1286 1251 signa
1318 1184 1597 1238 micarent.

278 1272 410 1326 Nam
439 1281 602 1341 gestae
633 1274 812 1327 clarus
841 1280 953 1327 tum
983 1274 1216 1329 culmine
1244 1274 1574 1343 przefecturaa

279 1360 555 1425 Arborius,
588 1361 721 1416 vidit
742 1361 1039 1430 fulgentum
1069 1362 1187 1416 luce
1209 1363 1498 1417 micantem

276 1449 645 1515 Gemmarum,
678 1450 803 1504 dum
826 1458 1011 1505 sancta
1045 1450 1159 1505 Deo
1188 1452 1448 1505 solemnia
1474 1451 1650 1507 defert

276 1540 488 1594 Martini
510 1541 757 1595 rutilasse
782 1555 999 1594 manum
1020 1582 1034 1607 ,
1064 1541 1357 1609 lumenque
1397 1557 1680 1599 coruscum

274 1630 485 1685 Vestire
509 1630 727 1700 ignitam
750 1630 988 1699 pretioso
1010 1630 1214 1684 murice
1237 1631 1501 1697 dextram,

273 1721 342 1776 Et
364 1723 673 1778 collisorum
698 1722 933 1791 lapidum
962 1722 1226 1791 crepitare
1250 1721 1537 1789 fragorem.

270 1811 389 1868 Non
420 1813 553 1868 tales
577 1813 771 1867 vexilla
794 1811 988 1867 ducum
1018 1813 1240 1881 pinxere
1265 1814 1463 1882 lapilli,

273 1902 420 1957 Talia
453 1918 551 1958 nec
577 1903 782 1957 frontes
801 1916 986 1970 regum
1011 1901 1311 1959 diademata
1335 1894 1572 1971 cingunt,

272 1995 376 2049 Sed
396 1996 584 2064 quales
609 1994 770 2049 claris
796 2000 1107 2049 sanctorum
1130 1993 1182 2046 in
1207 1990 1313 2049 fine
1340 1993 1555 2049 coronis

272 2082 737 2138 Inserit'emeritas
765 2082 975 2138 Domini
1000 2083 1268 2137 sententia
1299 2097 1556 2152 gemmas.

272 2170 380 2227 Nec
408 2171 631 2227 dubium
658 2174 784 2242 quin
808 2173 1089 2244 praecipua:
1119 2174 1387 2242 probitate
1417 2174 1541 2229 fidei

273 2260 421 2316 Ultra
451 2262 723 2317 hominem
753 2263 903 2316 vario
922 2263 1181 2317 virtutum
1204 2261 1337 2319 ﬂore
1366 2272 1633 2331 coruscet,

272 2351 441 2417 Quem
464 2367 645 2415 coram
676 2352 901 2421 angelici
924 2352 1175 2408 meritum
1204 2353 1397 2409 solatia
1423 2355 1574 2410 verbi

272 2438 523 2495 Historici
554 2441 680 2495 felix
711 2449 936 2496 testatur
954 2442 1146 2511 pagina
1178 2443 1320 2497 libri.

272 2528 404 2583 Nam
447 2546 567 2585 cum
595 2530 881 2586 Treverica
908 2541 1229 2601 permmstus
1259 2533 1325 2586 ab
1355 2533 1485 2588 urbe
1514 2534 1741 2601 rediret,

272 2618 329 2674 In
350 2634 455 2689 qua
478 2620 606 2675 dum
627 2622 836 2677 miseris
865 2623 1002 2677 irato
1023 2637 1147 2691 rege
1171 2624 1424 2691 pavescit,

272 2712 571 2779 lnteritum,
600 2730 829 2784 quorum
850 2716 1013 2768 vitam
1040 2716 1295 2783 poscebat
1323 2716 1390 2770 ab
1420 2717 1536 2785 ipso

273 2801 593 2872 Compulsus
615 2805 892 2874 proprium
924 2806 1140 2874 paulum
1169 2806 1349 2859 laxare
1377 2806 1606 2875 rigorem
1630 2823 1642 2859 ε

272 2893 454 2947 Mitior
481 2894 549 2949 ad
569 2896 781 2965 culpam
808 2904 1123 2965 respexerat
1151 2895 1477 2950 lthacianam

270 2983 546 3040 Damnatm
570 2984 828 3054 impulsus
847 2984 1139 3039 clementer
1162 3000 1381 3053 parcere
1411 2999 1604 3049 causm,

272 3072 340 3128 Et
368 3089 621 3144 reparare
650 3076 749 3143 pia:
770 3089 978 3129 rursum
1006 3089 1147 3128 nova
1177 3074 1375 3129 ltedera
1405 3075 1567 3143 pacis.

273 3162 428 3218 Hunc
450 3164 611 3232 igitur
641 3164 799 3219 nimis
823 3162 1077 3219 aﬂlictum
1107 3178 1335 3218 maerore
1362 3166 1602 3219 revisens

272 3255 531 3323 Angelus,
555 3254 793 3323 alloquio
823 3270 1003 3310 coram
1027 3254 1342 3309 manifestus
1370 3265 1424 3309 et
1444 3270 1539 3309 ore

274 3347 475 3400 Detulit
503 3347 570 3400 ad
600 3356 847 3402 maestum
879 3346 1071 3402 solatia
1098 3346 1325 3401 blandus
1354 3347 1604 3413 amicum,

276 3436 445 3492 Anxia
468 3439 679 3494 collatis
706 3439 1043 3508 permulcens
1064 3440 1268 3494 viscera
1300 3440 1500 3503 verbis,

274 3529 511 3584 Consilio
541 3530 793 3584 mutanda
818 3530 1018 3585 docens
1036 3571 1050 3597 ,
1076 3531 1361 3583 commissa
1391 3528 1683 3584 resolvens.

274 3618 424 3673 Talia
448 3620 697 3690 praecipui
725 3620 940 3689 signans
968 3619 1233 3689 prmconia
1262 3618 1395 3672 vatis

276 3710 585 3765 Zachariam
612 3719 800 3765 sancto
821 3711 1055 3765 cmlestis
1090 3710 1308 3764 nuntius
1336 3724 1431 3764 ore

275 3799 538 3854 Exorsum
557 3800 731 3857 sancti
754 3799 879 3855 fecit
907 3800 1194 3869 prmdicere
1224 3799 1356 3865 nati,

276 3890 557 3959 Spondens
579 3899 860 3945 venturam
891 3897 1013 3959 post
1036 3890 1181 3959 jussa
1210 3890 1423 3945 silentia
1448 3904 1653 3944 vocem.

275 3981 515 4052 Denique
540 3998 647 4037 non
675 3983 844 4053 impar
872 3983 1118 4037 meritum
1148 3999 1248 4052 par
1284 3983 1520 4052 prodidit
1545 3984 1696 4040 ordo.

277 4070 454 4140 thue
475 4072 549 4125 illi
579 4071 810 4137 soboles,
842 4073 919 4127 sic
948 4072 1117 4140 gratia
1148 4073 1370 4141 contigit
1394 4072 1479 4126 isti

275 4163 484 4218 Clarius
513 4163 719 4232 adjecta
744 4165 1001 4218 virtutum
1032 4164 1149 4219 luce
1178 4180 1485 4220 coruscans.

274 4255 408 4309 Nam
437 4271 576 4326 szepe
601 4257 850 4325 expulsas
878 4258 1089 4327 captivo
1119 4273 1148 4310 a
1174 4266 1393 4327 pectore
1427 4257 1602 4312 larvas

273 4348 511 4403 Necdum
538 4350 816 4419 praesentis
842 4350 1020 4404 verbis
1043 4350 1126 4403 vel
1156 4364 1289 4403 voce
1316 4356 1535 4403 coactas

276 4441 539 4496 Terrebat
563 4451 759 4497 sanctm
789 4443 914 4497 felix
937 4442 1133 4497 vicinia
1163 4441 1332 4503 cellae,

275 4528 660 4600 Excedensque
684 4532 872 4601 procul
896 4531 1175 4586 benedicta
1202 4529 1508 4583 habitacula
1537 4528 1724 4585 virtus.

274 4620 365 4676 Sic
391 4622 625 4676 distenta
649 4622 806 4675 nimis
828 4622 987 4689 longe
1013 4622 1228 4689 lateque
1256 4620 1525 4673 micabant

271 4708 598 4763 Prmsentem
628 4709 837 4764 Domini
863 4710 1113 4763 testantia
1138 4710 1284 4777 signa
1313 4708 1567 4763 favorem.

271 4800 383 4855 Nec
411 4801 527 4855 solo
556 4808 810 4855 contenta
838 4801 975 4865 solo,
1005 4800 1098 4855 sed
1122 4801 1361 4854 crebrius
1392 4800 1534 4869 ipsos

271 4890 487 4943 Martini
516 4889 683 4944 titulis
710 4889 899 4959 procul
928 4890 1271 4959 irrumpentia
1301 4890 1492 4945 ﬂuctus

270 4980 470 5035 Videre
492 4982 751 5035 immenso
767 4980 959 5047 jactari
986 4980 1195 5035 turbine
1223 4990 1421 5049 nauta),

273 5069 410 5123 Dum
440 5069 565 5125 furit
585 5071 783 5125 insanae
807 5069 1093 5124 violentior
1113 5069 1252 5124 unda
1280 5071 1529 5140 procella:
1547 5113 1561 5135 ,

273 5160 545 5227 Quantum
573 5162 656 5217 vel
687 5162 804 5217 solo
841 5162 1121 5231 prodesset
1149 5164 1366 5218 nomine
1393 5174 1629 5219 sanctus.

272 5251 526 5308 Sulcabat
549 5255 782 5310 medium
807 5242 1084 5326 Tyrrheno
1114 5270 1379 5311 marmore
1406 5266 1629 5327 pontum

271 5340 516 5398 Extentis
546 5360 837 5415 properans
859 5347 1051 5416 puppis
1074 5362 1171 5416 per
1196 5347 1388 5401 cmrula
1416 5348 1569 5401 velis.

272 5433 495 5488 Concita
522 5434 818 5503 subjectum
840 5437 1116 5491 scindebat
1135 5452 1291 5505 prora
1317 5436 1637 5506 profundum

274 5523 513 5578 Adverso
539 5525 780 5579 albentes
800 5525 1136 5596 disrumpens
1167 5535 1387 5596 pectore
1416 5525 1605 5581 ﬂuctus

275 5612 544 5681 Linquens
566 5623 907 5683 spumantum
929 5616 1152 5685 vestigia
1180 5616 1336 5683 longa
1373 5617 1599 5671 viarum.

275 5699 405 5754 Cum
433 5702 609 5757 subito
630 5703 902 5758 obtectum
929 5706 1263 5773 praetendunt
1290 5704 1468 5779 nubila
1493 5704 1683 5760 cmium
1699 5745 1713 5772 ,

1883 374 1935 432 Α
1964 368 2191 424 llumida
2215 370 2512 440 nigrantem
2542 376 2881 443 prmtendunt
2908 377 3105 431 vellera
3137 385 3338 431 cratem

1965 456 2033 512 Et
2057 459 2199 529 perit
2224 460 2275 513 in
2298 461 2454 531 piceo
2474 466 2685 533 penitus
2714 466 2804 520 lux
2833 467 3050 521 condita
3087 467 3289 521 nimbo.

1960 544 2215 603 lnsistunt
2244 551 2406 605 validi
2429 562 2650 621 pontum
2681 558 2996 611 subvertere
3014 557 3183 621 ‘vcnti,

1962 633 2236 692 Fluctibus
2257 648 2311 693 et
2334 640 2564 695 madidae
2582 643 2759 698 rubris
2779 646 3071 699 miscentur
3091 660 3289 709 arena»,

1962 723 2301 796 Franguntur
2324 730 2479 784 celsm
2501 733 2737 789 violento
2762 736 2970 790 turbine
2991 737 3181 801 moles,

1963 814 2136 870 Altius
2164 818 2308 873 elato
2335 834 2588 890 suspensa
2620 825 2889 880 volumina
2918 827 3082 881 fluctu

1964 908 2243 964 Instabiles
2267 926 2477 967 sursum
2508 914 2727 969 nimium
2752 919 2991 972 tollentia
3015 920 3181 973 colles
3204 958 3217 982 ,

1964 996 2099 1050 Dum
2123 999 2349 1054 redeunt
2376 1002 2579 1059 crebris
2597 1005 2875 1060 solvantur
2900 1006 3064 1063 fracta
3106 1010 3290 1073 ruinis,

1964 1084 2387 1158 lnnumerosque
2411 1093 2599 1160 procul
2634 1094 2862 1149 reddunt
2885 1099 3107 1152 conlaxa
3136 1099 3394 1167 fragores.

1964 1172 2097 1229 Vela
2124 1177 2341 1244 cadunt,
2370 1192 2627 1235 resonant
2659 1186 2883 1239 tremulo
2910 1188 3137 1242 stridore
3159 1191 3431 1244 rudentes.

1963 1265 2115 1320 Nunc
2143 1267 2274 1323 latet
2295 1270 2534 1327 abscisso
2563 1274 2736 1328 vicina
2760 1276 2826 1329 ad
2848 1277 3027 1331 nubila
3051 1291 3255 1346 monte,

1964 1354 2127 1411 Nutat
2156 1358 2209 1412 in
2240 1362 2455 1417 excelso
2476 1380 2688 1419 rursum
2715 1367 2855 1421 male
2888 1368 3115 1437 pendula
3145 1370 3306 1423 dorso

1962 1442 2263 1517 Ancipitem
2291 1467 2475 1507 casum
2501 1463 2746 1510 metuens
2776 1457 2829 1509 in
2860 1468 3088 1526 utroque
3112 1458 3397 1528 profundo.

1964 1537 2060 1591 Ast
2079 1539 2168 1594 alii
2192 1543 2439 1609 quatiunt
2467 1545 2635 1600 latera
2670 1547 2982 1602 obsistentia
3008 1548 3200 1604 ﬂuctus

1965 1628 2033 1682 Et
2062 1628 2215 1685 fracti
2236 1633 2365 1687 elisa
2392 1635 2694 1692 tabularum
2720 1648 2867 1694 crate
2888 1640 3151 1695 resultant

1888 1738 1935 1797 Β
1962 1717 2251 1789 lmplentes
2276 1724 2505 1780 laceram
2529 1737 2636 1782 tam
2666 1730 2854 1785 crebra
2875 1732 3155 1800 aspergine
3180 1748 3430 1803 puppem.

1963 1810 2177 1867 Excutit
2205 1817 2449 1871 avulsum
2479 1821 2631 1888 ponti
2656 1816 2910 1877 violentia
2940 1824 3147 1878 clavum

1962 1903 2184 1973 Rejecto
2205 1917 2413 1964 rectore
2434 1914 2621 1981 procul
2644 1913 2871 1970 formido
2900 1925 3187 1984 paventum

1960 1991 2136 2049 Corda
2159 1999 2331 2066 quatit
2354 2002 2584 2057 tremulo
2611 2004 2923 2060 convellens
2949 2006 3153 2061 viscera
3179 2015 3325 2061 motu
3344 2047 3360 2071 ,

1962 2081 2333 2157 Pallentesque
2356 2091 2530 2159 rigant
2551 2109 2657 2148 non
2678 2096 2793 2150 sola
2816 2098 3094 2166 aspergine
3116 2100 3282 2151 malas
3302 2140 3317 2163 ,

1960 2172 2175 2229 Confusr
2202 2181 2779 2254 gemitus,lacrymos:e
2807 2194 2864 2240 et
2890 2202 3161 2241 murmura
3193 2190 3358 2253 vocis,

1960 2261 2244 2333 Ruptaque
2270 2269 2506 2337 singultu
2534 2274 2748 2330 assiduo
2776 2278 3003 2347 suspiria
3028 2277 3245 2332 ﬂentqu

1958 2354 2223 2426 Plangunt
2248 2364 2582 2419 consimilem
2604 2368 2776 2422 vicina
2800 2378 2974 2425 morte
3003 2372 3297 2439 querelam.

1958 2446 2165 2503 interea
2191 2456 2435 2509 ektremo
2461 2458 2677 2525 quidam
2707 2467 2915 2517 terrore
2942 2472 3180 2527 coaetus,

1958 2537 2064 2593 Sed
2087 2542 2313 2597 necdum
2343 2544 2633 2603 instructus
2659 2563 2797 2605 vera:
2827 2554 3035 2608 ratione
3064 2553 3209 2619 fidei,

1957 2630 2191 2689 Coeleste
2210 2638 2467 2694 auxilium
2500 2642 2590 2698 tali
2619 2644 2854 2702 clamore
2882 2650 3128 2718 poposcit
3158 2668 3168 2701 :

1958 2720 2206 2792 ignorate
2236 2727 2387 2792 mihi,
2412 2732 2607 2787 merito
2634 2734 2729 2789 sed
2756 2738 2968 2805 cognite
2989 2741 3159 2795 sancti

1957 2811 2125 2878 Quem
2154 2831 2387 2873 veneror
2411 2819 2614 2887 famuli,
2643 2840 2740 2893 per
2767 2841 2926 2894 quem
2953 2836 3042 2882 tua
3072 2830 3237 2898 gloria
3270 2830 3428 2900 fulget

1956 2902 2190 2972 Martini,
2217 2910 2471 2967 miserere
2496 2914 2654 2980 Deus,
2685 2917 2895 2986 depelle
2923 2921 3179 2989 periclum
3199 2965 3213 2987 ,

1957 2995 2119 3067 Eripe
2148 3017 2264 3067 nos,
2294 3018 2417 3057 nam
2447 3015 2640 3061 cuncta
2661 3009 2757 3063 tibi
2782 3011 3038 3080 proclivia
3066 3024 3283 3069 sanctus
3308 3057 3323 3081 ,

1882 3104 1928 3164 ρ
1961 3083 2031 3139 Ut
2058 3091 2292 3157 memini,
2326 3094 2548 3148 antistes
2581 3096 2770 3151 crebra
2799 3100 2998 3155 virtute
3023 3104 3287 3171 probavit.

1958 3176 2066 3232 Nec
2093 3196 2240 3235 mora
2268 3199 2281 3236 :
2314 3193 2586 3241 constrato
2615 3189 2921 3246 ceciderunt
2948 3208 3159 3262 aequora
3183 3194 3363 3262 fluctu,

1957 3266 2025 3321 Et
2048 3269 2217 3338 jacuit
2236 3273 2424 3342 planus
2450 3276 2776 3345 placidamm
2801 3297 3021 3353 campus
3049 3300 3326 3354 aquarum;

1958 3360 2178 3419 Leniter
2206 3367 2508 3424 exlaceram
2544 3372 2823 3429 moderato
2852 3375 3066 3433 flamine
3096 3396 3328 3450 puppem

1957 3450 2151 3522 Optata
2177 3456 2455 3527 impellens
2481 3464 2744 3533 zephyrus
2775 3467 3006 3523 statione
3037 3469 3251 3525 locavit.

1957 3540 2047 3597 Sic
2068 3546 2314 3600 meritum
2337 3549 2519 3603 famuli
2542 3566 2638 3619 per
2664 3564 2854 3608 cuncta
2879 3556 3143 3611 elementa
3165 3560 3431 3629 probavit,

1956 3629 2025 3685 Et
2049 3636 2217 3689 sancti
2249 3637 2431 3691 titulos
2460 3637 2702 3694 Christus
2728 3641 2982 3697 distendit
3010 3646 3166 3701 amici

1957 3720 2270 3779 Glorifieans
2292 3726 2494 3780 clarum
2527 3737 2688 3798 super
2714 3730 2854 3785 invia
2884 3735 3074 3788 caerula
3104 3752 3322 3805 nomen.

2029 3812 2136 3867 Nec
2162 3814 2355 3869 mirum
2386 3826 2470 3872 est
2496 3826 2603 3873 tam
2632 3820 2798 3874 multa
2827 3821 2937 3878 Deo
2966 3823 3176 3881 fautore
3205 3828 3534 3897 probandam

1958 3899 2171 3955 Martini
2200 3905 2438 3973 potuisse
2467 3904 2647 3972 fidem,
2678 3910 2724 3964 si
2744 3911 2958 3982 quando
2984 3914 3157 3969 beatis

1958 3992 2187 4063 Pervigil
2219 3996 2457 4052 exeubiis’
2481 4006 2592 4053 tota
2613 4002 2809 4057 virtute
2834 4005 3085 4073 precandi

1910 4150 1911 4153 η
1958 4082 2038 4136 Ad
2071 4084 2351 4141 Dominum
2380 4098 2619 4157 praisens
2643 4092 2813 4146 felicia
2846 4102 2967 4148 vota
2996 4095 3226 4163 tulisset,

1957 4170 2013 4225 Si
2045 4181 2247 4228 tantum
2274 4176 2443 4243 ignari
2467 4179 2679 4247 penitus
2705 4180 2967 4250 longeque
2988 4185 3181 4239 remoti

1956 4264 2139 4319 Gratia
2169 4283 2266 4335 per
2292 4269 2463 4325 solum
2486 4273 2680 4327 meruit
2712 4273 3009 4330 clarescere
3037 4292 3251 4332 nomen.

1957 4351 2273 4424 Quanquam
2302 4356 2368 4411 ad
2392 4360 2715 4430 prmcipuam
2748 4364 3075 4421 contendens
3104 4369 3292 4435 pagina
3323 4372 3533 4431 laudem

1878 4461 1928 4519 ι)
1956 4440 2335 4513 Obstupefacta
2386 4448 2578 4518 pedem
2634 4453 2909 4518 retrahat,
2954 4455 3237 4524 verbisque
3290 4478 3537 4530 pavescat

1960 4532 2165 4589 Vilibus
2191 4534 2261 4589 ad
2281 4544 2479 4592 tantam
2508 4539 2765 4595 virtutum
2795 4543 3083 4599 ascendere
3113 4547 3329 4605 molem.

1957 4621 2120 4688 Queis
2146 4640 2255 4680 non
2278 4640 2443 4683 umtm
2463 4629 2737 4686 hominem
2763 4640 2997 4701 sanctus,
3022 4635 3117 4690 sed
3143 4639 3388 4705 protinus
3415 4656 3534 4696 om-

3337 4746 3437 4786 neu

3337 4746 3437 4786 neu

1954 4800 2217 4871 Suﬂ‘ragio
2242 4805 2541 4863 medicante
2559 4807 2774 4864 domum
2802 4825 3019 4868 sanasse
3045 4728 3332 4883 probatur.[
3440 4746 3461 4787 ι

1955 4890 2128 4947 Testis
2156 4893 2305 4949 adest
2328 4895 2484 4950 clarm
2505 4899 2677 4954 celsus
2705 4900 2820 4955 vice
2842 4900 3168 4970 pmfectura:

1955 4981 2206 5040 Gratifico
2229 4987 2503 5055 assignans
2523 4990 2638 5044 hzec
2664 4990 2805 5046 dona
2836 4991 3125 5064 Lycontius
3153 5013 3268 5064 ore,

1954 5072 2119 5141 Cujus
2148 5076 2427 5146 multiplici
2455 5078 2577 5133 lata:
2604 5091 2844 5149 grassata
2873 5085 3026 5138 ruina

1954 5163 2217 5221 Obruerat
2245 5168 2358 5223 lues
2378 5185 2482 5223 una
2503 5170 2719 5226 domum
2751 5190 2764 5225 :
2799 5175 3034 5231 tabcntia
3065 5180 3260 5247 passim

1954 5254 2195 5325 Corpora
2222 5259 2549 5314 seminecum
2579 5271 2760 5331 partes
2780 5265 2978 5334 rejecta
3004 5284 3100 5337 per
3127 5285 3313 5325 omnes

1952 5346 2234 5418 Stipabant
2256 5349 2407 5407 fessis
2431 5353 2701 5409 horrentia
2734 5356 2915 5411 limina
2948 5362 3197 5416 membris
3220 5400 3234 5422 ,

1952 5437 2142 5494 Tristis
2168 5440 2361 5510 ubique
2381 5443 2553 5510 dolor,
2585 5446 2770 5500 crebra
2797 5456 2848 5501 et
2887 5449 3129 5516 suspiria,
3163 5450 3318 5506 fletus

1952 5528 2181 5593 Assidui,
2208 5540 2261 5585 et
2283 5540 2395 5587 toto
2424 5535 2634 5603 penitus
2668 5536 2735 5590 de
2760 5539 2990 5606 pectoris
3019 5548 3174 5593 antro

1952 5615 2159 5673 Extorti
2180 5623 2424 5689 gemitus,
2454 5626 2759 5681 convellens
2786 5627 2875 5679 ilia
2901 5625 3073 5692 ﬂatus,

1953 5708 2020 5764 Et
2044 5710 2184 5782 jugis
2212 5722 2407 5782 motus,
2438 5716 2574 5771 cutis
2604 5717 2769 5783 arida,
2794 5716 3006 5772 ﬂamma
3037 5719 3283 5775 medullis
