4066 6192
520 261 659 317 1065

1642 255 1700 309 Β.
1744 253 2017 311 PAULINI
2058 251 2659 311 PETRICORDIENSIS

3649 245 3774 298 1068

522 378 681 435 insita
708 374 1034 433 succendens
1053 370 1409 434 stomachum,
1442 370 1618 438 gravis
1648 368 1787 425 unda
1812 368 2029 439 pavoris
2046 406 2063 435 ,
2128 371 2176 430 Α
2205 364 2426 420 Munera
2453 364 2533 420 sic
2554 364 2748 419 merito
2777 358 3031 416 festinans
3051 354 3277 414 reddere
3299 360 3506 420 sancto,

519 464 614 523 Illa
642 467 709 522 ad
727 466 965 521 vicinum
992 462 1262 533 pallebant
1281 468 1468 515 maesta
1489 459 1717 514 cadaver

518 558 761 628 Corpora
781 553 1109 611 seminecum
1133 558 1379 619 cognata,
1410 557 1467 603 at
1490 550 1677 604 funere
1697 548 1791 602 tali

521 646 764 701 Mmstior
783 642 1032 711 exemplo
1053 640 1373 695 morientum
1406 639 1556 693 turba
1580 637 1829 707 pavebat.

522 744 621 790 Ast
641 734 729 788 alii
755 733 1033 789 exanimes
1060 731 1233 785 saltim
1256 728 1566 796 contingere
1594 741 1749 782 caros

527 825 711 881 Officio
736 823 916 879 miseri
936 822 1156 876 nimium
1180 820 1479 890 trepidante
1500 817 1759 873 timebant

472 946 478 953 -
524 919 603 973 Ne
630 917 867 986 dispersa
896 928 1085 984 graves
1110 918 1353 966 sererent
1379 910 1623 978 contagia
1652 909 1886 964 morbos.

524 1009 636 1064 llos
663 1015 839 1062 metus
856 1004 1116 1073 obsequio
1142 1002 1500 1063 subtraxerat,
1524 1009 1580 1054 at
1610 1000 1764 1056 dolor
1788 1000 1893 1055 illis

524 1100 744 1154 Viscera
764 1096 1044 1165 multiplici
1066 1100 1444 1163 praestruxerat
1464 1093 1618 1146 anxia
1642 1093 1813 1157 luctu;

468 1193 472 1198 “
526 1190 597 1242 At
622 1189 712 1257 qui
734 1185 1020 1258 postremis
1037 1184 1392 1238 tumulassent
1419 1182 1655 1236 membra
1684 1180 1942 1251 sepulcris

525 1277 687 1331 Dilati
716 1277 782 1330 ad
812 1275 1039 1329 similem
1064 1288 1171 1327 non
1197 1273 1358 1339 longo
1386 1279 1629 1341 tempore
1649 1279 1879 1325 mortem

527 1369 823 1425 Portabant.
848 1366 1044 1436 pariles
1071 1364 1137 1418 ad
1162 1364 1345 1417 limina
1372 1362 1544 1416 tristia
1567 1362 1805 1416 morbos.

526 1461 610 1515 Nil
638 1459 859 1515 mediae
879 1458 1095 1511 valuere
1116 1471 1323 1516 manus,
1349 1454 1423 1508 nil
1447 1454 1688 1523 gramina
1716 1452 1908 1516 succis,

530 1552 685 1621 Saepe
710 1552 821 1605 suis
850 1562 1073 1617 magnas
1096 1546 1439 1616 languentum
1459 1554 1680 1616 operata
1706 1545 1981 1601 medellas.

528 1643 646 1697 Tali
666 1642 829 1711 igitur
854 1640 1101 1695 dominus
1122 1637 1374 1694 confusus
1402 1637 1556 1693 clade
1579 1652 1827 1704 suorum,

530 1731 853 1799 Diffisusque
874 1730 986 1784 suis
1015 1728 1284 1798 precibus,
1313 1728 1529 1798 placare
1542 1726 1762 1782 laborat

524 1822 789 1890 Sull'ragio
815 1820 987 1877 sancti
1015 1819 1316 1885 Dominum,
1348 1818 1648 1886 meritoque
1673 1817 1887 1887 patroni

526 1916 781 1984 Allegans
803 1913 1082 1982 querulam
1112 1910 1345 1965 Martin
1385 1911 1679 1979 interprete
1704 1909 1929 1964 cladem.

525 2005 627 2071 Qui
655 2016 961 2073 quanquam
985 2015 1127 2057 curae
1149 2001 1260 2069 jam
1291 2000 1418 2056 laeso
1442 1998 1627 2069 judice
1653 2014 1828 2054 causa:

525 2093 629 2147 Per
649 2092 869 2146 nimium
893 2090 1121 2145 sentiret
1142 2104 1302 2154 onus,
1332 2097 1511 2143 tamen
1540 2089 1699 2143 anxia
1727 2088 1965 2147 clemens

524 2182 771 2238 Sollicito
798 2180 991 2237 affectu
1017 2181 1290 2250 poscentis
1314 2188 1441 2234 vota
1469 2181 1675 2250 recepit
1699 2198 1712 2235 :

524 2272 635 2328 Nec
662 2272 809 2343 prius
836 2272 1047 2326 absistit
1070 2271 1185 2340 jugi
1213 2271 1449 2327 cruciata
1478 2271 1663 2326 labore

526 2360 810 2417 Proterere
829 2360 1105 2416 exhaustis
1123 2360 1329 2414 arentia
1356 2360 1595 2415 membra
1622 2359 1887 2426 medullis,

524 2449 593 2503 Et
620 2466 792 2519 prono
814 2449 1002 2504 duram
1033 2450 1277 2504 tellurem
1301 2449 1502 2504 elidere
1523 2450 1664 2514 nisu,

524 2541 750 2596 Assueta
774 2540 997 2608 adjectis
1019 2540 1295 2609 duplicans
1318 2540 1521 2609 jejunia
1551 2540 1752 2610 pinnis,

525 2630 637 2685 Nec
664 2629 812 2684 tenui
838 2629 1017 2684 saltim
1043 2628 1369 2684 concludens
1394 2630 1593 2684 lumina
1624 2645 1817 2687 somno

524 2719 755 2778 Exesam
796 2718 1076 2775 stimulans
1101 2726 1283 2775 setoso
1309 2720 1508 2775 vellere
1535 2737 1784 2788 carnem;

526 2809 697 2876 Quam
726 2809 983 2865 Dominus
1011 2810 1146 2865 tanti
1174 2810 1349 2865 studio
1379 2820 1652 2880 permotus
1680 2814 1852 2879 amici,

524 2900 700 2955 Finita
730 2899 944 2955 tandem
972 2901 1186 2971 penitus
1212 2900 1518 2957 mitesceret
1543 2903 1621 2957 ira
1638 2943 1653 2969 ,

523 2990 773 3048 Reddens
799 3000 997 3062 optatae
1022 2992 1195 3048 felicia
1228 2993 1368 3049 dona
1392 2994 1603 3060 salutis;

522 3082 836 3137 Cratantem
863 3091 917 3137 et
943 3082 1224 3137 Dominum
1251 3084 1613 3154 complectens
1633 3086 1787 3142 turba
1811 3102 2033 3144 suorum

522 3172 813 3242 Exciperet
846 3174 973 3228 totis
1001 3183 1311 3229 contestans
1330 3176 1521 3243 gaudia
1547 3179 1686 3232 votis

522 3266 841 3318 Narrantem
870 3265 1002 3318 clari
1034 3267 1217 3320 titulos
1239 3274 1295 3320 et
1322 3275 1469 3333 gesta
1500 3269 1731 3335 patroni.

522 3353 642 3420 Qui,
670 3360 793 3422 post
819 3352 1095 3422 depulsam
1123 3354 1351 3410 Martino
1374 3364 1562 3412 orante
1586 3358 1817 3428 ruinam,

2203 454 2420 523 Argenti
2446 461 2659 509 centum
2682 449 2932 522 praedicta
2960 447 3027 502 ad
3054 446 3237 501 limina
3264 443 3429 499 libras

2204 543 2403 598 Detulit
2429 542 2621 597 oblatis
2650 551 3004 609 compensans
3029 534 3249 606 praemia
3275 531 3431 588 donis
3446 572 3463 598 ,

2205 630 2276 686 Ut
2305 632 2500 687 medici
2527 631 2778 687 meritum
2805 642 3012 684 merces
3039 626 3123 681 vel
3153 640 3320 695 parva
3346 624 3631 694 probaret,

2205 721 2452 776 Munitica
2491 728 2549 776 et
2574 719 2763 776 studiis
2790 716 3053 783 gratantis
3080 723 3205 771 vota
3233 722 3500 786 paterent.

2205 813 2333 880 Quae
2358 820 2574 869 sanctus
2600 813 2711 867 cari
2739 810 2919 866 officio
2949 808 3163 879 gavisus
3190 806 3351 861 amici

2207 904 2432 960 Praemia
2460 904 2638 959 devoti
2665 901 2910 957 allectum
2939 900 3188 955 testantia
3214 898 3397 954 cordis

2206 995 2313 1050 Nec
2344 994 2541 1059 renuit,
2572 993 2698 1048 dum
2727 992 2986 1047 tradentis
3011 989 3289 1061 dispendia
3316 995 3503 1043 cautus

2206 1084 2438 1153 Cogitat,
2467 1091 2527 1137 ut
2555 1082 2785 1137 fructum
2812 1080 2931 1135 fidei
2966 1079 3244 1149 praemissa
3272 1076 3535 1132 referrent

2208 1175 2458 1239 Munera;
2484 1188 2584 1229 nec
2604 1187 2818 1227 rursum
2845 1171 3091 1242 proprios
3120 1169 3352 1239 suscepit
3380 1168 3432 1223 in
3459 1181 3609 1224 usus.

2208 1265 2287 1319 Ne
2314 1272 2548 1321 mentem
2574 1262 2746 1317 sancti
2772 1270 2956 1317 votum
2983 1260 3276 1315 macularet
3305 1257 3553 1322 habendi,

2208 1353 2313 1408 Sed
2342 1353 2624 1409 commissa
2653 1352 2764 1406 Deo
2792 1350 2929 1406 ccelo
2952 1348 3216 1405 conclusit
3243 1348 3299 1402 in
3328 1346 3438 1402 alto
3461 1387 3481 1413 ,

2213 1440 2283 1496 Ut
2308 1441 2471 1496 modo
2499 1441 2742 1511 captivos
2761 1439 2909 1494 duris
2936 1439 3174 1493 laxantia
3206 1437 3397 1507 ptenis,

2212 1532 2509 1586 Liminibus
2533 1530 2751 1585 exclusa
2779 1530 2881 1599 piis
2908 1529 3107 1585 donata
3134 1527 3451 1597 redemptis,

2212 1620 2506 1676 Servarent
2526 1619 2760 1677 admissa
2786 1619 2967 1689 fidem,
2992 1628 3303 1690 contempta
3326 1619 3579 1689 rigorem.

2142 1743 2190 1801 Β
2286 1711 2459 1783 Perge
2497 1712 2661 1783 igitur
2697 1711 2973 1785 praemissa
3010 1726 3242 1783 sequens
3265 1751 3282 1781 ,
3323 1710 3589 1784 promissa
3637 1724 3781 1780 repo-

3544 1802 3724 1874 [scena

2215 1898 2453 1953 Antistes
2487 1897 2685 1954 claram
2714 1896 2837 1954 caeli
2863 1896 3105 1953 sublimis
3134 1896 3203 1952 ad
3228 1911 3407 1953 arcem

2211 1990 2537 2059 Astrigeram
2557 1990 2747 2046 sortite
2773 1990 3012 2056 domum,
3042 1989 3365 2058 rutilamque
3392 2001 3654 2043 coronam

2210 2079 2311 2146 Qui
2337 2088 2586 2136 cunctam
2615 2081 2821 2136 rabiem
2846 2080 2950 2136 diri
2978 2087 3261 2148 totumque
3286 2078 3525 2134 furorem

2210 2171 2480 2226 Daemonis
2509 2172 2561 2226 in
2581 2187 2803 2243 parvam
2829 2172 3051 2243 potuisti
3072 2172 3368 2240 astringere
3394 2184 3655 2226 muscam.

2210 2263 2280 2316 At
2308 2277 2408 2318 nos
2434 2270 2729 2332 praesentes
2750 2278 2964 2335 semper
2986 2264 3362 2319 venerabimur
3380 2271 3531 2317 artus

2209 2361 2394 2417 Donec
2419 2361 2487 2416 ad
2507 2369 2768 2419 aeternam
2794 2364 2987 2420 redeas
3012 2378 3134 2419 cum
3162 2376 3393 2433 corpore
3412 2363 3598 2425 vitam,

2207 2457 2528 2517 Sanctorum
2555 2461 2795 2517 adnexus
2817 2463 3055 2530 tumulis,
3079 2461 3352 2533 jungende
3379 2458 3614 2516 coronis.

2208 2560 2313 2614 Vix
2336 2562 2513 2617 solum
2542 2576 2574 2616 a
2608 2562 2764 2619 nobis
2791 2562 3013 2633 potuisti
3040 2562 3368 2619 abscondere
3391 2559 3597 2615 vultum

2208 2664 2495 2721 Nobiscum
2516 2667 2718 2738 pietate
2744 2683 3002 2736 manens;
3033 2677 3089 2724 te
3114 2682 3259 2738 saepe
3286 2666 3596 2737 frequentes

2206 2763 2447 2821 lnvisunt
2472 2767 2633 2834 oculi,
2663 2783 2847 2825 coram
2876 2768 3082 2824 curatio
3110 2768 3263 2823 vivit.

2212 2866 2419 2922 Adsunt
2452 2876 2649 2938 optatae
2677 2868 2961 2925 confestim
2989 2868 3131 2925 dona
3158 2868 3364 2924 salutis.

2209 2965 2383 3021 Verba
2407 2968 2689 3033 silent,sed
2712 2969 2863 3039 signa
2895 2969 3101 3036 nitent;
3129 2969 3207 3024 sic
3226 2982 3455 3040 corpore
3478 2966 3693 3039 paulurn

2157 3120 2181 3142 η
2212 3067 2258 3121 Δ
2285 3067 2403 3122 visu
2425 3069 2769 3137 abstraheris,
2802 3086 3036 3140 praesens
3064 3071 3268 3126 virtute
3291 3070 3506 3136 videris,

2215 3163 2385 3231 Quam
2412 3182 2607 3237 precor
2629 3177 2688 3224 ut
2713 3169 2914 3226 misero
2935 3169 3219 3227 manifesto
3244 3169 3408 3226 corde
3431 3169 3655 3240 petitam

2215 3270 2443 3339 Semper
2472 3269 2662 3325 adesse
2693 3270 2848 3335 velis,
2877 3279 2937 3325 ut
2963 3286 3085 3327 eum
3115 3272 3392 3326 meditatio
3421 3286 3637 3327 carmen

2222 3367 2465 3435 Finierit,
2482 3378 2661 3424 teneat
2685 3371 3005 3440 transcripta
3034 3373 3208 3426 oratio
3237 3371 3467 3426 laudem.

563 3462 3766 3496 Μ

1660 3550 2039 3656 LIBER
2103 3556 2653 3666 SEXTUS.

581 3747 778 3805 Invitas
814 3758 1054 3805 nostram
1083 3754 1389 3809 revocanda
1422 3754 1490 3811 ad
1520 3768 1792 3813 murmura
1821 3775 2004 3817 curam

525 3839 658 3893 Dum
681 3840 844 3893 vitam
869 3841 1067 3896 virtute
1093 3857 1274 3912 paras,
1305 3861 1413 3901 non
1455 3847 1639 3904 clause
1668 3850 1921 3908 sacerdos

525 3928 665 3998 Lege
687 3930 883 3997 obitus,
913 3933 1169 4001 carnique
1191 3943 1296 3989 tuae
1323 3936 1439 3991 sine
1462 3952 1622 3993 carne
1645 3950 1918 4010 superstes

521 4019 795 4085 Cerneris,
816 4022 1105 4089 expeteris,
1137 4025 1485 4094 contingeris,
1508 4035 1670 4097 atque
1696 4033 1911 4087 teneris.

524 4109 659 4164 Dum
686 4109 893 4179 largiris
921 4126 1078 4179 opem
1117 4123 1457 4181 praesentem,
1487 4118 1725 4172 ostendis
1754 4120 2033 4187 honorem,

520 4200 791 4265 Quaerenti
823 4201 1098 4267 assistens,
1127 4210 1182 4256 et
1209 4217 1479 4273 nunquam
1506 4207 1767 4264 absconse
1798 4213 2063 4280 precanti,

521 4289 695 4355 Quam
722 4289 861 4343 bene
887 4288 1097 4344 vicinus
1127 4300 1349 4361 propter
1386 4297 1761 4366 complectitur
1789 4308 1937 4356 artus

521 4378 773 4448 Spiritus,
804 4385 859 4432 et
886 4388 1129 4435 sanctum
1159 4381 1436 4452 perfundit
1462 4389 1637 4455 gratia
1667 4400 1876 4445 satrum.

521 4469 606 4523 Nil
634 4468 792 4538 longe
810 4480 892 4527 est
917 4474 1163 4542 pulsante
1192 4476 1295 4532 fide
1328 4495 1341 4532 :
1369 4475 1657 4537 clamantia
1687 4485 1852 4540 corda

521 4557 770 4628 Allegant
792 4565 1036 4633 proprias
1061 4565 1177 4621 sine
1204 4582 1338 4624 voce
1363 4577 1420 4624 et
1447 4586 1720 4627 murmure
1748 4589 1957 4631 causas.

519 4648 714 4705 Mentis
740 4653 903 4707 verba
932 4653 1058 4723 legit
1084 4657 1175 4727 qui
1205 4672 1418 4714 sensum
1450 4661 1773 4733 introspicit,
1801 4674 1855 4720 et
1876 4683 1972 4723 cor

519 4736 673 4803 Visit,
706 4748 761 4794 et
795 4755 1049 4798 arcanum
1074 4757 1361 4815 percenset
1388 4752 1626 4819 pectoris
1654 4761 1887 4809 antrum.

589 4826 836 4897 Quinque
855 4833 1003 4901 prius
1030 4837 1274 4892 recolens
1298 4838 1502 4909 signavi
1527 4852 1675 4910 gesta
1703 4844 1919 4913 libellis,

518 4916 596 4972 De
623 4919 805 4974 multis
834 4921 918 4977 vel
947 4938 1117 4992 pauca
1145 4926 1346 4997 legens,
1373 4940 1539 4999 quota
1569 4937 1748 5003 portio
1780 4938 1937 4993 nobis

517 5006 806 5080 Comperta
834 5020 917 5068 est
945 5017 1110 5072 tantis
1136 5018 1304 5076 titulis
1330 5036 1466 5090 quos
1494 5027 1717 5096 contigit
1741 5032 1923 5086 unus?

516 5099 777 5169 Exiguum
804 5114 1000 5174 quanta
1025 5118 1216 5177 pensat
1240 5115 1486 5170 mercede
1514 5116 1795 5176 laborem?

516 5191 739 5260 lndigno
763 5210 973 5251 rursum
1000 5206 1146 5254 tanta
1172 5202 1239 5255 ad
1267 5206 1533 5272 praeconia
1562 5224 1723 5266 sensu

516 5277 728 5344 Quanta
754 5284 902 5352 sinit,
933 5287 1035 5341 fert
1066 5298 1187 5344 vota
1217 5293 1296 5345 rei
1324 5293 1565 5352 bonitate
1596 5300 1830 5368 patroni.

516 5368 778 5429 Praecedit
799 5377 1047 5432 meritum
1076 5381 1163 5449 pia
1185 5385 1374 5450 gratia,
1408 5389 1585 5456 palma
1616 5399 1851 5458 tenetur,

516 5462 626 5519 Nec
653 5468 879 5522 sentitur
905 5486 1039 5526 onus
1066 5489 1078 5525 :
1114 5475 1345 5530 nondum
1369 5479 1530 5533 libata
1550 5481 1747 5538 laboris

516 5551 655 5608 Cura
698 5558 827 5613 mibi
855 5568 957 5630 est,
987 5566 1129 5633 quod
1160 5567 1294 5622 velle
1316 5566 1469 5637 jubet
1493 5568 1605 5639 jam
1649 5575 1886 5631 muneris
1932 5579 2091 5633 arrha

1900 5670 2022 5743 [est.

2019 3702 2306 3722 ———-.

2219 3767 2266 3823 Ο
2292 3779 2520 3841 quantas
2546 3772 2724 3843 potuit
2751 3774 2925 3843 major
2953 3774 3198 3830 facundia
3229 3775 3433 3844 linguas

2220 3857 2334 3915 Hoc
2363 3862 2541 3931 operis
2569 3863 2825 3919 decorare
2852 3865 3014 3932 bono,
3044 3876 3298 3921 consueta
3325 3866 3512 3936 repelli

2218 3949 2466 4007 Carmina
2490 3970 2597 4009 non
2626 3956 2848 4025 patitur,
2877 3958 3047 4013 credit
3073 3959 3215 4013 bona
3243 3974 3362 4028 qua:
3390 3973 3486 4013 sua
3521 3958 3689 4012 novit.

2216 4040 2347 4095 Nam
2371 4052 2577 4098 certum
2604 4045 2829 4115 jussisse
2859 4047 3033 4117 ipsum
3062 4063 3182 4117 quae
3210 4040 3403 4103 missus
3431 4049 3499 4103 ab
3529 4049 3621 4103 illo

2213 4135 2485 4207 lnterpres
2514 4140 2767 4194 tentanda
2790 4148 2947 4209 putat
2968 4141 3203 4196 sociatus
3230 4150 3285 4195 et
3312 4141 3551 4207 haerens,

2212 4225 2279 4279 Et
2307 4241 2517 4297 semper
2544 4230 2681 4283 tanti
2708 4230 2974 4285 revehens
3000 4239 3267 4300 praecepta
3295 4230 3536 4298 magistri

2208 4314 2524 4373 Psnpsruus
2552 4318 2675 4374 felix
2703 4320 2862 4375 docto
2889 4321 3127 4378 victurus
3149 4322 3202 4375 in
3231 4334 3370 4376 aevo.

2206 4408 2323 4463 Non
2348 4407 2504 4465 fama:
2534 4412 2794 4467 incertum
2824 4422 3029 4483 narrat,
3060 4430 3162 4471 nec
3189 4416 3441 4471 credulus
3464 4430 3609 4469 aurae

2131 4517 2183 4576 D
2208 4497 2498 4555 Rumorem
2528 4510 2764 4558 attentas
2788 4513 3043 4574 properat
3061 4506 3281 4574 vulgare
3305 4521 3403 4576 per
3430 4520 3612 4562 aures.

2208 4588 2402 4643 Coram
2429 4590 2542 4645 visa
2571 4592 2781 4662 probat,
2815 4596 2967 4649 testis
2996 4586 3280 4651 ﬁdissimus
3308 4604 3478 4662 astat,

2208 4678 2462 4751 Inspectus
2489 4694 2724 4740 assertor
2748 4684 2871 4741 fidei
2901 4688 3157 4743 miracula
3181 4689 3362 4758 prodit

2207 4767 2520 4825 Luminibus
2548 4774 2725 4828 oblata
2749 4775 2879 4841 suis,
2905 4784 2961 4832 et
2980 4777 3173 4832 tradita
3198 4781 3357 4834 votis.

2209 4859 2325 4916 lluc
2352 4877 2419 4916 ex
2445 4863 2671 4920 diversis
2694 4870 2938 4922 certatim
2966 4869 3206 4938 partibus
3233 4872 3380 4927 orbis

2207 4952 2433 5021 Agmina
2462 4958 2806 5021 conveniunt,
2844 4973 3162 5016 numerosas
3191 4962 3357 5017 millia
3384 4977 3577 5018 causas

2206 5039 2578 5112 Multiplieant,
2608 5046 2912 5116 iterantque
2942 5064 3167 5118 preces:
3198 5052 3293 5105 dat
3317 5054 3489 5120 gratia
3520 5053 3676 5109 velox

2204 5129 2413 5199 Optatae
2441 5135 2656 5203 pietatis
2684 5151 2864 5207 opem,
2904 5139 3151 5196 laetantur
3173 5153 3395 5197 ovantes

2202 5217 2416 5277 Emensi
2446 5222 2669 5280 fructum
2693 5228 2928 5283 celerem
2958 5246 3017 5285 se
3039 5230 3177 5287 ferre
3205 5232 3422 5288 laboris.

2269 5311 2386 5367 Jam
2418 5331 2546 5370 vero
2576 5317 2824 5375 obsessos
2864 5321 3066 5379 furioso
3094 5324 3337 5381 daemone
3364 5342 3553 5383 sensus

2201 5401 2317 5458 lluc
2342 5412 2498 5459 vocat
2523 5408 2799 5475 auxilium,
2830 5413 2971 5481 rapit
2999 5413 3103 5469 huc
3129 5416 3340 5469 curatio
3364 5417 3543 5471 velox.

2202 5494 2497 5562 Sistuntur,
2522 5498 2896 5569 trepidantque
2924 5504 3022 5568 rei,
3049 5504 3318 5560 confessio
3348 5507 3545 5561 clamat

2200 5582 2423 5639 Extorta
2449 5587 2674 5657 imperio
2708 5608 2721 5642 :
2753 5592 2850 5645 sub
2877 5592 3053 5659 judice
3080 5609 3239 5663 paena
3271 5597 3499 5653 salubris

2201 5674 2470 5748 Cernitur,
2495 5689 2549 5735 et
2570 5683 2813 5754 proprias
2840 5683 3016 5742 alieno
3045 5687 3099 5741 in
3121 5702 3350 5760 corpore
3380 5703 3539 5746 voces
