4066 6192
330 249 467 307 1065

326 363 503 419 Edere
528 375 785 433 pervasor
805 360 1016 432 captivo
1035 370 1103 414 ex
1127 370 1221 415 ore
1242 353 1483 425 iubetur.

268 442 277 445 ’
326 454 569 509 Sentitur
587 453 752 522 judex
780 466 882 508 nec
907 451 1146 507 cernitur
1180 448 1377 521 impius
1401 449 1573 506 hostis
1600 468 1613 503 :

326 541 489 597 Exsul
510 542 578 595 ab
606 548 792 610 erepta
811 549 1066 610 properat
1090 534 1364 595 discedere
1385 538 1590 610 praeda,

325 631 470 687 Inter
495 640 550 687 et
577 632 839 687 instantes
865 630 1071 699 fugiens
1092 644 1379 686 vanescere
1406 645 1613 700 pmnas.

326 721 484 776 Aeria
513 723 567 776 in
596 736 791 776 nexum
820 721 1190 789 constringunt
1215 720 1425 775 vincula
1459 733 1676 789 corpus,

326 810 470 877 Quos
497 814 687 868 rebare
713 825 878 880 vagos
906 827 1073 867 nexos
1099 811 1377 867 miraberis
1412 819 1580 867 artus.

326 901 638 956 Firmabunt
666 902 902 972 inspecta
930 901 1087 957 fidem
1120 920 1132 956 :
1164 917 1323 969 quem
1350 917 1511 972 paena
1546 901 1751 971 ligavit,

325 990 614 1046 Tormenta
644 992 913 1062 implicitis
934 992 1168 1061 produnt
1193 992 1531 1047 constrictius
1560 992 1717 1059 ulnis,

324 1078 506 1132 Pulsat
533 1086 587 1134 et
612 1078 783 1134 affixis
809 1090 831 1116 ο
862 1080 1135 1135 obstacula
1162 1081 1414 1135 membris
1446 1080 1587 1151 (sic).

325 1165 458 1231 Quid
487 1181 607 1220 cum
635 1167 869 1223 sidentes
896 1170 1120 1223 cancelli
1142 1169 1197 1223 in
1218 1170 1432 1225 tramite
1459 1182 1643 1239 gressu

324 1256 542 1311 Aerium
568 1266 834 1313 sustentat
856 1259 994 1313 iter?
1023 1259 1263 1313 nutantia
1284 1267 1505 1314 currunt

325 1343 563 1413 Corpora
592 1356 648 1400 et
674 1346 980 1414 impositum
1008 1361 1141 1401 cava
1168 1347 1416 1402 subvehit
1442 1363 1570 1402 aura
1599 1349 1855 1406 volatum.

323 1428 458 1495 Quin
483 1431 643 1484 etiam
674 1432 728 1485 in
754 1441 973 1500 puteum
1001 1432 1093 1501 qui
1121 1433 1323 1502 templo
1353 1433 1566 1490 clausus
1589 1436 1643 1490 in
1672 1437 1791 1507 ipso

323 1518 492 1575 Fonte
518 1522 816 1575 salutiferas
838 1529 1047 1576 eructat
1073 1537 1340 1577 concavus
1366 1524 1558 1593 undas,

323 1609 561 1680 Corpora
588 1612 850 1681 praecipiti
872 1611 1145 1679 jaciuntur
1170 1612 1377 1666 concita
1404 1613 1542 1668 saltu

322 1699 378 1757 In
407 1717 635 1771 pronum
662 1709 889 1770 cogente
913 1716 1025 1766 reo,
1057 1701 1150 1771 qui
1179 1702 1379 1756 vertice
1406 1717 1616 1772 presso,

322 1789 682 1859 Prregressum
702 1806 796 1845 sua
826 1791 1063 1845 membra
1090 1797 1251 1858 caput
1276 1790 1512 1845 detrudit
1538 1792 1591 1845 in
1621 1790 1788 1846 altum

322 1880 573 1951 Gurgitis,
606 1888 661 1936 et
685 1880 966 1936 cerebrum
986 1879 1349 1934 membrorum
1372 1881 1513 1936 mole
1537 1890 1810 1951 perurget.

320 1971 427 2026 Sed
448 1971 569 2040 quis
598 1986 707 2025 non
732 1969 913 2025 videat
940 1984 1060 2024 cum
1086 1984 1315 2039 corpora
1341 1984 1518 2025 mersa
1544 1979 1826 2041 resurgant

322 2057 584 2114 Extentos
608 2059 845 2129 patuisse
867 2058 1014 2113 sinus
1039 2066 1095 2111 et
1120 2057 1287 2117 fulcra
1315 2058 1513 2115 favoris

322 2137 555 2203 Molliter
577 2148 817 2217 exceptis
842 2146 995 2202 ulnas
1021 2161 1292 2202 reserasse
1314 2149 1519 2203 ruinis?

327 2241 488 2296 Artus
516 2242 696 2311 praedo
724 2248 929 2311 gravat,
952 2241 1118 2296 vitam
1142 2241 1422 2298 clementia
1444 2252 1655 2310 servat;

322 2329 447 2385 Plus
476 2332 594 2401 opis
623 2339 844 2401 apparet
867 2331 1103 2386 studium
1130 2346 1291 2402 quam
1320 2347 1480 2402 paena
1506 2332 1749 2389 latronis.

322 2419 559 2489 Quisque
584 2420 685 2475 ﬂde
716 2429 938 2476 nutante
966 2422 1116 2476 labas
1139 2422 1377 2489 attende,
1400 2432 1688 2493 resurgunt

321 2509 581 2579 Corpora,
615 2518 672 2565 et
697 2511 763 2565 ad
784 2513 949 2566 vitam
974 2512 1204 2567 Martino
1232 2524 1422 2569 orante
1449 2515 1751 2570 trahuntur.

323 2590 591 2656 Absorbes
620 2608 827 2656 tantum
861 2602 1183 2658 miserorum
1207 2603 1448 2658 membra
1476 2604 1824 2675 profundum,

322 2689 433 2746 Nec
459 2700 652 2761 puteus
678 2692 863 2761 patulo
890 2693 1171 2747 conclusos
1200 2708 1295 2748 ore
1321 2702 1591 2763 perurget.

393 2783 499 2838 Sed
529 2784 653 2853 quid
678 2797 779 2851 ego
800 2799 832 2839 e
862 2784 1071 2853 puteis?
1106 2784 1299 2839 ﬂuvius
1327 2792 1557 2840 testatur
1580 2786 1829 2843 alumnus

322 2872 576 2927 Mirandae
601 2874 815 2929 virtutis
842 2890 996 2944 opus,
1027 2875 1119 2944 qui
1142 2875 1405 2930 mcenibus
1432 2876 1579 2931 urbis

322 2962 546 3019 Junctus
570 2966 836 3033 contiguis
857 2965 1100 3020 allambit
1118 2980 1247 3020 saxa
1275 2964 1507 3021 ﬂuentis.

322 3053 423 3108 Hic
449 3054 657 3109 medius
691 3055 883 3109 cellam
913 3055 1246 3110 discriminat
1279 3064 1439 3125 atque
1467 3056 1794 3127 sepulcrum,

322 3146 620 3216 Divisisque
649 3147 781 3201 locis
809 3146 1055 3202 diﬂ‘usum
1084 3147 1354 3202 interserit
1380 3162 1582 3216 aequor,

322 3235 551 3305 Naviger
576 3237 735 3305 inque
759 3236 883 3291 freti
904 3237 1135 3307 speciem
1161 3253 1219 3293 se
1240 3239 1448 3306 gurgite
1473 3246 1628 3293 vasto

322 3325 621 3395 Disjiciens,
654 3327 919 3395 longeque
947 3328 1058 3383 suis
1085 3329 1316 3383 divortia
1344 3329 1476 3398 ripis

322 3415 629 3487 instituens,
659 3418 843 3473 oculos
869 3419 985 3473 visu
1014 3419 1270 3475 ulteriore
1295 3420 1501 3489 fatigat.

322 3504 391 3559 Et
417 3520 721 3576 quanquam
748 3506 952 3563 validos
975 3508 1141 3563 lassat
1168 3511 1427 3565 tranando
1449 3512 1701 3578 lacertos,

321 3594 476 3651 Hunc
504 3596 721 3651 ﬂuvium
748 3613 777 3651 a
806 3599 1009 3668 templo
1037 3600 1181 3667 quod
1206 3609 1422 3655 sanctos
1449 3602 1687 3658 continet
1712 3610 1860 3658 artus

322 3683 389 3739 Et
416 3686 558 3741 laudi
577 3693 791 3741 mternte
822 3686 995 3742 felicia
1014 3688 1254 3742 membra
1278 3698 1537 3756 reservat,

320 3774 540 3831 lnsanas
565 3778 721 3846 petiit
752 3779 949 3833 misero
978 3794 1097 3833 cum
1122 3794 1349 3849 corpore
1380 3780 1611 3851 daamon,

321 3867 591 3925 Mersurus
618 3878 826 3940 raptam
855 3871 1034 3925 vicino
1062 3871 1116 3925 in
1148 3872 1359 3939 gurgite
1384 3873 1635 3941 prtedam.

322 3958 517 4013 Verum
547 3961 621 4015 nil
650 3961 852 4030 patitur
876 3962 1151 4016 miseratio
1186 3968 1333 4016 tanta
1362 3970 1674 4030 cruentum,

320 4048 496 4117 Atque
524 4050 709 4104 adimit
735 4050 853 4106 diro
874 4052 1159 4106 smvissima
1183 4052 1304 4121 jura
1336 4060 1581 4124 tyranno.

321 4139 577 4194 Duratum
603 4141 841 4195 calcatur
868 4143 990 4210 iter,
1017 4143 1244 4197 solidata
1274 4145 1498 4198 rebellat

320 4227 619 4293 Gressibus,
651 4238 706 4285 et
733 4246 919 4299 passus
942 4248 1201 4301 properos
1235 4250 1343 4287 non
1374 4235 1523 4287 alluit
1548 4236 1711 4288 unda.

320 4317 489 4373 Trans
518 4318 733 4374 ﬂuvium
762 4322 929 4376 siccas
958 4331 1277 4392 stupuerunt
1306 4324 1517 4391 agmina
1546 4332 1747 4394 vestes,

320 4406 388 4460 Et
412 4409 647 4474 gaudens
667 4412 934 4465 hominem
956 4412 1286 4481 purgandum
1310 4413 1447 4466 cella
1476 4415 1680 4483 recepit

320 4496 446 4562 Qua:
475 4498 675 4552 dudum
704 4500 956 4568 angelicm
981 4501 1106 4554 felix
1128 4500 1228 4553 fuit
1252 4500 1463 4570 hospita
1492 4502 1634 4556 vitae.

320 4586 428 4641 Nec
453 4588 737 4657 quidquam
763 4598 971 4657 gestum
999 4591 1225 4644 turbata),
1254 4598 1497 4660 tempore
1517 4592 1711 4648 mentis

320 4677 375 4730 In
392 4688 561 4732 semet
584 4680 807 4733 reduces
832 4696 990 4734 sensu
1021 4689 1242 4736 tenuere
1259 4691 1498 4752 recepto.

318 4768 661 4823 Chunnorum
690 4771 1004 4838 plerumque
1029 4787 1191 4827 sonos
1215 4784 1270 4827 et
1296 4774 1461 4829 fracta
1497 4775 1794 4831 minantum

318 4858 607 4926 Murmura,
641 4866 697 4913 et
726 4860 919 4915 incisas
946 4862 1056 4916 fera
1086 4879 1183 4932 per
1215 4867 1531 4935 compendia
1560 4882 1742 4923 voces.

318 4948 581 5002 Auxilium
608 4950 708 5003 sub
735 4958 871 5004 teste
898 4958 1088 5020 patens
1113 4956 1336 5009 nescivit
1366 4956 1669 5026 ademptus,

318 5038 551 5092 Muneris
577 5040 812 5107 ignarus,
843 5048 1101 5109 tantoque
1126 5058 1156 5097 e
1184 5060 1407 5099 munere
1430 5046 1608 5101 salvus

318 5126 635 5197 Plerumque
658 5128 879 5185 inﬂexas
908 5131 1080 5185 aliena
1110 5133 1175 5185 ad
1204 5149 1474 5188 murmura
1506 5137 1712 5204 linguas

318 5217 602 5273 Possessor
620 5220 800 5275 miseri
830 5222 1072 5289 rapiebat
1097 5224 1314 5291 spiritus
1340 5227 1469 5291 oris,

319 5306 386 5361 Ut
413 5306 610 5363 Grrecis
636 5309 863 5365 ﬂuerent
890 5311 1163 5366 Gallorum
1191 5316 1353 5370 verba
1379 5317 1623 5386 loquelis,

318 5395 381 5449 Et
405 5398 565 5453 fando
586 5400 950 5469 exprimerent
974 5411 1206 5470 gentem,
1237 5420 1337 5459 nec
1365 5406 1581 5460 nomine
1606 5414 1809 5460 notam.

389 5518 412 5544 ι
444 5508 799 5581 Energumeni
840 5528 937 5581 per
957 5512 1222 5568 cancellos
1262 5514 1494 5568 basilicae
1517 5515 1787 5571 vehuntur
1828 5525 1883 5573 et

319 5575 371 5632 in
396 5575 610 5651 puteuni
628 5575 903 5651 jactantur
924 5583 1149 5651 impulsu
1164 5583 1437 5649 dzemonis,
1456 5599 1575 5637 mox
1592 5584 1741 5639 illaesi
1764 5588 1887 5641 abs-

319 5649 619 5705 trahuntur.
655 5649 786 5705 Vide
825 5649 1139 5719 Gregorium
1170 5652 1555 5721 Turonensem,
1580 5655 1617 5708 Ι.
1652 5656 1754 5710 ide
1782 5656 1887 5711 Μὶ-

752 5766 1021 5824 Ριτιιοι.
1054 5766 1216 5830 LXI.

1412 241 1503 301 DE
1528 244 1694 306 VITA
1719 247 1778 304 ὃ.
1801 246 2082 305 MARTINI
2121 247 2248 304 LIB.
2289 248 2374 303 Vl.

1918 360 1972 420 Α
1994 358 2358 427 Quisquamne
2385 358 2528 413 hunc
2558 370 2718 412 sensu
2746 354 2966 425 proprio
2983 358 3139 424 putet
3161 364 3280 407 esse
3306 350 3572 407 locutum?

3432 238 3567 296 1060
3599 315 3603 319 η

1997 444 2100 511 Qui
2122 446 2263 499 fatur
2289 460 2396 501 non
2425 452 2550 500 nota
2574 443 2695 509 sibi,
2720 442 2787 497 de
2808 441 3041 513 pectoris
3061 448 3217 494 antro

1995 534 2181 602 Mugit,
2205 542 2262 589 et
2289 533 2579 589 edomitam
2609 534 2776 589 ﬂectit
2798 530 3066 603 possessio
3096 530 3351 597 linguam,

1998 621 2067 677 Ut
2092 623 2307 678 chorda:
2328 623 2380 677 id
2399 633 2655 678 resonant
2674 632 2852 677 motus
2872 619 3015 690 quod
3035 620 3239 690 plectra
3260 626 3570 689 pererrant,

1992 708 2331 780 lmperioque
2356 712 2525 779 magis
2550 726 2836 766 nervorum
2868 710 2954 764 ﬂla
2983 710 3292 777 loquantur.

1993 798 2038 852 Ο
2057 798 2270 868 quoties
2298 807 2521 867 urgente
2556 799 2666 854 Deo
2689 808 2913 854 ventura
2939 798 3207 853 fatentur!

1992 884 2063 941 Et
2082 900 2310 955 quorum
2340 886 2611 942 oblectant
2634 902 2846 956 semper
2873 887 3152 941 mendacia
3181 882 3421 939 fraudem

1992 973 2276 1031 Extortum
2312 990 2343 1030 a
2372 975 2598 1031 Domino
2627 984 2892 1043 coguntur
2918 976 3099 1031 dicere
3132 989 3338 1039 verum,

1993 1062 2123 1128 Quze
2148 1079 2306 1134 pmna
2334 1072 2418 1120 est
2444 1064 2723 1119 manifesta
2752 1064 2917 1133 loqui,
2948 1064 3237 1134 prmceptio
3265 1076 3455 1119 vocem

1992 1153 2170 1221 Elicit,
2201 1164 2257 1210 et
2283 1156 2426 1212 cedit
2452 1154 2706 1211 mandato
2729 1170 2982 1227 oppressa
3014 1156 3280 1211 voluntas.

2062 1244 2326 1301 lllustrem
2352 1245 2549 1301 virtute
2576 1246 2745 1299 virum
2777 1245 2871 1299 sed
2901 1246 3137 1300 moribus
3166 1246 3320 1299 almis

1994 1332 2120 1389 Plus
2146 1336 2347 1391 clarum
2375 1350 2732 1405 magnumque
2763 1333 2863 1389 ﬁde
2890 1348 2996 1403 qua
3023 1334 3217 1389 celsior
3242 1342 3421 1390 exstat

1985 1423 2497 1496 Egidium,bostilis
2524 1424 2817 1479 vallaverat
2842 1424 3051 1493 agmine
3078 1423 3248 1477 multo

1992 1510 2228 1579 Obsidio,
2260 1514 2486 1580 objectis
2511 1529 2631 1583 qua:
2652 1515 2847 1569 mmnia
2872 1520 3115 1583 sepserat
3151 1512 3314 1567 armis

1995 1603 2205 1657 Auxilia
2231 1603 2545 1667 excludens,
2577 1611 2633 1658 et
2659 1604 2868 1658 clausos
2895 1604 3097 1658 viribus
3124 1616 3320 1671 urgens
3406 1674 3409 1677 _

1921 1719 1969 1779 Β
2001 1691 2068 1747 Ut
2092 1694 2269 1748 minus
2303 1694 2535 1748 obsessis
2563 1694 2764 1748 faceret
2790 1693 2978 1747 divisio
3006 1693 3190 1759 robur,

1998 1783 2107 1839 Nec
2131 1785 2279 1853 jungi
2302 1784 2367 1838 ad
2392 1785 2590 1839 bellum
2615 1785 2834 1839 socialia
2860 1792 3033 1838 castra
3063 1784 3268 1838 liceret.

1994 1873 2192 1928 Verum
2218 1874 2462 1943 praesidio
2492 1874 2701 1930 Domini
2729 1874 2936 1943 dejecta
2966 1871 3214 1941 fugantur

1994 1959 2177 2026 Millia,
2204 1970 2258 2017 et
2280 1976 2551 2031 egressum
2572 1964 2743 2033 portis
2777 1962 3138 2033 bipatentibus
3162 1975 3351 2031 agmen

1995 2050 2282 2107 Restaurat
2308 2053 2506 2109 solidas
2528 2069 2719 2109 securo
2751 2054 2992 2123 principe
3015 2053 3174 2108 vires.

1993 2144 2207 2202 Interea
2235 2148 2443 2218 trepido
2465 2149 2659 2203 vicinia
2688 2158 2877 2205 mtesta
2905 2164 3108 2219 pavore

1995 2232 2275 2292 Pallebant
2303 2239 2437 2292 tanti
2458 2240 2697 2309 proceris
2725 2240 3048 2305 discrimine,
3080 2247 3136 2296 et
3161 2238 3333 2295 omnis

1997 2324 2170 2381 Anxia
2198 2328 2469 2397 pendebat
2502 2331 2824 2401 populorum
2849 2347 2974 2387 cura
3002 2339 3308 2403 paventum,

1996 2414 2135 2471 Dum
2163 2421 2221 2471 te
2242 2417 2467 2488 quisque
2491 2427 2643 2489 putat
2670 2420 2895 2474 similem
2924 2420 3162 2489 perferre
3182 2418 3491 2490 procellam,

1995 2502 2163 2574 lnque
2191 2516 2299 2559 uno
2331 2514 2485 2561 nutat
2511 2507 2765 2577 quidquid
2786 2509 3031 2564 consistit
3069 2510 3123 2563 in
3149 2525 3278 2565 uno.

1997 2592 2140 2665 Ergo
2171 2594 2364 2664 aliquis
2390 2596 2531 2651 forte
2559 2613 2624 2653 ex
2653 2598 2757 2652 illis
2785 2614 2922 2669 quos
2951 2599 3142 2654 tetrior
3174 2599 3254 2654 ira

2000 2685 2261 2743 Traxerat
2286 2689 2354 2743 ad
2382 2699 2568 2746 votum
2593 2691 2844 2746 sorbendi
2872 2693 2926 2747 in
2956 2693 3101 2749 caede
3129 2695 3353 2760 cruoris,

1999 2777 2267 2850 Ριξθοίρὶιί
2288 2780 2354 2836 ad
2383 2790 2570 2837 nutum
2600 2782 2808 2838 Domini
2831 2786 2983 2852 quasi
3011 2787 3223 2842 turbine
3255 2794 3462 2857 raptus,

1999 2866 2419 2940 Praecedensque
2442 2872 2582 2927 citos
2608 2881 2757 2928 trans
2779 2872 2945 2928 ﬂabra
2975 2878 3030 2929 et
3056 2876 3237 2930 nubila
3263 2886 3454 2932 ventos

1998 2956 2285 3013 Gestorum
2311 2960 2504 3015 seriem
2528 2963 2739 3032 captivo
2763 2978 2795 3018 e
2822 2978 3049 3033 corpore
3076 2966 3356 3035 prompsit,

1928 3081 1973 3143 Ο
2002 3046 2289 3104 Obsidione
2318 3051 2504 3105 urbem
2534 3050 2765 3106 Martino
2792 3060 2981 3108 orante
3009 3054 3260 3123 solutam,

2000 3137 2176 3209 Atque
2204 3139 2377 3210 ipsum
2404 3140 2637 3196 donasse
2675 3141 2844 3197 Deum
2873 3143 3234 3213 populumque
3272 3142 3566 3216 ducemque

1994 3226 2121 3283 Mox
2148 3230 2319 3299 patuit
2337 3229 2618 3285 manifesta
2642 3230 2798 3297 fides,
2828 3233 3129 3302 seriemque
3153 3233 3401 3303 probavit

1992 3315 2115 3387 lpse
2140 3318 2273 3386 dies,
2304 3320 2495 3374 eadem
2525 3320 2657 3375 hora
2683 3320 2803 3390 fuit,
2830 3322 2963 3376 nihil
2992 3324 3180 3378 ordine
3210 3340 3386 3393 verso,

1992 3411 2330 3481 lnvitnmque
2356 3413 2566 3467 hostem
2593 3412 2780 3469 fallere
2806 3429 2962 3483 poena
2993 3416 3169 3484 coegit
3199 3416 3341 3487 (sic).

1996 3500 2069 3556 Ut
2094 3502 2310 3557 Balaam
2331 3504 2551 3574 cupiens
2578 3504 2789 3560 Domini
2815 3506 3136 3562 maledicere
3172 3509 3386 3577 plebem

1995 3590 2363 3661 Extorquente
2386 3594 2496 3649 Deo
2518 3602 2714 3649 cretum
2744 3595 3015 3649 benedixit
3042 3606 3311 3651 ovantem.

1994 3681 2149 3737 llaud
2178 3684 2284 3738 alio
2312 3685 2631 3754 penitusque
2650 3686 2766 3755 ipso
2790 3700 2971 3741 rerum
2996 3687 3184 3743 ordine
3207 3690 3355 3744 venit

1994 3771 2241 3837 Nuntius,
2270 3773 2412 3827 illam
2440 3774 2630 3830 urbem
2659 3783 2805 3829 tanta
2834 3776 3112 3833 obsidione
3132 3779 3383 3846 solutam,

1995 3864 2334 3935 Praecipitem
2360 3866 2679 3923 Rhodanum
2706 3869 2854 3923 molli
2874 3883 3034 3938 quem
3062 3879 3228 3940 ponte
3262 3872 3489 3943 subegit,

1994 3955 2063 4010 Et
2080 3956 2256 4025 junxit
2276 3957 2514 4027 geminas
2536 3972 2778 4013 conuexo
2808 3959 3017 4015 tramite
3044 3961 3238 4030 ripas,-

1996 4045 2067 4102 Ut
2095 4048 2295 4103 siccum
2322 4047 2588 4117 praeberet
2615 4049 2733 4113 iter,
2764 4050 2911 4117 quod
2940 4051 3205 4119 puppibus
3234 4052 3418 4119 instat,

1995 4138 2235 4208 Desuper
2258 4147 2315 4195 et
2339 4153 2525 4208 presso
2563 4145 2756 4193 nutans
2782 4139 2865 4193 via
2894 4140 3091 4208 pendet
3117 4141 3169 4194 in
3198 4156 3375 4197 amne.

1992 4229 2144 4286 Hanc
2170 4246 2385 4300 quoque
2410 4232 2657 4300 praesenti
2685 4232 2919 4287 sociatus
2939 4240 3124 4288 sancte
3154 4241 3383 4304 patrono

1992 4318 2186 4392 Eripis,
2218 4330 2274 4376 et
2294 4322 2440 4390 cogis
2471 4323 2734 4392 trepidum
2762 4330 2853 4378 tua
2870 4333 2996 4379 vota
3022 4324 3182 4380 fateri

1919 4447 1974 4506 Β
1995 4411 2123 4479 Quae
2147 4414 2314 4468 nollet
2343 4414 2539 4469 donata
2567 4415 2684 4480 tibi,
2714 4431 2838 4470 reus
2863 4425 3021 4483 astat,
3050 4427 3105 4473 et
3131 4419 3278 4477 Euro

1996 4504 2156 4560 Ocior
2182 4504 2413 4560 admissa
2443 4513 2640 4575 aptatae
2664 4506 2959 4575 specularia
2984 4509 3144 4563 cadis

1995 4594 2122 4650 Haec
2148 4610 2362 4664 quoque
2396 4596 2652 4650 discussis
2676 4594 2930 4665 patefecit
2954 4597 3189 4653 calculus
3214 4599 3382 4664 horis,

1993 4682 2116 4754 ipso
2144 4693 2203 4739 ut
2231 4701 2316 4739 res
2346 4685 2549 4748 docuit,
2584 4686 2850 4754 completa
2885 4694 2940 4740 et
2967 4687 3176 4755 prodita
3203 4698 3421 4759 puncto.

2063 4773 2181 4829 Jam
2209 4791 2337 4830 vero
2366 4789 2491 4843 erga
2514 4790 2701 4829 omnes
2726 4776 2930 4830 curatio
2956 4786 3156 4846 quanta
3186 4780 3424 4837 medelas

1994 4863 2110 4917 Non
2145 4862 2443 4917 medicante
2465 4879 2645 4925 manu,
2675 4878 2781 4917 non
2803 4879 2965 4918 succo
2995 4866 3155 4921 allata
3183 4870 3401 4936 salubri,

1993 4954 2103 5008 Nec
2130 4953 2259 5008 ferri
2282 4969 2537 5023 perpessa
2572 4954 2762 5023 aciem,
2791 4969 2889 5010 nec
2911 4958 3165 5023 graminis
3187 4961 3454 5028 haustum,

1995 5043 2187 5099 Ulcere
2214 5058 2313 5097 nec
2327 5051 2537 5112 raptum
2558 5043 2780 5101 resoluti
2801 5045 3069 5115 sulphuris
3085 5048 3281 5117 ignem,

1993 5133 2099 5190 Sed
2127 5135 2292 5189 verbo
2322 5134 2622 5190 medicante
2648 5135 2837 5201 ﬂuens,
2868 5146 3121 5208 recteque
3160 5143 3384 5210 probata

1991 5225 2255 5295 Praecipiti
2289 5227 2482 5280 virtute
2510 5226 2641 5279 ﬁdes
2660 5242 2778 5295 qua:
2806 5230 3050 5284 cominus
3076 5241 3257 5286 astans

1992 5312 2270 5378 Omnibus,
2302 5315 2511 5379 invitat,
2545 5315 2778 5382 trepidat
2799 5316 2925 5371 dum
2952 5328 3108 5372 sanat
3134 5320 3378 5389 adeptus.

1991 5402 2090 5458 llic
2111 5405 2236 5458 caeci
2272 5404 2463 5471 ignota
2484 5412 2805 5474 stupuerunt
2829 5423 3051 5464 munera
3073 5409 3226 5477 lucis,

1992 5515 2182 5568 raculis
2221 5515 2477 5577 Martini,
2519 5532 2563 5568 ι’.
2597 5515 2651 5581 2,
2682 5516 2772 5571 ubi
2812 5517 2925 5573 hmo
2973 5526 3028 5572 et
3072 5519 3348 5586 sequentia
3377 5524 3556 5578 omnia

1993 5591 2144 5708 gestit:
2169 5594 2372 5708 nitri-at,
2413 5593 2622 5656 sumpta
2651 5602 2719 5644 ex
2747 5586 2883 5643 libro
2912 5586 3121 5642 Paulini
3142 5596 3319 5657 sexto,
3353 5599 3412 5647 ut
3432 5592 3569 5664 ipsc-

1993 5668 2079 5708 me
2146 5668 2203 5708 es
2230 5668 2259 5706 a
2288 5670 2369 5708 ur.

1993 5668 2104 5709 met
2124 5668 2369 5709 tesmtur.

2971 5768 3046 5827 3't
