4066 6192
475 265 495 317 l
506 260 606 313 067

472 380 566 435 Hic
584 375 813 431 alacrem
829 380 1042 425 cursum
1063 370 1310 435 vegetato
1335 372 1565 430 corpore
1594 352 1794 421 claudi,

470 468 567 523 llic
596 478 734 521 nova
758 459 966 517 collata:
992 456 1141 512 vocis
1169 448 1477 508 discrimina
1496 446 1678 503 surdi:

469 556 621 625 Quod
639 566 811 610 causa:
836 546 1113 605 attulerint
1137 543 1362 607 cladem,
1396 548 1479 595 tot
1503 537 1646 593 dona
1665 533 1892 591 salutem

472 646 794 707 Restituunt,
826 652 1038 707 semper
1062 632 1235 705 pinnis
1263 627 1596 686 numerosius
1617 630 1760 679 astat

470 733 799 795 Praesidium,
830 738 1173 799 praesensque
1203 720 1352 789 fugat
1381 718 1549 773 tutela
1578 714 1859 787 periclum.

472 822 699 892 Bxperta
724 826 805 875 est
832 823 1037 871 tantam
1065 809 1356 882 paralytica
1382 806 1534 873 virgo
1563 801 1829 858 medelam

475 915 719 969 Afficiens
738 911 961 965 miseros
981 907 1139 973 longo
1163 914 1395 959 mmrore
1414 904 1684 968 parentes.

474 1004 711 1072 Namque
731 1013 948 1056 omnem
976 994 1339 1050 membrorum
1364 1002 1522 1045 usum
1551 983 1808 1042 violentia
1836 981 2009 1037 morbi

378 1150 381 1153 ,
476 1095 795 1159 Abstulerat,
825 1088 1138 1158 cunctisque
1164 1083 1322 1140 simul
1343 1086 1671 1153 przemortua
1702 1073 1881 1132 nervis

476 1184 764 1238 Exanimes
790 1178 1004 1250 penitus
1032 1173 1215 1230 stratis
1237 1171 1499 1240 rejecerat
1523 1174 1694 1236 artus,

476 1276 540 1331 Et
557 1275 671 1331 solo
690 1274 876 1329 vivens
902 1267 1104 1339 gemitu
1132 1264 1421 1335 spiramine
1448 1260 1590 1316 fesso

478 1365 542 1422 Et
568 1365 701 1420 flatu
727 1363 920 1430 exiguo
948 1356 1284 1414 stomachum
1309 1352 1587 1422 quatiebat
1616 1346 1902 1412 anhelum,

479 1456 607 1512 llaec
628 1452 800 1509 sancti
827 1450 893 1505 ad
919 1448 1168 1504 meritum
1187 1444 1435 1523 manibus
1458 1440 1632 1497 delata
1664 1446 1944 1508 parentum

481 1546 710 1616 Propter
737 1541 967 1598 vicinum
986 1538 1156 1610 jacuit
1181 1533 1485 1593 miseranda
1504 1529 1839 1601 sepulcrum;

482 1635 703 1690 Alterno
731 1645 876 1685 nunc
904 1643 999 1684 ora
1023 1626 1203 1696 rigant
1229 1623 1468 1681 rorantia
1495 1618 1648 1685 fletu,

482 1724 646 1794 Inque
668 1723 839 1779 vicem
865 1718 1034 1779 effuso
1064 1718 1420 1789 lacrymarum
1447 1710 1665 1767 ﬂumine
1693 1714 1922 1763 certant.

484 1816 756 1871 Permovit
775 1816 1022 1867 sanetum
1050 1804 1357 1867 clementia,
1388 1802 1478 1856 vix
1501 1798 1635 1855 levis
1656 1804 1805 1851 artus

484 1903 748 1971 Attigerat
773 1898 999 1953 miseros
1025 1891 1292 1950 benedicti
1321 1896 1497 1946 tactus
1520 1884 1668 1949 olivi,

485 1991 760 2048 Exsiluere
777 1985 960 2059 pedes,
990 1981 1140 2038 nervi
1167 1992 1445 2048 sumpsere
1472 1975 1731 2045 vigorem,

486 2081 553 2137 Et
572 2081 745 2139 valida
774 2085 988 2149 optatos
1016 2079 1303 2131 senserunt
1331 2067 1552 2124 brachia
1574 2072 1773 2131 motus,

487 2171 800 2237 Erectseque
818 2178 1009 2221 manus
1037 2160 1215 2230 digitis
1237 2159 1414 2213 lusere
1434 2155 1644 2211 solutis.

489 2257 692 2313 Gaudia
720 2252 999 2311 confestim
1027 2247 1207 2304 miseri
1232 2246 1411 2301 votiva
1436 2247 1743 2312 capessunt,

491 2349 558 2403 Et
580 2348 671 2401 vix
698 2352 811 2400 tam
833 2340 1024 2413 trepidi
1052 2337 1276 2394 credunt
1300 2347 1417 2405 qum
1448 2330 1671 2386 credere
1698 2325 1925 2381 malunt.

495 2435 730 2489 Mutatur
756 2444 940 2485 rursus
968 2427 1132 2481 facies
1159 2422 1383 2479 meliore
1410 2432 1604 2473 sereno

494 2520 562 2575 Et
590 2533 725 2573 nova
750 2513 1019 2587 perspicui
1045 2511 1258 2580 rapiunt
1282 2504 1539 2561 miracula
1566 2500 1764 2556 vultus.

566 2583 815 2662 Attamen
853 2583 998 2656 haud
1044 2599 1202 2666 longa
1242 2596 1345 2651 hoc
1376 2592 1624 2647 meritum
1684 2584 1921 2644 servavit
1964 2583 2065 2638 ho-

1771 2676 1991 2750 [nestas.

497 2783 597 2851 Qui
619 2795 759 2835 nunc
778 2774 1002 2833 assiduis
1022 2772 1321 2828 onerabant
1346 2769 1529 2825 limina
1552 2768 1711 2834 votis,

496 2868 830 2942 Spondentes
855 2863 1087 2920 celerem
1110 2868 1234 2931 post
1255 2858 1470 2929 prmmia
1496 2864 1641 2910 tanta
1664 2869 1962 2920 recursum,

504 2969 671 3029 .\tque
696 2958 913 3026 inopum
939 2958 1208 3021 sumptum
1234 2963 1358 3002 mox
1381 2946 1662 3014 largitione
1683 2942 1963 2998 levandum

502 3048 744 3106 Muniiice
768 3060 904 3116 quos
932 3050 1149 3098 sanctus
1168 3041 1282 3105 alit,
1310 3038 1574 3105 vestitque
1594 3034 1847 3090 sacerdos

500 3143 820 3197 Consuetam
849 3136 1073 3190 devotus
1098 3147 1255 3200 opem
1285 3129 1409 3185 dum
1441 3135 1661 3199 prmstat
1683 3126 1886 3195 egenis,

503 3228 868 3299 Expensisque
888 3224 996 3278 suis
1016 3222 1228 3277 ditescit
1247 3227 1493 3289 prompta
1512 3219 1779 3273 voluntas.

506 3320 706 3388 Anguis
733 3324 794 3371 ut
820 3314 1022 3383 antiqui
1050 3313 1228 3367 dirum’
1246 3326 1472 3380 rapuere
1493 3325 1784 3375 venenum,

506 3410 679 3476 Atque
708 3404 847 3459 idem
872 3416 1093 3471 serpens
1122 3400 1214 3469 qui
1242 3399 1509 3467 quondam
1539 3407 1781 3455 suaserat
1800 3396 1963 3451 Evam

507 3498 614 3552 llos
643 3508 856 3565 quoque
880 3490 1115 3546 consiliis
1142 3488 1300 3544 simili
1328 3489 1495 3543 livore
1520 3487 1715 3554 coegit.

506 3584 808 3653 Neglectam
831 3578 1039 3634 calcare
1068 3576 1243 3642 ﬁdem,
1272 3576 1398 3631 dum
1423 3591 1590 3645 prava
1616 3575 1864 3631 voluntas

506 3672 754 3728 Consiliis
783 3669 990 3724 addicta
1018 3666 1173 3721 malis
1200 3666 1410 3721 diversa
1442 3665 1719 3720 volentum

509 3762 690 3817 Paruit
719 3760 900 3815 infelix
925 3757 1064 3813 fteda
1091 3756 1158 3810 ad
1182 3756 1456 3812 mendacia
1485 3757 1680 3821 verbis,

508 3855 793 3907 Immemor
819 3848 1043 3917 inspecti
1071 3847 1392 3917 penitusque
1420 3847 1585 3900 oblita
1616 3844 1833 3907 favoris,

509 3941 734 3995 ldolicos
770 3938 963 4008 repetit
984 3950 1185 3991 vesano
1214 3943 1432 4006 pectore
1460 3937 1612 4001 ritus,

510 4027 831 4096 Dispositum
861 4024 1085 4079 mutavit
1110 4023 1230 4085 iter,
1263 4029 1612 4090 vegetamque
1641 4022 1871 4092 puellam

510 4116 726 4171 Auctori
754 4116 878 4169 vitae
905 4112 1156 4179 abripuit,
1187 4110 1411 4178 diroque
1438 4109 1633 4163 latroni

512 4204 740 4267 Dedidit,
765 4203 1005 4269 ingratus
1027 4197 1169 4261 fidei,
1201 4195 1298 4251 sed
1323 4195 1565 4252 subditus
1592 4196 1754 4252 hosti.

510 4294 705 4346 Verum
736 4289 826 4342 ubi
846 4284 1064 4341 tartarei
1093 4283 1279 4338 feralia
1303 4283 1455 4338 busta
1479 4285 1690 4354 tyranni

511 4382 727 4435 Eminus
754 4377 962 4447 aspexit
987 4375 1223 4443 deceptae
1244 4374 1461 4441 virginis
1480 4389 1651 4440 error,

512 4465 776 4531 Concidit,
804 4471 859 4519 et
886 4463 1027 4518 dono
1056 4462 1191 4516 tanti
1213 4461 1443 4530 spoliata
1474 4462 1684 4530 patroni

510 4557 730 4613 Addicta
758 4562 841 4614 est
866 4552 1096 4624 propriis
1122 4551 1257 4607 eliso
1285 4565 1513 4621 corpore
1538 4551 1760 4616 morbis,

513 4647 691 4701 Donec
716 4651 956 4699 sanatam
986 4642 1296 4697 dominante
1323 4642 1503 4711 priore
1524 4641 1754 4709 puellam

514 4733 651 4789 Mors
680 4742 893 4803 raperet
917 4732 1184 4801 duplicata
1219 4731 1392 4793 malis,
1416 4738 1471 4784 et
1497 4730 1676 4784 debita
1704 4730 1897 4798 pmnis,

506 4824 677 4890 Quam
704 4823 891 4879 melius
918 4830 1079 4876 tantm
1107 4821 1438 4876 recolentem
1466 4819 1607 4874 dona
1635 4819 1855 4874 medelas

513 4914 586 4966 Ad
619 4913 781 4966 vitam
810 4918 1066 4964 aeternam
1089 4908 1173 4963 vel
1204 4922 1439 4977 praisens
1460 4908 1569 4963 vita
1596 4917 1859 4975 vocasset,

512 5004 635 5061 lure
656 5012 714 5058 ut
739 5002 1028 5071 evangelici
1049 5000 1380 5055 meminisset
1406 5000 1622 5056 credula
1648 5002 1798 5056 verbi

510 5093 627 5160 Quo
650 5093 855 5161 jussum
884 5090 1095 5144 Domini
1122 5096 1365 5145 sanatum
1395 5104 1616 5144 munere
1641 5103 1854 5144 servum

511 5183 795 5239 Peccatum
816 5181 989 5235 vitare
1017 5193 1201 5243 suum,
1239 5193 1307 5233 ne
1332 5194 1519 5233 rursus
1548 5179 1601 5233 in
1629 5179 1804 5248 ipsum

512 5274 784 5342 Pergeret,
813 5278 871 5326 et
895 5270 1105 5337 culpam
1141 5284 1298 5336 paena
1324 5270 1570 5337 graviore
1599 5269 1793 5338 piaret.

512 5363 780 5418 Interdum
809 5359 1035 5429 injustas
1053 5357 1198 5426 justo
1228 5370 1436 5413 terrore
1461 5359 1644 5426 coegit

516 5452 774 5507 Virtutem
802 5449 1000 5509 sentire
1026 5447 1155 5513 Dei;
1188 5463 1310 5501 nam
1341 5460 1482 5516 saepe
1502 5439 1735 5501 rebelles

512 5542 565 5595 Si
598 5539 831 5594 nondum
854 5546 1123 5608 praecepta
1152 5542 1364 5602 regunt,
1392 5535 1476 5588 vel
1507 5535 1729 5589 verbera
1755 5546 1970 5605 cogunt.

578 5630 712 5685 Cum
734 5630 909 5687 subito
939 5626 1215 5699 pavefacta
1242 5634 1387 5682 metu
1416 5625 1661 5694 graviore
1684 5628 1800 5696 (sic)

1668 241 1730 297 Β.
1769 238 2043 295 PAULlNl
2086 229 2690 291 PETRICORDIENSIS

2057 354 2105 412 Α
2132 348 2488 404 Auxiliatores
2514 348 2789 413 pateretur
2810 337 2981 395 Gallia
3003 334 3243 400 Chunos,

3569 215 3710 271 {063

2137 435 2272 490 Nam
2299 434 2503 489 socium
2521 431 2612 485 vix
2639 428 2780 483 ferre
2801 439 2969 496 queas
2995 423 3088 494 qui
3116 417 3299 477 durior
3322 419 3480 474 hoste

2140 525 2348 592 Exstet,
2376 530 2433 578 et
2455 533 2722 576 annexum
2747 516 2923 572 fmdus
2949 514 3159 568 feritate
3180 510 3427 581 repellat.

2140 611 2345 668 llorum
2363 624 2501 665 unus
2523 605 2751 662 stimulis
2778 600 2963 657 furiosi
2991 597 3253 653 damonis
3272 604 3422 651 actus

2143 701 2337 770 Irrupit
2354 710 2563 753 sacram
2590 691 2799 748 Domini
2829 687 3011 760 praedo
3039 686 3312 757 improbus
3338 683 3530 746 :edem,

2144 791 2270 848 lnde
2288 791 2459 846 altare
2486 787 2582 843 Dei
2609 798 2795 854 gressu
2817 790 3080 837 temerare
3105 776 3332 848 profano

2143 887 2337 948 Ausus,
2368 891 2426 938 et
2452 881 2646 936 intuitu
2675 874 2883 932 furialia
2898 880 3025 929 vota
3051 879 3286 934 secutus,

2144 973 2389 1046 Abripuit
2414 978 2653 1027 sanctam
2683 964 2891 1021 tumulo
2915 962 3150 1017 vellente
3178 972 3429 1016 coronam

2146 1067 2274 1134 Qua:
2296 1062 2547 1119 meritum
2572 1057 2744 1114 sancti
2770 1061 2992 1125 propter
3017 1050 3304 1121 conjuncta
3326 1047 3573 1112 docebat.

2145 1156 2396 1225 Emgians
2420 1153 2565 1207 illam
2590 1162 2751 1219 quam
2776 1145 2991 1200 Christo
3010 1142 3186 1210 judice
3214 1140 3442 1209 sumpsit

2148 1248 2462 1316 Fulgentem
2487 1239 2745 1308 astrigera
2774 1235 2896 1291 coeli
2922 1232 3164 1289 sublimis
3183 1231 3239 1285 in
3267 1243 3409 1291 arce,

2148 1338 2257 1395 Sed
2276 1346 2493 1391 sensere
2513 1328 2651 1386 oeuli
2673 1326 2907 1396 culpam,
2936 1322 3080 1392 quod
3107 1318 3292 1376 nuntia
3317 1316 3495 1373 cordis

2152 1424 2377 1481 Lumina
2406 1423 2738 1491 perspectam
2765 1413 3049 1468 voluerunt
3074 1409 3309 1464 condere
3340 1402 3600 1476 praedam.

2151 1514 2350 1570 lntuitu
2372 1506 2616 1581 peccavit
2650 1518 2837 1569 ovans,
2862 1515 2963 1556 nec
2983 1512 3206 1554 cernere
3230 1496 3401 1566 quivit

2152 1604 2282 1672 Quae
2307 1600 2503 1671 rapuit,
2530 1596 2788 1665 liquitque
2815 1590 3019 1654 oculos,
3045 1589 3318 1646 subtracta
3344 1585 3615 1655 voluptas,

2083 1712 2129 1771 Β
2152 1693 2410 1749 Obsessos
2428 1684 2631 1756 gemuit
2654 1684 2799 1738 visus
2825 1680 2976 1750 quasi
3004 1686 3167 1734 nocte
3191 1676 3401 1741 diurna,

2154 1780 2219 1836 Et
2242 1774 2574 1836 circumfusae
2608 1784 2855 1842 quarens
2881 1767 3073 1822 solatia
3102 1765 3235 1820 lucis

2152 1870 2401 1925 Vicinum
2425 1863 2596 1920 doluit
2623 1858 2855 1915 tenebris
2881 1856 3184 1911 densiseere
3209 1854 3402 1909 solem.

2155 1958 2292 2028 Quid
2313 1963 2496 2027 stupet
2523 1958 2798 2023 aspectum
2827 1948 3003 2004 subita
3026 1947 3255 2015 caligine
3281 1946 3515 2001 clausum
3530 1944 3555 1996 ἲ

2156 2051 2273 2106 Jam
2301 2058 2428 2104 tunc
2452 2058 2625 2101 aecus
2652 2049 2768 2097 erat
2790 2039 2930 2094 male
2952 2053 3070 2093 eum
3102 2036 3357 2106 rapienda
3382 2034 3621 2089 videbat.

2158 2139 2358 2195 Verum
2386 2134 2475 2189 ubi
2504 2129 2763 2201 quaerenti
2784 2128 2987 2183 crimen
3009 2125 3213 2181 detexit
3231 2125 3425 2190 amico,

2157 2226 2224 2281 Et
2252 2220 2590 2296 percontanti
2614 2216 2833 2272 nudavit
2859 2222 3009 2282 gesta
3037 2212 3229 2277 sodali,

2162 2314 2516 2381 Przegressum
2542 2322 2637 2363 seu
2666 2312 2825 2360 nocte
2844 2300 3035 2358 ducem
3061 2305 3288 2367 cogente
3310 2308 3523 2354 secutus

2164 2399 2413 2457 Dissimili
2440 2396 2594 2467 petiit
2620 2391 2903 2448 benedicta
2923 2389 3112 2443 altaria
3138 2400 3287 2453 voto,

2174 2488 2453 2544 Edomitus
2476 2484 2585 2555 jam
2614 2482 2766 2538 clade
2796 2494 2911 2543 sua,
2940 2478 3268 2547 propiorque
3288 2474 3445 2531 saluti

2168 2579 2463 2636 Confessus
2488 2573 2769 2630 commissa
2791 2584 2938 2636 reus,
2967 2582 3131 2636 seque
3155 2567 3270 2637 ipse
3290 2565 3488 2621 salubri

2166 2670 2374 2727 Judicio
2401 2667 2658 2722 damnare
2683 2662 2889 2726 volens,
2921 2657 3180 2713 meruisse
3206 2656 3417 2711 videtur

2168 2763 2306 2817 llinc
2329 2760 2566 2821 veniam.
2594 2754 2738 2825 quod
2764 2768 2823 2808 se
2856 2764 3071 2821 poenam
3095 2748 3353 2802 meruisse
3379 2745 3595 2800 fatetur.

2170 2854 2499 2920 Compensat
2518 2842 2795 2917 plectenda
2835 2840 3006 2903 dolor,
3038 2851 3293 2909 perversa
3318 2834 3594 2891 reformat.

2172 2940 2381 2995 Amissa
2408 2944 2468 2991 ut
2493 2935 2691 3004 capiat,
2718 2930 2880 2987 sumit
2899 2943 3014 2994 sua,
3044 2941 3162 2997 quae
3181 2925 3323 2991 tulit,
3349 2924 3524 2981 offert.

2178 3029 2326 3084 Mens
2351 3039 2605 3097 perversa
2632 3020 2815 3077 habuit
2841 3032 3075 3089 pinnam,
3097 3029 3357 3072 conversa
3381 3013 3667 3071 medelam.

2239 3117 2335 3172 Ast
2362 3115 2498 3171 alius
2525 3112 2724 3169 eadem
2751 3109 2939 3165 sitiens
2965 3106 3253 3162 violentior
3276 3106 3353 3160 ira

2167 3206 2418 3263 Daemone
2444 3201 2697 3259 fervidior
2723 3199 2815 3271 qui
2836 3206 2993 3267 capto
3027 3197 3081 3251 in
3112 3210 3339 3266 corpore
3365 3194 3575 3253 clausus

2169 3298 2430 3353 Tartareo
2457 3294 2711 3348 miserum
2733 3288 2967 3345 furiosus
2990 3287 3112 3356 jure
3150 3285 3447 3356 premebat,

2172 3387 2405 3444 Percolit
2431 3386 2709 3439 obsessum
2745 3379 2959 3435 funesto
2980 3394 3010 3434 a
3036 3378 3284 3433 daemone
3308 3390 3526 3445 corpus,

2177 3477 2401 3547 llospite
2428 3482 2539 3528 tam
2569 3471 2689 3525 diro
2716 3476 2872 3524 tanto
2899 3467 3168 3523 crudelior
3194 3466 3364 3521 hostis

2172 3566 2646 3637 Sanguineumque
2669 3573 2855 3616 ensem
2875 3556 3118 3628 perfosso
3145 3556 3198 3610 in
3220 3564 3443 3625 pectore
3466 3552 3673 3609 mersit.

2174 3659 2371 3715 Verum
2400 3654 2691 3726 persistens
2718 3651 2923 3707 insania
2957 3648 3043 3704 vel
3067 3647 3217 3702 furor
3244 3646 3385 3701 idem

2174 3750 2521 3821 Spumantem
2546 3744 2784 3815 gladium
2812 3751 3087 3797 rorantem
3108 3749 3164 3795 et
3186 3739 3445 3807 sanguine
3464 3737 3712 3793 dextram

2174 3837 2347 3893 Vertit
2374 3837 2427 3891 in
2457 3843 2696 3890 actorem
2720 3831 2939 3887 sceleris
2962 3830 3052 3884 vix
3081 3829 3227 3885 czmle
3252 3834 3489 3898 peracta,

2177 3926 2241 3982 Et
2267 3926 2497 3981 latebras
2522 3923 2655 3977 tanti
2683 3920 2899 3977 sceleris
2920 3934 3172 3975 mucrone
3198 3917 3417 3973 resolvit

2178 4020 2255 4073 Ac
2282 4017 2487 4071 facinus
2510 4013 2651 4068 male
2676 4021 2998 4081 conceptum
3016 4024 3115 4079 per
3135 4008 3339 4063 viscera
3358 4004 3571 4075 qurerit,

2177 4108 2346 4173 Quam
2372 4105 2477 4160 cito
2496 4102 2753 4172 judicium
2778 4100 2939 4156 velox
2962 4099 3192 4154 vindicta
3219 4096 3501 4167 probavit,

2177 4195 2246 4251 Et
2269 4209 2328 4250 se
2351 4209 2473 4250 cum
2503 4192 2597 4247 tali
2622 4189 2855 4245 admisso
2882 4202 3114 4257 propera
3148 4186 3279 4241 ultio
3304 4185 3501 4253 junxit.

2180 4286 2289 4341 Nec
2314 4284 2594 4355 quisquam
2616 4280 2746 4336 dura
2773 4280 2873 4334 ista
2901 4284 3068 4347 putet,
3098 4290 3219 4331 cum
3238 4290 3407 4344 pauca
3434 4274 3678 4329 timorem

2180 4374 2341 4443 Signa
2363 4376 2582 4436 acuunt,
2612 4383 2768 4439 paena
2796 4373 3035 4422 exterret
3052 4404 3066 4430 ,
3099 4363 3324 4418 formido
3347 4362 3553 4418 medela
3574 4372 3678 4416 est.

2106 4444 2160 4503 Ῑ)
2251 4464 2510 4520 Ornatum
2531 4461 2733 4517 sanctis
2761 4458 3020 4513 altaribus
3044 4456 3239 4510 addere
3266 4454 3506 4523 gaudens

2182 4556 2437 4613 Certatim
2462 4553 2689 4623 populus
2715 4549 2893 4605 studio
2919 4547 3243 4617 properabat
3268 4554 3539 4598 ovantum.

2181 4647 2378 4701 Verum
2406 4658 2525 4697 eum
2554 4641 2803 4711 pulchras
2830 4638 3035 4691 molitio
3068 4644 3215 4689 tanta
3236 4634 3511 4688 columnas

2182 4736 2437 4791 Tentaret
2456 4732 2627 4791 sancti
2669 4728 2960 4784 transferre
2987 4727 3052 4781 ad
3078 4727 3260 4781 limina
3282 4724 3493 4793 templi:

2179 4824 2406 4892 Quidam
2434 4831 2543 4877 tam
2570 4820 2812 4891 properis
2832 4826 3027 4874 caecato
3053 4816 3217 4872 corde
3245 4814 3514 4871 rebellans

2186 4913 2385 4969 Obvius
2413 4914 2490 4966 ire
2520 4917 2674 4981 parat
2696 4909 2781 4964 vel
2811 4908 2936 4961 talia
2966 4914 3142 4975 coepta
3170 4904 3369 4959 morari

2183 5005 2442 5059 lnstinetu
2472 5000 2732 5070 impulsus
2750 4998 2933 5052 furiosi
2959 4995 3215 5050 daemonis
3233 4993 3395 5047 audet
3422 5010 3436 5044 :

2183 5093 2404 5161 Insuper
2434 5089 2588 5145 uxori
2612 5088 2865 5142 minitans
2891 5085 3032 5155 quod
3059 5083 3270 5140 fletibus
3289 5083 3405 5151 ejus

2183 5182 2465 5252 Expletum
2490 5186 2739 5248 pensaret
2767 5193 2922 5245 opus,
2945 5190 3064 5231 eum
3090 5175 3228 5229 forte
3256 5173 3559 5243 propinquo

2184 5271 2329 5325 Rure
2355 5268 2598 5323 habitans
2620 5267 2840 5334 qumsita
2879 5265 3029 5334 operi
3056 5265 3410 5319 instrumenta
3433 5261 3678 5316 dedisset.

2184 5358 2294 5413 Nec
2312 5370 2461 5411 mora
2480 5393 2494 5416 ,
2524 5366 2571 5409 el
2609 5355 2660 5407 in
2690 5354 2839 5423 parvi
2868 5352 3002 5407 vada
3031 5366 3129 5421 per
3156 5350 3389 5405 lucentia
3413 5350 3516 5404 rivi

2185 5446 2451 5515 Prmcipiti
2472 5444 2710 5513 dejectus
2731 5458 2890 5513 equo,
2925 5458 3027 5497 non
3058 5443 3295 5511 repperit
3318 5441 3453 5495 ullas

2185 5538 2313 5604 Quae
2344 5545 2562 5607 possent
2584 5550 2810 5605 pronum
2839 5549 3029 5603 corpus
3051 5530 3363 5601 demergere
3387 5531 3651 5602 lymphas.

2186 5627 2502 5699 Mergendus
2526 5627 2771 5697 quaesivit
2798 5640 2963 5695 aquas
2990 5623 3248 5694 tenuique
3274 5622 3478 5680 ﬂuento
