4066 6192
335 191 474 250 1069
1449 187 1539 245 DE
1573 190 1736 248 VITA
1770 190 1826 248 S.
1872 190 1941 247 Ml

1990 190 2157 250 RTINI
2197 193 2326 251 LIB.
2358 192 2449 251 VI.
3456 201 3596 261 1070

331 302 578 360 Incubuit
595 304 852 370 moriens,
878 318 1013 375 quas
1034 307 1307 373 presserat
1332 301 1515 359 hausit
1542 319 1771 369 arenas;
1950 308 1995 365 A
2021 304 2129 360 Nec
2157 305 2290 361 mihi
2316 305 2589 363 mendacis
2612 307 2871 378 pulsanda
2897 310 3115 367 oracula
3144 308 3355 379 Plnmbi,

332 394 679 464 Naufragium
703 396 820 451 sine
850 410 1029 467 puppe
1056 396 1226 467 rapit,
1255 394 1372 452 sine
1398 395 1619 452 flumine
1646 410 1879 467 gurges:
2022 393 2131 450 Nec
2150 394 2505 450 contictarum
2526 395 2730 467 plectra
2749 400 3109 469 exspectanda
3122 414 3389 456 sororum.

334 483 647 552 Agnoscunt
665 485 932 543 elementa
957 487 1146 555 Deum,
1176 486 1251 542 nil
1278 488 1491 544 casibus
1516 485 1642 545 inde
2021 481 2130 537 N03
2150 482 2286 539 alter
2308 485 2517 554 repleat
2544 494 2707 542 tanta!
2735 487 2802 543 ad
2843 490 3108 559 praeconia
3154 490 3326 547 laudis

336 571 456 627 Men
466 573 552 627 tiri
582 574 730 628 licuit
754 576 900 643 quod
916 576 1089 645 jussio
1114 576 1232 632 sola
1266 576 1497 647 peregit.
2021 574 2274 644 Spiritus,
2298 583 2355 629 et
2382 585 2568 632 nostro
2589 576 2681 632 det
2698 578 2860 634 verba
2888 588 2944 634 et
2972 581 3163 647 gaudia
3193 580 3365 636 cordi.

334 659 453 715 Non
484 661 602 717 illas
628 670 774 718 certe
798 664 1062 735 lacrymas
1087 672 1181 721 tua
1201 664 1390 720 funera
1410 664 1563 721 flenti
2025 662 2096 719 Ut
2119 679 2305 719 verum
2333 674 2555 722 cantare
2573 683 2767 738 queam
2784 711 2801 738 ,
2833 686 2953 726 mea
2975 672 3146 737 Musa,
3170 680 3430 744 patronus
3452 715 3478 740 ,

339 748 633 805 Praemissa:
658 764 878 807 movere
900 752 1061 807 minae
1081 793 1099 820 ,
1128 753 1226 808 sed
1245 752 1468 823 plangit,
1498 759 1560 808 ut
1583 758 1713 808 ante
2021 753 2109 810 Me
2138 753 2337 821 foveat,
2358 766 2681 829 vegetetque
2706 775 2887 817 meum
2906 777 3001 817 sua
3022 764 3193 831 gratia
3213 777 3459 831 sensum,

332 834 537 894 Ominis
564 840 713 895 exosi
741 847 895 896 vates
913 850 1140 897 ventura
1167 842 1423 898 canebas.
2022 845 2102 919 Ne
2118 846 2308 902 vincar
2336 847 2624 916 splendore
2652 853 2853 921 operis,
2880 868 2986 908 neu
3012 854 3214 909 lumine
3241 862 3395 911 tanto

332 925 601 984 Prmcedis
623 937 838 987 nostras
859 932 972 1001 jam
999 947 1108 987 non
1129 931 1466 1002 prohibendo
1488 929 1788 992 columnas.
2023 934 2257 991 Obrutus
2273 936 2553 994 instabiles
2580 941 2768 996 oculos
2787 957 2818 996 a
2848 943 2969 998 luce
2993 942 3286 1011 reflectant,

333 1016 443 1072 Nec
462 1018 604 1088 rapis
626 1028 875 1074 ornatum
905 1022 1127 1091 templo,
1156 1020 1414 1091 rapiende
1441 1020 1711 1090 sepulcro.
2025 1024 2420 1096 Perspicuoque
2440 1042 2630 1082 canam
2655 1028 2800 1084 celsa
2829 1038 2881 1085 et
2908 1033 3147 1087 caelestia
3174 1049 3359 1089 sensu.

334 1108 441 1165 Sed
460 1111 689 1179 populus
716 1111 923 1181 majore
953 1111 1057 1167 ﬁde
1084 1114 1311 1168 devotus
1349 1120 1405 1167 et
1431 1111 1641 1166 instans
2024 1113 2200 1171 Crede
2228 1115 2358 1182 Deo,
2390 1115 2615 1184 lecture,
2640 1119 2732 1188 pio
2756 1134 2877 1187 quae
2902 1122 3125 1178 credere
3144 1124 3302 1179 nobis

333 1197 672 1268 Praecipuum
700 1201 959 1257 celeravit
986 1217 1154 1272 opus,
1182 1202 1385 1256 virtute
1412 1202 1641 1271 probata
2025 1204 2291 1274 Ambigis,
2324 1213 2379 1261 et
2397 1205 2613 1262 Christo
2642 1219 2832 1262 cuncta
2856 1208 2969 1264 haec
2997 1211 3257 1279 proclivia
3276 1226 3469 1268 nosces

334 1286 595 1344 Iudicium
619 1291 866 1357 emicuit,
896 1306 1133 1361 praesens
1160 1292 1376 1348 devotio
1416 1292 1605 1348 crevit.
2025 1293 2157 1363 Quae
2176 1295 2346 1366 dedit,
2376 1305 2434 1352 et
2458 1298 2631 1353 sancti
2647 1298 2817 1354 titulis
2846 1313 3158 1356 accrescere
3180 1301 3360 1370 jussit.

334 1375 449 1431 Iam
492 1380 669 1448 posito
700 1388 907 1436 terrore
936 1382 1123 1451 legens
1144 1391 1390 1438 correcta
1421 1382 1638 1452 periclis
1658 1423 1675 1447 ,
2097 1384 2424 1456 Obsequium
2453 1387 2697 1443 solemne
2724 1390 2815 1459 pio
2844 1388 3057 1445 deferre
3076 1393 3365 1461 quotannis

335 1464 551 1522 Munera
582 1470 838 1539 praecipui
864 1472 1174 1527 numerabis
1201 1472 1397 1526 blanda
1424 1471 1673 1542 patroni,
2028 1476 2276 1532 Assuevit
2302 1478 2534 1547 populus
2553 1518 2570 1545 ,
2594 1479 2804 1535 reducis
2828 1496 2952 1536 cum
2978 1481 3210 1537 circulus
3238 1483 3365 1537 anni

335 1554 403 1609 Et
432 1566 556 1626 post
583 1573 899 1628 percussum
929 1560 1071 1615 victo
1100 1568 1355 1631 serpente
1379 1575 1645 1629 venenum
2028 1566 2297 1620 lnstaurat
2322 1581 2589 1622 renovans
2615 1576 2817 1623 sanctae
2844 1570 3100 1639 mysteria
3130 1569 3377 1638 Pascha;

335 1646 581 1703 Nectarei
611 1650 842 1719 primum
867 1666 1033 1707 succo
1059 1652 1315 1720 gaudebis
1339 1652 1502 1719 olivi;
1960 1674 2003 1731 Β
2028 1654 2222 1710 Invitat
2245 1656 2478 1726 propriae
2511 1658 2790 1712 veneratio
2818 1658 3046 1727 plurima
3074 1659 3224 1714 cellae

336 1736 491 1803 Quod
520 1740 733 1811 quoties
762 1741 933 1796 sancti
960 1742 1155 1798 vicinia
1174 1742 1361 1811 juncta
1385 1742 1620 1813 sepulcri
2022 1747 2152 1815 Quae
2172 1755 2283 1801 tam
2305 1748 2576 1818 praecipuo
2597 1749 2771 1818 patuit
2790 1747 2893 1803 fida
2922 1749 3137 1820 hospita
3166 1758 3376 1817 sancto.

337 1830 592 1886 Cominus
619 1833 858 1903 excepit,
886 1834 1114 1888 mutavit
1138 1848 1268 1888 vera
1295 1834 1560 1904 liquorem
2023 1839 2281 1909 Angelico
2299 1852 2548 1910 possessa
2572 1841 2719 1907 viro,
2751 1855 2923 1911 prona
2954 1856 3051 1897 ora
3079 1841 3396 1899 madescunt

338 1919 538 1987 Gratia,
570 1931 626 1977 et
653 1922 870 1979 advexit
889 1939 1151 1995 properas
1168 1924 1365 1980 festina
1393 1925 1653 1981 medelas.
2026 1931 2294 1999 Fletibus,
2324 1939 2381 1988 et
2399 1932 2649 2004 lacrymis
2675 1933 2849 1988 sancti
2877 1934 3101 2002 vestigia
3120 1943 3397 2004 quaerunt,

338 2009 606 2066 Pet-latum
636 2012 905 2069 obtulerat
924 2012 1051 2069 felix
1073 2016 1298 2070 antistes
1321 2016 1524 2070 olivum
2024 2024 2154 2089 Quae
2182 2024 2300 2079 loca
2327 2023 2613 2093 contigerit
2635 2023 2890 2092 psallens,
2921 2036 3041 2093 qua:
3069 2026 3327 2095 presserit
3354 2040 3535 2083 orans.

338 2097 684 2157 lncunctante
704 2102 807 2159 fide
834 2104 978 2174 quod
1004 2105 1224 2175 spiritus
1249 2106 1342 2161 ille
1369 2106 1592 2175 rigaret,
2024 2111 2164 2169 llinc
2192 2112 2502 2168 meminisse
2526 2112 2717 2167 volunt
2744 2112 2799 2167 in
2828 2126 2939 2182 quo
2966 2113 3216 2169 libaverit
3243 2128 3394 2171 escas

340 2188 403 2245 Et
425 2206 565 2246 nova
592 2193 830 2261 contigui
856 2191 1202 2263 perfunderet
1231 2209 1362 2249 aura
1382 2195 1602 2257 favoris,
2023 2201 2294 2258 lmmensa
2319 2202 2516 2270 exiguo
2538 2201 2726 2257 laxans
2742 2201 2945 2272 jejunia
2974 2211 3153 2270 gustu,

340 2283 633 2353 Perpetuus
660 2284 871 2339 Domini
897 2300 1004 2341 non
1032 2285 1206 2341 solum
1234 2287 1452 2342 nomine
1475 2286 1681 2351 cultor,
2024 2292 2246 2349 Caelesti
2269 2293 2470 2349 auxilio
2495 2294 2735 2349 excubiis
2760 2308 2880 2363 quae
2900 2294 3037 2350 cella
3057 2294 3293 2364 quietem

341 2369 404 2427 Et
431 2388 723 2443 praegressa
750 2375 823 2445 pii
853 2384 1067 2431 sectans
1095 2377 1344 2447 exempla
1375 2377 1637 2446 magistri.
2026 2382 2278 2448 Fovcrit,
2302 2391 2466 2452 atque
2487 2384 2708 2439 brevem
2733 2384 2989 2441 membris
3009 2385 3199 2454 largita
3221 2401 3472 2457 soporem

342 2464 497 2519 llunc
524 2481 646 2520 cum
674 2467 836 2522 vellet
862 2482 1023 2537 opem
1049 2476 1335 2524 veneratus
1364 2468 1504 2524 ferre
1529 2469 1689 2524 saluti
2025 2471 2321 2526 Sublimem
2348 2472 2494 2541 vigili
2514 2472 2775 2528 recrearit
2794 2473 3026 2542 imagine
3054 2483 3315 2529 mentem.

343 2550 742 2625 Expertumque
768 2556 969 2611 bonum
990 2558 1198 2614 cunctis
1226 2558 1482 2614 adhibere
1508 2559 1755 2626 medelis,
2027 2560 2144 2615 Huc
2165 2561 2422 2630 populum
2443 2560 2749 2631 congaudet
2774 2576 2945 2617 ovans
2969 2562 3269 2632 perducere
3295 2570 3504 2634 pastor.

344 2643 574 2698 Abrasus
603 2660 835 2715 propere
859 2646 1144 2703 benedicta
1167 2663 1200 2703 e
1227 2662 1498 2703 marmore
1538 2649 1713 2720 pulvis
2028 2649 2362 2704 Transfretat
2389 2659 2678 2720 exceptum
2704 2653 3007 2707 numerosis
3025 2653 3292 2724 puppibus
3319 2667 3511 2723 agmen

346 2734 623 2791 Admixtus
650 2745 838 2792 sancto
860 2737 1003 2793 vires
1030 2737 1328 2808 duplicavit
1359 2739 1505 2795 olivo
2027 2737 2097 2793 Et
2123 2739 2330 2794 fructus
2356 2740 2463 2795 sub
2488 2740 2663 2796 classe
2689 2741 2862 2796 latent
2888 2760 2902 2795 :
2932 2743 3040 2798 huc
3067 2757 3229 2798 sexus
3255 2751 3311 2800 et
3343 2752 3477 2800 aetas

348 2822 413 2877 Ut
434 2826 513 2879 sic
534 2840 784 2895 resperso
812 2826 985 2882 virtus
1011 2828 1282 2895 geminata
1310 2828 1513 2897 liquori
2028 2830 2216 2887 Omnis
2244 2832 2422 2900 adest,
2448 2846 2632 2887 vacuae
2660 2831 2903 2887 resident
2931 2835 3242 2891 custodibus
3264 2836 3408 2891 (edes

350 2914 575 2984 Augeret
606 2925 856 2971 contacta
886 2916 1069 2981 fidem,
1098 2918 1304 2973 sociata
1334 2920 1588 2976 salutem.
2028 2919 2097 2976 Et
2112 2923 2320 2979 cunctis
2338 2923 2547 2977 alterna
2561 2921 2690 2977 fides
2716 2924 3080 2992 penetralibus
3103 2932 3263 2979 astat.

350 3003 543 3059 Verum
572 3006 659 3061 ubi
684 3006 766 3061 vel
788 3006 1053 3061 modicam
1079 3007 1247 3062 sensit
1273 3008 1465 3062 vicinia
1491 3009 1683 3066 micam
1699 3047 1716 3075 ,
1961 3041 2005 3101 Ο
2103 3014 2315 3069 Interea
2338 3012 2516 3070 infuso
2550 3014 2741 3068 mortis
2766 3014 2855 3069 vel
2881 3014 3121 3070 criminis
3148 3021 3340 3070 auctor

349 3094 526 3149 Gratia
549 3104 857 3151 contactum
882 3097 1043 3152 velox
1062 3097 1342 3167 suspendit
1368 3099 1595 3168 olivum,
1969 3094 2003 3101 ’
2036 3106 2253 3161 Invidia:
2277 3106 2447 3161 livore
2474 3106 2908 3171 suasgconatibus
2937 3106 3052 3161 istis

352 3185 416 3240 Et
444 3194 621 3242 tumor
642 3187 919 3243 exundans
946 3186 1211 3253 efferbuit,
1239 3189 1390 3243 auxit
1407 3190 1687 3245 abundans
2037 3196 2239 3253 Obvius
2268 3197 2348 3253 ire
2373 3203 2557 3266 parat,
2589 3209 2889 3264 navemque
2916 3208 3199 3265 aggressus
3230 3207 3479 3252 onustam

353 3275 518 3347 Copia
535 3278 684 3347 quod
701 3294 885 3334 coram
908 3280 1120 3350 prolato
1145 3296 1369 3337 munere
1390 3282 1580 3337 crevit.
2037 3284 2317 3341 Fluctibus
2338 3284 2394 3339 in
2414 3283 2606 3340 mediis
2630 3290 2898 3354 vastoque
2917 3284 2971 3338 in
2994 3286 3203 3355 gurgite
3230 3287 3441 3352 mersit,

352 3368 555 3424 Celsior
575 3386 671 3426 ore
696 3386 795 3426 suo
823 3370 1036 3427 dill‘usio
1064 3372 1297 3427 claustra
1325 3371 1539 3442 rigavit.
2038 3374 2319 3430 Involvens
2344 3374 2454 3429 alto
2474 3374 2634 3430 simul
2654 3375 2835 3429 omnia
2855 3383 3008 3444 rapta
3036 3375 3302 3445 profundo
3319 3418 3337 3445 ,

353 3462 418 3516 Et
446 3470 626 3520 tamen
654 3464 932 3520 exundans
960 3482 1069 3521 non
1092 3466 1218 3521 fecit
1240 3467 1413 3534 gratia
1443 3466 1696 3521 damnum
2040 3466 2472 3537 Implicitumque
2501 3466 2721 3520 trahens
2747 3465 2978 3520 decursu
3011 3464 3247 3520 ﬂuminis
3265 3475 3477 3536 agmcn.

355 3550 419 3606 Et
454 3554 693 3623 subjecta
721 3552 908 3620 fluens,
938 3562 993 3609 et
1008 3570 1221 3624 semper
1241 3556 1400 3624 plena
1428 3556 1680 3625 repletis,
2041 3553 2211 3621 Quam
2222 3554 2432 3611 cladem
2454 3554 2802 3623 exspectabat
2813 3569 2998 3619 ovans,
3016 3563 3324 3625 quantoque
3352 3558 3622 3629 triumpho

355 3644 470 3698 Non
492 3646 721 3699 maculat
748 3660 982 3714 unquam
1010 3646 1255 3701 madidas
1276 3647 1391 3701 haec
1408 3647 1578 3716 gloria
1604 3655 1799 3702 vestes.
2041 3644 2251 3716 Optata:
2279 3645 2592 3700 numerabat
2611 3644 2799 3698 funera
2824 3644 3012 3698 mortis
3038 3644 3180 3714 (sic),

355 3734 610 3803 Majorem
640 3736 755 3789 h:ec
772 3736 1007 3790 retinent
1034 3737 1273 3805 inspecta
1303 3736 1451 3791 Siloa
1481 3737 1729 3803 nitorem,
2044 3737 2289 3793 Divulsos
2310 3736 2525 3805 rapiens
2550 3734 2815 3789 nutricum
2843 3749 2875 3788 a
2902 3743 3124 3803 pectore
3148 3749 3373 3804 parvos,

358 3822 483 3889 Quae
506 3833 677 3879 totum
706 3832 971 3879 testantur
992 3840 1147 3895 opus,
1180 3841 1287 3881 non
1312 3827 1498 3881 abluat
1524 3826 1665 3882 ullus
2044 3827 2471 3897 Dispergensque
2490 3840 2655 3895 vagas
2681 3839 2843 3894 super
2871 3824 3013 3878 invia
3041 3826 3237 3880 caerula
3262 3825 3480 3882 clades?

358 3916 487 3982 Qua:
508 3917 676 3971 virtus
698 3925 848 3972 tanto
873 3917 1071 3973 indicio
1100 3918 1397 3988 perscripta
1427 3919 1659 3985 notavit,
2046 3916 2144 3971 Ast
2168 3916 2274 3971 alio
2302 3930 2529 3970 cernens
2550 3929 2693 3968 nexu
2720 3914 2930 3969 cervice
2948 3923 3167 3981 gravata

358 4006 467 4060 Nec
491 4006 671 4061 clausa
692 4015 775 4061 est
800 4007 917 4061 laus
943 4008 1044 4063 ista
1078 4008 1219 4071 loco,
1243 4017 1446 4064 sectata
1469 4006 1655 4064 fideles
2046 4005 2288 4075 uergere
2314 4004 2625 4073 depressum
2653 4003 2799 4072 quod
2827 4003 3124 4058 strinxerat
3150 4003 3274 4059 ulna
3299 4005 3550 4073 cadaver,

359 4096 539 4151 Gratia
568 4099 822 4154 sublimes
840 4100 1026 4157 titulos
1048 4109 1103 4155 et
1131 4101 1184 4154 in
1198 4115 1323 4156 aera
1350 4102 1515 4158 misit.
2048 4098 2157 4153 llos
2182 4096 2395 4151 madida
2416 4096 2526 4165 jam
2547 4104 2697 4150 veste
2726 4095 2884 4160 trahi,
2906 4095 3001 4149 sed
3025 4111 3267 4165 qumrere
3288 4097 3485 4152 cmlum

359 4187 488 4256 Ipsa:
511 4189 672 4242 etiam
692 4190 864 4244 sancti
890 4191 1140 4245 meritum
1169 4206 1389 4247 sensere
1416 4191 1687 4261 procellae,
2049 4188 2273 4242 Lumine
2301 4194 2355 4242 et
2382 4187 2583 4241 infusas
2602 4190 2689 4240 vel
2708 4201 2979 4241 murmure
3004 4186 3208 4256 pellere
3236 4187 3498 4259 lymphas.

360 4276 644 4331 Grandinis
681 4288 736 4332 et
764 4286 940 4333 terror
959 4279 1198 4334 densatis
1221 4281 1451 4334 nubibus
1478 4280 1634 4334 hmsit
2118 4278 2329 4333 Interea
2358 4292 2584 4333 consors
2612 4276 2827 4331 Martini
2857 4276 2910 4330 in
2934 4277 3150 4331 nomine
3168 4277 3377 4333 clamor

361 4364 749 4436 Vastandisque
776 4368 914 4423 locis
946 4370 1264 4424 clementior
1292 4369 1371 4422 ira
1399 4369 1660 4437 pepercit.
1978 4415 2024 4437 ,κ
2053 4370 2316 4425 Auxilium
2339 4369 2554 4424 caeleste
2575 4369 2698 4433 ciet,
2730 4368 3089 4437 prosternitur
3114 4383 3276 4423 omne

431 4458 656 4525 Quidam
684 4459 959 4515 confidens
985 4476 1169 4516 veram
1191 4475 1250 4515 se
1275 4459 1417 4514 ferre
1444 4460 1695 4526 salutem,
1974 4456 2023 4474 ν
2053 4461 2273 4529 Vulgus,
2302 4465 2359 4513 et
2387 4458 2669 4512 humentes
2688 4458 2814 4511 fletu
2842 4456 3114 4527 perfundit
3134 4472 3346 4513 arenas.

362 4552 416 4605 Si
445 4551 733 4620 quidquam
763 4567 794 4606 e
832 4551 1003 4605 sancti
1032 4551 1271 4605 licuisset
1298 4550 1483 4605 limine
1508 4550 1694 4621 templi
2050 4549 2290 4604 Debebat
2313 4556 2423 4602 tam
2444 4548 2566 4602 laeta
2593 4547 2708 4601 dies
2728 4546 2982 4616 specialia
3010 4547 3215 4601 maestis

364 4643 444 4697 Ad
474 4643 744 4711 propriam
768 4642 979 4697 deferre
998 4642 1239 4708 domum,
1262 4642 1545 4697 benedicta
1572 4642 1801 4697 salubris
2050 4638 2255 4693 Gaudia
2273 4679 2288 4705 ,
2317 4647 2373 4693 et
2399 4637 2654 4693 eximium
2680 4636 2907 4691 solemni
2930 4636 2984 4690 in
3010 4643 3255 4706 tempore
3275 4652 3488 4696 munus.

364 4734 716 4803 Congaudens
736 4734 968 4788 famulus
996 4734 1237 4803 suscepit
1263 4735 1484 4803 praemia
1515 4749 1672 4791 certe.
2053 4728 2235 4784 Adfuit
2261 4730 2316 4783 in
2344 4729 2538 4785 mediis
2570 4727 2851 4783 confestim
2880 4727 3063 4783 mitior
3091 4728 3248 4786 undis

365 4828 597 4897 Experta
625 4834 707 4882 est
734 4826 915 4894 gavisa
942 4826 1072 4881 fides
1094 4826 1237 4895 quod
1265 4833 1485 4895 pectore
1510 4834 1627 4880 toto
2052 4818 2299 4888 Spiritus,
2331 4828 2387 4873 et
2403 4819 2532 4874 dira:
2558 4819 2737 4888 rapuit
2759 4818 2879 4886 jura
2902 4818 3146 4888 improba
3173 4821 3355 4875 morti.

366 4920 601 4975 Senserit
626 4918 883 4972 auxilium
914 4934 929 4970 :
960 4932 1084 4985 spes
1106 4923 1417 4987 exspectata
1444 4916 1661 4987 revixit,
2055 4912 2315 4983 Supendit
2338 4925 2473 4979 vaga
2498 4912 2736 4966 membra
2759 4910 2936 4980 liquor
2952 4911 3181 4967 solidata
3206 4913 3388 4983 saluti,

368 5009 551 5064 Evasit
577 5015 855 5079 protectus
890 5021 1016 5076 ager
1039 5007 1218 5075 jacula
1237 5007 1329 5061 illa
1357 5006 1582 5077 liquoris
2058 5005 2313 5076 Lymphae
2342 5013 2491 5059 artus
2511 5004 2761 5059 subvexit
2787 5003 2968 5074 aquis,
2999 5020 3107 5060 non
3140 5006 3246 5061 icta
3274 5014 3482 5070 natatu.

367 5101 564 5167 Saxea,
587 5109 642 5154 et
668 5102 903 5156 astricta:
928 5099 1170 5168 glacialia
1196 5101 1424 5154 verbera
1446 5099 1699 5170 lymphae,
2056 5096 2167 5153 Nec
2192 5097 2510 5167 permutatis
2537 5096 2741 5151 sulcata
2765 5105 2823 5165 et
2850 5098 3033 5153 saucia
3062 5098 3286 5169 palmis,

372 5194 447 5248 Ac
478 5192 681 5247 fructus
704 5193 915 5247 satione
948 5200 1133 5260 tegens
1159 5206 1278 5260 qua:
1304 5190 1521 5245 condita
1552 5198 1708 5245 terra:
2056 5186 2341 5242 Immotum
2368 5187 2598 5255 gestavit
2624 5202 2759 5242 onus
2786 5189 3022 5259 ripisque
3047 5190 3281 5254 revexit,

369 5281 620 5337 Extendit
640 5284 851 5352 patulos
878 5283 1058 5338 votiva
1085 5282 1152 5335 ad
1172 5282 1404 5351 tegmina
1432 5296 1631 5335 ramos.
2058 5279 2263 5335 Gaudia
2287 5288 2342 5335 et
2369 5278 2643 5334 advectam
2674 5288 3021 5335 numerarunt
3042 5281 3159 5334 laeta
3181 5281 3425 5334 salutem.

370 5372 637 5427 Indultum
659 5374 862 5442 stupuit
889 5373 1083 5428 vicinia
1110 5379 1303 5427 cuncta
1324 5370 1564 5426 favorem
2061 5371 2288 5440 Agnovit
2315 5379 2501 5425 natum
2531 5371 2783 5440 genitrix,
2810 5371 3031 5425 infantia
3058 5372 3220 5424 matri

372 5464 443 5517 Et
468 5464 639 5532 patuit
666 5465 809 5521 veris
831 5465 1003 5519 virtus
1028 5464 1138 5532 jam
1166 5463 1380 5531 cognita
1413 5461 1599 5530 signis.
2063 5463 2309 5530 llmsit,et
2332 5464 2585 5532 amplexu
2615 5465 2831 5532 genitor
2857 5479 2952 5519 sua
2982 5463 3204 5532 pignora
3227 5462 3378 5517 fovit.

447 5556 561 5609 Non
591 5570 692 5625 ego
715 5558 957 5617 centenis
985 5571 1199 5626 possem
1226 5556 1342 5610 haec
1371 5554 1640 5624 praeconia
1661 5551 1855 5621 linguis
2064 5552 2268 5618 Frater,
2293 5563 2485 5621 mater,
2514 5555 2698 5621 herus,
2732 5554 2979 5617 famulus,
3013 5560 3284 5619 matrona,
3317 5553 3645 5623 propinquus

375 5649 582 5705 Cuncta
605 5649 748 5720 loqui
774 5688 788 5719 ,
818 5659 910 5703 aut
938 5657 1117 5705 tantas
1136 5649 1395 5705 virtutum
1427 5647 1679 5704 evolvere
1706 5646 1911 5718 palmas
1941 5663 1954 5701 :
2061 5644 2270 5701 Collato
2298 5647 2477 5701 coiere
2502 5645 2689 5715 gradu,
2720 5654 3005 5716 gratesque
3026 5642 3290 5716 resultans
