4066 6192
477 232 612 287 1071
1721 229 1793 300 ιΒ.
1835 223 2103 278 PAULINI
2138 221 2334 277 PETRI

2169 221 2547 279 ’ETRICORDI
2559 222 2745 281 TINSIS
3598 222 3742 277 10‘?!

485 343 601 395 Vox
634 338 846 401 cecinit,
866 337 1170 405 sanctisque
1191 335 1358 391 Deum
1386 335 1621 390 laudavit
1646 336 1699 389 in
1726 335 1952 406 hymnis.

488 430 585 483 Vix
616 428 778 482 audet
803 426 1079 496 quisquam
1107 423 1387 481 confestim
1418 425 1639 479 credere
1668 424 1813 477 visis.

483 518 731 572 Consulit
754 525 809 572 et
834 516 996 571 dubio
1022 515 1340 586 trepidantia
1362 515 1560 568 lumina
1594 522 1743 581 voto,

483 605 596 661 Nec
623 605 791 661 fracta
818 616 900 663 est
927 613 1132 660 terrore
1161 603 1321 669 ﬁdes,
1349 611 1667 674 properatur
1687 603 1755 658 ad
1777 617 2023 668 amnem;

484 694 644 749 Ocius
673 695 935 751 instaurat
960 703 1173 762 vegetas
1195 708 1332 748 nova
1359 693 1527 761 gratia
1550 694 1712 761 vires,

486 784 605 839 Non
627 785 864 840 habitum
888 793 1094 839 mutare
1116 785 1319 854 placet,
1340 798 1461 839 cum
1488 784 1723 838 vestibus
1742 782 1954 838 hisdem

488 871 793 939 Exsultant,
821 873 1137 943 madidoque
1159 872 1287 927 ﬁdes
1314 887 1419 926 non
1451 872 1592 940 alget
1616 872 1840 927 amictu.

486 961 579 1016 Sic
604 963 717 1031 ripa
745 963 966 1016 ulterior
987 971 1135 1015 tanto
1157 962 1337 1029 gavisa
1363 961 1655 1030 triumpho,

486 1050 775 1105 Cantemus
796 1051 1023 1105 Domino
1050 1050 1172 1103 laeta
1198 1058 1251 1104 et
1278 1050 1512 1114 credula,
1544 1049 1678 1104 dixit
1709 1047 1850 1121 (sic),

490 1141 669 1195 Pncda
702 1141 863 1195 illaesa
885 1141 1046 1204 canit,
1077 1141 1382 1194 submersus
1410 1139 1591 1208 prade
1619 1139 1894 1194 remansit.

556 1234 695 1288 Ecce
716 1233 904 1286 iterum
940 1231 1197 1285 Dominus
1224 1230 1373 1285 scissi
1400 1228 1650 1284 Jordanis
1670 1230 1820 1284 hiatu

488 1324 723 1377 Divisum
754 1319 1004 1391 patefecit
1032 1321 1135 1374 iter
1153 1360 1168 1385 ,
1198 1321 1561 1390 populumque
1584 1335 1682 1389 per
1711 1333 1924 1375 amnem

486 1414 798 1479 Prngressze
820 1412 977 1480 jussit
1006 1426 1064 1466 se
1086 1411 1312 1479 jungere
1332 1412 1576 1467 cominus
1603 1426 1769 1476 arcte,

491 1506 571 1559 Ad
602 1505 801 1559 fontem
829 1518 1073 1558 remeans
1094 1504 1257 1557 vertit
1283 1518 1377 1558 sua
1407 1502 1624 1558 ﬂumina
1647 1515 1856 1572 gurges,

487 1596 555 1649 Et
581 1596 773 1650 sistens
794 1609 1009 1650 cursum
1029 1593 1226 1648 reﬂuus
1249 1594 1555 1663 properavit
1572 1594 1639 1648 ad
1659 1602 1856 1658 ortum,

483 1680 612 1740 llaec
640 1685 755 1739 loca
784 1684 1003 1740 calcatis
1024 1684 1252 1753 populus
1269 1684 1517 1753 protrivit
1537 1683 1716 1738 arenis

487 1776 674 1831 Navita
695 1791 811 1846 qua:
837 1775 1077 1846 trepidus
1098 1816 1114 1842 ,
1139 1790 1289 1830 remo
1309 1775 1537 1843 veloque
1564 1773 1821 1830 cucurrit.

489 1867 633 1934 Quas
664 1876 850 1930 terrm,
880 1866 1140 1935 pontique
1167 1866 1282 1920 vias
1307 1881 1415 1920 non
1445 1865 1673 1921 nominis
1695 1864 1855 1934 hujus

488 1954 669 2010 Gloria
691 1954 895 2027 pernici
924 1954 1225 2024 penetravit
1251 1954 1464 2009 concita
1499 1954 1639 2008 saltu
1663 1992 1681 2018 ,

491 2045 793 2114 Equoreas
815 2058 1027 2115 egressa
1056 2044 1189 2111 vias,
1213 2052 1269 2099 et
1297 2044 1479 2114 pervia
1507 2044 1712 2108 nautis,

489 2137 638 2193 Vasti
663 2138 820 2194 dorsa
849 2136 1010 2191 maris
1027 2135 1220 2191 validis
1247 2136 1471 2205 abrepta
1494 2135 1786 2205 procellis?

489 2228 689 2298 Puppis
715 2228 767 2281 in
797 2228 1037 2295 ignotum
1058 2226 1218 2294 longe
1245 2226 1421 2281 delata
1441 2225 1763 2296 profundum

490 2318 654 2373 Extra
682 2318 956 2373 hominum
976 2317 1270 2388 classisque
1289 2317 1405 2372 vias
1431 2325 1650 2386 torpore
1673 2316 1894 2385 ligatum

492 2410 741 2465 Turbinis
768 2409 999 2479 impulsu
1028 2423 1265 2478 praeceps
1293 2409 1560 2478 irruperat
1584 2422 1789 2476 aequor.

493 2498 778 2566 Egressum
804 2514 928 2568 spes
953 2498 1097 2553 nulla
1125 2497 1306 2553 dabat.
1333 2498 1467 2553 Nam
1504 2498 1650 2565 glute
1672 2496 1894 2566 liquoris
1946 2485 1953 2493 ’

493 2587 715 2642 lmmota
742 2588 1001 2641 absistens
1019 2596 1215 2655 pontus
1242 2587 1477 2641 tabulata
1507 2587 1724 2641 tenebat

492 2677 781 2732 Obsidione
802 2676 963 2730 maris
982 2675 1258 2745 cupientes
1276 2682 1400 2731 vota
1429 2677 1697 2746 procellae.

494 2769 689 2823 Verum
714 2767 859 2822 nulla
880 2767 1037 2821 datur
1052 2765 1261 2822 miseris
1288 2767 1436 2822 exire
1456 2776 1695 2838 potestas

493 2856 836 2926 Naufragium
859 2864 968 2910 tam
990 2868 1154 2924 segne
1177 2862 1322 2911 tenet
1348 2856 1465 2911 sine
1489 2858 1722 2914 motibus
1750 2858 1873 2915 ullis

495 2947 625 3014 Quae
652 2957 799 3003 natat
825 2948 877 3002 in
903 2948 1093 3019 pelago
1110 2963 1222 3004 non
1250 2956 1473 3013 enatat,
1505 2949 1671 3006 haeret
1700 2951 1753 3005 in
1780 2950 1936 3008 undis

493 3035 817 3095 Detestanda
843 3039 996 3107 quies
1023 3046 1219 3107 pontus
1245 3040 1390 3109 quod
1416 3042 1642 3097 sustinet
1661 3043 1858 3109 obstat,

493 3127 603 3184 Nec
628 3130 776 3183 vehit
804 3128 1035 3198 impulsu
1064 3144 1325 3198 puppem,
1349 3145 1450 3186 nec
1481 3132 1664 3187 sorbet
1690 3132 1857 3186 hiatu.

494 3218 681 3289 Eﬂugii
707 3221 793 3274 via
824 3221 967 3274 nulla
998 3229 1166 3289 patet,
1197 3236 1321 3275 nam
1349 3230 1529 3276 servat
1554 3222 1610 3277 in
1638 3224 1793 3279 undis

494 3310 769 3366 Fluctibus
806 3310 1078 3364 astrictam
1108 3319 1329 3378 torpens
1358 3311 1601 3366 custodia
1629 3313 1895 3382 praedam.

496 3403 629 3472 Spes
651 3410 735 3456 est
763 3416 866 3457 una
896 3401 1055 3470 Deus,
1080 3402 1223 3457 solus
1244 3417 1575 3472 quaecunque
1600 3406 1823 3472 creavit,

496 3493 563 3551 Et
590 3496 742 3564 regit,
776 3494 1057 3564 imperium
1088 3504 1303 3549 servant
1322 3496 1586 3551 elementa
1607 3497 1857 3563 creantis,

496 3585 578 3641 Ad
607 3594 790 3639 nutum
812 3584 1021 3639 Domini
1044 3584 1236 3654 raptim
1260 3593 1528 3641 commota
1548 3587 1851 3657 quiescunt,

498 3676 744 3731 Insuetos
765 3683 942 3732 motus
970 3691 1202 3746 propere
1224 3678 1491 3747 torpentia
1519 3677 1755 3747 discunt,

499 3765 888 3836 Dispositisque
914 3767 1059 3835 prius
1079 3767 1240 3823 rebus
1268 3767 1361 3822 dat
1385 3769 1553 3836 jussio
1581 3770 1778 3838 legem.

568 3856 791 3924 Quidam
814 3871 1083 3912 rumorem
1106 3872 1265 3912 sensu
1293 3857 1517 3913 meliore
1539 3867 1757 3915 secutus

500 3949 713 4006 Martini
744 3950 929 4003 titulos
948 3948 1091 4002 fama
1118 3949 1370 4017 vulgante
1397 3965 1494 4019 per
1522 3950 1710 4005 orbem

499 4041 869 4110 Compereral,
893 4040 1158 4109 plenaque
1184 4040 1285 4107 piis
1312 4040 1567 4094 miracula
1590 4042 1755 4109 gestis
1772 4083 1790 4107 ,

498 4130 597 4185 llic
626 4139 849 4198 cogente
872 4128 1015 4183 malo
1043 4129 1214 4183 solam
1234 4136 1383 4183 ratus
1410 4144 1530 4183 esse
1556 4131 1783 4184 salutem

500 4224 579 4277 Ad
603 4237 787 4279 verum
822 4221 1057 4275 clamare
1077 4219 1265 4284 Deum,
1298 4221 1375 4274 sic
1400 4218 1537 4275 forte
1559 4230 1838 4291 precatus,

499 4314 577 4367 Ad
608 4314 800 4367 cmlum
825 4311 972 4365 visus
1002 4311 1354 4380 lacrymarum
1382 4312 1529 4367 fonte
1554 4313 1755 4380 rigatos

499 4403 697 4471 Erigit,
731 4410 892 4471 atque
919 4400 1089 4457 oculis
1113 4402 1293 4457 cordis
1313 4405 1606 4473 penetralia
1635 4405 1864 4474 jungens

497 4493 709 4563 Aspice,
739 4492 831 4558 ait,
860 4492 1086 4547 miseros
1113 4506 1237 4561 spes
1264 4508 1368 4546 una
1392 4502 1447 4547 et
1464 4509 1589 4548 vera
1608 4496 1824 4560 salutis,

500 4582 710 4637 Martini
734 4583 989 4637 miserere
1010 4581 1168 4643 Deus,
1197 4582 1287 4650 qui
1310 4590 1455 4636 tanta
1483 4599 1582 4652 per
1609 4584 1757 4637 illum

496 4674 747 4743 Sparsisti
774 4674 830 4727 in
860 4671 1070 4740 populis
1097 4671 1263 4726 divini
1283 4673 1433 4741 signa
1456 4672 1685 4737 favoris,

496 4763 562 4816 Et
585 4763 835 4817 meritum
855 4761 1053 4815 virtute
1075 4762 1310 4831 probans
1332 4761 1627 4816 extendere
1651 4768 1823 4817 terras

489 4854 704 4909 Jussisti
727 4853 907 4908 titulos
933 4852 1096 4919 etiam
1121 4862 1267 4908 trans
1286 4867 1499 4922 aequora
1523 4852 1715 4908 claros.

493 4945 588 5000 ille
619 4945 728 5000 suis
766 4943 939 5000 solvat
965 4943 1050 4997 vel
1081 4943 1227 4998 laxet
1253 4943 1461 4998 vincula
1492 4944 1688 5013 puppis

495 5034 788 5104 Suﬂragiis,
819 5042 976 5104 cogat
1002 5033 1199 5089 divisas
1224 5034 1416 5089 cedere
1440 5033 1714 5104 lymphas,

2092 339 2141 395 A
2168 333 2235 388 Et
2263 343 2466 390 tantum
2488 336 2702 392 ﬂuctum
2727 350 3001 392 rarescere
3027 336 3234 405 gurgite
3259 336 3431 406 ponti.

2164 422 2273 478 Nec
2292 439 2439 478 mora
2457 466 2473 491 ,
2503 433 2559 479 et
2585 425 2773 495 allapsi
2801 441 3029 497 propere
3055 427 3137 481 vis
3163 428 3392 481 maxima
3415 424 3562 481 venti

2163 512 2376 584 Expulit
2402 524 2668 584 arreptam
2689 516 2911 571 discisso
2940 518 3146 586 gurgite
3168 532 3381 586 navem,

2162 604 2231 658 Et
2253 606 2401 661 vexit
2428 606 2569 661 facili
2589 621 2750 675 super
2773 606 2913 660 invia
2940 606 3133 662 caerula
3160 604 3309 668 ﬂatu,

2163 691 2393 763 Moxque
2421 700 2674 762 exoptata
2695 702 2882 762 portus
2909 695 3141 749 statione
3161 693 3353 747 relovit
3369 733 3384 757 ,

2162 780 2389 836 Nomine
2414 781 2626 836 Martini
2648 790 2832 836 vectus
2859 782 3017 835 simul
3040 790 3202 848 atque
3222 790 3487 835 revectus.

2164 871 2493 939 Assiduaque
2521 869 2624 924 ﬁde
2646 870 2784 925 dona
2804 878 3022 925 exorata
3047 879 3319 937 canentes,

2164 957 2295 1024 Quis
2324 959 2538 1013 tandem
2562 959 2676 1012 hmc
2717 972 2879 1012 sensu
2903 958 3107 1026 capiat;
3140 958 3261 1026 quis
3284 957 3521 1011 carmine
3550 956 3737 1026 pingat

2164 1046 2293 1112 Quis
2334 1060 2617 1101 numerare
2646 1055 2846 1116 queat,
2876 1047 2995 1114 quis
3023 1046 3562 1115 promere?vincitur
3582 1060 3741 1101 omne

2164 1133 2458 1204 Ingenium,
2488 1135 2743 1189 cohibent
2771 1149 2981 1203 pressas
3007 1136 3272 1204 praconia
3300 1135 3527 1204 linguas.

2164 1224 2415 1279 Attamen
2438 1225 2658 1280 inferior
2686 1225 2855 1279 titulis
2881 1240 3018 1293 quos
3039 1225 3205 1293 gloria
3228 1226 3419 1288 comit,

2166 1314 2296 1381 Quae
2316 1323 2586 1385 comperta
2612 1315 2741 1369 mihi
2771 1316 2929 1369 toties
2951 1315 3035 1369 vel
3055 1316 3256 1384 scripta
3293 1314 3459 1382 relegi

2164 1403 2299 1460 Cum
2321 1404 2419 1459 fari
2444 1413 2503 1460 ut
2526 1405 2740 1474 dignum
2766 1412 2848 1459 est
2873 1446 2887 1471 ,
2915 1419 3196 1473 nequeam,
3227 1404 3311 1458 vel
3333 1413 3552 1473 tangere
3580 1404 3735 1459 nitar.

2236 1498 2461 1564 Quidam
2483 1498 2550 1552 de
2572 1506 2758 1552 sancto
2784 1504 3033 1566 repetens
3053 1511 3151 1550 sua
3179 1496 3360 1551 limina
3381 1497 3584 1565 templo

2169 1585 2478 1642 Praesidium
2505 1586 2687 1640 domui
2716 1585 2939 1640 credens
2962 1583 3155 1640 aﬂ‘erre
3183 1585 3371 1639 salutis

2095 1695 2143 1756 Β
2169 1673 2444 1729 Detulerat
2464 1688 2647 1728 secum
2673 1682 2911 1728 sanctam
2933 1674 3000 1727 ad
3026 1674 3318 1743 penetralia
3338 1687 3539 1739 ceram,

2168 1760 2365 1815 Fidens
2392 1760 2537 1829 quod
2565 1760 2697 1814 tanti
2717 1760 3020 1816 benedictio
3035 1760 3220 1830 juncta
3251 1760 3463 1830 patroni

2168 1849 2299 1904 Tam
2323 1849 2482 1919 justas
2508 1848 2631 1905 ﬁdei
2658 1850 2863 1906 meritis
2883 1853 3097 1907 virtutis
3118 1853 3351 1909 adesset.

2166 1936 2233 1993 Et
2257 1938 2368 2008 jam
2396 1946 2610 2009 tempus
2635 1949 2754 1999 erat
2780 1941 2933 2010 prodi
2958 1942 3279 1998 documenta
3308 1942 3527 1998 favoris.

2167 2025 2331 2082 Forte
2358 2042 2456 2097 per
2479 2028 2720 2099 elapsmn
2740 2041 2961 2100 serpens
2980 2032 3243 2088 incautius
3270 2032 3447 2100 ignem

2169 2116 2409 2173 Flamma
2435 2133 2603 2174 vorax
2620 2119 2762 2175 vires
2780 2134 2980 2190 augens
2998 2135 3097 2191 per
3120 2121 3315 2191 pabula
3338 2121 3467 2190 ligni

2171 2204 2407 2275 Urgebat
2421 2207 2533 2277 jam
2560 2209 2712 2265 clade
2739 2209 2978 2265 domum.
3005 2211 3180 2282 Vapor
3205 2211 3438 2280 undique
3461 2212 3517 2266 in
3545 2224 3704 2264 auras

2172 2295 2439 2352 Plurimus
2464 2297 2753 2353 undantem
2777 2300 3105 2369 glomerabat
3133 2302 3345 2357 turbine
3373 2300 3571 2356 molem
3593 2341 3607 2366 ,

2171 2386 2334 2442 Arida
2359 2388 2610 2444 sorbebat
2636 2390 2850 2461 rapiens
2869 2399 3031 2460 atque
3065 2392 3222 2447 obvia
3250 2392 3507 2457 lambens,

2072 2500 2079 2508 -
2172 2472 2242 2529 Et
2259 2476 2402 2531 solas
2425 2476 2671 2545 linquens
2689 2478 2758 2533 de
2786 2486 2933 2534 tanta
2961 2480 3113 2536 clade
3132 2480 3359 2535 favillas.

2176 2568 2289 2627 Nec
2311 2585 2433 2640 spes
2452 2570 2637 2639 eﬂugit
2654 2571 2873 2641 propius
2897 2572 3158 2643 ﬂagrante
3181 2572 3406 2643 periclo.

2175 2657 2428 2729 Sepserat
2452 2661 2764 2716 incumbens
2782 2669 3000 2731 propter
3024 2662 3319 2732 penetralia
3344 2671 3541 2728 terror,

2174 2748 2245 2804 Et
2270 2758 2377 2804 tam
2405 2750 2713 2819 contiguam
2731 2749 2905 2805 vicina
2929 2750 3166 2820 pericula
3187 2749 3445 2820 praedam.

2177 2840 2258 2895 Ad
2285 2849 2529 2896 sanctum
2557 2840 2769 2896 rediere
2795 2856 3004 2911 preces,
3033 2842 3268 2897 clamore
3296 2840 3438 2896 ﬁdeli

2179 2932 2443 2999 Poscitur,
2471 2940 2631 3000 atque
2651 2931 2849 2986 iterant
2876 2932 3077 2987 crebras
3097 2932 3313 2987 nomina
3333 2946 3495 2987 voces
3526 2932 3671 3001 (sic),

2183 3020 2301 3091 Ipse
2324 3022 2485 3076 herus
2503 3037 2744 3078 accensa:
2763 3022 3033 3077 rutilantia
3057 3023 3259 3077 lumina
3285 3038 3423 3079 cerae

2176 3111 2420 3181 Unguine
2448 3111 2585 3169 felici
2606 3113 2857 3168 blandam
2886 3113 3161 3169 fundentia
3188 3115 3361 3169 lucem

2171 3200 2498 3271 Praetrepida
2519 3202 2682 3257 velox
2703 3203 2846 3272 rapit
2872 3203 2939 3258 ad
2967 3203 3259 3272 penetralia
3284 3204 3472 3258 dextra
3488 3244 3504 3269 ,

2172 3292 2347 3360 Atque
2372 3292 2511 3346 inter
2529 3292 2732 3348 medias
2751 3300 2991 3347 statuens
3009 3293 3281 3360 ﬂagrantia
3304 3293 3545 3349 ﬂammas

2171 3381 2314 3450 Ignis
2341 3383 2599 3451 praesidiis
2627 3384 2897 3453 ingentem
2919 3385 3156 3454 reppulit
3177 3385 3370 3453 ignem.

2172 3472 2339 3530 Hmsit
2359 3476 2514 3530 turbo
2536 3474 2736 3542 furens,
2764 3483 3006 3531 vastator
3030 3476 3277 3546 protinus
3295 3478 3467 3533 hostis

2174 3564 2346 3634 Terga
2366 3565 2537 3629 dedit,
2560 3565 2870 3635 rabiemque
2900 3566 3037 3633 ignis
3063 3567 3289 3621 scintilla
3316 3565 3535 3636 fugavit.

2173 3654 2292 3710 Non
2320 3656 2392 3708 ita
2414 3656 2458 3708 si
2489 3662 2635 3710 totos
2653 3654 2909 3723 iecissent
2935 3656 3115 3711 nubila
3138 3657 3348 3712 nimbos

2174 3742 2415 3813 Desuper
2442 3743 2629 3800 infusae
2655 3752 2875 3814 possent
2899 3745 3155 3814 prodesse
3180 3746 3446 3816 procellae.

2175 3833 2281 3887 Aut
2307 3834 2351 3889 si
2375 3841 2647 3888 certanter
2671 3836 2972 3904 rapuissent
2992 3835 3208 3890 ﬂumina
3233 3845 3422 3901 cretus,

2175 3922 2409 3989 Quilibet
2437 3923 2554 3977 haec
2588 3924 2803 3992 quirent
2830 3925 3092 3981 exhausto
3119 3924 3335 3981 ﬂumine
3363 3926 3542 3982 fontes

2176 4013 2307 4067 Tam
2327 4013 2489 4068 celeri
2516 4022 2768 4082 praestare
2793 4015 2936 4070 bono
2965 4031 3125 4086 quam
3154 4031 3277 4073 vera
3304 4027 3543 4089 potestas

2175 4103 2315 4173 lgnis
2342 4104 2727 4173 praetrepidans
2747 4104 2939 4173 refugit
2970 4116 3065 4159 Sua
3095 4108 3287 4176 pabula
3316 4123 3469 4163 ceras

2177 4197 2495 4265 Alterosque
2524 4196 2671 4250 favos
2699 4211 2920 4251 consors
2951 4206 3139 4251 natura
3175 4200 3428 4267 pavescit.

2177 4286 2385 4341 Virtute
2412 4286 2668 4341 interimit
2699 4285 2966 4340 ﬂammam
2994 4302 3153 4356 quam
3183 4288 3384 4344 lumine
3408 4291 3577 4343 nutrit

2178 4377 2406 4433 Nectare
2432 4377 2717 4447 perSpicuo
2747 4374 2994 4431 redolens
3027 4376 3292 4446 pinguedo
3315 4378 3570 4446 liquores.

2103 4433 2159 4493 Β
2250 4468 2375 4524 Hmc
2405 4468 2589 4538 paucis
2618 4483 2776 4522 ausus
2804 4483 3031 4537 propere
3060 4483 3372 4538 percurrere
3398 4470 3576 4523 verbis

2176 4560 2391 4628 Signavi
2415 4559 2659 4614 indoctus
2687 4559 2886 4627 populo
2918 4558 3201 4627 relegenda
3231 4559 3395 4625 ﬁdeli,

2176 4652 2485 4706 Firmavere
2508 4650 2761 4705 humilem
2784 4659 2890 4704 tam
2915 4651 3135 4718 grandia
3164 4651 3352 4719 gaudia
3377 4667 3583 4716 vocem,

2176 4742 2305 4810 Quae
2331 4743 2523 4811 quaeris
2549 4740 2814 4809 descripta
2844 4755 3029 4810 parum
3061 4741 3328 4796 mirabere
3350 4750 3499 4809 gesta
3520 4784 3535 4806 ,

2176 4829 2382 4887 Suﬂicit
2411 4839 2466 4884 ut
2494 4846 2710 4886 carmen
2737 4839 2979 4885 temnens
3005 4832 3269 4899 prmconia
3299 4831 3471 4886 laudis

2174 4923 2260 4977 Nil
2288 4923 2445 4976 morti
2466 4923 2696 4987 licuisse,
2730 4922 2909 4991 palam
2938 4936 3060 4976 cum
3093 4923 3202 4976 vita
3227 4923 3503 4991 probetur.

2176 5016 2500 5085 Perpetuum
2530 5015 2656 5070 urbs
2683 5014 2957 5069 Turonum
2992 5013 3221 5069 Martino
3262 5015 3500 5069 antistite
3538 5019 3751 5085 gaudet.

517 5132 3717 5176 Μ

1846 5214 2409 5296 EPISTOLA

1325 5345 1393 5405 Β.
1430 5344 1753 5405 PAULINI
1790 5346 1897 5406 AD
1935 5347 2407 5409 PERPETUUM
2444 5347 2906 5410 EPISCOPUM.

492 5490 713 5548 Domino
760 5495 941 5541 sancto
985 5500 1046 5538 ac
1092 5482 1380 5557 beatissimo
1410 5490 1628 5551 patrono
1667 5483 1922 5554 Perpetuo
1959 5490 2074 5557 epi-

1048 5569 1198 5622 scopo
1228 5551 1492 5605 Paulinus.

559 5668 755 5722 lierato
783 5667 946 5723 asina:
968 5682 1063 5723 ora
1083 5664 1357 5721 reserastis
1382 5665 1472 5734 qui
1496 5663 1626 5719 mihi
1652 5665 1903 5735 loquendi
1934 5669 2064 5725 fidu-

2178 5492 2315 5544 ciam
2348 5488 2690 5558 praestitistis,
2736 5503 2855 5542 cum
2898 5488 3104 5556 objecta
3133 5504 3230 5543 ore
3272 5490 3325 5543 in
3360 5506 3426 5545 eo
3450 5491 3571 5546 loco
3601 5506 3754 5546 vere-

2172 5582 2397 5635 cundius
2426 5580 2642 5634 silentio
2688 5579 3102 5634 conticescerem
3129 5592 3295 5647 quam
3340 5581 3583 5649 imperita
3634 5597 3755 5636 ver-

2168 5672 2399 5727 bositatc
2444 5670 2725 5740 garrirem.
2775 5666 2881 5723 Sed
2926 5667 3119 5735 quaerit
3159 5668 3228 5724 de
3271 5669 3508 5740 sull'ragii
3555 5670 3753 5727 assidui
