4066 6192
342 373 480 431 1073

338 460 680 532 suggestione
724 477 739 517 :

337 560 524 607 Sancte
545 567 609 619 ac
628 551 954 615 beatissime,
973 551 1221 620 specialis
1241 553 1381 621 apud
1396 553 1674 607 Dominum
1688 561 1915 623 patrono

337 641 764 697 conversationis
841 641 1093 709 angelicae
1156 649 1212 695 et
1264 643 1573 711 apostolica:
1618 642 1914 711 dignitatis.

338 733 449 799 Ego
491 732 818 786 conscientia
864 740 1183 802 perurgente
1228 733 1559 787 credideram
1604 734 1768 789 etiam
1814 736 1920 790 hoc

337 822 496 877 fuisse
526 822 746 876 nimium
787 823 931 891 quod
958 832 1211 891 potueras
1241 829 1429 878 notare
1458 824 1834 888 temerarium,
1857 832 1919 878 ut

334 912 403 966 ad
442 913 585 967 illam
615 914 870 968 virtutum
901 922 1010 968 tam
1053 915 1387 984 perspicuam
1431 915 1727 971 claritatem
1758 915 1909 984 quasi

336 1000 714 1058 illuminandus
738 1001 1068 1068 accederem,
1099 1002 1379 1072 lucemque
1403 1010 1511 1057 tam
1540 1003 1741 1057 claram
1764 1010 1916 1057 tene-

335 1090 551 1146 brarum
580 1108 821 1147 mearum
861 1093 1001 1148 nube
1029 1093 1426 1161 restringerem.
1454 1091 1562 1148 Sed
1592 1093 1821 1161 benigne
1843 1092 1915 1147 de

336 1182 419 1238 his
457 1199 577 1255 quae
624 1185 943 1254 scripseram
993 1184 1273 1239 sentiendo
1307 1183 1592 1253 duplicatis
1628 1183 1912 1239 audaciam

334 1274 606 1345 iussione,
654 1282 713 1329 ut
750 1274 1041 1329 etiamnum
1079 1273 1153 1326 illi
1190 1273 1425 1344 parietes
1452 1273 1755 1329 consecrati
1783 1286 1909 1327 ver-

352 1399 3327 1425 Μ

1250 369 1341 426 DE
1378 370 1804 430 VISITATIONE
1842 375 2178 434 NEPOTULI
2216 380 2325 437 ευ]
2362 383 2660 443 CARMEN.

789 469 972 517 votum
1014 457 1283 552 loquendo
1330 463 1645 532 prodidere,
1694 466 1912 521 domine
1939 471 1992 529 Α
2014 487 2167 527 suum
2197 488 2442 531 meorum
2480 478 2659 533 ferant
2699 478 2886 535 lituras
2907 520 2924 547 ,
2953 483 3045 552 qui
3080 483 3148 540 ad
3176 486 3468 544 remedium
3495 492 3593 546 im-

3465 398 3604 456 του

2018 564 2326 622 becillitatis
2347 569 2856 627 imbuimur.Versns
2876 588 2972 643 per
2984 575 3407 635 dominissimum
3423 599 3599 638 meum

2018 656 2303 712 diaconum
2350 659 2488 715 sicut
2558 663 2925 731 praecepistis,
2975 665 3160 732 emisi,
3222 684 3357 737 quos
3409 675 3596 741 pagina

2020 749 2076 803 in
2124 750 2329 818 pariete
2376 760 2614 805 reserata
2671 755 2988 823 susciperet,
3037 758 3198 812 etiam
3246 760 3348 815 illis
3392 762 3459 816 de
3517 766 3596 817 vi—

2020 840 2275 896 sitatione
2303 841 2551 912 Nepotuli
2591 844 2695 898 mei
2724 861 2932 901 memor
2960 850 3093 903 tanti
3121 848 3318 907 favoris
3344 854 3598 922 adjectis,

2018 944 2178 1000 quem
2200 931 2383 985 charta
2418 931 2673 1002 inscripta
2692 936 3009 1002 virtutibus,
3039 947 3093 993 et
3122 956 3283 995 manu
3304 942 3597 997 beatitudi-

2017 1023 2100 1075 nis
2149 1028 2339 1076 vestrte
2388 1021 2683 1092 subscripta
2735 1035 3038 1083 sanaverat.
3082 1028 3268 1086 Vestra
3317 1034 3594 1101 praestabit

2014 1110 2190 1167 oratio
2227 1118 2288 1165 ut
2314 1111 2603 1167 credulitas
2627 1122 2838 1168 crescat
2874 1117 3115 1182 auxiliis,
3157 1128 3213 1173 et
3233 1134 3351 1188 quae
3376 1121 3596 1191 adipisci

2016 1200 2288 1269 cupimus,
2319 1200 2553 1256 scribere
2580 1202 2705 1270 quia
2733 1204 3115 1272 permittimur,
3147 1208 3418 1265 adeamus.

3347 1405 3592 1428 _-—

1214 1494 1642 1577 INCIPIT
1696 1489 2155 1576 VERSUS
2207 1487 2675 1570 PAULINI

788 1654 965 1764 DE
1049 1645 1961 1769 VISITATIONE
2033 1642 2736 1758 NEPOTULI
2823 1642 3088 1757 SUI.

334 1912 358 1939 ἰ
390 1904 559 1969 Quam
591 1898 855 1956 modicam
891 1899 1085 1953 stillam
1114 1906 1315 1969 quanto
1353 1904 1594 1953 torrente
1623 1896 1910 1967 rependis,
1943 1897 1990 1956 B
2012 1890 2155 1960 Ergo
2182 1892 2321 1946 inter
2345 1889 2550 1946 medios
2579 1904 2714 1960 quos
2741 1891 2902 1948 febris
2928 1901 3171 1949 moverat
3198 1894 3347 1965 ignes

331 1994 526 2045 Sancte
546 1990 715 2055 Deus,
748 1989 871 2043 licet
898 1988 1011 2057 ipsa
1033 1987 1188 2056 hujus
1209 1987 1294 2042 vel
1320 1986 1526 2055 guttula
1553 1986 1691 2041 roris

333 2083 375 2136 A
397 2091 450 2137 te
469 2089 577 2135 tam
601 2079 769 2135 sterili
790 2079 913 2133 data
938 2081 1011 2133 sit
1036 2079 1122 2132 vel
1151 2078 1386 2146 przestita
1414 2076 1582 2131 cordi.

330 2173 444 2227 Non
467 2172 551 2226 his
574 2170 843 2240 obsequiis
871 2177 980 2222 tam
1000 2169 1205 2238 largum
1228 2168 1424 2222 flumen
1446 2168 1656 2235 egebat,

329 2260 395 2315 Et
423 2260 597 2315 tenuis
622 2258 827 2313 levibus
854 2257 992 2312 foliis
1011 2258 1105 2327 qui
1125 2256 1319 2313 decidit
1340 2259 1533 2312 humor

328 2350 459 2404 Tam
486 2348 691 2420 profluo
720 2356 1007 2416 augmento
1036 2347 1236 2402 faceret
1257 2346 1381 2401 dum
1411 2347 1609 2401 labitur
1634 2345 1775 2400 amni

327 2440 460 2497 Cum
485 2440 653 2508 magis
680 2438 747 2493 ad
771 2452 952 2493 ramos
972 2437 1039 2492 de
1065 2438 1184 2508 rupi
1212 2446 1457 2508 surgeret
1475 2438 1687 2504 humor,

326 2531 461 2583 Dum
480 2529 656 2583 virens
677 2528 849 2582 fundit
870 2526 1182 2583 nebularum
1208 2528 1436 2581 stamina
1465 2541 1686 2595 gurges,

326 2620 753 2688 Contiguumque
781 2620 921 2688 rapit
948 2619 1133 2674 sitiens
1157 2620 1350 2674 vicinia
1382 2618 1549 2686 frigus

325 2708 489 2778 Inque
516 2710 632 2765 hzec
657 2717 807 2777 gutta
834 2724 981 2763 meas
1006 2709 1180 2778 tetigit
1208 2717 1316 2763 tam
1337 2708 1559 2779 prodiga
1578 2708 1759 2764 fauces
1776 2748 1791 2776 ,

324 2800 579 2869 Tangeris
608 2809 667 2855 ut
694 2816 930 2857 marmor
948 2800 1104 2856 solidi
1132 2802 1382 2871 crystalla
1411 2801 1623 2856 fluenti.

324 2890 590 2957 Quantum
615 2892 728 2946 hmc
753 2891 868 2947 sola
894 2892 1024 2945 mihi
1051 2889 1214 2946 ferret
1237 2892 1496 2961 patientia
1522 2892 1721 2949 donum

327 2979 393 3035 Ut
414 2980 614 3035 nullam
644 2982 903 3037 incideret
922 2982 1051 3036 felix
1077 2981 1298 3036 audacia
1328 2983 1562 3053 culpam.

321 3070 472 3129 Nunc
499 3088 627 3129 vero
650 3074 733 3129 his
752 3075 913 3129 etiam
934 3075 1231 3145 duplicaret
1258 3077 1428 3145 gratia
1453 3078 1619 3146 signis

324 3159 394 3215 Ut
417 3162 564 3217 nullo
592 3170 648 3217 te
675 3162 780 3218 fine
806 3178 1017 3231 canam,
1040 3164 1342 3220 venerande
1361 3164 1632 3232 sacerdos,

321 3250 437 3305 Non
466 3250 645 3307 finitur
661 3267 796 3323 opus
821 3269 928 3323 quo
956 3255 1213 3321 susciter,
1248 3254 1426 3310 addita
1446 3265 1713 3324 crescunt,

321 3339 447 3407 Quae
470 3341 775 3396 meminisse
789 3342 942 3412 jubet
968 3344 1150 3410 virtus,
1182 3345 1307 3399 dum
1332 3346 1572 3415 proditur
1590 3356 1749 3416 astat,

320 3428 470 3485 Tune
498 3446 646 3486 meas
666 3433 811 3487 visus
838 3432 1117 3504 lacrymas,
1150 3442 1207 3489 tu
1233 3435 1442 3491 fletibus
1462 3437 1567 3491 illis

318 3518 450 3575 Fers
472 3521 753 3577 miseratus
776 3538 956 3592 opem,
981 3532 1034 3578 te
1062 3524 1185 3579 vita:
1213 3525 1505 3581 altissimus
1533 3535 1719 3583 auctor

318 3608 590 3665 Exorante
616 3612 791 3679 gravis
812 3613 1029 3668 cohibet
1051 3614 1286 3669 lamenta
1317 3624 1568 3671 senectte.

320 3699 437 3770 Ipsa
465 3702 607 3756 salus
635 3704 799 3756 vitam
828 3704 1034 3757 revehit
1066 3723 1078 3756 :
1112 3704 1382 3773 dejecerat
1408 3718 1607 3773 aegrum

318 3789 386 3844 Et
412 3805 549 3861 pene
569 3793 867 3847 exanimem
894 3793 1068 3848 morbi
1091 3794 1171 3849 vis
1197 3803 1344 3849 tanta
1372 3804 1643 3864 nepotem,

316 3880 777 3950 Conjunctamque
798 3883 971 3937 eidem
996 3884 1227 3939 nubendi
1249 3884 1368 3954 lege
1393 3886 1643 3955 puellam,

322 3969 390 4025 Ut
409 3972 498 4025 vix
519 3971 631 4041 jam
662 3973 809 4027 tenui
837 3972 1105 4041 spirarent
1126 3988 1351 4043 corpora
1373 3976 1501 4029 llatu
1521 4016 1538 4043 ,

316 4060 425 4116 Nec
453 4069 633 4132 posset
658 4063 827 4117 solers
853 4071 1026 4119 tactus
1053 4063 1386 4134 deprendere
1410 4082 1575 4121 venas

316 4149 583 4205 Subtracti
612 4152 793 4221 pulsus
813 4151 904 4208 filo
934 4154 1216 4223 languente
1240 4156 1481 4211 latentes.

316 4241 400 4296 Me
427 4256 639 4312 quoque
666 4244 968 4299 submotum
1004 4247 1172 4315 pietas
1193 4248 1413 4302 arcebat
1440 4248 1506 4301 ab
1534 4249 1679 4302 omni

314 4329 499 4386 Officio
524 4350 535 4384 :
567 4347 785 4386 exosam
815 4334 1059 4389 vitabant
1084 4336 1283 4390 lumina
1308 4337 1505 4404 lucem,

315 4419 450 4473 Dum
478 4436 633 4490 poena
658 4430 741 4477 est
759 4424 1113 4493 quodcunque
1142 4424 1340 4479 vident.
1373 4426 1508 4495 Spes
1530 4442 1631 4481 una
1647 4430 1891 4498 paventis

312 4508 422 4563 Cor
448 4512 621 4580 tetigit
640 4511 869 4579 juvenis,
901 4529 1117 4568 causam
1140 4514 1395 4569 mandare
1423 4525 1679 4586 patrono,

312 4596 505 4652 Indnlti
534 4608 589 4654 et
611 4600 770 4655 toties
789 4602 991 4671 preprii
1016 4604 1320 4660 meminisse
1348 4604 1565 4661 favoris.

311 4688 490 4757 Nuper
513 4688 811 4757 contigerat
838 4692 1130 4759 perlectam
1157 4696 1405 4751 evolvere
1428 4696 1669 4752 chartam

309 4780 439 4845 Quae
468 4783 599 4835 tanti
626 4780 695 4834 ad
718 4790 927 4837 nosmet
947 4784 1124 4838 meriti
1147 4797 1482 4854 pervenerat,
1515 4790 1674 4845 index

306 4873 591 4925 lnnumera
620 4878 680 4925 ut
700 4871 846 4925 miris
867 4870 1095 4942 fulgeret
1120 4877 1289 4943 gratia
1319 4879 1504 4947 signis,

304 4960 470 5025 Queis
494 4960 749 5015 Dominus
768 4961 885 5015 veri
912 4963 1160 5017 meritum
1197 4974 1421 5020 testatus
1450 4968 1633 5032 amici,

305 5052 545 5106 Ornabat
568 5060 815 5108 sanctum
840 5069 938 5123 per
958 5054 1098 5109 dona
1126 5055 1383 5111 immensa
1419 5062 1742 5127 sepulcrum.

307 5140 431 5196 Hice
456 5142 606 5211 signa
634 5144 855 5199 antistes
879 5145 1066 5198 dextra
1098 5145 1402 5214 signaverat
1428 5148 1568 5203 alma

311 5234 642 5301 Pearnuus,
675 5236 808 5290 tanti
829 5235 1042 5304 gavisus
1067 5237 1221 5292 laude
1242 5241 1501 5307 magistri.

307 5323 456 5380 lianc
478 5325 637 5393 igitur
656 5326 898 5380 chartam
924 5327 1013 5381 vix
1035 5327 1228 5395 linguai
1256 5345 1530 5386 murmure
1556 5348 1743 5403 parvo,

306 5414 652 5470 Incunctante
679 5415 780 5470 fide
798 5433 919 5488 spes
947 5433 1055 5472 non
1082 5419 1284 5474 incerta
1312 5425 1578 5492 poposcit.

307 5505 551 5559 Exanimi
572 5506 753 5574 juveni
782 5509 923 5564 vires
950 5509 1139 5567 fiducia
1169 5510 1312 5566 fandi

309 5594 589 5660 Pnestitit,
622 5605 677 5651 et
703 5597 897 5653 fessam
922 5598 1125 5657 laxavit
1150 5603 1322 5670 gratia
1351 5602 1608 5673 linguam.

382 5757 403 5779 λε
430 5744 494 5800 lli
542 5762 723 5803 versus
752 5749 903 5803 valde
933 5754 1169 5817 corrupti
1210 5765 1361 5807 erant
1391 5755 1442 5809 in
1471 5764 1651 5812 vetere
1680 5758 1887 5817 codice.

2000 1981 2272 2036 Virtutum
2300 1981 2505 2051 palmas
2531 1982 2811 2037 stomacho
2838 1982 3115 2052 conjunxit
3143 1985 3339 2042 anhelo
3358 2028 3375 2053 ,

2002 2071 2070 2127 Et
2094 2072 2275 2142 rapuit
2300 2072 2592 2127 recolendo
2626 2071 2784 2127 fidem
2809 2088 2928 2142 quae
2958 2074 3171 2143 scripsit
3199 2075 3251 2129 in
3278 2075 3408 2146 ipsis

1999 2164 2226 2221 Condita
2252 2166 2545 2221 visceribus
2572 2165 2830 2235 quidquid
2854 2167 3104 2222 conclusa
3127 2170 3342 2237 tegebat

1999 2254 2228 2325 Pagina,
2257 2264 2313 2311 et
2339 2254 2406 2309 ad
2431 2262 2614 2310 votum
2633 2256 2793 2310 velox
2827 2254 3090 2311 medicina
3116 2258 3371 2312 cucurrit.

1999 2346 2393 2416 Exiluitjussus
2416 2355 2562 2401 tanta
2587 2346 2655 2401 ad
2681 2348 2935 2402 miracula
2959 2348 3122 2403 sudor
3143 2387 3159 2415 ,

1999 2436 2182 2494 Crevit
2204 2446 2260 2493 et
2284 2439 2352 2492 ad
2373 2452 2653 2493 numerum
2678 2438 2811 2491 tanti
2840 2452 3056 2507 quoque
3083 2439 3318 2495 muneris
3342 2440 3477 2495 ordo

2000 2525 2071 2581 Ut
2097 2527 2380 2583 scribendo
2409 2526 2567 2581 fidem
2593 2526 2781 2582 faciam
2801 2543 2960 2596 quam
2983 2530 3181 2598 scripta
3202 2539 3470 2586 retentant
3496 2548 3510 2587 :

1999 2615 2115 2670 Non
2139 2624 2245 2669 tam
2276 2616 2479 2686 pernici
2507 2615 2838 2685 suspendunt
2859 2618 3075 2673 succina
3096 2618 3235 2674 saltu

1998 2706 2279 2762 Festucam
2302 2706 2411 2761 feni
2438 2708 2597 2762 vicini
2617 2707 2762 2776 glute
2783 2710 3024 2778 vaporis,

1998 2798 2168 2865 Quam
2191 2798 2327 2854 citus
2349 2798 2416 2852 ad
2438 2798 2677 2852 chartam
2710 2799 2995 2855 madefacti
3022 2801 3265 2871 corporis
3288 2801 3479 2859 humor

1996 2888 2248 2943 Mandato
2277 2888 2584 2943 celebrante
2606 2888 2768 2957 redit,
2800 2905 2941 2960 saepe
2967 2891 3076 2945 vita
3097 2902 3373 2948 revertens

1996 2979 2202 3034 Aﬂ'ectu
2223 2979 2468 3047 quaesivit
2496 2994 2674 3045 avum,
2707 2980 2859 3048 quasi
2887 2983 3071 3035 nuntia
3095 2984 3230 3037 tanti

1996 3067 2250 3135 Muneris,
2275 3078 2331 3124 et
2358 3068 2579 3136 reliquis
2602 3068 2762 3137 jussit
2788 3086 2875 3125 me
2892 3070 3117 3139 iungere
3137 3073 3302 3141 signis

1994 3158 2166 3225 Quam
2188 3158 2464 3228 prmsentit
2492 3174 2673 3228 opem,
2698 3160 2792 3213 tali
2819 3160 3121 3216 mandanda
3143 3171 3371 3233 patrono
3392 3172 3479 3220 est

1923 3264 1969 3327 ρ
1998 3246 2167 3302 Causa
2192 3248 2297 3314 rei,
2327 3248 2528 3302 assistit
2550 3249 2769 3317 propior
2794 3250 3075 3305 clementia
3101 3253 3298 3307 sanctis

1990 3340 2059 3394 Et
2079 3338 2248 3408 culpa:
2274 3337 2535 3394 offensam
2555 3338 2757 3393 relevat
2788 3341 2948 3395 tutela
2968 3341 3185 3398 favoris.

1990 3428 2101 3483 Nec
2120 3443 2269 3483 mora
2289 3427 2645 3483 commoditas
2673 3443 2951 3484 numerum
2976 3446 3266 3501 przegressa
3296 3434 3502 3491 dierum

1990 3516 2107 3583 Qua
2132 3532 2273 3587 saepe
2304 3518 2518 3586 ignaros
2546 3533 2669 3586 spes
2690 3518 3021 3575 dinumerata
3043 3522 3229 3579 fefellit

1991 3608 2215 3662 Auxiliis
2236 3609 2439 3662 orantis
2461 3607 2643 3673 adest,
2676 3624 2775 3662 nec
2802 3610 3064 3664 clauditur
3084 3613 3207 3667 ullis

1992 3697 2173 3751 Gratia
2192 3711 2321 3751 vera
2348 3696 2512 3760 locis,
2543 3712 2643 3752 nec
2668 3698 2808 3754 vires
2834 3700 3094 3755 terminus
3120 3712 3312 3769 arctat,

1991 3786 2136 3853 Quas
2157 3787 2297 3841 Deus
2318 3787 2647 3853 accumulat,
2679 3797 2900 3859 propter
2925 3794 3131 3848 curatio
3158 3796 3324 3863 tangit

1992 3877 2107 3943 Qua
2127 3876 2373 3933 Salvator
2394 3878 2548 3934 adest
2576 3898 2587 3931 :
2619 3887 2727 3933 tam
2762 3880 2919 3950 longe
2946 3881 3192 3952 abjuncta
3223 3887 3466 3955 sepulcro

1991 3964 2190 4023 Cellula
2220 3968 2453 4038 suscepit
2472 3968 2613 4038 quod
2643 3984 2794 4025 mens
2814 3979 3016 4026 attenta
3043 3977 3287 4043 poposcit
3310 4019 3326 4043 ,

1992 4056 2166 4127 Atque
2186 4058 2299 4128 ipsa
2321 4068 2404 4114 est
2424 4061 2659 4129 ingressa
2680 4062 2886 4129 locum,
2916 4080 3023 4133 quo
3052 4068 3253 4123 credita
3282 4080 3498 4140 puncto.

1990 4148 2087 4204 Ille
2114 4165 2274 4221 aeger,
2305 4150 2615 4220 lethumque
2644 4167 2845 4222 pavens
2865 4156 3045 4212 uxoris
3068 4167 3287 4225 amatae,

1992 4240 2077 4294 Fit
2102 4242 2361 4306 medicus,
2388 4243 2681 4314 suadetque
2706 4247 2862 4302 fidem
2893 4250 3151 4305 mittendo
3173 4254 3395 4309 salutem
3411 4295 3423 4318 ,

1995 4330 2173 4387 Poscit
2195 4340 2250 4388 et
2280 4333 2368 4388 illa
2402 4335 2534 4390 toris
2560 4337 2812 4406 quidquid
2835 4353 3171 4408 persenserat
3195 4348 3314 4402 iste.

1991 4420 2085 4475 Est
2113 4431 2383 4478 certamen
2413 4439 2570 4493 opem
2594 4428 2854 4495 retinere,
2885 4442 2937 4484 et
2958 4448 3197 4501 quaerere
3228 4448 3460 4508 partam,

1990 4512 2090 4567 llic
2116 4529 2359 4583 possessa
2390 4515 2543 4569 timet
2570 4516 2837 4572 dimittere
2858 4558 2873 4583 ,
2905 4521 2993 4575 illa
3022 4525 3259 4591 probatis

1916 4632 1969 4689 D
1991 4607 2062 4660 Se
2084 4621 2297 4675 quoque
2334 4606 2527 4660 salvari
2557 4606 2775 4663 festinat
2808 4611 3024 4667 credula
3052 4615 3216 4682 signis
3240 4659 3255 4684 ,

1994 4695 2298 4765 Siquednre
2312 4698 2469 4766 inque
2482 4699 2622 4753 vices
2633 4700 2791 4754 ambo
2802 4705 3142 4768 orant,ambo
3153 4714 3569 4785 retentant(sic),

1995 4787 2168 4856 Atque
2196 4789 2402 4843 haerens
2425 4790 2513 4843 uni
2542 4790 2713 4859 pietas
2732 4793 2993 4847 succurrit
3024 4797 3255 4866 utrique.

1995 4877 2216 4942 Grates,
2248 4885 2451 4944 sancte,
2483 4880 2577 4933 tibi
2604 4880 2729 4933 dum
2759 4882 2974 4949 spiritus
3001 4885 3098 4941 hos
3127 4898 3277 4955 reget
3310 4902 3478 4955 artus,

1995 4967 2145 5023 Mens
2172 4974 2229 5022 et
2249 4967 2427 5036 lingua
2454 4978 2632 5033 canet,
2664 4985 2806 5025 nunc
2846 4975 3052 5043 respice
3080 4987 3272 5033 caetera
3300 4982 3533 5036 clemens

1991 5059 2230 5115 Membra
2249 5059 2458 5129 domus,
2490 5062 2681 5117 celeris
2710 5064 2972 5121 revehens
2996 5066 3232 5126 fomenta
3258 5073 3459 5141 salutis,

1992 5149 2058 5203 Et
2084 5150 2181 5205 tibi
2206 5152 2546 5206 commissam
2576 5154 2797 5223 propior
2820 5155 2994 5212 solare
3022 5172 3314 5229 senectam,

1991 5239 2184 5310 Optata
2211 5240 2491 5310 indulgens
2512 5258 2759 5312 propere,
2790 5248 2875 5300 vel
2906 5252 3140 5317 praestita
3169 5268 3406 5309 servans.

2516 5333 2604 5387 DE
2644 5334 3049 5395 ORANTIBUS.

2065 5418 2299 5492 Quisque
2317 5423 2433 5478 solo
2457 5426 2675 5480 acclinis
2699 5431 2933 5490 mersisti
2963 5432 3013 5485 in
3046 5432 3263 5501 pulvere
3285 5434 3486 5493 vultum
3514 5454 3527 5492 :

1997 5506 2346 5581 llumidaquze
2367 5513 2542 5568 illaesa:
2570 5517 2812 5584 pressisti
2842 5520 3038 5572 lumina
3072 5529 3245 5575 teme.

1995 5598 2261 5656 Attollens
2281 5605 2486 5669 oculos,
2512 5608 2719 5677 trepido
2748 5609 3002 5663 miracula
3031 5612 3147 5665 visu

1994 5688 2249 5761 Concipe,
2273 5703 2329 5749 et
2350 5696 2547 5751 eximio
2567 5712 2781 5753 causam
2810 5700 3082 5755 committe
3113 5710 3361 5773 patrono,
