4066 6192
479 367 619 424 1075

480 484 634 540 Nulla
653 485 833 552 potest
853 484 1030 533 tantas
1058 473 1341 545 complecti
1371 471 1564 544 pagina
1591 469 1777 525 laudes

480 575 797 641 Quanquam
825 571 938 640 ipsa
962 569 1044 623 his
1070 567 1235 621 titulis
1260 573 1517 620 cznmenta
1541 570 1595 617 et
1622 575 1750 617 saxa
1779 566 2049 614 notentur.

479 664 780 718 Terrenum
809 677 915 716 non
944 658 1141 714 claudit
1162 671 1296 724 opus
1315 653 1453 723 quod
1481 652 1626 722 regia
1656 649 1778 706 οωιί

481 753 732 822 Suscipit,
759 760 813 806 et
833 750 1007 805 rutilis
1036 747 1330 802 inscribunt
1351 744 1524 798 sidera
1546 740 1789 810 gemmis,

485 842 698 896 Martini
727 842 771 896 si
798 839 991 910 quaeris
1017 852 1174 907 opem
1203 844 1350 890 trans
1369 842 1512 888 astra
1539 843 1825 900 resurgens

489 933 668 1001 Tange
691 932 892 1002 polum,
916 930 1212 1000 angelicum
1237 933 1503 982 scrutatus
1526 924 1577 977 in
1605 922 1807 976 aethere
1835 928 2057 982 emtum,

489 1021 619 1076 llluc
647 1020 990 1089 conjunctum
1020 1017 1246 1072 Domino
1269 1014 1517 1084 perquire
1537 1018 1820 1081 patronum

485 1111 791 1166 Sectantem
811 1109 997 1163 aeterni
1020 1121 1232 1176 semper
1258 1104 1480 1171 vestigia
1504 1101 1685 1169 Regis.

486 1201 542 1254 Si
563 1201 795 1264 dubitas,
826 1201 1030 1268 ingesta
1052 1197 1220 1252 oculis
1245 1195 1502 1249 miracula
1521 1206 1684 1248 cerne

487 1292 647 1356 Queis
672 1291 856 1345 famuli
881 1289 1130 1343 meritum
1156 1300 1318 1341 verus
1345 1283 1593 1338 Salvator
1613 1281 1862 1336 honorat.

489 1383 726 1438 Accedes
753 1382 970 1452 reliquis
990 1382 1130 1436 inter
1158 1387 1237 1433 tot
1265 1377 1428 1432 millia
1455 1376 1628 1439 testis,

1995 347 2246 406 AMle

2090 468 2136 524 Α
2165 461 2296 514 Dum
2325 452 2592 511 narranda
2625 450 2792 516 vides,
2817 446 2988 502 solers
3006 452 3061 500 et
3087 444 3201 499 visa
3229 442 3446 498 retexis.

3599 330 3737 384 1076

2166 551 2223 604 In
2247 547 2449 603 sanctis
2477 540 2734 613 quidquid
2759 538 2987 606 signavit
3005 537 3194 606 pagina
3221 535 3367 590 libris

2167 641 2437 695 lnstaurat
2455 640 2751 690 renovante
2779 631 2910 692 Deo,
2940 643 3046 696 quo
3074 641 3299 680 munere
3327 623 3563 693 gaudent

2167 728 2374 792 Caecus,
2407 722 2650 787 claudus,
2679 720 2850 788 inops,
2877 716 3124 780 furiosus,
3155 715 3362 779 anxius,
3392 728 3556 783 aeger,

2167 818 2389 885 Debilis,
2412 826 2721 886 Oppressus,
2751 809 3014 878 captivus,
3042 816 3284 868 moestus,
3314 821 3534 875 egenus.

2169 909 2353 964 Omnis
2383 905 2692 978 apostolicis
2719 900 2914 971 gaudet
2943 899 3149 954 curatio
3170 898 3353 965 signis.

2171 999 2270 1064 Qui
2301 998 2435 1052 flens
2460 993 2708 1056 adfuerit,
2732 991 2885 1044 laetus
2904 987 3061 1050 redit,
3093 987 3272 1040 omnia
3295 983 3494 1040 cedunt

2170 1090 2383 1156 Nubila,
2411 1084 2554 1156 quod
2580 1083 2828 1138 meritum
2861 1080 3039 1134 turbat
3066 1077 3326 1132 medicina
3349 1082 3586 1129 serenat.

2170 1180 2379 1250 Expete
2404 1174 2728 1247 przesidium,
2754 1186 2860 1226 non
2885 1169 3079 1224 frustm
3102 1168 3214 1221 haec
3241 1165 3421 1219 limina
3451 1165 3655 1233 pulsas.

2168 1271 2232 1328 In
2255 1277 2504 1326 cunctum
2527 1271 2712 1336 perget
2731 1261 2903 1331 pietas
2932 1268 3039 1313 tam
3064 1257 3285 1328 prodiga
3308 1254 3582 1310 mundum.

502 1457 3664 1516 _____________________.__

1669 1592 1968 1636 EXEUNTE
2012 1591 2038 1631 S
2051 1585 2264 1631 Ερυιο
2308 1582 2569 1635 QUINTO.

1304 1729 2386 1999 AM(EN
2395 1717 2925 1997 US.

772 2090 1547 2178 ENCHIRIDION
1597 2089 2096 2177 VETERIS
2151 2085 2302 2167 ET
2358 2081 2651 2168 NOVI
2705 2062 3476 2162 TESTAMENTI.

1983 2227 2254 2245 —

824 2267 914 2322 DE
967 2269 1234 2328 VETERE
1273 2271 1747 2328 TESTAMENTO.

1078 2377 1218 2416 ADAM
1259 2380 1326 2418 ΕΤ
1367 2379 1488 2418 EVA.

497 2456 603 2510 Eva
632 2454 880 2511 columba
907 2454 1005 2511 fuit
1033 2465 1145 2512 tum
1167 2459 1411 2524 candida,
1443 2460 1592 2527 nigra
1619 2457 1812 2511 deinde

497 2543 678 2607 Facta,
718 2557 816 2611 per
861 2547 1148 2613 anguinum
1186 2548 1325 2602 male
1367 2548 1531 2602 suada
1587 2545 1770 2599 fraude
1811 2559 2075 2599 venenum

497 2629 677 2685 Tinxit
701 2640 755 2684 et
783 2631 1068 2686 innocuum
1090 2636 1307 2689 maculis
1336 2635 1677 2690 sordentibus
1706 2634 1892 2687 Adam.

460 2751 470 2759 -
499 2719 602 2773 Dat
628 2719 784 2774 nudis
806 2719 996 2774 ficulna
1027 2721 1186 2776 draco
1215 2738 1340 2777 mox
1368 2724 1598 2792 tegmina
1627 2723 1820 2779 victor.

1083 2827 1217 2865 ABEL
1249 2828 1317 2866 ET
1350 2828 1488 2867 ΟΜΝ.

499 2909 746 2964 Fratrum
775 2924 925 2965 sacra
947 2909 1085 2966 Deus
1111 2921 1244 2966 nutu
1277 2913 1509 2969 distante
1536 2912 1763 2969 duorum

499 2998 753 3053 Estimat
772 2999 1040 3068 accipiens
1067 3001 1207 3065 viva,
1239 3010 1294 3056 et
1315 3011 1524 3057 terrena
1554 3001 1792 3058 refutans
1822 3021 1835 3056 :

505 3090 754 3147 Rusticus
782 3091 978 3148 invidia
1000 3102 1267 3162 pastorem
1296 3095 1518 3162 sternit;
1546 3096 1601 3151 in
1629 3096 1760 3152 Abel

503 3178 695 3234 Forma
725 3180 915 3234 animae
959 3182 1293 3252 exprimitur,
1342 3199 1470 3240 caro
1526 3192 1711 3241 nostra
1759 3185 1812 3240 in
1859 3200 2079 3242 munere

653 3279 661 3287 ’
1832 3273 2006 3346 (Cain.

1141 3374 1277 3413 ARCA
1322 3375 1444 3415 NOE.

503 3441 696 3498 Nuntia
724 3441 907 3498 diluvii
929 3443 1043 3514 jam
1070 3444 1429 3503 decrescentis
1455 3447 1520 3503 ad
1543 3463 1723 3504 arcam

503 3535 610 3592 Ore
638 3535 892 3591 columba
921 3535 1086 3592 refert
1112 3554 1318 3594 ramum
1349 3539 1624 3596 viridantis
1653 3541 1807 3596 olivae
1833 3561 1844 3595 :

503 3627 707 3681 Corvus
734 3626 876 3680 enim
905 3627 1136 3695 ingluvie
1168 3644 1266 3698 per
1294 3627 1432 3686 foeda
1470 3629 1732 3686 cadavera
1755 3639 1945 3700 captus

506 3717 766 3789 llmserat,
794 3721 883 3776 illa
903 3721 1039 3778 datae
1069 3723 1276 3778 revehit
1301 3739 1440 3779 nova
1468 3723 1658 3793 gaudia
1696 3725 1863 3796 pacis.

1094 3829 1218 3867 lLEX
1257 3829 1508 3869 MAMBRE.

509 3898 811 3970 Hospitium
838 3900 944 3957 hoc
988 3900 1200 3957 Domini
1227 3911 1328 3970 est,
1380 3903 1488 3958 ilex
1543 3902 1631 3958 ubi
1661 3901 1884 3959 frondea
1915 3901 2083 3956 Mam-

1889 3991 2017 4061 [brae

513 4079 822 4134 Armentale
843 4080 986 4135 senis
1011 4079 1248 4150 protexit
1274 4081 1501 4146 culmen,
1531 4080 1582 4134 in
1605 4080 1708 4135 ista

512 4169 651 4223 Risit
676 4167 838 4223 Sarra
862 4184 1008 4236 casa,
1031 4170 1231 4224 sobolis
1259 4171 1358 4223 sibi
1387 4169 1579 4238 gaudia
1603 4185 1722 4225 sera

512 4259 678 4327 Ferri,
703 4268 758 4316 et
784 4260 1120 4329 decrepitum
1141 4261 1219 4315 sic
1239 4261 1459 4315 credere
1487 4277 1647 4331 posse
1673 4262 1943 4316 maritum.

1013 4364 1370 4404 MONUMENTUH
1409 4366 1576 4404 SARJ'I.

517 4435 786 4491 Abraham
812 4443 1081 4492 mercatur
1108 4452 1314 4506 agrum,
1337 4453 1444 4506 quo
1473 4439 1729 4494 conderet
1758 4454 1879 4494 ossa

513 4525 784 4595 Conjugis,
817 4526 870 4581 in
891 4527 1049 4582 terris
1077 4527 1328 4597 quoniam
1357 4529 1636 4596 peregrina
1676 4537 1916 4582 moratur

518 4614 732 4669 Justitia
763 4622 922 4685 atque
949 4615 1079 4670 fides
1107 4632 1121 4669 :
1150 4616 1254 4670 hoc
1283 4616 1407 4669 illud
1436 4617 1670 4670 millibus
1709 4624 1946 4685 emptum

516 4702 798 4774 Spelzeum,
820 4711 1018 4759 sancta:
1043 4704 1254 4773 requies
1283 4704 1372 4758 ubi
1394 4713 1544 4773 parta
1574 4702 1764 4758 favillae
1787 4711 1887 4758 est.

1019 4810 1249 4849 SOMNIUM
1281 4809 1586 4849 PIIARAOSIS.

518 4895 606 4950 Bis
626 4902 831 4964 septem
853 4893 1032 4962 spicae,
1060 4908 1238 4947 vacca:
1262 4892 1485 4946 totidem
1501 4932 1515 4956 ,
1545 4889 1810 4947 Pharaoni

519 4985 621 5041 Per
647 4999 892 5040 somnum
911 4984 1069 5049 visat;
1101 4983 1428 5053 portendunt
1447 4982 1658 5051 dispare
1686 4980 1854 5035 forma

523 5074 730 5140 Uberis,
762 5081 921 5142 atque
940 5073 1095 5126 famis
1117 5072 1222 5126 duo
1249 5087 1345 5140 per
1371 5071 1651 5140 septennia
1674 5079 1883 5139 tempus

425 5236 434 5249 ι
523 5162 746 5228 Instare,
769 5161 874 5217 hoc
897 5161 1057 5215 solvit
1079 5161 1400 5230 patriarcha,
1426 5160 1721 5228 interprete
1747 5156 1980 5212 Christo.

877 5265 1066 5304 JOSEPH
1091 5265 1122 5302 Α
1152 5263 1440 5303 ι-’ῐιΑτιιιΒυς
1469 5263 1712 5301 AGSITUS.

525 5338 780 5392 Venditus
809 5337 1012 5392 insidiis
1042 5336 1263 5390 fratrum
1291 5351 1423 5404 puer
1448 5337 1561 5404 ipse
1584 5334 1815 5389 vicissim

519 5429 742 5484 Cratera
770 5429 823 5483 in
852 5427 1029 5481 fratris
1049 5441 1205 5480 sacco
1234 5426 1368 5480 clam
1399 5425 1637 5494 praecipit
1665 5423 1786 5477 abdi

526 5518 698 5588 thue
716 5535 838 5575 reos
867 5517 990 5572 furti
1018 5516 1218 5585 Ioseph
1249 5522 1415 5580 tenet,
1445 5515 1622 5568 auctio
1651 5512 1812 5565 fallax

526 5604 794 5672 Proditor,
824 5613 1119 5677 agnoscunt
1146 5604 1387 5671 fratrem,
1416 5603 1647 5672 vanique
1673 5601 1988 5671 pudescunt.

1118 5709 1254 5750 IGNIS
1274 5709 1322 5750 IN
1349 5708 1505 5748 RUBO.

529 5778 779 5841 Sentibus
806 5783 1092 5842 involitans
1112 5783 1255 5841 Deus
1290 5783 1478 5853 igneus
1505 5795 1600 5836 ore
1628 5794 1854 5838 corusco

2117 2270 2164 2329 B
2190 2261 2496 2333 Compellat
2513 2261 2788 2329 juvenem,
2812 2254 3021 2326 pecoris
3055 2261 3179 2307 tunc
3221 2249 3358 2303 forte
3375 2244 3684 2314 magistrum

2177 2358 2272 2412 llle
2294 2357 2438 2425 capit
2453 2356 2635 2423 jussus
2661 2351 2884 2419 virgam,
2916 2348 2975 2400 fit
2995 2346 3177 2414 vipera
3208 2342 3373 2407 virga,

2176 2423 2546 2500 Solvit‘viucla
2577 2440 2796 2511 pedum,
2824 2442 3077 2506 properat
3104 2429 3400 2485 Pharaonis
3426 2423 3496 2478 ad
3549 2438 3735 2485 arcem

2745 2544 2872 2582 ΠΕῆ
2909 2542 3007 2580 PER
3046 2537 3204 2577 MARE.

2176 2626 2347 2682 Tutus
2373 2623 2481 2692 agit
2504 2623 2587 2676 vir
2609 2621 2784 2690 justus
2815 2619 2934 2681 iter,
2966 2611 3052 2669 vel
3081 2628 3179 2684 per
3204 2624 3352 2665 mare
3377 2617 3646 2675 magnum,

2179 2719 2317 2772 Ecce
2340 2715 2434 2770 Dei
2453 2711 2662 2767 famulis
2683 2709 2905 2771 scissim,
2940 2705 3075 2759 freta
3108 2703 3286 2756 Rubra
3316 2698 3614 2759 dehiscunt,

2175 2804 2310 2860 Cum
2338 2810 2658 2874 peccatores
2685 2797 2902 2854 rabidos
2935 2794 3120 2850 eadem
3160 2792 3296 2846 freta
3323 2794 3582 2856 mergant,

2176 2893 2433 2950 Obruitur
2462 2891 2695 2953 Pharao,
2727 2887 2901 2958 patuit
2928 2885 3013 2939 via
3040 2884 3204 2937 libera
3231 2878 3385 2934 Mosi.

2635 2999 2799 3039 MOSES
2827 2995 3029 3036 ACCIPIT
3065 2991 3259 3032 LEGEM.

2179 3080 2370 3135 Fumat
2398 3079 2592 3133 montis
2620 3090 2756 3145 apex
2778 3072 2970 3126 divinis
2991 3068 3220 3139 ignibus,
3249 3063 3300 3117 in
3325 3075 3432 3130 quo

2177 3169 2390 3239 Scripta
2414 3168 2599 3223 decem
2623 3164 2801 3219 verbis
2827 3173 3075 3216 saxorum
3100 3155 3290 3226 pagina
3319 3150 3453 3206 Mosi

2179 3261 2451 3322 Traditur,
2483 3257 2572 3311 ille
2600 3270 2726 3310 suos
2745 3257 2993 3319 suscepta
3022 3248 3138 3316 lege
3167 3244 3368 3307 revisit,

2178 3353 2372 3408 Forma
2397 3348 2489 3404 sed
2518 3347 2598 3401 his
2619 3343 2768 3399 vituli
2791 3343 2937 3396 solus
2960 3338 3120 3404 Deus,
3147 3344 3202 3390 et
3229 3334 3369 3388 Deus
3396 3345 3605 3385 aurum.

2638 3449 2810 3488 MANNA
2841 3447 2910 3484 ΕΤ
2942 3440 3286 3483 COTL'RNICBS.

2184 3531 2417 3586 Panibus
2446 3526 2698 3597 angelicis
2723 3524 2902 3578 albent
2923 3519 3151 3575 tentoria
3181 3525 3410 3585 patrum,

2114 3635 2158 3694 (ς
2187 3622 2346 3677 Certa
2380 3619 2510 3674 fides
2529 3616 2674 3682 facti,
2700 3620 2847 3667 tenet
2875 3622 3064 3664 urceus
3084 3619 3275 3660 aureus
3300 3601 3422 3656 exin

2182 3720 2461 3774 Servatum
2491 3726 2684 3768 manna
2710 3727 2723 3762 :
2752 3699 3304 3774 ingratisvenitaltera
3327 3694 3520 3758 nubes,

2184 3809 2359 3877 Atque
2386 3803 2572 3858 avidos
2600 3798 2774 3856 carnis
2794 3795 3257 3858 saturatcongesta
3288 3782 3544 3839 coturnis.

2585 3901 2812 3943 SEBPENS
2851 3896 3036 3937 ENEUS
3072 3894 3120 3933 IN
3159 3890 3349 3930 EREMO.

2187 3984 2448 4040 Fervebat
2483 3983 2566 4035 via
2605 3980 2747 4034 sicca
2769 3974 2933 4030 eremi
2960 3968 3293 4039 serpentibus
3317 3963 3469 4028 atris,

2189 4077 2410 4144 Jamque
2437 4071 2684 4128 venenati
2715 4084 2811 4138 per
2835 4065 2993 4119 livida
3016 4062 3234 4117 vulnera
3259 4070 3470 4110 morsus

2189 4165 2497 4236 Carpebant
2518 4160 2794 4231 populum,
2823 4155 2915 4210 sed
2946 4151 3178 4222 prudens
3205 4163 3309 4202 aere
3332 4146 3554 4215 politum

2192 4254 2305 4307 Dux
2333 4265 2492 4308 cruce
2519 4246 2812 4317 suspendit,
2835 4242 2925 4311 qui
2949 4241 3094 4295 virus
3121 4242 3383 4304 temperet
3408 4246 3657 4300 anguem.

2645 4350 2806 4390 LACUS
2834 4345 3058 4386 DESERTI
3088 4340 3314 4381 AMARUS.

2194 4433 2395 4501 Aspera
2417 4434 2628 4498 gustata
2656 4423 2856 4494 pepulo
2886 4421 3098 4475 sitiente
3126 4417 3314 4468 lacuna

2192 4522 2484 4577 Tristificos
2512 4519 2696 4573 latices
2719 4511 2986 4580 stagnanti
3016 4507 3138 4562 felle
3166 4505 3414 4566 tenebat;

2191 4613 2367 4668 Moses
2387 4619 2604 4665 sanctus
2630 4607 2743 4659 ait:
2779 4602 3003 4668 Lignum
3024 4599 3167 4658 date,
3199 4593 3463 4662 gurgitem
3507 4590 3562 4643 in
3605 4585 3762 4641 istum

2189 4700 2560 4772 Conjicite,'in
2587 4696 2768 4752 dulces
2796 4697 3073 4746 vertentur
3099 4700 3279 4739 amara
3307 4695 3546 4751 sapores.

2354 4805 2555 4845 FONTES
2580 4799 2841 4842 DUODECIM
2871 4797 2938 4834 ΕΤ
2969 4793 3155 4833 ΡΑΙΛΙᾸΞ
3181 4787 3559 4829 8ΕΡΤΕΑο1ΝΤΑ.

2194 4881 2468 4936 Devenere
2494 4877 2613 4939 viri,
2643 4874 2776 4931 Mosi
2798 4872 2950 4934 duce,
2979 4883 3074 4923 sex
3101 4866 3189 4920 ubi
3214 4864 3410 4929 fontes,

2122 5001 2173 5058 Β
2201 4969 2264 5021 Et
2292 4984 2384 5023 sex
2413 4967 2550 5022 forte
2579 4965 2689 5028 alii,
2719 4962 2890 5016 vitreo
2918 4957 2984 5012 de
3010 4970 3133 5011 rore
3160 4952 3420 5021 rigabant,

2197 5059 2457 5127 Septenas
2485 5055 2660 5110 decies
2681 5052 2905 5122 palmas,
2931 5063 3048 5118 qua:
3076 5045 3332 5114 mysticus
3369 5038 3557 5108 Helym

2202 5126 2390 5214 Lucus,
2416 5145 2768 5216 apostolicum
2800 5152 3077 5194 numerum
3109 5134 3257 5187 libris
3285 5143 3500 5198 quoque
3529 5126 3723 5198 pinxit.

2555 5246 2770 5288 LAPIDES
2794 5241 3058 5282 DUODECIM
3089 5239 3141 5277 IN
3167 5234 3416 5276 ιοεωΑΜ-ῖ.

2199 5327 2255 5386 In
2283 5326 2483 5381 fontem
2511 5321 2680 5378 refluo
2717 5317 2964 5373 Jordanis
2991 5313 3196 5383 gurgite
3222 5310 3410 5371 fertur,

2202 5419 2336 5471 Dum
2358 5413 2614 5470 calcanda
2642 5411 2737 5466 Dei
2758 5409 2971 5480 populis
2992 5405 3124 5459 vada
3153 5404 3295 5457 sicca
3325 5399 3592 5467 relinquit,

2204 5508 2392 5561 Testes
2420 5504 2614 5560 bisseni
2645 5502 2865 5571 lapides,
2889 5511 3025 5567 quos
3050 5493 3267 5546 flumine
3295 5491 3349 5544 in
3374 5491 3489 5558 ipso

2202 5596 2539 5651 Constituere
2577 5600 2775 5662 patres,
2800 5590 2866 5642 ad
2903 5589 3124 5641 formam
3154 5579 3558 5650 discipulorum.

2807 5691 2973 5733 DOIUS
2999 5689 3154 5728 ΠΔΔΒ.

2206 5775 2492 5830 Procubuit
2514 5772 2746 5836 Hierico,
2769 5769 2884 5824 sola
2911 5771 3087 5821 astant
3111 5763 3243 5818 atria
3274 5760 3442 5823 Raab,
