4054 6182
365 314 504 370 I077

363 429 582 501 I'lospita
613 442 915 499 sanctorum
947 434 1217 496 meretrix,
1248 440 1394 486 tanta
1420 440 1502 486 est
1525 430 1646 486 fidei
1666 431 1778 496 vis;

364 520 618 576 Incolumi
643 538 828 577 secura
857 521 1016 577 domo
1044 524 1336 592 spectabile
1361 536 1576 578 soccum

364 610 578 680 Ignibus
602 611 838 666 adversis
865 613 917 665 in
940 613 1150 679 signum
1173 612 1446 681 sanguinis
1473 611 1648 668 offert.

934 717 1180 756 SAISONIS
1217 717 1343 756 LEO.

365 792 623 846 Invictum
651 794 849 847 virtute
883 808 1050 848 coma:
1078 793 1162 847 leo
1191 791 1434 860 frangere
1460 790 1688 846 Samson

368 882 702 948 Aggreditur,
733 891 888 937 necat
905 883 993 936 ille
1021 881 1319 949 feram,sed
1347 883 1414 936 ab
1441 897 1535 936 ore
1563 880 1734 937 leonis

366 970 520 1025 Mella
550 970 740 1038 fluunt,
767 972 978 1026 maxilla
1009 972 1171 1026 asina:
1198 973 1397 1027 fontem
1426 971 1592 1024 vomit
1619 971 1758 1025 ultro
1791 987 1802 1020 :

365 1059 598 1115 Stultitia
622 1061 857 1115 exundat
875 1061 1128 1132 lymphis,
1158 1061 1439 1116 dulcedine
1464 1060 1650 1114 virtus.

897 1166 1143 1205 SAMSONIS
1178 1165 1396 1204 VULPES.

363 1237 466 1293 Ter
492 1247 707 1293 centum
725 1239 909 1308 vulpes
936 1239 1162 1295 Samson
1184 1239 1343 1309 capit,
1370 1238 1578 1308 ignibus
1598 1246 1788 1301 armat,

363 1329 507 1383 Pone
535 1329 678 1385 faces
705 1331 885 1385 caudis
913 1331 1266 1400 circumligat,
1299 1332 1350 1385 in
1381 1340 1495 1384 sata
1517 1330 1682 1384 mittit

365 1419 702 1491 Allophylum
723 1428 1038 1490 segetesque
1065 1429 1295 1486 cremat;
1317 1436 1434 1490 qua:
1456 1421 1642 1475 callida
1665 1420 1851 1489 vulpes

363 1507 512 1564 Nunc
531 1509 734 1564 heresis
754 1508 995 1566 flammas
1021 1510 1272 1566 vitiorum
1305 1510 1505 1580 spargit
1531 1511 1584 1564 in
1613 1523 1789 1578 agros.

929 1623 1087 1664 DAVID
1130 1624 1349 1664 PAS'I‘OR.

362 1706 528 1761 David
556 1721 752 1776 parvus
771 1715 910 1776 erat,
934 1705 1158 1762 fratrum
1178 1707 1416 1773 ultimus,
1446 1714 1500 1763 et
1527 1708 1689 1764 modo
1717 1706 1865 1762 Jesse

359 1795 498 1852 Cura
521 1797 720 1866 gregis,
741 1796 1005 1852 citharam
1033 1796 1268 1852 formans
1294 1797 1362 1851 ad
1389 1797 1529 1852 ovile
1557 1805 1857 1867 paternum,

362 1890 489 1946 Inde
516 1891 582 1946 ad
603 1891 816 1948 delicias
839 1891 980 1959 regis
1004 1908 1020 1958 ;
1051 1906 1176 1947 mox
1198 1889 1414 1947 horrida
1434 1890 1574 1945 bella

358 1983 621 2049 Conserit,
652 1991 707 2038 et
729 1981 890 2037 funda
917 1982 1109 2038 sternit
1128 1981 1390 2036 stridente
1416 1978 1643 2036 Goliam.

987 2085 1143 2124 DAVID
1179 2085 1306 2124 REX.

359 2159 521 2229 Regia
553 2159 761 2216 mirifici
785 2158 985 2229 fulgent
1013 2159 1241 2227 insignia
1266 2157 1454 2224 David,

358 2249 665 2320 Sceptrum,
708 2249 908 2314 oleum,
965 2263 1153 2316 cornu,
1183 2247 1446 2315 diadema,
1495 2255 1550 2304 et
1586 2262 1850 2319 purpura,
1874 2257 1930 2304 et

1716 2337 1853 2410 [ara.

356 2428 544 2483 Omnia
573 2427 898 2484 conveniunt
917 2427 1151 2495 Christo,
1177 2427 1439 2500 chlamys,
1468 2436 1630 2498 atque
1658 2443 1856 2484 corona
1873 2466 1889 2492 ,

358 2521 513 2590 Virga
536 2521 833 2592 potestatis,
859 2535 1026 2575 cornu
1053 2518 1248 2583 crucis,
1276 2519 1431 2587 altar,
1457 2519 1677 2576 olivum.

842 2625 1160 2666 (EDIFICATIO
1198 2625 1411 2665 TEMPLI.

356 2701 609 2756 Aidilicat
635 2701 891 2772 templum
918 2701 1178 2771 sapientia
1206 2716 1302 2771 per
1323 2701 1626 2756 Salomonis

353 2791 697 2860 Obsequium,
721 2791 906 2859 regina
927 2791 1106 2846 Austri
1129 2805 1292 2859 grave
1313 2791 1554 2859 congerit
1573 2803 1780 2844 aurum.

352 2881 588 2953 Tempus
642 2881 815 2948 adest,
841 2896 948 2952 quo
977 2881 1236 2952 templum
1289 2880 1523 2937 hominis
1563 2881 1664 2936 sub
1709 2887 1928 2950 pectore

1590 2966 1856 3040 [Christus

357 3057 628 3128 IEdificet,
658 3059 801 3130 quod
821 3059 961 3114 Gaza
983 3058 1255 3115 colentum
1276 3057 1504 3114 barbara
1525 3057 1675 3114 ditet.

845 3167 967 3207 FILII
998 3166 1403 3206 PROPIIE'I'AIIUH.

355 3242 514 3298 Forte
533 3242 913 3313 prepbetarum
939 3243 1050 3297 nati
1078 3243 1203 3298 dum
1237 3243 1376 3311 ligna
1399 3241 1644 3297 recidunt

351 3334 610 3390 Fluminis
636 3335 688 3390 in
709 3335 844 3405 ripa,
870 3335 1063 3390 cecidit
1091 3333 1327 3392 discussa
1356 3334 1622 3404 bipennis,

348 3423 568 3492 Gurgite
589 3425 924 3479 submersum
953 3432 1035 3478 est
1063 3422 1282 3487 ferrum,
1307 3423 1400 3477 sed
1421 3439 1547 3478 mox
1566 3424 1687 3480 leve
1724 3424 1924 3494 lignum

347 3513 602 3584 lnjeclum
630 3514 831 3584 stagnis
850 3514 1044 3570 ferrum
1067 3514 1370 3569 revocabile
1399 3513 1542 3569 fecit.

867 3622 1174 3661 CAPTIVITAS
1204 3621 1409 3661 ISBAEL.

347 3695 490 3751 Gens
511 3695 860 3752 IIebrzeorum
891 3696 1202 3766 peccamine
1225 3703 1379 3764 capta
1410 3693 1695 3763 frequenti,

346 3788 595 3844 Fleverat
617 3788 862 3844 exsilium
886 3788 1014 3842 dira:
1040 3786 1328 3858 Babylonis
1356 3786 1424 3840 ad
1453 3801 1638 3841 amnes
1672 3805 1683 3839 :

347 3879 478 3936 Tum
506 3881 706 3952 patrios
733 3890 953 3936 cantare
975 3880 1163 3935 modos
1187 3887 1450 3949 praecepta
1473 3886 1707 3940 recusat,

347 3970 666 4041 0.ganaque
686 3972 741 4026 in
769 3971 930 4025 ramis
955 3970 1133 4023 salicis
1162 3967 1440 4038 suspendit
1460 3983 1673 4022 amaraz.

806 4078 910 4117 Ι)οΠ
919 4078 976 4116 US
1008 4078 1245 4116 EZECIIIA-I
1285 4075 1456 4115 REGIS.

348 4155 446 4209 llic
468 4155 641 4210 bonus
661 4153 920 4209 Ezechias
942 4155 1136 4208 meruit
1163 4162 1243 4208 ter
1262 4153 1497 4223 quinque
1528 4167 1623 4222 per
1647 4167 1816 4207 annos

345 4246 720 4316 Praescriptum
745 4244 988 4316 proferre
1015 4245 1178 4309 diem,
1209 4245 1489 4312 legemque
1512 4243 1743 4298 obeundi

343 4337 606 4403 Tendere,
631 4345 711 4392 tot
731 4336 980 4405 gradibus
1001 4343 1133 4403 quot
1158 4349 1380 4402 vespera
1409 4342 1617 4388 texerat
1639 4335 1778 4389 unda

345 4426 568 4481 Lumine
595 4425 842 4497 perfusis,
871 4425 1052 4480 docuit
1073 4423 1154 4478 sol
1175 4437 1360 4478 versus
1381 4423 1434 4476 in
1464 4431 1664 4478 ortum.

732 4556 817 4612 DE
839 4555 1018 4612 Νονο
1055 4554 1520 4613 TESTAMENTO.

857 4661 1078 4700 GABRIEL
1108 4661 1176 4700 ΕΤ
1206 4662 1361 4700 ΙΙΑΙΠΛ
1373 4685 1387 4699 .

345 4738 673 4793 Adventante
695 4737 806 4791 Deo
832 4735 1108 4791 descendit
1136 4737 1356 4791 nuntius
1383 4737 1494 4792 alto

344 4829 554 4884 Gabriel
588 4827 762 4882 Patris
787 4841 855 4883 ex
884 4826 1041 4890 solio,
1070 4827 1360 4895 sedemque
1389 4834 1611 4896 repente

343 4917 504 4970 Intrat
523 4917 811 4986 virgineam
838 4935 850 4970 :
876 4916 1102 4971 Sanctus
1135 4925 1188 4970 te
1215 4916 1463 4985 Spiritus,
1494 4916 1694 4984 inquit,

344 5005 599 5076 Implebit,
630 5006 794 5061 Maria
819 5023 833 5072 ;
856 5006 1120 5062 Christum
1149 5005 1345 5074 paries,
1376 5020 1528 5060 sacra
1564 5005 1730 5073 virgo.

840 5109 1044 5149 CIVITAS
1073 5110 1376 5148 BETIILEEM.

341 5180 534 5237 Sancta
587 5180 828 5238 Bethlem
872 5197 1033 5252 caput
1070 5190 1152 5237 est
1192 5181 1358 5246 orbis,
1400 5195 1520 5251 qua:
1563 5181 1785 5250 protulit
1826 5180 1906 5234 Ic-

1702 5271 1837 5344 [sum

340 5356 490 5412 Orbis
511 5357 845 5426 principium,
875 5367 1035 5427 caput
1059 5360 1228 5427 ipsum
1258 5360 1663 5429 principiorum;

341 5443 480 5501 Urbs
521 5447 792 5503 hominem
813 5449 1075 5507 Christum
1099 5453 1297 5518 genuit,
1323 5452 1416 5520 qui
1455 5453 1694 5508 Christus
1723 5453 1907 5521 agebat

341 5536 482 5594 Ante
502 5538 662 5607 Deus,
686 5555 846 5609 quam
870 5543 950 5600 sol
973 5542 1140 5608 fieret,
1168 5557 1327 5612 quam
1360 5543 1548 5598 lucifer
1572 5553 1732 5599 esset.

861 5649 1109 5690 IAGORUM
1149 5652 1378 5690 IIL'NERA.

341 5720 438 5777 llic
461 5721 696 5789 pretiosa
717 5723 855 5792 magi
885 5725 981 5780 sub
1011 5727 1226 5795 virginis
1253 5726 1417 5782 ubere
1455 5723 1668 5780 Christo

1207 311 1640 370 ENCIIIRIDION
1677 307 1962 366 VETERIS
1999 307 2086 364 ET
2125 309 2280 368 NOV]
2321 312 2765 371 TES'I‘AMEN‘I‘I.

1966 426 2018 484 Α
2046 425 2192 480 Dona
2212 427 2389 482 ferunt
2415 445 2604 499 puero,
2634 429 2989 503 myrrhaeque,
3020 436 3076 485 et
3102 429 3294 498 thuris,
3316 437 3371 484 et
3397 429 3536 485 auri.

3469 312 3608 370 1078

2037 514 2261 570 Miratur
2280 519 2533 586 genitrix,
2558 527 2640 574 tot
2661 521 2792 576 casti
2814 520 3017 574 ventris
3035 520 3288 583 honores,

2034 603 2213 675 Seque
2261 605 2427 661 Deum
2476 611 2743 676 genuisse,
2774 610 3066 678 hominem,
3089 621 3378 678 regemque
3418 621 3606 677 supre-

3344 699 3530 771 [mum.

2512 802 2699 843 ANGELI
2735 805 2804 844 AD
2840 803 3122 845 PAS'I'OBES.

2036 869 2322 940 Pervigiles
2347 881 2621 944 pastorum
2642 877 2826 933 oculos
2850 878 2931 933 vis
2953 877 3168 932 luminis
3192 875 3378 947 implet

2036 962 2296 1030 Angelici,
2320 972 2503 1018 natum
2532 966 2810 1023 celebrans
2839 983 2871 1024 e
2896 969 3101 1037 virgine
3123 967 3395 1023 Christum

2036 1056 2316 1112 lnveniunt
2344 1065 2544 1114 tectum
2564 1061 2776 1129 pannis,
2799 1077 3037 1131 praesepe
3059 1062 3258 1133 jacenti

2035 1145 2185 1201 Cuna
2212 1155 2358 1213 erat;
2389 1149 2657 1204 exsultant
2684 1150 2907 1215 alacres,
2933 1159 3194 1206 etnumen
3216 1150 3461 1207 adorant.

2360 1254 2628 1294 INFAN'I‘UM
2666 1255 2719 1294 IN
2757 1256 3038 1295 Βετιηεειι
3067 1257 3263 1296 εευεε.

2037 1325 2234 1396 Impius
2258 1326 2550 1383 innumeris
2577 1328 2834 1382 infantum
2864 1330 3095 1384 czedibus
3122 1330 3291 1384 hostis

2040 1415 2266 1470 Pet-furit
2288 1417 2548 1484 Herodes,
2571 1419 2695 1472 dum
2725 1419 2995 1474 Christum
3024 1420 3214 1489 quaerit
3239 1420 3290 1472 in
3312 1418 3437 1472 illis.

2035 1505 2263 1563 Fumant
2291 1509 2520 1564 lacteolo
2548 1525 2834 1579 parvorum
2858 1511 3114 1579 sanguine
3137 1525 3305 1575 eunte,

2036 1599 2464 1668 Vulneribusque
2491 1601 2707 1655 madent
2729 1601 2913 1656 calidis
2933 1601 3021 1671 pia
3042 1609 3260 1670 pectora
3283 1607 3532 1656 matrum.

2313 1707 2564 1746 CHRISTUS
2609 1708 2660 1745 IN
2697 1708 2929 1746 JORDANE
2968 1707 3302 1748 BAPTIZA’I'UR.

1958 1783 2004 1841 B
2032 1779 2307 1835 Perfundit
2326 1781 2504 1846 fluvio,
2535 1790 2720 1851 pastus
2749 1781 2986 1850 Baptista
3007 1782 3226 1837 locustis

2029 1870 2401 1939 Silvarumque
2429 1870 2580 1937 fucis,
2605 1880 2662 1927 et
2688 1872 2912 1927 amictus
2926 1879 3072 1927 veste
3093 1871 3280 1926 cameli
3305 1889 3321 1924 :

2029 1957 2285 2014 Tinxerat
2311 1967 2366 2014 et
2393 1959 2682 2026 Christum,
2705 1961 2800 2016 sed
2828 1961 3059 2031 Spiritus
3082 1962 3284 2017 aethere
3301 1959 3496 2016 missus

2028 2051 2274 2108 Testatur
2295 2052 2520 2109 tinctum
2547 2054 2638 2123 qui
2670 2055 2848 2110 tinctis
2869 2055 3092 2110 crimina
3113 2054 3297 2110 donet.

2611 2158 2764 2198 PINNA
2803 2159 3017 2198 TEMPLI.

2027 2231 2251 2288 Excidio
2281 2233 2468 2303 templi
2498 2235 2693 2289 veteris
2718 2241 2826 2288 stat
2851 2233 3020 2304 prima
3040 2239 3334 2301 superstes,

2027 2327 2275 2382 Structus
2297 2326 2438 2381 enim
2461 2325 2636 2396 lapide
2663 2340 2730 2380 ex
2753 2324 2845 2380 illo
2880 2331 3064 2379 manet
3090 2323 3310 2391 angelus
3337 2335 3508 2390 usque

2027 2417 2084 2472 In
2113 2417 2329 2473 saeclum
2356 2417 2522 2481 saecli,
2541 2431 2702 2485 quem
2731 2423 2983 2487 sprerunt
3017 2413 3367 2477 aedificantes;

2027 2508 2178 2564 Nunc
2200 2515 2360 2579 caput
2383 2514 2467 2564 est
2501 2505 2714 2577 templi,
2753 2515 2808 2562 et
2862 2506 3092 2576 lapidum
3139 2516 3400 2575 compago
3430 2516 3594 2557 novo.

3365 2594 3530 2666 [runn

2487 2701 2651 2741 VINUI
2682 2701 2752 2740 sx
2780 2700 2916 2750 AQUA
2947 2699 3178 2740 FACTUI.

2025 2776 2246 2832 Foedera
2276 2777 2510 2847 conjugii
2535 2778 2880 2832 celebrabant
2909 2777 3126 2846 auspice
3153 2782 3316 2840 cmtu,

2025 2865 2186 2922 Forte
2207 2865 2437 2922 Galilaeis
2462 2867 2682 2922 deerant
2705 2866 2815 2936 jam
2843 2867 2964 2921 vina
3007 2865 3280 2929 ministris,

2022 2958 2264 3014 Christus
2288 2973 2414 3014 vasa
2436 2959 2589 3028 jubet
2615 2966 2966 3027 properanter
2989 2953 3458 3027 aquariaJymphis

2024 3051 2256 3123 Impleri,
2279 3050 2403 3106 inde
2429 3050 2562 3105 meri
2590 3049 2786 3104 veteris
2813 3046 3145 3118 perfunditur
3163 3045 3326 3102 unda.

2610 3143 2808 3182 PISCINA
2832 3142 2978 3181 ειιοΑ
2990 3167 3002 3180 .

2032 3208 2334 3264 Morborum
2357 3206 2622 3262 medicina
2648 3206 2815 3271 latex,
2845 3220 3004 3274 quem
3033 3204 3250 3275 spiritus
3277 3202 3388 3260 oris

2027 3297 2243 3352 Eructat
2268 3298 2450 3364 variis,
2481 3295 2648 3351 fusam
2675 3297 2884 3350 ratione
2907 3295 3138 3358 latentis,

2026 3389 2229 3445 Siloam
2256 3395 2468 3455 vocant,
2499 3389 2670 3458 sputis
2697 3388 2787 3443 ubi
2807 3387 2988 3444 collita
3018 3388 3147 3443 caeci

2027 3480 2252 3535 Lumina
2273 3478 2523 3536 Salvator
2543 3478 2703 3547 jussit
2727 3478 2795 3533 de
2823 3478 2970 3532 fonte
2992 3476 3176 3532 lavari.

2589 3583 2770 3621 Gil-IDES
2797 3581 3026 3621 IOANNIS.

2026 3647 2247 3702 Prmmia
2274 3647 2516 3702 saltatrix
2536 3646 2710 3716 poscit
2739 3645 2977 3699 funebria
3004 3643 3156 3712 virgo

2022 3735 2242 3791 Joannis
2269 3745 2448 3806 caput,
2476 3735 2766 3790 abscissum
2795 3734 2937 3802 quod
2967 3734 3120 3788 lance
3148 3738 3389 3801 reportat

2023 3824 2240 3880 lncestas
2269 3825 2320 3879 in
2351 3824 2610 3892 gremium
2633 3823 2849 3887 matris;
2875 3822 2977 3875 fert
3005 3822 3150 3888 regia
3173 3821 3372 3875 donum

2025 3911 2268 3980 Psaltria,
2291 3912 2547 3981 respersis
2573 3910 2818 3964 manibus
2844 3909 2912 3963 de
2927 3910 3180 3978 sanguine
3204 3910 3368 3977 justo.

2373 4017 2622 4058 CHRISTUS
2661 4018 2758 4055 PER
2789 4019 2930 4056 MARE
2961 4016 3224 4055 AMBIILAT.

2021 4097 2066 4151 lt
2092 4112 2240 4152 mare
2263 4112 2361 4166 per
2399 4095 2633 4150 medium
2663 4095 2938 4157 Dominus,
2967 4092 3263 4161 ﬂuctusque
3303 4092 3582 4159 liquentes.

2021 4186 2180 4241 Caice
2209 4195 2410 4254 terens,
2434 4185 2587 4254 jubet
2611 4184 2842 4239 instabili
2871 4183 3194 4238 descendere
3223 4183 3411 4252 cymba

2021 4277 2343 4346 Discipulum
2370 4294 2382 4339 ;
2413 4276 2505 4331 sed
2531 4275 2770 4330 mortalis
2794 4275 3076 4345 trepidatio
3104 4273 3314 4344 plantas

2021 4365 2226 4435 Mcrgit,
2252 4375 2307 4420 at
2336 4367 2424 4421 ille
2450 4381 2666 4420 manum
2695 4366 2852 4434 regit,
2883 4375 2938 4420 et
2973 4365 3194 4433 vestigia
3225 4365 3416 4419 firmat.

2421 4472 2612 4510 υίειιοκ
2650 4471 2826 4510 IIISSUS
2863 4471 2913 4509 IN
2952 4471 3166 4510 PORCOS.

1944 4513 1996 4572 D
2023 4547 2206 4603 Vincla
2232 4548 2511 4618 sepulcrali
2539 4547 2636 4603 sub
2664 4560 2880 4602 carcere
2908 4545 3078 4602 ferrea
3106 4549 3313 4602 dremon

2020 4638 2274 4705 Fregerat
2302 4656 2314 4691 :
2346 4637 2594 4706 erumpit,
2625 4636 2954 4707 pedibusque
2983 4636 3282 4692 advolvitur
3303 4637 3448 4699 Iesu;

2020 4728 2117 4783 Ast
2139 4729 2409 4784 hominem
2430 4727 2683 4783 Dominus
2712 4728 2812 4783 sibi
2839 4727 3089 4793 vindicat,
3119 4735 3172 4782 et
3203 4728 3356 4797 jubet
3382 4729 3588 4785 hostem

2020 4817 2310 4874 Porcorum
2338 4817 2532 4873 furiare
2559 4831 2746 4887 greges
2765 4833 2829 4873 ac
2857 4831 2953 4887 per
2976 4817 3107 4872 freta
3136 4820 3324 4887 mergi.

2357 4923 2582 4971 QUINQUE
2614 4924 2772 4964 PANES
2810 4925 2878 4963 ΕΤ
2917 4925 3018 4964 DL'O
3057 4926 3247 4964 PISCES.

2017 5001 2261 5070 Quinque
2282 5000 2419 5056 Deus
2441 5015 2607 5070 panes
2628 4999 2783 5070 fregit
2807 5003 3082 5071 piscesque
3111 5006 3387 5071 gemellos,

2015 5091 2107 5146 llis
2132 5091 2403 5146 hominum
2423 5091 2569 5160 large
2591 5093 3018 5147 saturavitmillia
3047 5094 3307 5163 quinque;

2013 5182 2304 5251 Implentur
2316 5183 2535 5237 minimo
2564 5183 2818 5237 micarum
2847 5183 3103 5252 fragmine
3125 5187 3312 5240 corbes

2016 5269 2244 5335 Bisseni,
2271 5279 2483 5326 mternre
2507 5279 2652 5326 tanta
2682 5282 2764 5327 est
2791 5275 3060 5344 epulentia
3090 5290 3304 5330 mensze.

2494 5377 2728 5417 LAZARUS
2763 5379 3096 5418 SUSCITATL’S.

2013 5454 2273 5510 Conscius
2299 5454 2523 5523 insignis
2553 5453 2673 5510 facti
2701 5457 2850 5510 locus
2881 5458 2930 5510 in
2962 5456 3235 5517 Bethania,

2016 5543 2156 5595 Vidit
2183 5544 2250 5596 ab
2280 5544 2483 5599 inferna
2514 5552 2589 5609 te,
2614 5543 2831 5604 Lazare,
2865 5544 2989 5598 sedc
3010 5559 3301 5597 reversum.

2017 5637 2250 5702 Apparet
2279 5634 2458 5688 fractis
2478 5635 2700 5690 scissum
2721 5635 2922 5689 foribus
2949 5643 3372 5702 monumentum,

2023 5724 2172 5780 Unde
2201 5725 2555 5795 putrescentis
2591 5724 2866 5779 redierunt
2890 5723 3126 5779 membra
3154 5725 3373 5798 sepulti.
