4066 6192
507 305 648 364 1079

1042 431 1178 472 AGER
1215 431 1501 472 SANGUINIS.

505 511 739 580 Campus
762 504 1164 564 Acheldemacae
1184 505 1399 561 sceleris
1425 506 1671 562 mercede
1691 504 1903 562 nefandi

503 597 786 660 Venditus,
825 597 1106 665 exsequias
1128 593 1317 664 recipit
1351 595 1640 651 tumulatus
1667 593 1982 650 humandas.

504 687 789 756 Sanguinis
833 686 940 741 hoc
991 684 1220 754 pretium
1267 691 1351 739 est
1401 685 1632 750 Christi,
1679 682 1816 740 Juda
1868 686 2076 741 eminus

1809 772 2006 847 [arctat

502 864 688 921 Infelix
719 865 913 922 collum
941 864 1151 933 laqueo,
1182 879 1278 932 pro
1299 865 1520 919 crimine
1545 873 1718 922 tanto.

1063 970 1230 1008 DOMUS
1267 971 1491 1009 CAIPIIE.

502 1045 666 1115 Impia
693 1044 1034 1114 blasphemize
1057 1044 1247 1098 cecidit
1274 1043 1464 1098 domus
1488 1044 1594 1097 alta
1629 1043 1843 1114 Caiphae

501 1133 559 1188 In
589 1150 691 1203 qua
715 1136 920 1204 pulsata
946 1143 1021 1188 est
1059 1134 1225 1202 alapis
1254 1133 1414 1187 facies
1437 1148 1589 1189 sacra
1616 1133 1832 1188 Christi.

500 1224 599 1280 llic
618 1234 926 1293 peccatores
951 1232 1133 1278 manet
1160 1225 1351 1288 exitus,
1382 1223 1571 1277 obruta
1599 1238 1826 1292 quorum

499 1313 619 1370 Vita
641 1315 868 1370 ruinosis
889 1314 1106 1368 tumulis
1130 1314 1245 1367 sine
1274 1312 1378 1366 ﬁne
1395 1313 1615 1381 jacebit.

597 1420 837 1458 COLUMNA
874 1420 941 1456 AD
977 1418 1118 1465 QUAM
1155 1417 1404 1457 CHRISTUS
1443 1419 1540 1457 EST
1579 1417 1970 1457 FLAGELLATUS.

499 1492 719 1548 Vinctus
753 1493 806 1546 in
831 1493 914 1546 his
942 1492 1199 1546 Dominus
1222 1492 1369 1545 stetit
1395 1491 1594 1545 aedibus
1631 1500 1792 1559 atque
1812 1491 2071 1546 columnis

499 1585 773 1644 Annexus,
813 1592 1020 1651 tergum
1044 1583 1197 1636 daret
1225 1590 1282 1635 ut
1298 1582 1500 1636 servire
1529 1581 1767 1647 flagellis.

499 1670 709 1726 Perstat
734 1671 926 1734 adhuc,
959 1672 1212 1740 templum
1233 1671 1371 1738 gerit
1402 1671 1702 1726 veneranda
1730 1673 1996 1740 columna,

498 1762 713 1831 Nosque
738 1763 895 1818 docet
916 1764 1122 1818 cunctis
1151 1763 1415 1816 immunes
1442 1763 1623 1816 vivere
1646 1762 1843 1831 ﬂagris.

1021 1867 1196 1907 PASSIO
1223 1867 1558 1906 SALVATORIS.

499 1939 776 2010 Trajectus
813 1955 911 2012 per
956 1949 1241 2010 utrumque
1270 1942 1430 2009 latus,
1480 1940 1695 1995 laticem
1724 1951 1885 2011 atque
1911 1958 2070 1998 cruo-

1868 2035 2002 2108 [rem

502 2119 748 2178 Christus
759 2123 886 2191 agit;
918 2124 1155 2191 sanguis,
1168 2123 1412 2187 victoria,
1431 2124 1667 2194 lympha,
1686 2124 1956 2179 lavacrum
1968 2135 2068 2181 est.

496 2208 647 2266 Tunc
669 2211 774 2267 duo
802 2212 1108 2267 discordant
1131 2213 1377 2267 crucibus
1405 2213 1529 2268 hinc
1557 2214 1678 2268 inde
1697 2213 1933 2269 latrones

495 2297 802 2370 Contiguis:
834 2309 994 2370 negat
1020 2301 1108 2356 ille
1125 2301 1309 2370 Deum,
1341 2301 1444 2357 fert
1463 2304 1567 2358 iste
1591 2319 1864 2359 coronam.

999 2406 1306 2447 SEPULCRUH
1336 2409 1563 2448 CHRISTI.

496 2476 764 2534 Christum
791 2496 897 2536 non
926 2483 1100 2536 tenuit
1135 2498 1348 2549 saxum,
1378 2498 1486 2537 non
1507 2484 1739 2539 claustra
1769 2485 2020 2556 sepulcri,

496 2564 643 2622 Mors
667 2568 743 2621 illi
763 2568 970 2623 devicta
993 2569 1157 2638 jacet,
1188 2569 1414 2624 calcavit
1435 2571 1705 2642 abyssum.

1279 300 1530 358 ALIle
1572 298 1641 358 IN
1679 295 2028 355 LEONTIUM
2068 294 2452 354 EPISCOPUM
2493 297 2950 357 ACROSTICIIIS.

2097 414 2148 471 A
2172 416 2495 474 Sanctorum
2525 417 2756 489 populus
2781 428 3005 484 superas
3031 412 3188 468 simul
3217 412 3311 468 ivit
3338 414 3405 468 ad
3431 428 3575 476 oras,

3610 291 3746 347 £080

2178 493 2355 577 Séque
2374 507 2520 563 dedit
2546 507 2727 562 multis
2754 514 3004 572 tactuque
3031 504 3303 573 oculisque
3322 501 3679 574 probandum.

2753 628 2889 668 MONS
2923 627 3158 667 OLIVETI.

2180 725 2375 780 Montis
2403 725 2628 780 oliviferi
2657 724 2899 779 Christus
2919 724 2986 778 de
3008 725 3207 778 vertice
3227 738 3437 777 sursum

2177 814 2258 867 Ad
2288 813 2499 868 Patrem
2523 814 2700 879 rediit,
2730 815 2944 883 signans
2958 813 3177 881 vestigia
3200 813 3363 882 pacis.

2175 904 2473 958 Frondibus
2495 904 2710 959 aeternis
2736 903 3056 973 prmpinguis
3081 902 3297 971 liquitur
3323 901 3536 963 humor,

2182 994 2285 1061 Qui
2313 994 2505 1064 probat
2525 994 2752 1054 infusum
2783 993 2939 1048 terris
2959 993 3024 1046 de
3042 993 3333 1046 chrismate
3360 991 3578 1045 donum.

2700 1119 2877 1158 PASSIO
2907 1118 3182 1158 STEPHANI.

2176 1212 2383 1266 Primus
2413 1212 2511 1266 init
2537 1211 2836 1281 Stephanus
2861 1211 3161 1266 mercedem
3188 1211 3479 1280 sanguinis,
3502 1207 3658 1262 imbri

2175 1304 2413 1359 Aﬂlictus
2437 1304 2696 1374 lapidum,
2712 1303 2980 1358 Christum
3009 1310 3186 1357 tamen
3207 1304 3294 1356 ille
3315 1307 3561 1356 Cruentus

2172 1396 2314 1450 Inter
2342 1407 2621 1465 utrumque
2647 1395 2794 1449 nefas
2812 1404 3077 1450 mercatus
3105 1396 3294 1449 acerba
3323 1392 3516 1447 doloris
3539 1408 3553 1454 ;

2173 1487 2324 1542 Nunc
2353 1501 2450 1555 age
2479 1496 2804 1550 constanter,
2835 1501 3025 1554 repara
3055 1486 3263 1539 virtutis
3291 1485 3568 1546 honorem,

2172 1575 2240 1629 Et
2261 1577 2352 1629 tibi
2374 1585 2426 1630 te
2453 1591 2665 1640 revoca,
2696 1576 2958 1644 trepidum
2990 1590 3057 1628 ne
3088 1575 3246 1628 noxia
3277 1573 3536 1639 frangant,

2172 1664 2350 1720 Gloria
2381 1681 2448 1719 ne
2476 1673 2680 1734 pereat,
2715 1681 2818 1719 neu
2848 1680 3104 1734 prospera
3133 1664 3334 1718 lubrica
3362 1661 3612 1732 perdant;

2105 1776 2152 1834 Β
2179 1752 2342 1808 Utere
2368 1768 2518 1807 more
2540 1761 2653 1818 tuo,
2684 1761 2739 1807 te
2766 1753 2958 1807 deinde
2981 1754 3186 1808 redisce
3211 1753 3484 1820 magister,

2178 1841 2354 1898 Fortis
2382 1843 2595 1896 athletae
2624 1841 2822 1904 animo,
2855 1849 3073 1897 sanctos
3101 1858 3206 1897 non
3236 1842 3414 1896 obruit
3433 1855 3603 1895 error.

2179 1933 2364 1987 Acrius
2389 1932 2687 2002 insequitur
2715 1933 2923 1988 hostem
2951 1947 3139 1988 manus
3167 1933 3267 1986 ista
3296 1931 3500 1996 dolore,

2178 2018 2449 2091 Plagaque
2476 2021 2579 2076 fixa
2608 2022 2746 2076 solet
2770 2030 2978 2076 mentes
3000 2037 3210 2075 armare
3236 2021 3434 2085 viriles,

2177 2110 2351 2178 Atque
2374 2110 2577 2179 pudore
2603 2125 2791 2166 recens
2810 2112 3002 2166 crescit
3021 2111 3084 2166 de
3111 2112 3329 2165 vulnere
3357 2111 3538 2176 virtus,

2178 2196 2256 2251 Ac
2283 2197 2440 2251 datur
2467 2199 2732 2268 arrbigero
2771 2200 2996 2255 victoria
3017 2201 3236 2255 vulnere
3263 2199 3472 2254 crebro.

2177 2286 2436 2344 Fraterno
2462 2290 2695 2359 alloquio
2723 2292 2801 2346 sic
2829 2293 3048 2360 angelus
3068 2293 3300 2362 explicat
3322 2306 3434 2354 ore,

2177 2378 2347 2434 Tanta
2375 2389 2456 2436 est
2476 2397 2602 2437 cura
2631 2384 2725 2438 Dei
2748 2384 3028 2438 Martinum
3045 2385 3272 2439 avellere
3300 2384 3468 2452 lapsu.

2181 2467 2413 2526 Ulterius
2440 2472 2644 2543 synodo
2670 2489 2845 2544 neque
2870 2489 2928 2529 se
2964 2475 3273 2544 permiscuit
3294 2474 3471 2527 insons

2175 2558 2506 2630 Virtutisque
2531 2577 2639 2617 suae
2667 2563 2873 2618 damnis
2897 2579 3034 2618 nova
3063 2563 3208 2618 lucra
3229 2563 3454 2633 paravit.

497 2686 3713 2732 h———————-————————-——____—_____—___.

1015 2787 1617 2871 IEGYPTIUS
1649 2791 1996 2873 DEUM
2049 2795 2552 2878 MARTINI
2612 2798 3228 2897 INVOCANS,

1423 2922 1968 2986 TEMPESTATIS
2001 2926 2454 2992 PERICULUM
2488 2932 2586 2992 EF
2591 2932 2858 2997 FUGIT.

497 3108 683 3165 Navita
709 3125 828 3165 cum
851 3111 1068 3180 quidam
1103 3111 1436 3184 Tyrrhenum
1463 3123 1708 3172 curreret
1734 3129 1938 3184 azquor,

496 3199 622 3254 Fert
649 3201 750 3255 iter
769 3202 833 3255 ad
865 3201 1110 3266 Romam,
1135 3204 1226 3271 qui
1252 3204 1553 3259 veliticante
1577 3206 1758 3259 volatu

497 3287 743 3342 Turbinis
764 3289 1047 3356 impatiens
1068 3291 1238 3344 oritur
1269 3293 1519 3346 violentia
1551 3295 1711 3358 venti,

497 3377 730 3432 Exiliuut
757 3377 969 3445 fluctus,
999 3381 1198 3434 feriunt
1217 3395 1344 3435 cava
1374 3381 1492 3436 vela
1519 3383 1790 3438 rudentes.

496 3469 656 3525 Nutat
682 3471 838 3540 pinus
855 3470 1017 3534 iners,
1047 3472 1345 3542 rapitantur
1363 3474 1510 3543 signa
1533 3475 1811 3542 chiruscis,

499 3559 656 3615 Lenis
676 3568 731 3615 et
759 3569 1003 3616 antenna:
1025 3564 1271 3617 coeuntia
1301 3580 1501 3619 cornua
1523 3563 1787 3632 frendent,

495 3650 641 3704 Artis
663 3651 836 3720 inops,
868 3652 1110 3721 stupidus
1134 3653 1306 3708 resilit
1332 3654 1396 3709 de
1419 3671 1598 3726 puppe
1623 3657 1894 3726 magister.

495 3739 672 3803 Stant,
705 3741 847 3808 unde
868 3751 1135 3798 armatura
1165 3746 1328 3809 cadit,
1358 3745 1536 3815 fragor
1568 3749 1796 3817 aequoris
1824 3757 1996 3817 urget.

497 3829 659 3884 Prora
689 3831 822 3885 bibit
849 3848 862 3897 ;
887 3832 1013 3887 dum
1053 3842 1215 3887 nauta
1241 3836 1426 3899 vomit,
1459 3838 1596 3906 perit
1623 3852 1729 3905 ars,
1751 3839 1894 3907 jacet
1922 3852 2066 3903 usus,

497 3917 627 3987 Spes
652 3920 802 3989 fugit,
829 3921 904 3974 ira
940 3925 1150 3991 premit,
1182 3925 1388 3994 rapitur
1415 3926 1525 3991 lux,
1557 3943 1806 3999 morsque
1833 3928 2067 3984 minatur

494 4006 712 4064 Casibus
740 4011 792 4064 in
820 4010 1010 4076 dubiis,
1039 4013 1171 4067 certi
1197 4024 1449 4084 vergente
1484 4017 1676 4071 salute.

2103 3119 2148 3179 C
2179 3117 2313 3171 Dum
2351 3119 2621 3188 trepidant
2649 3136 2857 3189 omnes,
2880 3121 3162 3195 Egyptius
3188 3122 3302 3178 haec
3329 3121 3406 3177 ait
3431 3113 3584 3187 unus,

2180 3204 2317 3271 Quin
2347 3214 2401 3261 et
2428 3207 2552 3261 dum
2582 3208 2776 3265 Christi
2806 3212 3122 3266 charismata
3148 3221 3388 3267 senserat
3411 3227 3591 3268 exsors
3620 3228 3636 3266 :

2184 3296 2399 3352 Martini
2421 3299 2584 3365 Deus,
2608 3301 2755 3370 eripe
2783 3304 2911 3357 nos!
2946 3304 3069 3358 Mox
3097 3305 3209 3358 dira
3240 3304 3472 3373 procella

2179 3386 2414 3452 Corruit,
2445 3397 2498 3442 et
2515 3390 2686 3458 pelagi
2717 3399 2892 3446 tumor
2917 3394 3055 3448 altus
3077 3394 3144 3447 ad
3165 3396 3268 3448 ima
3290 3394 3505 3448 resedit.

2179 3473 2448 3530 Sternitur
2475 3477 2613 3530 unda
2637 3480 2756 3544 rati,
2781 3479 2964 3548 liquidi
2995 3483 3142 3537 stetit
3168 3498 3292 3538 area
3320 3483 3508 3551 campi,

2176 3567 2354 3637 Atque
2376 3570 2595 3624 immota
2619 3571 2720 3626 loci
2739 3571 3023 3640 jacuerunt
3046 3589 3312 3627 murmura
3343 3573 3510 3641 ponti.

2174 3657 2408 3726 Gurgitis
2436 3661 2605 3729 optati
2629 3661 2778 3716 trabe
2807 3664 3037 3716 curritur
3056 3677 3236 3731 aequor
3264 3663 3507 3723 amicum,

2179 3747 2405 3802 Littoris
2435 3765 2528 3804 ora
2559 3750 2740 3820 legunt
2768 3749 2946 3805 flabris
2972 3751 3094 3805 data
3125 3751 3239 3804 vela
3270 3749 3532 3812 secundis,

2172 3839 2348 3908 Atque
2375 3849 2563 3910 petens
2585 3851 2819 3910 portum,
2850 3842 2981 3896 vada
3012 3843 3246 3911 complet
3274 3851 3434 3895 nauta
3456 3841 3717 3896 celeusma

2174 3931 2264 3987 Sic
2290 3932 2426 3987 bene
2447 3948 2544 4001 pro
2572 3933 2776 3988 meritis
2804 3933 3000 3989 famulo
3038 3933 3131 3988 dat
3159 3934 3398 3988 Christus
3421 3934 3668 3995 honores,

2175 4022 2337 4091 Cujus
2362 4032 2521 4077 eunte
2546 4023 2649 4078 fide
2677 4031 2869 4092 terras,
2901 4039 3067 4090 mare,
3095 4025 3269 4080 sidera
3284 4025 3512 4095 supplet.

509 4132 3705 4164 ...κῇ-...Ἧ-

1330 4210 1448 4290 ΙΝ
1523 4211 2135 4296 LEONTIUM
2210 4215 2883 4300 EPISCOPUM

1537 4346 1863 4392 REDDITUM
1893 4348 1972 4389 BU
1985 4347 2383 4389 RDEGALENSI
2414 4347 2728 4391 ECCLESIE

1842 4429 2383 4492 ACROSTICHIS.

1946 4547 2251 4563 ~—

771 4602 1037 4670 Agnoscat
1063 4620 1221 4660 omne
1247 4609 1495 4663 saeculum

773 4692 1074 4748 Antistitem
1103 4695 1403 4762 Leontium,

773 4779 1162 4850 Burdegalense
1192 4787 1484 4852 prmmium,

774 4869 924 4924 Dono
952 4886 1180 4941 superno
1209 4874 1494 4930 redditum.

773 4978 1028 5048 Bilinguis
1049 4997 1141 5037 ore
1163 4983 1376 5045 callido.

770 5069 982 5126 Crimen
1004 5072 1216 5128 fovebat
1239 5075 1494 5137 invidum,

770 5158 970 5215 Fcrens
998 5163 1246 5216 acerbum
1279 5167 1542 5227 nuntium,

775 5248 927 5306 IIunc
948 5252 1056 5318 jam
1082 5254 1324 5322 sepulcro
1347 5256 1637 5310 conditum.

775 5358 960 5412 Celare
980 5374 1037 5413 se
1060 5375 1165 5414 non
1186 5362 1422 5428 pertulit,

775 5448 875 5515 Qui
905 5451 1054 5504 triste
1075 5450 1227 5505 funus
1249 5451 1432 5519 edidit,

778 5536 845 5591 Et
869 5539 913 5592 si
950 5555 1142 5593 nocere
1161 5541 1334 5606 desiit,

773 5628 960 5684 Insana
988 5630 1093 5684 vita
1124 5629 1338 5699 prodiit.

2089 4586 2142 4644 D

2449 4609 2710 4678 Deceptus
2731 4618 2846 4663 arte
2873 4609 3031 4663 noxia

2451 4696 2670 4751 Cassata
2701 4697 2861 4752 deﬂet
2903 4698 3144 4760 crimina,

2449 4786 2582 4839 Dum
2604 4801 2719 4855 quae
2736 4787 2955 4856 putabat
2981 4788 3173 4856 tristia,

2442 4877 2715 4932 Conversa
2737 4886 2861 4932 sunt.
2886 4879 2938 4932 in
2962 4880 3171 4946 gaudia.

2447 4984 2704 5052 Exempla
2735 4999 2878 5038 saeva
2907 4986 3146 5054 protulit,

2448 5078 2716 5133 Calcanda
2739 5088 2932 5134 cuncto
2960 5087 3222 5148 tempore,

2450 5168 2520 5222 Ut
2542 5169 2651 5237 jam
2680 5169 2780 5223 sibi
2808 5170 3172 5224 conscriberet

2451 5261 2671 5314 Decreta
2701 5261 2823 5315 vivo
2853 5261 3113 5315 antistite.

2449 5368 2646 5421 Fucata
2677 5383 2762 5421 res
2791 5368 2904 5423 haec
2922 5369 3142 5436 contigit

2452 5457 2678 5512 Vitanda
2707 5467 2856 5512 casto
2879 5468 3112 5527 pectore,

2449 5546 2746 5616 Superstite
2769 5556 2826 5601 ut
2845 5555 3206 5617 praesumeret,

2447 5634 2573 5693 Post
2600 5636 2708 5693 fata
2729 5637 2869 5707 quod
2906 5639 2990 5692 vix
3018 5637 3206 5695 defuit.
