4066 6192
301 344 433 402 1081
1065 331 1511 395 SECUNDINUS
1546 335 1915 396 illBERNUS.
1953 366 2022 379 —
2059 336 2454 395 DREPANIUS
2487 335 2783 395 FLORUS.
3422 334 3559 391 1082

600 449 801 508 Gravat
822 447 1072 506 sacerdos
1098 448 1342 503 ordinem
1923 456 1973 514 Α
2276 450 2472 505 Orbata
2494 467 2653 522 quem
2676 454 2981 519 deﬂeverat,

600 542 700 608 Qui
728 541 1092 611 episcopatum
1121 538 1198 593 sic
1239 537 1393 607 petit,
2281 540 2493 596 Partem
2518 544 2721 613 recepit
2748 545 2926 599 anxia.

606 630 877 699 Przeeepta
904 630 994 699 qui
1036 628 1411 713 complectitur

2275 649 2442 715 Quem
2474 652 2561 705 vix
2589 653 2812 721 putabat
2841 654 3102 708 redditum

598 720 755 791 Fugit
783 719 1000 775 honoris
1028 719 1309 773 ambitum.
2276 738 2549 794 Prmventa
2572 719 2699 797 voto
2725 759 3006 812 prospero,

602 829 717 885 Hoc
734 830 779 884 si
805 830 892 883 cui
912 830 981 883 sit
1008 828 1245 883 debitum
2276 830 2383 885 Res
2412 833 2546 886 mira
2570 834 2781 901 quando
2809 836 3044 889 cernitur

604 920 833 975 Coactus
859 920 1114 976 ascendat
1140 917 1385 986 gradum,
2276 922 2427 977 Solet
2450 932 2665 994 stupere
2693 926 2848 981 visio.

601 1010 718 1110 ljotl
738 1025 797 1110 se
826 1009 1272 1110 pugilli-391"“:
2289 1035 2570 1105 Recolligit
2590 1044 2767 1091 rector
2794 1050 3031 1105 gregem,

602 1101 709 1156 Sed
728 1101 888 1155 dante
911 1099 1106 1155 Christi
1138 1112 1382 1153 munere.
2277 1125 2474 1181 Εηοιςθ
2490 1099 2704 1196 ἐεριωη
2735 1099 2956 1191 εεῖηίιξε,

599 1214 815 1285 lneptus
830 1222 912 1271 est
938 1217 1056 1285 quis
1078 1215 1190 1284 ipse
1210 1229 1270 1268 se
2278 1214 2514 1270 Pastoris
2543 1232 2667 1270 arce
2695 1216 2906 1283 cognita

602 1305 858 1361 Prmferre
884 1307 998 1360 vult
1025 1306 1277 1360 Ecclesia:
1311 1321 1325 1357 :
2275 1306 2469 1362 Gavisa
2498 1316 2620 1363 sunt
2642 1308 2821 1362 ovilia.

599 1395 731 1489 liam
756 1410 877 1489 rell}
896 1404 1158 1489 εξὶεΐθῐξὶηι
1185 1406 1399 1449 sumere
2279 1417 2518 1488 Sumpsit
2545 1420 2766 1487 gradum
2796 1434 2902 1487 quo
2930 1427 3174 1489 tempore

600 1486 803 1542 Electio
831 1487 1009 1542 divina
1038 1487 1130 1541 sit.

2277 1509 2569 1577 Regressus
2591 1518 2671 1564 est
2704 1528 2716 1562 :
2742 1525 2807 1565 eo
2835 1511 2940 1575 die,

599 1597 768 1654 Carus
794 1598 1044 1654 sacerdos
1065 1597 1306 1654 ordinem
2275 1598 2404 1664 Quis
2425 1614 2530 1653 non
2552 1614 2786 1668 superno
2818 1614 3042 1655 munere

600 1690 833 1745 Hilarius
856 1707 962 1745 non
993 1692 1199 1753 ambiit,
1540 1692 1545 1697 “
2285 1688 2399 1745 Hoc
2424 1691 2714 1758 contigisse
2738 1691 3037 1760 praedicet?

600 1781 857 1837 Martinus
887 1782 1012 1836 illud
1042 1783 1246 1851 effugit,
1923 1823 1971 1883 Β

1923 1823 1971 1883 Β
2280 1801 2506 1855 Tantum
2528 1816 2626 1856 nec
2650 1810 2775 1856 ante
2789 1803 3064 1871 prazmium

598 1871 885 1940 Gregorius
910 1872 995 1925 vix
1023 1873 1253 1927 sustulit.
1923 1871 1970 1883 ”

1923 1871 1970 1883 ν
2278 1889 2427 1945 Plebi
2447 1892 2564 1958 fuit,
2588 1907 2708 1946 cum
2736 1892 2905 1946 factus
2933 1900 3032 1955 est,

600 1984 769 2052 Leges
794 1985 1026 2040 refutant
1053 1986 1331 2055 ambitum,
2282 1979 2480 2035 Lmtata
2509 1991 2764 2052 quantum
2798 1991 2925 2035 tunc
2952 1981 3049 2034 fuit

596 2076 815 2132 lnvasor
835 2078 1010 2132 omnis
1032 2078 1267 2148 pellitur,
2289 2072 2512 2138 Quando
2541 2075 2743 2144 recepit
2771 2073 3071 2143 praesulem.

600 2168 751 2236 Quod
779 2178 1035 2239 respuunt
1063 2170 1333 2238 praetoria,

2278 2185 2486 2250 Venite,
2528 2187 2692 2252 cives,
2719 2186 2974 2257 plaudite,

601 2257 745 2312 Vitet
766 2258 914 2313 nefas
945 2257 1204 2313 Ecclesia.
2281 2277 2349 2332 Et
2375 2288 2499 2332 vota
2522 2280 2660 2334 votis
2677 2278 2854 2332 addite
2882 2296 2896 2342 ;
3552 2290 3583 2303 '

596 2370 825 2438 Maligna
853 2380 1007 2427 erant
1026 2373 1339 2436 certamina,
2277 2370 2395 2436 Quo
2420 2370 2557 2426 facta
2589 2382 2714 2427 sunt
2734 2372 3011 2435 miracula,

610 2462 687 2516 De
704 2462 833 2517 sede
861 2478 965 2517 non
990 2472 1167 2519 tamen
1196 2481 1289 2518 sua
1310 2507 1325 2532 ,
1662 2458 1665 2463 ⁴
2275 2462 2501 2517 Servent
2527 2477 2647 2517 eum
2670 2462 2925 2518 cmlestia.

602 2552 729 2618 Qua:
754 2567 853 2607 nec
878 2554 986 2622 pati
1007 2553 1293 2618 desiderat,

2280 2572 2523 2629 Christus
2543 2589 2737 2628 sereno
2763 2573 2963 2628 lumine

600 2642 717 2699 Νοη
747 2643 939 2698 inferat
964 2659 1116 2699 mens
1145 2645 1406 2714 iumba-
2276 2662 2658 2731 Circumvolet,
2684 2679 2843 2734 quem
2866 2662 3111 2730 reddidit,

602 2755 712 2811 Nec
745 2756 987 2825 longiore
1017 2765 1258 2826 tempore
2284 2750 2353 2805 Ut
2376 2753 2515 2808 trina
2546 2762 2757 2809 crescat
2785 2755 2977 2822 gratia,

602 2847 859 2904 Versatur
885 2849 937 2903 in
966 2849 1069 2903 hoc
1096 2864 1396 2913 murmure,
2284 2844 2549 2913 Mercede,
2580 2849 2712 2914 vita,
2743 2848 2937 2917 gloria.

598 2941 731 2996 Dum
760 2942 998 3009 008mm
1017 2940 1326 3008 succedere:
2275 2960 2444 3015 lmum
2465 2960 2710 3017 canendo
2734 2968 3042 3028 concrepet,

597 3030 758 3085 Redit
791 3031 1041 3087 sacerdos
1060 3031 1152 3100 qui
1175 3030 1291 3085 fuit.
2283 3050 2533 3119 Quisquis
2572 3051 2684 3106 Deo
2713 3066 2820 3105 non
2848 3048 3074 3114 invidet;

597 3140 795 3197 Orante
817 3142 973 3212 plebe
1000 3143 1265 3212 protinus,
1928 3198 1966 3212 Α
2286 3140 2428 3197 Laus
2453 3143 2570 3211 ejus
2598 3150 2701 3209 est,
2730 3142 2820 3209 qui
2852 3140 3127 3211 praesulem

601 3231 736 3286 Dum
757 3199 916 3287 nemo
942 3198 1127 3299 credit,
1154 3233 1414 3301 redditur,
1923 3198 1969 3259 Ο
2286 3232 2359 3287 De
2380 3234 2569 3287 mortis
2591 3247 2686 3287 ore
2722 3233 2964 3288 retrahit.

604 3323 733 3391 Quae
760 3325 1036 3381 conﬂuunt
1060 3334 1183 3396 post
1208 3326 1382 3381 tristia
2282 3345 2503 3400 zelame
2524 3346 2629 3400 ﬁdo
2658 3354 2900 3415 pectore,

598 3415 801 3485 Maiora
830 3424 955 3471 sunt
980 3417 1094 3497 hzec
1115 3417 1325 3486 gaudia.

2284 3434 2401 3490 Jam
2424 3451 2548 3491 vera
2577 3435 2680 3491 diei
2710 3453 2817 3491 non
2846 3434 3030 3504 pudet,

600 3528 793 3585 Plausu
818 3531 1029 3587 favebat
1053 3532 1258 3597 civitas,
2282 3527 2407 3583 Haec
2426 3543 2589 3597 parva
2619 3526 2949 3580 nobilissimo

599 3617 701 3674 Cui
729 3620 934 3675 reddita
964 3629 1046 3676 est
1075 3620 1306 3675 felicitas
2281 3616 2440 3687 Papae
2461 3618 2649 3671 damus
2677 3615 2923 3670 Leontio.

2048 3713 3567 3755 ==================================

333 3724 2534 3765 ﬁ:

1660 3814 1875 3856 EODEM
1918 3814 2234 3857 TEMPORE.

1055 3932 2819 4095 SECUNDINUS

1389 4192 1893 4315 HIBEBNZUS
1944 4190 2514 4268 EPISCOPUS.

1709 4360 2045 4440 HYMN
2064 4362 2199 4442 US

1097 4475 1179 4536 IN
1222 4473 1551 4535 LAUDEM
1593 4476 1656 4536 S.
1707 4474 2053 4539 PATRICII
2096 4475 2363 4539 ADHUC
2404 4476 2805 4537 VIVENTIS.

1007 4572 1192 4630 (Hunc
1220 4573 1469 4644 hymnum
1499 4573 1695 4628 videsis
1720 4572 2037 4645 Patrologize
2063 4581 2257 4628 nostrae
2284 4581 2430 4632 lomo
2460 4573 2596 4637 Llll,
2628 4574 2730 4629 col.
2757 4573 2915 4633 857.)

1773 4304 2192 4318 δ”-ψ

352 4656 3575 4706 W—

3177 4686 3573 4701 έ--ψῖ

1428 4766 1725 4809 necum
1783 4751 2065 4809 πίθοιο·
2124 4766 2399 4818 ρωιιτο.

501 4884 2115 5047 DREPANIUS
2246 4886 3411 5049 FLORUS.

1718 5124 2168 5201 NOTITIA.

1553 5236 1645 5298 (Ex
1691 5237 1919 5288 Biblioth.
1956 5238 2153 5288 Patrum
2180 5241 2362 5303 Lugd.)

400 5385 719 5458 Drepanius,
744 5388 971 5444 natione
984 5386 1166 5443 Gallus
1193 5384 1309 5452 fuit,
1338 5393 1399 5440 ut
1424 5400 1492 5441 ex
1520 5386 1635 5454 ejus
1661 5387 1901 5457 epistolis
1930 5390 1979 5449 D
2002 5389 2241 5456 duinum,
2271 5389 2338 5444 37
2370 5388 2672 5445 Heduorum
2702 5393 3030 5463 episcopum,
3062 5391 3173 5461 qui,
3203 5403 3322 5444 eum
3357 5386 3581 5441 undeci~

333 5478 628 5547 colligimus
652 5497 665 5532 :
688 5478 879 5536 Florus
903 5479 1228 5543 nominatus,
1266 5483 1325 5531 ut
1350 5491 1419 5532 ex
1447 5477 1673 5547 epistola
1697 5476 1763 5531 ad
1786 5476 1901 5531 Mo-
2006 5496 2124 5534 mus
2152 5480 2311 5535 fuerit
2338 5497 2369 5535 a
2390 5481 2445 5535 S.
2479 5479 2686 5551 Siagrio
2712 5492 2965 5555 martyre,
2988 5482 3150 5536 fratre
3176 5478 3372 5547 regium
3388 5476 3582 5531 Gallia~

403 5595 423 5614 '
458 5591 623 5667 Juxta
636 5592 1024 5667 Raronium,_in
1059 5592 1200 5667 notis
1223 5592 1290 5645 ad
1319 5591 1755 5667 Martyrologium
1786 5590 1901 5645 Ro-
2007 5593 2097 5667 qui
2124 5594 2433 5667 existimant
2462 5597 2606 5667 hunc
2629 5596 2950 5667 Drepanium
2980 5610 3097 5649 esse
3119 5593 3261 5667 illum
3284 5592 3583 5667 cujus__me-

334 5674 545 5717 manum
594 5660 628 5717 8
654 5662 800 5730 Maii,
844 5671 899 5719 et
943 5663 1305 5725 Possevinum,
1332 5659 1385 5716 in
1415 5658 1687 5732 Apparatu
1716 5676 1902 5725 sacro,
2009 5658 2163 5716 riiinit
2202 5663 2455 5718 Sidonius
2476 5658 2798 5735 Apollinaris
2838 5666 2929 5720 lib.
2969 5679 3078 5731 vui,
3110 5664 3267 5735 epist.
3300 5658 3388 5718 ll.
3423 5660 3578 5719 Eutr.
