4066 6192
542 264 686 324 ωδε
1888 261 2148 318 DREPAF

2194 262 2205 317 I
2245 261 2449 319 FLORI
3675 270 3800 324 I085

544 389 664 434 rum
684 372 1073 441 Brunechlldis,
1093 387 1212 445 quae
1228 373 1365 430 vixit
1376 379 1535 429 :etate
1555 373 1800 444 Gregorii
1819 372 1995 444 Magni
2016 374 2121 433 PP.
2151 382 2204 442 Α
2226 381 2477 449 quaginta
2499 380 2657 451 paqu
2684 381 2805 454 plus
2822 382 2998 441 minus
3017 384 3170 442 annis
3188 386 3478 457 posterior,
3498 402 3566 443 ac
3584 387 3810 457 proinde

545 468 614 524 ad
639 483 836 523 annum
857 466 1056 523 Christi
1076 466 1201 532 590;
1224 465 1584 534 Magnusvero
1606 466 1720 521 sive
1745 464 2125 523 SeniorTheo-
2228 472 2430 528 vixisse
2454 473 2521 528 ad
2547 489 2746 529 annum
2765 474 2963 533 Christi
2984 476 3105 532 650.
3131 476 3419 549 Scripsisse
3438 479 3675 550 hymnos
3701 479 3812 549 ipse

549 561 737 617 dosius
756 560 841 617 cui
862 560 1251 631 Panegyricum
1275 558 1460 614 Rom:e
1486 558 1623 613 dixit
1653 556 1873 613 Latinus
1898 557 2127 615 Pacatus
2228 567 2460 617 testatur
2473 562 2543 617 ad
2570 562 2914 642 quphinum
2942 570 3344 638 grammaticum
3375 587 3390 623 :

547 651 867 721 Drepanius,
895 653 963 705 ad
997 664 1196 704 annum
1244 647 1440 705 Christi
1469 647 1571 702 590
1598 656 1654 702 et
1684 647 1835 740 quo‘d
1871 649 2127 740 excurrit,
2355 671 2807 740 εοὲιίςυίιηεωπε
2826 678 3069 740 quondam
3094 690 3185 726 vox
3207 682 3384 740 optim,
3408 686 3607 739 nostra,

550 742 916 813 imperaverit,
944 741 1157 795 videtur
1175 740 1334 810 plane
1368 740 1452 795 hic
1479 748 1661 794 noster
1682 739 1976 810 Drepanius
2002 739 2130 796 Flo-
2420 734 2481 784 Et
2500 735 2598 798 lyra
2616 734 2908 788 dulcimud03
2928 740 3107 801 pressit
3125 734 3271 789 amic'a
3291 752 3450 789 sonos.

549 849 642 889 rus
669 842 848 904 poeta,
881 831 1073 886 Latino
1103 829 1306 885 Pacato
1353 829 1642 900 Drepanio,
1692 828 1938 885 ducentis
1970 830 2132 899 quiu-
2233 834 2370 902 Quid
2398 846 2657 907 prteterea
2670 841 2965 911 scripserit,
2990 856 3097 895 non
3126 856 3344 911 possum
3371 841 3663 895 afﬁrmare.

546 962 3804 988 .__._____._._______._________.__________________________

1520 1077 2277 1182 DREPANII
2363 1082 2821 1190 FLORI

1344 1314 2000 1439 PSALMI
2099 1312 2324 1439 ET
2420 1317 3047 1451 HYMNI.

1081 1563 1396 1623 PSALMUS
1433 1564 1593 1619 XXII.
2230 1559 2555 1630 Persolvam,
2586 1565 2929 1637 gaudensque
2957 1568 3125 1626 melos
3148 1578 3203 1626 et
3222 1574 3459 1629 carmina
3486 1575 3655 1631 dicam
3680 1595 3694 1631 :

627 1656 711 1715 lle
738 1665 892 1730 pater
919 1656 1257 1728 omnipotens
1279 1656 1529 1711 clementi
1558 1655 1679 1725 jure
1702 1653 1985 1723 gubernat,
2156 1658 2203 1717 Β
2229 1648 2274 1706 Ο
2294 1652 2456 1722 Deus,
2482 1655 2702 1711 aetherei
2723 1672 2915 1713 censor
2940 1660 3219 1717 mitissime
3243 1666 3418 1732 regni,

558 1753 674 1807 Non
695 1751 824 1805 mihi
854 1750 969 1805 dira
999 1749 1186 1814 fames,
1217 1765 1326 1803 non
1356 1748 1463 1803 ulla
1504 1747 1724 1802 nocebit
1753 1752 1985 1815 egestas.
2232 1741 2414 1798 Pande
2441 1744 2743 1801 salutiferas
2768 1749 2973 1805 muastis
2998 1750 3322 1808 clamoribus
3351 1768 3527 1823 aures,

554 1842 762 1898 Adsunt
788 1841 1047 1911 graminei
1072 1840 1239 1895 colles
1266 1848 1322 1894 et
1349 1852 1543 1908 pascua
1572 1838 1715 1901 lzeta,
2232 1830 2485 1901 Quosque
2509 1847 2729 1902 gemens
2755 1836 2918 1893 fundo
2947 1840 3228 1897 miseratus
3251 1844 3456 1914 respice
3480 1843 3667 1900 ﬂexus.

555 1932 764 1988 Adsunt
790 1940 846 1987 et
882 1931 1067 2001 liquidi
1096 1930 1269 1986 fontes
1297 1938 1352 1985 et
1371 1928 1589 1984 flumina
1616 1928 1784 1996 larga.
2233 1921 2311 1978 Te
2339 1939 2458 1979 mea
2476 1925 2591 1980 vult
2616 1926 2797 1994 fades.
2823 1936 2873 1985 te
2900 1945 3071 1994 mens,
3103 1940 3156 1987 te
3181 1935 3343 1989 corda
3364 1945 3668 2005 precantur,

553 2022 648 2078 Ilis
674 2037 775 2092 ego
799 2023 1047 2089 nutritus,
1072 2022 1156 2077 his
1183 2036 1396 2092 semper
1420 2020 1634 2077 abunde
1666 2018 1918 2084 refectus,
2232 2013 2594 2085 Conspectum
2632 2017 2929 2090 faciemque
2949 2030 3116 2088 tuam,
3138 2022 3300 2080 Pater
3327 2026 3486 2092 alme,
3518 2028 3745 2096 requiro.

554 2114 779 2169 Justitia:
806 2123 983 2170 rectos
1005 2113 1326 2169 contendam
1369 2127 1592 2183 carpere
1626 2111 1810 2178 calles,
2232 2104 2378 2161 Neve
2397 2108 2516 2177 pios
2536 2110 2741 2175 oculos,
2773 2122 3017 2169 sanctum
3044 2131 3143 2170 neu
3172 2117 3427 2173 subtrahe
3445 2118 3665 2185 vultum,

555 2208 700 2274 Quos
722 2207 850 2261 mihi
870 2208 975 2262 dux
1007 2208 1200 2262 mentis
1221 2215 1432 2262 secreto
1461 2206 1660 2260 lumine
1687 2202 1893 2275 pandit,
2232 2198 2344 2253 Neu
2375 2200 2626 2256 famulum
2656 2202 2911 2260 Dominus
2938 2207 3078 2263 bello
3108 2210 3445 2266 incumbente
3464 2213 3696 2282 relinque
3721 2229 3734 2263 :

557 2301 724 2369 Ipsius
744 2309 803 2355 ut
825 2316 1018 2356 nomen
1048 2301 1353 2355 celebretur
1385 2299 1541 2353 laude
1568 2297 1811 2368 perenni.

2233 2282 2361 2344 Esto
2382 2291 2513 2345 mihi
2541 2293 2778 2350 clemens
2797 2298 2995 2366 potius,
3028 2298 3267 2369 ﬁdusque
3294 2311 3569 2371 patronus,

558 2393 706 2445 Illum
736 2405 834 2460 ego
882 2392 1045 2447 corde
1085 2405 1334 2460 sequens,
1366 2390 1495 2444 letlii
1534 2389 1827 2456 mortisque
1861 2384 2128 2450 tenebras,
2234 2379 2343 2435 Nec
2361 2396 2449 2436 me
2472 2385 2837 2455 contemptum
2868 2391 3183 2446 truculentis
3212 2392 3397 2448 desere
3425 2397 3690 2450 monstris.

558 2481 829 2546 Intrepido
858 2481 1079 2536 calcabo
1107 2480 1264 2551 pede,
1296 2481 1433 2534 mala
1463 2479 1604 2536 nulla
1634 2478 1833 2533 timebo
1867 2494 1880 2529 :
2234 2469 2312 2525 Nc
2337 2487 2423 2527 me
2444 2474 2641 2545 quippe
2686 2476 2781 2531 feri
2807 2480 3076 2547 quondam
3107 2483 3309 2552 liquere
3336 2495 3584 2555 parentes
3617 2504 3629 2537 :

562 2570 733 2625 Meme
755 2570 950 2640 quippe
978 2580 1082 2624 tusc
1110 2572 1197 2640 pie
1225 2586 1321 2625 rex
1341 2569 1610 2639 correptio
1631 2569 1812 2638 virgae,
2237 2562 2304 2615 At
2332 2563 2503 2619 bonus
2529 2567 2615 2621 hic
2642 2564 2897 2625 Dominus
2922 2571 3061 2627 dulci
3088 2575 3285 2642 pietate
3318 2575 3526 2631 refovit.

562 2662 646 2717 lle
674 2660 913 2725 baculus,
954 2670 1108 2729 pater
1136 2661 1295 2725 alme,
1326 2668 1448 2714 tuus
1477 2661 1759 2729 firmatque
1786 2659 2049 2731 regitque.
2237 2653 2418 2711 Pande
2439 2657 2569 2712 mihi
2598 2668 2802 2714 rectum
2824 2662 3084 2732 perplexa
3101 2680 3196 2733 per
3222 2667 3339 2721 avia
3361 2668 3567 2733 callem,

628 2749 706 2803 Tu
736 2750 864 2804 mihi
898 2750 1135 2813 delicias,
1171 2758 1227 2804 tu
1256 2765 1495 2805 mensam
1522 2750 1813 2820 epulasque
1841 2752 2063 2821 parasti.
2236 2747 2393 2817 Lesis
2420 2757 2474 2804 ει
2503 2750 2754 2807 eximiam
2786 2754 2986 2809 tribuas
3021 2757 3222 2825 fulgere
3247 2759 3537 2823 lucernam.

561 2841 660 2907 Qui
690 2849 839 2896 satur
859 2841 1084 2898 invictas
1112 2842 1377 2912 adipiscar
1397 2851 1616 2912 pectore
1640 2844 1809 2907 vires,
2235 2838 2311 2893 Ne
2332 2837 2472 2894 ferro
2493 2840 2761 2896 accinctos
2780 2844 3046 2899 incurram
3070 2848 3277 2903 nescius
3308 2848 3524 2903 hostes:

559 2932 925 3002 Adversasque
948 2934 1096 2989 acies
1115 2934 1339 3003 pulchro
1359 2934 1651 2989 certamine
1672 2933 1902 3000 vincam,

2236 2925 2343 2981 Sed
2371 2927 2507 2982 duce
2537 2938 2587 2983 te
2616 2930 2827 2998 gradiar
2854 2933 3064 2989 inimica
3094 2950 3191 3005 per
3218 2937 3430 3004 agmina
3456 2946 3626 3001 tutus;

567 3025 633 3078 Ut
661 3026 789 3099 milii
813 3034 935 3095 post
954 3025 1158 3081 validos
1178 3039 1369 3096 pugna:
1398 3025 1631 3081 victricis
1652 3039 1870 3095 agones.
2168 3025 2211 3084 C
2243 3018 2373 3071 Nam
2401 3034 2486 3073 me
2506 3018 2773 3090 falSilqui
2800 3023 3084 3078 Cinxel‘um
3104 3026 3335 3095 Undique
3364 3034 3524 3083 ῑοδιθε
3554 3044 3571 3079 ε

559 3112 775 3168 Lartilize
814 3114 963 3183 largo
991 3123 1152 3184 caput
1176 3124 1490 3184 aspergatur
1516 3114 1677 3179 olivo,
2238 3107 2320 3162 Nil
2351 3116 2528 3163 tamen
2557 3111 2820 3167 insontem
2840 3112 3119 3169 mendacia
3149 3131 3285 3170 vana
3313 3117 3599 3183 nocebunt,

560 3203 937 3273 Lucilluusque
965 3204 1106 3259 calix
1135 3204 1296 3273 pleno
1324 3219 1411 3259 me
1440 3205 1654 3273 proluat
1675 3205 1887 3268 haustu,
2238 3200 2341 3255 Sed
2363 3202 2590 3257 mendax
2612 3204 2885 3272 proprium
2909 3205 3143 3274 portabit
3171 3206 3347 3275 lingua
3385 3216 3610 3262 reatum.

559 3295 926 3364 Servatusque
954 3302 1044 3349 tua
1074 3294 1281 3349 cunctis
1308 3296 1509 3363 pietate
1537 3296 1746 3357 diebus,
2238 3290 2334 3345 Ast
2353 3306 2452 3360 ego
2477 3290 2690 3347 conﬁdo
2712 3293 2921 3348 Domini
2950 3295 3093 3364 quod
3117 3295 3309 3365 gaudia
3337 3296 3483 3367 larga

559 3383 839 3438 Sidereum
865 3383 1061 3439 Christi
1090 3398 1302 3439 merear
1325 3384 1687 3440 conscendere
1716 3383 1990 3453 templum,
2239 3381 2399 3437 Vitali
2420 3384 2473 3437 in
2500 3384 2672 3453 patria
2701 3383 2851 3438 laatus
2881 3385 2998 3441 sine
3016 3387 3119 3442 fine
3140 3387 3351 3443 videbo.

561 3475 674 3531 Sub
701 3490 810 3546 quo
830 3475 1101 3547 perpetuis
1126 3476 1300 3529 vivam
1326 3474 1554 3530 feliciter
1576 3474 1751 3529 annis.
2240 3472 2503 3543 Exspecta
2523 3472 2808 3530 Dominum
2829 3477 3098 3530 constanti
3119 3477 3286 3533 corde
3311 3477 3596 3546 benignum
3618 3493 3633 3540 ;

1078 3565 1394 3623 PSALMUS
1431 3565 1618 3620 XXVI.
2240 3562 2468 3634 Semper
2494 3572 2550 3619 et
2572 3563 2811 3622 adversis
2837 3564 3064 3634 conflige
3088 3567 3316 3622 viriliter
3340 3567 3522 3633 armis,

634 3656 755 3714 Lux
785 3658 915 3714 mihi
941 3673 1072 3729 pura
1102 3659 1264 3727 Deus,
1294 3659 1437 3715 Deus
1462 3665 1546 3713 est
1568 3657 1698 3712 mihi
1725 3656 1901 3712 vivida
1926 3655 2097 3713 virtus
2122 3672 2135 3712 :
2242 3654 2376 3711 Nam
2404 3656 2543 3712 bona
2572 3656 2818 3727 perpetui
2848 3658 3053 3727 patiens
3082 3657 3219 3714 feret
3247 3659 3444 3731 inclyta
3470 3656 3643 3727 regni.

561 3747 675 3803 Nec
703 3750 951 3805 tenebras
978 3749 1156 3818 igitur,
1188 3764 1292 3805 nec
1318 3750 1507 3805 mortis
1528 3750 1646 3819 jura
1674 3750 1923 3806 verebor.
2745 3749 3059 3807 PSALMUS
3094 3751 3305 3808 XXVII.

563 3838 679 3894 Iloc
698 3847 876 3897 tutore
895 3856 1013 3896 utea
1041 3850 1096 3897 et
1118 3843 1358 3897 munitur
1383 3843 1616 3912 denique
1643 3843 1752 3897 vita
1768 3886 1785 3912 ,
2596 3838 2677 3895 Ad
2703 3847 2757 3895 te
2778 3841 3023 3910 polorum
3046 3843 3295 3898 conditor

562 3927 640 3984 Ne
665 3943 753 3984 me
778 3929 892 3984 dira
912 3931 1033 3987 loco
1058 3932 1229 4002 possit
1256 3932 1485 3987 formido
1514 3947 1767 4000 movere;
2198 3976 2208 3986 .
2532 3928 2779 3986 Clamore
2801 3931 3025 4001 supplex
3052 3932 3256 3997 intimo,

563 4020 668 4077 Sed
696 4037 943 4092 spernam
971 4032 1195 4079 cunctos
1221 4024 1455 4079 robustis
1479 4024 1680 4078 viribus
1700 4026 1903 4090 hostes,
2528 4018 2724 4074 Votum
2752 4035 3074 4090 precemque
3100 4021 3271 4092 dirigo
3298 4040 3313 4077 :

563 4114 664 4181 Qui
681 4123 972 4185 properant
998 4124 1208 4170 nostras
1236 4115 1390 4168 malis
1419 4114 1697 4169 absumere
1721 4130 1931 4171 carnes.
2527 4112 2724 4167 Aurem
2748 4113 3009 4182 benignus
3031 4114 3330 4170 commoda.

565 4205 707 4262 Ecce
734 4220 912 4260 meum
941 4212 1089 4259 tanto
1116 4205 1333 4275 pulsant
1363 4205 1455 4274 qui
1486 4206 1696 4262 turbine
1721 4216 1929 4277 pectus,
2604 4201 2735 4256 Nam
2754 4202 2799 4257 si
2825 4206 2931 4257 tuis
2958 4204 3190 4259 oraculis

564 4301 781 4355 Robore
800 4299 1032 4355 contrito
1049 4299 1185 4355 tristi
1215 4298 1423 4369 periere
1450 4300 1602 4354 ruina
1635 4318 1649 4354 :
2532 4292 2748 4361 Indigna
2769 4301 2921 4361 gesto
2948 4304 3185 4364 pectora,

563 4390 690 4445 Sive
716 4399 844 4459 ergo
870 4390 1057 4447 castris
1083 4390 1322 4457 sedeant,
1353 4405 1449 4445 seu
1489 4390 1670 4461 praelia
1694 4399 1927 4461 tentent,
2173 4396 2227 4455 D
2528 4382 2625 4439 His
2659 4391 2813 4439 exsto
2839 4383 2952 4453 jam
2968 4385 3287 4440 simillimus.

566 4480 771 4536 Ponam
800 4481 961 4537 corde
989 4490 1209 4544 metum,
1234 4495 1385 4550 spem
1408 4488 1522 4537 tota
1550 4490 1729 4537 mente
1757 4495 2043 4538 resumam.
2527 4472 2640 4528 lmo
2672 4481 2929 4529 vorantur
2947 4475 3037 4544 qui
3060 4474 3199 4530 lacu.

637 4569 813 4625 Unum
832 4579 915 4626 est
938 4571 1079 4639 quod
1103 4570 1223 4627 οωὶὶ
1253 4570 1535 4626 Dominum
1556 4571 1869 4639 intenseque
1890 4569 2137 4641 poposci,
2602 4561 2740 4618 Alldi
2766 4566 3035 4633 precantis
3060 4565 3218 4621 anxia
3235 4603 3252 4629 9

565 4660 825 4730 Quodque
847 4659 1041 4716 ardens
1068 4660 1231 4715 nimio
1252 4660 1365 4716 voti
1403 4661 1613 4715 fervore
1635 4662 1927 4730 requiram,
2530 4650 2690 4706 Pater
2714 4650 2983 4722 suprei’ne,
3013 4667 3306 4718 murmura.

568 4752 639 4807 Ut
663 4766 909 4807 maneam
938 4751 1144 4806 cunctis
1166 4751 1362 4807 Christi
1398 4752 1495 4807 sub
1525 4753 1792 4807 menibus
1819 4755 1994 4821 annis,
2531 4740 2665 4794 Dum
2695 4741 2895 4810 templa
2920 4742 3041 4797 εαξη
3070 4742 3139 4797 ad
3166 4742 3329 4798 ardua

564 4842 734 4911 Ipsius
758 4850 814 4898 et
831 4849 1016 4898 sancto
1051 4856 1262 4912 semper
1287 4859 1574 4899 succensus
1595 4858 1797 4907 amore,
2535 4827 2691 4884 ΕΜιὲ
2721 4829 2852 4886 ιοὶιο
2877 4830 3117 4887 brachia.

565 4932 770 5002 Saepius
794 4932 982 4988 aeterni
1009 4931 1180 4987 visam
1206 4946 1356 4987 sacra
1377 4932 1558 4987 limina
1583 4934 1786 5003 templi.
2609 4919 2689 4976 Ne
2707 4932 2794 4976 me
2819 4921 3061 4978 scelestis
3090 4922 3316 4980 obsecro

566 5022 665 5077 llic
688 5036 776 5076 me
803 5035 1034 5091 namque
1061 5019 1188 5075 feris
1214 5036 1333 5074 cum
1362 5021 1606 5089 eingerer
1634 5022 1868 5093 undique
1894 5020 2071 5089 bellis,
2534 5010 2602 5065 Εῑ
2623 5011 2922 5069 criminosus
2940 5015 3169 5071 coetibus

564 5111 675 5167 Sub
694 5110 912 5182 proprio
936 5108 1217 5166 abscondit
1244 5109 1496 5175 thalamo,
1528 5110 1765 5179 velisque
1811 5112 2034 5167 sacratis
2529 5101 2753 5158 Mixtum
2768 5105 2949 5159 trahas
2976 5103 3045 5158 ad
3069 5103 3253 5160 inﬁma

564 5204 865 5268 Obtectum,
892 5209 1042 5271 grata
1066 5200 1287 5256 nimium
1316 5200 1555 5254 eonfovit
1584 5200 1636 5254 in
1660 5202 1864 5255 umbra.
2526 5190 2706 5250 Pwnae
2732 5194 2940 5250 voracis
2964 5202 3187 5252 tartara.

568 5293 663 5350 llic
686 5308 771 5349 me
798 5292 1083 5364 praivalida
1111 5290 1227 5346 saxi
1247 5288 1486 5345 sublimis
1512 5289 1566 5343 in
1594 5304 1717 5343 arce
2532 5310 2533 5313 η
2595 5282 2698 5349 Qui
2716 5283 2894 5353 lingua
2916 5292 2972 5340 et
2989 5300 3087 5342 ore
3112 5286 3337 5344 subdolo

566 5382 874 5447 Constituit,
897 5395 1171 5450 smvosque
1196 5393 1358 5447 super
1378 5378 1494 5446 pius
1522 5378 1713 5433 extulit
1737 5377 1941 5443 hostes,
2527 5368 2721 5427 Pacem
2749 5374 3040 5445 loquuntur
3056 5378 3303 5448 proximo
3326 5394 3343 5433 :

567 5475 683 5539 Quo
726 5472 964 5542 subjecta
994 5487 1145 5526 meus
1175 5476 1381 5525 temnat
1408 5469 1702 5525 certamina
1721 5475 1926 5523 vertex.
2531 5460 2713 5516 Dirum
2741 5463 2838 5519 sed
2866 5466 2989 5521 altis
3009 5475 3299 5536 contegunt

569 5564 659 5618 Ibo
687 5562 847 5630 igitur
865 5562 1001 5618 sacri
1021 5560 1325 5615 veneranda
1362 5574 1459 5630 per
1488 5560 1623 5612 atria
1646 5557 1847 5627 templi.
2528 5551 2734 5607 Bellum
2763 5552 2858 5609 feri
2887 5555 3215 5624 praecordiis.

577 5652 648 5707 .\c
676 5665 873 5708 munus
893 5650 1107 5706 laudum
1129 5650 1326 5705 Christi
1356 5649 1584 5705 devotus
1613 5647 1677 5703 ad
1707 5662 1857 5701 aram
2602 5641 2695 5698 His
2710 5656 2856 5714 ergo,
2874 5645 3042 5716 judex
3062 5646 3285 5721 optime,
