4066 6192
318 367 456 425 1085

603 473 789 529 Parem
828 468 1066 540 repende
1091 464 1348 535 gratiam;

597 567 883 621 Tormenta
911 560 1142 616 versutis
1161 556 1330 622 vafra,
1359 590 1363 594 ι

600 656 740 712 lnfer
766 654 1010 721 malignis
1038 650 1255 707 callida.

668 746 856 801 Manus
878 743 1073 812 iniquis
1095 741 1324 808 actibus,

598 839 882 907 Vitamque
904 835 1075 890 fraudi
1111 833 1346 889 deditam

600 928 875 1004 Condigna
896 926 1097 995 plectat
1124 924 1278 988 ultio,

603 1018 770 1071 Fraus
797 1015 1006 1083 fraude,
1032 1015 1140 1068 vita
1168 1011 1432 1069 concidat.

677 1107 876 1162 Domus
910 1106 1110 1160 dolosis
1132 1104 1264 1159 illita

600 1199 754 1255 Fueis
782 1212 1019 1268 perenne
1046 1203 1298 1251 corruat:

602 1289 731 1356 Qum
758 1288 896 1342 facta
924 1300 1079 1341 mens
1106 1285 1278 1339 nescit
1301 1282 1426 1350 Dei,

606 1380 792 1436 Densis
818 1378 1055 1434 tenebris
1091 1377 1331 1432 horreat.

669 1468 862 1524 Grates
880 1468 1125 1538 polorum
1149 1463 1397 1534 principi,

604 1560 705 1627 Qui
729 1566 853 1613 vota
883 1556 1023 1611 servi
1052 1553 1307 1624 supplicis

608 1650 909 1716 Voeemqne
934 1646 1167 1701 clemens
1191 1642 1414 1698 flebilem

606 1738 779 1792 Tanto
808 1735 989 1791 beavit
1012 1748 1254 1788 munere.

679 1826 778 1882 Hic
802 1825 1145 1881 dimicantem
1174 1821 1427 1892 protegit,

604 1917 781 1985 Juvat,
802 1924 1001 1981 tuetur,
1032 1916 1189 1983 erigit
1218 1932 1231 1968 ε

608 2008 651 2062 ll
660 2007 778 2077 ujus
810 2004 1026 2061 favente
1057 2004 1296 2068 numine,

610 2096 795 2153 Claros
824 2095 1121 2163 triumphos
1148 2105 1469 2160 consequor.

680 2186 830 2241 Tunc
855 2186 986 2240 dura
1012 2192 1137 2254 post
1157 2180 1487 2248 discrimina,

608 2280 747 2335 Caro
775 2280 962 2334 dolore
984 2279 1149 2333 libera

618 2372 874 2439 Florebit,
905 2380 961 2426 et
987 2372 1149 2425 decus
1176 2382 1375 2424 novum

612 2464 853 2518 Pulchra:
879 2461 1067 2516 salutis
1094 2460 1299 2513 induet.

683 2555 821 2609 Huic
850 2566 977 2620 ergo
1014 2561 1264 2621 prompto
1292 2548 1481 2619 spiritu

609 2648 710 2701 Mei
733 2647 941 2701 decoris
968 2644 1195 2714 principi

613 2739 819 2793 Laudes
841 2736 1065 2792 sacrabo
1091 2734 1297 2790 debitas

618 2830 808 2885 Dulces
834 2837 891 2883 et
916 2828 1140 2897 hymnos
1180 2824 1479 2880 concinam.

687 2918 787 2974 Hic
808 2932 1039 2987 namque
1065 2918 1233 2971 virtus
1256 2915 1454 2987 inclyta

620 3011 792 3066 Plebis
820 3011 990 3065 beatae
1018 3009 1232 3079 prazmia
1259 3025 1273 3073 ;

620 3099 716 3156 llic
743 3100 856 3169 ipse
884 3098 1095 3154 Christo
1115 3096 1320 3167 proflua

620 3191 809 3247 Servat
835 3191 1023 3245 salutis
1050 3188 1260 3259 gaudia.

691 3284 869 3349 Salva,
901 3284 1125 3338 Creator
1143 3283 1366 3352 optimc,

618 3372 833 3430 Plebem
861 3374 1187 3442 redemptam
1207 3371 1482 3441 sanguine,

620 3465 850 3535 Tumque
868 3465 976 3520 dita
1004 3464 1238 3534 praemiis

618 3555 952 3612 llacreditatis
971 3556 1170 3624 glorize.

689 3648 838 3704 Hanc
858 3662 980 3702 cum
1009 3646 1216 3715 potenti
1242 3646 1463 3701 dextera

620 3738 843 3806 Semper
868 3736 1105 3805 guberna
1131 3745 1186 3790 et
1213 3746 1452 3805 protege,

621 3825 827 3881 Extolle
855 3826 1079 3880 summis
1109 3825 1249 3879 hanc
1274 3825 1450 3888 bonis.

624 3916 743 3972 [Evi
771 3915 1023 3986 perennis
1050 3916 1276 3971 saeculis.

446 4027 725 4085 llYMNUS
752 4029 1049 4095 ANANl/E,
1079 4029 1355 4084 AZARUE
1386 4029 1474 4085 ET
1512 4029 1781 4100 MISAEL,

705 4135 1016 4176 εΑΝοτοιιωι
1054 4137 1218 4176 TRIUM
1257 4139 1283 4175 Ρ
1292 4137 1561 4177 υΕῙίΟΒυΜ.

413 4208 583 4265 Omne
603 4211 746 4281 quod
773 4219 1005 4267 teternus
1032 4228 1129 4281 per
1156 4214 1377 4268 verbum
1411 4213 1654 4269 condidit
1681 4222 1889 4279 auctor,

344 4301 593 4357 Auctoris
620 4317 813 4357 nomen
836 4303 1091 4367 celebret,
1126 4303 1417 4372 laudesque
1441 4305 1681 4371 resultet,

343 4389 687 4461 Exsultetque
714 4409 867 4448 suum
893 4410 990 4464 per
1010 4396 1203 4449 smcula
1229 4404 1419 4450 cuneta
1449 4405 1747 4465 parentem.

343 4484 606 4552 Angelicae
631 4493 810 4541 vestro
840 4496 1027 4543 turmae
1053 4488 1349 4544 benedicite
1378 4490 1509 4558 regi,

343 4570 741 4642 lngenitumque
761 4576 919 4629 simul
944 4588 1162 4633 resonet
1200 4595 1303 4634 vox
1332 4582 1475 4636 celsa
1508 4583 1754 4652 polorum
1788 4602 1801 4636 :

342 4662 493 4719 Hunc
512 4665 850 4720 modulentur
882 4685 1050 4739 aqum,
1081 4687 1215 4740 quas
1257 4676 1483 4730 sustinet
1508 4678 1704 4732 arduus
1721 4679 1908 4745 aether,

343 4755 492 4811 llunc
520 4758 694 4813 omnis
720 4769 904 4816 saneto
932 4764 1096 4818 virtus
1120 4766 1370 4822 decantet
1390 4784 1594 4835 amore,

342 4845 493 4902 llunc
521 4847 602 4902 sol
623 4851 830 4917 argenti
858 4852 1047 4921 psallat
1073 4856 1356 4924 splendore
1385 4874 1663 4928 coruscus,

342 4936 493 4995 llunc
511 4939 688 5008 gelido
710 4941 915 5011 fulgens
939 4945 1204 5001 collaudat
1229 4949 1427 5005 lumine
1455 4951 1601 5018 luna,

343 5029 494 5087 Hunc
512 5034 715 5102 pariter
734 5042 877 5089 totus
900 5037 1171 5092 stellarum
1201 5041 1450 5095 concinat
1473 5042 1629 5111 ignis.

344 5121 415 5176 'l‘e
438 5123 612 5192 pluvia
635 5124 931 5193 exundans,
958 5136 1012 5182 te
1040 5144 1127 5184 ros
1154 5132 1455 5188 lenissimus
1484 5134 1627 5200 edat,

344 5210 732 5283 Discordesque
775 5231 919 5271 aura:
945 5222 1196 5275 concordi
1225 5237 1358 5279 voce
1386 5226 1647 5283 resultent
1678 5244 1692 5282 :

336 5303 611 5392 Artificem
639 5309 912 5377 proprium
941 5310 1297 5379 pulcherrima
1331 5316 1545 5374 ﬂamma
1573 5320 1842 5392 loquatur,

344 5391 408 5445 Et
436 5394 651 5464 rapidus
678 5398 886 5454 Domini
916 5416 1112 5457 nomen
1132 5405 1287 5459 simul
1315 5417 1476 5464 aestus
1503 5391 1738 5468 anhelet.

345 5479 455 5537 lloc
480 5484 718 5551 glacialis
737 5488 925 5556 hiems,
956 5491 1061 5546 hoc
1087 5495 1286 5549 torrida
1315 5510 1565 5566 personet
1596 5511 1770 5559 aestas.

346 5571 569 5629 Roscida
593 5581 895 5648 temperies,
927 5591 983 5637 et
1011 5591 1252 5654 tempora
1283 5603 1415 5643 cana
1444 5592 1669 5659 pruinis,

346 5661 779 5751 llorrendumque
804 5673 946 5740 gelu,
976 5683 1031 5728 et
1056 5676 1233 5745 magni
1263 5678 1341 5733 vis
1368 5677 1577 5749 frigoris
1606 5682 1807 5751 ingens,

346 5750 407 5809 Et
434 5756 632 5827 glacies
650 5760 859 5828 crustis,
893 5772 1106 5839 vertens
1134 5766 1451 5826 immanibus
1480 5770 1667 5841 undas,

1820 346 2054 403 HYMNI.

1920 463 1967 521 Α
1999 461 2168 527 Atque
2195 457 2345 511 nives
2383 454 2551 510 denso
2578 452 2838 507 vallantes
2863 448 3060 504 vellere
3100 455 3290 512 terras,

3435 328 3573 386 {086

1996 547 2215 602 Auctori
2243 560 2343 616 per
2369 546 2527 600 saecla
2559 543 2671 598 Deo
2691 557 2790 597 sua
2818 539 3054 596 carmina
3086 537 3289 593 dicant.

1992 637 2144 691 llunc
2173 651 2281 690 nox
2312 634 2619 690 somniferis
2645 631 2923 687 involvens
2951 637 3142 685 cuncta
3172 625 3431 691 tenebris,

1995 728 2169 797 Atque
2196 725 2311 780 dies
2338 725 2515 779 varios
2537 724 2868 792 distinguens
2893 721 3012 775 luce
3033 720 3265 779 colores,

1995 816 2352 884 Mortalesque
2375 814 2580 869 animos
2609 813 2867 868 torrentia
2893 811 3095 878 lulgura
3128 807 3363 872 laudent,

1996 905 2059 959 Et
2085 906 2254 961 nubes
2275 906 2423 973 largo
2450 904 2682 958 ditantes
2710 903 2873 957 ubere
2900 910 3089 956 terras.

2065 996 2143 1052 Te
2173 1004 2324 1052 sator
2350 996 2636 1050 immensas
2666 993 2821 1047 tellus
2847 990 3068 1046 fundata
3088 1003 3185 1058 per
3211 985 3403 1047 undas,

1996 1087 2074 1141 'l‘e
2097 1100 2315 1156 quoque
2337 1084 2550 1139 sublimi
2581 1083 2875 1151 gaudentes
2901 1082 3105 1135 vertice
3127 1086 3356 1141 montes,

1998 1178 2064 1232 Et
2089 1178 2255 1233 colles
2284 1175 2467 1230 humili
2497 1182 2803 1244 spectantes
2832 1172 3006 1227 sidera
3035 1171 3194 1237 collo,

2000 1267 2273 1336 Aerizeque
2301 1272 2490 1323 sonent
2514 1264 2750 1333 jucundo
2778 1276 3050 1317 murmure
3078 1261 3245 1326 silvae,

2001 1359 2173 1426 Atque
2199 1357 2372 1412 omnis
2394 1356 2631 1412 celebret
2659 1352 2797 1410 fetus
2823 1353 3030 1409 telluris
3051 1352 3245 1421 opimaa

1999 1445 2133 1499 Tum
2158 1445 2332 1502 fontes
2357 1444 2535 1515 gelido
2561 1444 2906 1500 moderantes
2931 1450 3176 1497 caumata
3200 1448 3356 1509 potu,

2002 1536 2066 1589 Et
2092 1538 2260 1591 maria
2280 1537 2552 1593 horrendo
2580 1536 2876 1605 quatientia
2907 1534 3086 1588 littora
3116 1531 3298 1595 fluctu,

2004 1626 2412 1697 Flumineusque
2432 1634 2589 1681 canat
2610 1626 2786 1694 lapsus
2813 1626 3052 1679 clamore
3080 1635 3297 1676 sonoro.

2003 1728 2078 1782 Te
2106 1724 2210 1782 ceti
2235 1722 2495 1775 immanes
2514 1760 2529 1785 ,
2558 1726 2613 1772 et
2636 1715 2891 1785 quidquid
2914 1722 3091 1784 reptat
3112 1714 3163 1767 in
3185 1712 3366 1774 undis;

1928 1822 1974 1879 B
2001 1817 2077 1871 Te
2097 1814 2374 1870 volucrum
2394 1808 2569 1864 dulcis
2599 1806 2777 1861 laudet
2805 1812 3096 1860 concentus
3118 1803 3169 1855 in
3192 1801 3353 1869 agris.

2000 1906 2075 1962 Te
2102 1916 2354 1975 pecorum
2373 1899 2517 1953 mitis
2541 1911 2669 1965 grex
2694 1895 2887 1965 inclyte
2913 1899 3184 1963 personet,
3211 1899 3267 1944 et
3297 1900 3365 1944 te.

2006 1995 2094 2050 Vis
2114 1993 2278 2049 etiam
2307 1997 2525 2046 resonet
2565 1987 2870 2042 rabidarum
2900 1993 3053 2039 torva
3084 1982 3336 2037 ferarum.

2004 2085 2154 2139 Hunc
2180 2081 2455 2136 hominum
2485 2092 2645 2132 omne
2671 2090 2840 2145 genus
2866 2074 3072 2144 pollens
3102 2072 3309 2126 ratione
3337 2067 3544 2140 potenti

2003 2173 2296 2230 Innumeris
2324 2171 2527 2226 rccinat
2548 2166 2758 2235 linguis,
2789 2166 2929 2219 hunc
2958 2164 3070 2231 ipsa
3098 2162 3321 2216 resultet

2002 2265 2361 2320 lsraelitarum
2390 2260 2611 2315 nimium
2638 2257 2787 2327 plebs
2808 2270 2933 2309 cara
2958 2252 3212 2307 Tonanti.

2003 2357 2216 2424 Vosque
2243 2351 2567 2412 sacerdotes,
2590 2361 2726 2417 quos
2756 2343 2931 2399 nobile
2960 2356 3179 2410 germen
3207 2338 3386 2393 Aaron

2003 2446 2197 2507 Edidit,
2230 2452 2284 2498 et
2312 2457 2467 2499 sacro
2497 2439 2696 2493 Levita:
2725 2435 2980 2504 sanguine
3004 2432 3157 2497 creti,

2004 2535 2149 2600 Quos
2178 2531 2377 2602 proprii
2406 2529 2589 2597 templi
2611 2523 2779 2581 voluit
2805 2524 2945 2579 Deus
2975 2538 3093 2578 esse
3117 2521 3408 2586 ministros,

2005 2626 2299 2692 Perpetuas
2320 2634 2513 2689 supero
2532 2616 2717 2671 laudes
2743 2613 3027 2685 persolvite
3048 2611 3202 2679 Regi.

2076 2713 2308 2783 Spiritus
2336 2712 2477 2764 hunc
2496 2708 2793 2775 animmque
2813 2705 2957 2759 ciant
2983 2717 3080 2773 per
3106 2700 3258 2756 saecla
3282 2699 3514 2768 piorum,

2009 2804 2076 2857 Et
2103 2801 2273 2857 sancti
2301 2808 2461 2868 atque
2490 2798 2719 2851 humiles
2744 2809 2875 2865 pura
2906 2794 3106 2862 pietate
3135 2789 3495 2857 frequentcnt.

2011 2895 2163 2948 Hunc
2191 2892 2395 2946 Anania
2420 2905 2575 2945 sacer
2602 2902 2811 2943 summo
2839 2884 3086 2940 sustollat
3114 2884 3342 2947 honore,

2011 2982 2335 3049 Azariasque
2363 2979 2519 3032 simul
2540 2975 2841 3031 reverendo
2870 2974 3119 3042 pnedicet
3147 2985 3264 3037 ore,

2011 3071 2079 3125 Et
2101 3069 2285 3124 Misael
2306 3068 2528 3138 pulchro
2548 3072 2764 3120 sanctus
2792 3059 3066 3118 collaudat
3093 3072 3299 3122 amore,

1938 3186 1981 3247 (ς
2012 3164 2114 3230 Qui
2141 3177 2200 3216 se
2219 3162 2286 3216 de
2307 3157 2486 3213 medio
2507 3155 2741 3211 fornacis
2761 3153 2970 3207 turbine
2993 3159 3137 3204 tutos

2015 3254 2183 3319 Eruit,
2214 3260 2271 3307 et
2293 3250 2438 3306 venti
2465 3247 2697 3303 rorantis
2718 3244 2930 3298 ilamine
2956 3242 3106 3303 fovit,

2011 3346 2143 3399 Cum
2163 3341 2362 3412 rapidis
2386 3338 2547 3395 cincti
2570 3342 2830 3392 canerent
2858 3332 2971 3387 hcce
2991 3330 3226 3385 carmina
3255 3327 3506 3394 ﬂammis,

2016 3436 2237 3505 Vimque
2257 3447 2409 3488 suam
2433 3430 2631 3486 oblitus
2654 3435 2870 3485 sanctos
2890 3440 2997 3478 non
3022 3423 3238 3477 laederet
3261 3421 3414 3489 ignis.

2014 3526 2121 3580 lies
2141 3525 2294 3589 mira,
2320 3531 2377 3577 et
2404 3521 2561 3574 nullis
2585 3516 2844 3571 abolenda
2876 3516 2928 3568 in
2959 3514 3149 3569 smcula
3179 3514 3367 3576 smclis,
3410 3517 3420 3526 '

2016 3618 2133 3671 Non
2156 3629 2303 3677 caro,
2330 3628 2436 3667 non
2467 3610 2649 3676 vestis,
2674 3624 2778 3661 non
2808 3606 3021 3661 verticis
3049 3606 3163 3674 ipse
3196 3604 3422 3672 capillus

2017 3708 2276 3762 Ardorem
2298 3704 2467 3759 sensit
2494 3703 2702 3772 piceum
2728 3699 3025 3753 llammzcve
3048 3711 3303 3765 vaporem
3332 3713 3347 3747 :

2015 3799 2153 3868 Quin
2181 3797 2283 3851 l:eti
2313 3804 2476 3864 atque
2504 3793 2727 3856 alacres,
2759 3792 2873 3860 ipso
2901 3797 3158 3860 poscente
3188 3796 3415 3857 tyranno
3434 3826 3451 3854 ,

2014 3888 2221 3956 Egressi
2246 3888 2298 3940 in
2328 3885 2512 3939 laudes
2536 3883 2646 3937 veri
2668 3882 2922 3936 domuere
2950 3878 3173 3949 profana

2014 3980 2118 4032 Ora
2148 3977 2264 4042 Dei,
2296 3990 2404 4045 quo
2428 3972 2674 4043 psallenti
2703 3970 2949 4027 mirantia
2972 3969 3143 4033 vultu,

2014 4069 2251 4122 llorrore
2281 4065 2483 4134 ingenti
2509 4069 2844 4117 tremuerunt
2868 4060 3094 4114 barbara
3116 4057 3297 4113 corda.

2086 4158 2237 4214 Hunc
2272 4164 2328 4213 et
2364 4170 2467 4211 nos
2511 4154 2672 4223 igitur
2712 4156 2977 4209 summum
3022 4159 3374 4219 sanctumque
3401 4162 3592 4219 paren-

3373 4240 3525 4309 Ueni,

2013 4338 2145 4392 Cum
2167 4345 2293 4391 nato
2322 4333 2567 4390 immensi
2593 4333 2781 4388 statuit
2803 4332 2893 4400 qui
2920 4330 3153 4386 culmina
3182 4329 3303 4385 coeli
3329 4346 3342 4382 :

2013 4428 2255 4497 Cumque
2281 4441 2435 4482 sacro
2464 4425 2612 4487 ﬂatu,
2635 4425 2893 4477 virtutum
2920 4429 3140 4476 auctore
3166 4428 3468 4490 potentum,

1939 4546 1991 4608 Ι)
2015 4517 2284 4572 Laudibus
2305 4516 2533 4571 assiduis
2558 4514 2720 4581 digno
2745 4512 3075 4567 exsultemus
3096 4511 3323 4565 honore.

2017 4607 2114 4673 Te,
2146 4605 2390 4669 Domine,
2421 4611 2654 4658 mternus
2680 4601 2939 4656 caelorum
2968 4597 3228 4669 praedicat
3252 4596 3388 4664 axis,

2013 4697 2089 4751 Te
2116 4697 2297 4751 laudat
2323 4695 2447 4751 caeli
2473 4700 2815 4749 sacrosancto
2837 4691 3109 4750 exercitus
3133 4705 3247 4755 ore,

2017 4786 2405 4855 Cloriticatque
2430 4784 2618 4853 ingens
2646 4787 2961 4838 cunctarum
2992 4779 3240 4834 machina
3271 4793 3472 4845 rerum,

2021 4876 2267 4943 Extollit,
2293 4875 2505 4938 metuit,
2528 4874 2746 4935 clamat,
2778 4871 3066 4937 bcnetlicit,
3091 4870 3299 4923 adorat.

2106 4963 2390 5019 HYMNUS
2427 4964 2518 5018 AD
2556 4961 2952 5017 MlCllAELEM
2993 4959 3533 5017 AilCllAlVGELUM.

2093 5051 2313 5108 Clarent
2340 5049 2568 5121 angelici
2594 5050 2839 5104 sublimia
2864 5048 3001 5103 festa
3028 5049 3156 5118 diei,

2161 5142 2398 5197 Allatnra
2426 5140 2525 5209 piae
2557 5139 2696 5194 dona
2721 5138 2877 5193 beata
2903 5140 3111 5204 anima),

2092 5231 2246 5287 Hunc
2267 5232 2465 5287 etenim
2487 5230 2733 5294 Michael,
2764 5231 2900 5285 aula:
2928 5230 3158 5285 caelestis
3186 5230 3456 5291 alumnus,

2163 5322 2466 5393 Conspicuo
2494 5321 2651 5378 nobis
2674 5331 2957 5378 consecrat
2983 5338 3079 5378 ore
3108 5323 3247 5376 diem
3264 5361 3281 5387 ,

2093 5416 2351 5484 Dignatus
2375 5412 2520 5469 Petri
2549 5413 2806 5483 Paulique
2829 5415 3058 5469 invisere
3078 5413 3282 5480 sedem,

2164 5503 2554 5575 Imperiumque
2582 5503 2774 5559 fovens
2801 5504 2998 5573 inclyta
3024 5503 3192 5557 Roma
3221 5512 3389 5568 tuum,

2092 5595 2192 5660 Qui
2220 5609 2472 5665 proceres
2492 5595 2631 5648 inter
2660 5595 2745 5663 pia
2772 5594 2969 5649 mantia
2996 5593 3116 5646 luce
3136 5608 3391 5648 coruscos
3410 5630 3427 5659 ,

2164 5683 2389 5752 Egregio
2418 5683 2563 5737 vultu
2586 5681 2857 5752 splenduit
2884 5681 3014 5737 orbe
3033 5696 3174 5736 novo
3197 5698 3212 5735 ε

2096 5774 2226 5829 Cum
2254 5772 2392 5829 Deus
2415 5773 2648 5844 expulsis
2672 5771 2843 5825 lucem
2871 5770 3213 5840 deprmncrct
3242 5770 3465 5831 umbris,
