4066 6192
314 223 452 282 uss
1718 200 1954 276 nvMNi.
2294 210 2295 213 ‘
3429 213 3567 269 meo

373 338 710 406 Aoniamque
739 350 924 391 nemus
952 330 1125 388 ﬁstula
1154 329 1299 385 nulla
1328 341 1519 387 sonet:
1910 337 1959 395 Α
1985 331 2155 398 Quid?
2182 331 2323 399 quod
2346 331 2535 387 crebro
2556 330 2719 384 etiam
2739 327 2907 383 mittis
2934 328 3020 398 pia
3046 327 3209 383 verba
3235 327 3444 395 salutis,

309 428 509 485 Laurus
536 428 828 499 Apollineae
847 433 1145 481 marcescat
1164 423 1395 493 denique
1415 424 1561 478 silva:
1579 464 1594 489 ,
2061 419 2304 475 Pluribus
2332 429 2388 475 et
2414 420 2568 474 donis
2587 419 2781 487 hicque
2807 417 3059 487 domique
3087 419 3316 473 oneras?

374 518 613 588 Cumque
639 518 749 573 suis
774 517 952 572 baccis
971 516 1091 570 alba
1111 515 1331 585 ligustra
1353 513 1583 579 cadam;
1988 510 2085 567 llic
2109 518 2190 565 est
2211 527 2369 566 verus
2398 526 2567 575 amor,
2592 511 2707 566 hzec
2729 516 2812 565 est
2840 506 3053 565 aﬂectio
3081 511 3295 577 munda,

309 608 562 663 Victrices
588 604 785 661 Christi
803 607 1019 675 vigeant
1039 620 1137 675 per
1164 606 1360 660 saecula
1381 605 1568 674 palmae
1586 644 1602 669 ,
2058 603 2172 661 lloc
2199 603 2368 671 patris
2396 611 2451 657 et
2479 602 2680 657 Christi
2702 617 2897 656 munus
2924 601 3122 669 ubique
3152 601 3318 668 pimu.

372 698 516 764 Quas
536 698 628 751 olli
656 697 929 752 exsultans
959 697 1113 752 turba
1136 712 1334 752 canora
1363 697 1530 763 dedit,
1988 689 2137 744 Talia
2166 690 2412 745 dill'undit
2440 706 2536 759 per
2558 697 2764 744 mentes
2786 689 2931 743 dona
2954 689 3193 758 pudicas,

303 787 573 843 Paciferos
596 787 845 843 scindens
873 788 1006 843 olere
1025 787 1093 842 de
1119 788 1321 843 vertice
1349 803 1528 841 ramos
1545 825 1561 850 ,
2058 778 2283 833 Sedibus
2308 778 2543 833 aetheriis
2570 780 2788 847 spiritus
2812 778 2902 831 ille
2923 776 3110 832 ﬂuens.

375 877 548 946 Atque
575 892 782 931 sacram
804 884 1050 931 sternens
1074 886 1225 932 veste
1250 878 1455 931 nitente
1475 877 1636 937 viam,
1938 870 1951 891 ¹
1989 866 2207 935 Λιιῑὶςυὶ
2234 882 2377 921 nunc
2403 882 2524 920 01‘53
2553 867 2697 921 Senis
2719 866 2873 934 juvat
2900 882 2994 921 ονε
3017 865 3238 931 "fferre.

304 966 436 1034 Quae
458 966 740 1022 Dominum
762 975 983 1037 portans
1010 974 1302 1021 mansuetae
1331 966 1507 1036 pullus
1535 964 1745 1029 aselltc;
2061 956 2286 1011 Lumine
2310 957 2400 1024 Qui
2428 965 2636 1026 captus,
2667 964 2847 1011 mente
2873 972 3113 1023 serenus,
3146 958 3241 1023 ait,

378 1056 613 1112 Poneret
641 1058 902 1112 innocuos
926 1057 1157 1113 molliter
1185 1057 1274 1110 ille
1303 1056 1487 1126 pedes.
1990 1047 2079 1101 Sic
2107 1063 2225 1102 mea
2256 1064 2396 1104 nunc
2422 1048 2628 1103 redolet
2657 1050 2834 1118 proles
2861 1051 3008 1104 velut
3038 1051 3232 1120 inclyta
3261 1064 3404 1116 rura,

304 1145 359 1201 Si
389 1145 585 1215 placidi
607 1144 770 1201 fontis
789 1145 1007 1200 vitalem
1034 1145 1320 1213 quterimus
1350 1144 1566 1208 undam,
2060 1137 2279 1192 Munera
2305 1140 2485 1195 divino
2513 1155 2631 1208 quae
2660 1140 2945 1195 benedicta
2968 1141 3182 1207 .cluunt;

376 1237 454 1291 En
484 1238 642 1291 Siloa:
666 1238 822 1292 nobis
844 1251 978 1292 vena
999 1237 1228 1291 salubris
1252 1235 1428 1304 adest,
1995 1226 2095 1281 Det
2125 1228 2217 1281 tibi
2248 1230 2625 1298 cunctipotens
2656 1231 2779 1285 οωιὶ
2812 1230 2878 1284 de
2906 1246 3030 1284 rore
3059 1232 3275 1294 salubri,

307 1328 435 1393 Quae
462 1328 733 1382 naturales
755 1328 896 1397 potis
921 1337 1005 1382 est
1032 1327 1251 1382 abolere
1276 1328 1547 1393 tenebras,
2064 1315 2353 1384 Ρίηευίῡιιε
2376 1333 2513 1387 eque
2543 1320 2682 1373 arvis
2704 1335 2925 1373 munera
2950 1319 3095 1386 Ιίπεει
3124 1321 3252 1374 satis
3276 1337 3289 1372 ε

376 1419 549 1489 Atque
568 1418 708 1474 diem
736 1420 892 1474 amcis
918 1418 1145 1474 reddere
1175 1419 1481 1473 luminibus.
1992 1406 2209 1463 Scilicet
2230 1411 2473 1478 egregios
2498 1412 2685 1465 aeterni
2716 1410 2894 1466 fratris
2923 1427 3163 1472 acervos.

307 1510 365 1566 Si
386 1519 593 1565 montes
620 1511 891 1579 collesque
916 1511 1126 1579 juvant,
1157 1508 1436 1576 sanctique
1461 1514 1656 1577 poetae,

2062 1496 2350 1553 Exundaus
2381 1500 2579 1569 oleum,
2611 1503 2838 1570 vinaque
2860 1503 3082 1571 pulchra
3113 1503 3288 1568 nimis,

379 1600 519 1655 Ecce
543 1599 719 1655 Signis
743 1615 880 1669 apex
906 1600 1104 1655 mania
1134 1613 1286 1654 sacra
1308 1597 1463 1652 feret.
2116 1585 2294 1640 verbis
2310 1588 2559 1656 persolvo
2588 1589 2757 1643 libens
2787 1590 2904 1656 tibi,
2929 1604 3051 1644 care
3072 1600 3323 1659 patrone,

308 1687 364 1744 In
388 1689 570 1745 laudes
595 1690 790 1745 Christi
819 1690 1032 1745 Thabor
1057 1689 1307 1753 exsultat,
1333 1696 1386 1743 et
1409 1686 1666 1752 Hermon,
1927 1694 1974 1751 Β
2070 1673 2364 1744 Ρθτρθιυειε
2392 1686 2589 1747 grates.
2620 1688 2746 1733 vota
2769 1680 2995 1747 benigna
3023 1681 3201 1735 simul.

380 1779 611 1835 Libauus
639 1781 801 1836 aeriis
819 1781 1021 1850 plaudit
1048 1790 1102 1835 ει
1129 1781 1245 1849 ipse
1272 1779 1465 1841 cedris,
1998 1765 2131 1819 Nam
2162 1768 2339 1834 decet,
2370 1778 2424 1823 et
2453 1769 2673 1839 pulchra
2707 1786 2926 1840 prorsus
2948 1773 3158 1827 ratione
3186 1774 3440 1841 recurrit,

310 1868 585 1925 Cannelus
611 1886 765 1925 sacer
792 1878 874 1925 est
897 1870 1025 1925 Elia:
1045 1870 1267 1924 fulmine
1289 1873 1516 1939 pollens,

1420 1885 1516 1935 ms,
2069 1858 2271 1915 Divinis
2300 1860 2456 1917 dictis
2485 1877 2708 1916 munera
2736 1863 2857 1917 diva
2886 1863 3026 1918 cani.

382 1959 593 2014 Vertice
618 1960 827 2014 sublimi
857 1959 962 2013 fert
986 1960 1301 2014 holocausta
1325 1958 1443 2026 Dei,
1999 1950 2084 2006 Sis
2111 1951 2237 2006 felix
2267 1961 2499 2022 coeptum
2528 1969 2748 2010 servans
2774 1970 2872 2024 per
2890 1955 3083 2010 saecula
3111 1970 3370 2023 amorem,

311 2047 535 2102 Nomine
562 2049 654 2116 qui
681 2048 880 2118 duplici
907 2048 1035 2103 Sina
1065 2049 1324 2102 vocitatur
1348 2054 1404 2101 et
1426 2045 1627 2112 Horcb,
2068 2044 2333 2115 Acceptus
2356 2045 2499 2100 celso
2528 2061 2739 2116 semper
2759 2047 2928 2102 amice
2952 2047 3084 2101 Deo.

381 2133 682 2203 Legiferum
705 2137 859 2192 nobis
881 2145 1147 2191 monstrat
1175 2144 1230 2192 et
1253 2137 1367 2206 ipse
1393 2150 1607 2201 senem,
2453 2158 2839 2216 DREPANIUS
2865 2159 3182 2225 VULFlNo,

314 2224 580 2280 Flammea
610 2235 834 2280 cornuto
858 2227 1158 2281 vibrantem
1183 2227 1382 2281 lumina
1412 2226 1580 2290 vultu,

385 2314 797 2385 Gestantemque
820 2316 987 2371 sacris
1009 2315 1130 2383 jura
1150 2331 1381 2386 superna
1408 2317 1587 2370 tablis.

315 2399 415 2457 Job
441 2404 587 2471 prius
616 2404 782 2459 heroo
811 2420 907 2459 sua
930 2406 1167 2460 carmine
1195 2406 1334 2459 bella
1355 2407 1570 2471 retexit,

2404 2265 2746 2305 CRAMMATICO
2795 2266 3196 2305 AURELMNBNSI.

2409 2357 2652 2415 Hortatio
2679 2360 2749 2414 ad
2770 2360 3168 2415 rescribendum.

384 2467 571 2545 Divina
602 2491 765 2545 David
788 2502 1037 2561 personal
1066 2493 1179 2563 ipse
1208 2493 1339 2562 lyra.
1557 2467 1564 2471 ⁷
2001 2467 2222 2524 Annuus
2249 2472 2485 2525 excurrit
2510 2472 2766 2526 revolutis
2786 2474 3055 2527 mensibus
3078 2474 3240 2528 orbis.

316 2577 415 2645 Qui
447 2581 634 2650 loquar
660 2558 852 2651 insigni
882 2558 1140 2637 tumidum
1171 2558 1459 2637 Solomonia
1489 2582 1773 2647 cothurno,

1633 2599 1773 2647 mm,
2071 2558 2225 2624 Quod
2256 2568 2345 2612 tua
2374 2575 2477 2614 vox
2508 2561 2700 2614 nostris
2723 2562 2941 2615 auribus
2973 2564 3227 2627 insonuit,

386 2667 487 2733 Qui
515 2646 789 2725 {halamos'
804 2670 1002 2725 Christi
1030 2671 1212 2740 psalm
1234 2680 1289 2725 ει
1308 2671 1597 2727 Ecclesia?
1762 2646 1766 2647 “
2002 2646 2133 2755 Ταέἷι
2160 2648 2341 2750 nitidis
2370 2649 2589 2712 chartis,
2615 2656 2723 2703 tam
2744 2651 2900 2705 claris
2921 2652 3060 2705 culta
3092 2650 3271 2720 ﬁguris
3287 2691 3302 2713 ,

320 2756 448 2819 llos,
482 2759 773 2815 reverende
800 2769 973 2830 pater,
1005 2737 1165 2829 pleno
1192 2769 1468 2815 sectentur
1495 2777 1698 2827 amore,
2004 2828 2057 2844 Ν
2075 2737 2440 2844 υξδνξδξῖίῖηθη
2463 2742 2640 2796 cordis
2668 2744 2860 2844 95‘3"}?
2887 2744 3111 2844 Puch”
3140 2745 3294 2844 darf"
3320 2763 3331 2798 ⁵

382 2844 517 2900 Hinc
544 2862 732 2903 sensus
761 2849 930 2902 nostri
958 2849 1226 2916 verbaque
1254 2858 1446 2904 cuncta
1476 2848 1662 2903 fluant.

388 2942 603 2977 miner
628 2937 711 2977 nia
744 2937 919 2977 "natm
950 2952 1101 2977 cnnna
1126 2946 1281 2977 panni
1315 2947 1475 2977 alnnp
1505 2940 1723 2977 paculio!

2003 2828 2094 2883 Sic
2122 2829 2350 2898 liquidas
2378 2840 2570 2898 puteus
2595 2832 2871 2900 profundit
2898 2834 3113 2902 largifer
3142 2835 3340 2901 undas,

2073 2921 2141 2975 Et
2169 2921 2386 2977 rapidus
2415 2923 2603 2977 rapido
2627 2922 2803 2976 fervor
2831 2924 2897 2977 ab
2919 2924 3039 2977 iane
3062 2925 3202 2977 salit.

319 2933 605 2989 Auctorem
628 2937 713 2995 pia
744 2937 923 2995 lingua
950 2952 1102 2992 suum
1126 2946 1285 2992 canat
1314 2947 1476 2995 atque
1504 2940 1758 2995 resultet.

1596 2940 1758 2995 υιιει,
2073 2924 2141 2975 Et
2169 2924 2386 2990 rapidus
2415 2924 2603 2990 rapido
2627 2924 2803 2976 fervor
2831 2924 2897 2977 ab
2919 2924 3039 2992 igne
3062 2925 3201 2979 salit.

394 2952 605 2989 letorem
628 2952 713 3005 pta
744 2952 923 3006 ungua
950 2952 1102 2992 suum
1126 2952 1285 2992 canat
1314 2952 1476 3007 atque
1504 2952 1758 3005 resultet,
2073 2952 2141 2975 ω
2169 2952 2386 2990 “Pw”
2416 2952 2603 2990 ιανιυυ
2627 2952 2800 2976 ’τινυι
2831 2952 2897 2977 αν
2919 2952 3039 2992 ιδυσ
3062 2952 3202 2979 δίυηο

394 3026 677 3081 Auctorem
702 3030 976 3097 proprium
1005 3044 1157 3083 mens
1182 3030 1271 3097 pia
1299 3030 1671 3097 concelebret;
1933 3059 1977 3121 Ο
2005 3011 2119 3121 Sicn
2125 3013 2315 3067 rutilus
2343 3014 2560 3121 rutilum
2589 3015 2756 3067 vomit
2780 3022 2834 3069 et
2862 3016 3218 3072 carbunculus
3246 3018 3443 3087 ignem,

321 3112 649 3170 Cbristicola:
674 3132 853 3171 sermo
874 3116 1141 3172 Christum
1170 3119 1276 3173 ciat
1304 3134 1400 3173 ore
1429 3118 1570 3173 lideli
1593 3138 1605 3171 :
1934 3101 1977 3121 υ
2080 3101 2324 3172 Ρυνθίῐυθ
2353 3102 2456 3157 re"?
2479 3104 2640 3158 durus
2663 3104 2782 3158 νίηθ
2805 3114 3025 3159 venusta
3054 3107 3212 3162 cali!-

395 3204 510 3260 ιιοο
546 3206 759 3275 dignum
786 3247 800 3273 ,
846 3206 952 3263 hoc
990 3209 1195 3278 jusmm
1250 3216 1367 3275 est;
1416 3223 1612 3276 suave,
1658 3210 1907 3279 salubre,
2006 3192 2080 3246 Ex
2111 3192 2243 3247 olea:
2267 3194 2488 3261 pulchro
2518 3194 2741 3263 pulcher
2767 3210 2980 3265 quoque
3002 3198 3201 3253 vertice
3231 3198 3432 3256 fructus

1706 3299 1897 3372 [ρίιιω.
2076 3282 2342 3352 Carpitur,
2373 3293 2533 3353 atque
2558 3284 2735 3354 liquor
2754 3286 3030 3354 pulchrior
3056 3287 3177 3342 inde
3204 3288 3360 3355 fluit;

793 3387 1177 3445 DREPANIUS
1215 3388 1445 3445 AMICO,
2007 3374 2113 3430 Sed
2134 3376 2261 3429 mihi
2292 3374 2602 3430 melliﬂuum
2630 3378 2807 3445 rapuit
2829 3392 2946 3432 sors
2969 3378 3144 3434 invida
3174 3396 3413 3448 carmen,

464 3495 568 3552 Pro
596 3507 829 3568 suscepta
848 3501 927 3554 sui
958 3501 1259 3572 defensione
1285 3503 1573 3573 gratiarum
1602 3502 1756 3554 actio.
2008 3554 2049 3573 ,π
2168 3468 2377 3573 gulcem
2404 3470 2833 3573 mera???“
2857 3472 3035 3573 inm.“
3057 3487 3268 3573 “98'

322 3584 366 3640 O
393 3602 551 3655 quam
572 3591 750 3645 suavis
777 3590 911 3646 odor
931 3593 1095 3647 vestri
1115 3592 1182 3647 de
1211 3592 1445 3661 pectoris
1470 3591 1591 3645 aula
1607 3628 1623 3656 ,

2006 3554 2220 3623 Frigida
2248 3572 2345 3611 ceu
2373 3556 2417 3610 si
2446 3559 2566 3625 quis
2591 3558 2793 3612 sitienti
2821 3561 3011 3628 pocula
3040 3562 3240 3627 demat,

392 3678 571 3748 Exilit,
601 3696 633 3735 ο
655 3682 851 3737 Christi
872 3682 1038 3737 frater
1060 3646 1247 3737 amore
1274 3690 1488 3751 potens.

2080 3647 2177 3701 Vel
2206 3646 2404 3701 famido
2432 3656 2609 3716 gratas
2638 3657 2810 3702 vertat
2836 3651 2903 3704 ab
2934 3666 3028 3705 ore
3050 3651 3214 3721 dapes
3238 3670 3250 3705 :

322 3735 619 3824 Mulcentur
646 3735 856 3839 sensus,
886 3735 1187 3826 mulcentur
1216 3735 1548 3825 visceraitota
1571 3808 1588 3834 ,
2010 3735 2221 3840 “3‘?”
2241 3737 2428 3840 ᾆο¹⁰ξζίέ
2448 3739 2596 3793 venit
2618 3740 2817 3794 misero
2843 3741 2985 3840 (130d
3016 3755 3157 3840 sum?
3181 3742 3407 3798 verebar
3427 3784 3443 3811 ν

394 3857 743 3927 οωθρωιῳιθ
772 3826 986 3913 onlnem
1012 3859 1199 3914 cauca
1226 3859 1308 3913 vis
1331 3826 1586 3922 animum;
2019 3919 2050 3927 Α
2082 3826 2457 3927 [St-metus-i-lle
2485 3844 2635 3884 meus
2654 3831 3049 3927 re‘manifestus
3070 3832 3247 3927 adest.

324 3946 440 4001 Non
469 3949 541 4001 ita
572 3919 776 4003 vernali
805 3949 927 4003 vitis
946 3950 1044 4005 sub
1070 3950 1245 4005 sidere
1272 3947 1483 4017 ﬂagrat,
1573 3919 1582 3922 ⁷
2011 3919 2283 4017 (δοξιίξῖῃίί
2309 3920 2527 4017 (ξίῴῗη
2553 3921 2951 4017 f1“°"da"‘_"°"
2973 3924 3172 4017 9min”
3199 3935 3396 3980 "osum
3414 3967 3430 3991 ’

396 4036 622 4093 Palmite
642 4052 761 4093 cum
791 4039 914 4094 laeto
941 4052 1217 4107 gemmeus
1237 4040 1349 4095 exit
1368 4041 1575 4104 honor;

2082 4008 2147 4063 Et
2169 4011 2282 4081 lyra
2306 4009 2639 4065 dulcimodos
2663 4012 2857 4080 pressit
2885 4013 3054 4066 amica
3086 4028 3267 4067 sonos.

326 4126 433 4181 Nec
454 4129 529 4182 sic
556 4144 867 4198 camporum
896 4099 1101 4186 redolet
1123 4146 1260 4185 nova
1289 4130 1459 4199 gratia
1480 4099 1707 4185 fundens
2012 4100 2150 4199 Quid
2176 4099 2492 4199 ’θεθξτῗίθτ
2519 4100 2633 4199 “Sis
2664 4100 2965 4199 lam_l°nga_
2988 4102 3198 4155 Silentia
3218 4103 3477 4199 signa“?

396 4216 629 4271 Candida
651 4220 889 4287 puniceis
919 4221 1027 4275 lilia
1055 4222 1219 4275 mixta
1241 4222 1379 4275 rosis
1404 4238 1417 4273 :

2084 4192 2269 4259 Quove
2296 4193 2393 4247 tibi
2414 4193 2581 4247 nostri
2606 4200 2712 4246 tam
2741 4193 2848 4247 cito
2878 4194 3063 4263 pulsus
3091 4195 3275 4248 amor?

325 4302 440 4359 lloc
468 4314 521 4359 et
542 4281 785 4362 lloril'era:
812 4309 1098 4365 vincuntur
1126 4324 1349 4364 munera
1378 4308 1543 4362 silvm.
2014 4281 2174 4338 certe
2196 4289 2344 4336 tam“
2375 4290 2477 4335 "’3‘"
2502 4290 2616 4336 tum
2646 4281 2830 4337 ﬂorida
2859 4284 3093 4337 carmina
3115 4299 3278 4339 mus“?

399 4392 790 4466 Pomorumque
818 4401 991 4454 omnis
1017 4407 1344 4468 exuperatur
1371 4397 1526 4452 odor.
1946 4427 1999 4486 Β
2024 4370 3225 4486 ψξίἺς,ξῗτξῗῂῗξξξξίθὲβξ-Ῐξῗξξξξῗτξίξπξξῗ

327 4485 510 4554 Diligis
536 4496 591 4542 et
618 4463 817 4558 pariter
837 4506 1090 4558 praesens,
1123 4463 1177 4544 et
1205 4488 1382 4557 diligis
1410 4488 1625 4555 absens,

1946 4463 1998 4486 ν
2024 4464 2123 4519 Vix
2154 4474 2331 4518 tamen
2351 4478 2606 4518 excursos
2632 4463 2865 4518 excussit
2892 4463 2972 4517 vis
3001 4470 3093 4516 tua
3124 4479 3325 4528 versus,

396 4575 505 4630 Nec
524 4578 693 4632 variat
714 4585 920 4633 castum
951 4580 1140 4634 callida
1170 4579 1315 4633 fraus
1346 4579 1609 4647 animum,

2092 4555 2226 4610 Dum
2249 4555 2493 4611 volucres
2520 4554 2698 4625 apices
2722 4554 2799 4608 sic
2826 4553 3069 4607 reVolare
3092 4553 3266 4621 jubes.

326 4662 451 4719 Sive
477 4667 673 4731 hostes,
701 4683 795 4722 seu
817 4669 924 4723 sint
951 4671 1058 4723 cari
1087 4671 1201 4724 sine
1223 4670 1344 4725 labe
1371 4642 1625 4725 sodales:

2021 4645 2168 4702 Iusta
2195 4647 2355 4715 igitur
2378 4645 2585 4715 emptis,
2614 4651 2669 4699 et
2692 4642 2883 4707 scribe,
2906 4650 2961 4697 et
2988 4642 3182 4712 scripta
3206 4658 3461 4712 reposce:

398 4756 505 4811 Nos
526 4765 616 4810 tua
641 4759 803 4813 corda
830 4762 1030 4825 fovent,
1065 4777 1166 4816 nos
1187 4770 1276 4816 tua
1296 4763 1476 4831 lingua
1505 4761 1672 4817 canit.

1633 4768 1672 4817 ι,
2087 4738 2179 4795 Sic
2199 4740 2396 4793 etenim
2418 4737 2586 4792 dulcis
2612 4749 2853 4791 crescere
2873 4733 3045 4788 suevit
3070 4750 3239 4788 amor.

331 4842 445 4902 Istis
472 4857 623 4915 grata
649 4848 838 4915 refers,
863 4851 982 4906 iuos
1008 4854 1220 4908 ratione
1245 4824 1464 4920 refellis,
2017 4830 2206 4885 Sermo
2230 4830 2359 4898 ligat
2384 4836 2610 4893 mentes,
2640 4824 2935 4920 permulcet
2956 4829 3173 4920 pectora
3202 4838 3402 4893 sermo,

400 4938 737 5007 Diversisque
766 4942 927 4995 armis
950 4940 1168 4996 dimicat
1198 4957 1332 4996 unus
1354 4957 1529 5007 amor,

2086 4922 2346 4977 Absentes
2369 4921 2559 4984 sociat,
2587 4918 2856 4984 scissaque
2878 4914 3127 4970 conciliat
3158 4933 3170 4967 :

332 5024 397 5078 Et
424 5039 637 5095 superat
656 5028 908 5097 quoniam
928 5045 1093 5084 verax
1121 5030 1335 5085 dilectio
1360 5031 1552 5085 victrix
1570 5070 1585 5095 ,

2015 5013 2105 5071 Sic
2133 5014 2323 5068 animae
2352 5012 2515 5066 David
2542 5009 2783 5065 Jonatbae
2812 5022 2963 5061 mens
2985 5007 3205 5075 pulchra
3228 5007 3474 5076 cohaesit,

400 5113 624 5185 Semper
650 5119 705 5172 in
731 5127 989 5174 ωιθηιιιω
1012 5120 1153 5174 clara
1176 5120 1416 5189 trophma
1446 5120 1603 5174 feret,
2091 5105 2201 5159 Nec
2228 5103 2398 5174 patris
2426 5099 2708 5157 horrendis
2733 5097 3030 5189 dejicienda
3053 5097 3230 5189 minis.

331 5202 472 5259 Solis
499 5183 613 5260 atra
636 5209 795 5276 odiis,
816 5211 1061 5277 votisque
1086 5183 1326 5277 actisque
1350 5208 1595 5278 malignis
1614 5248 1630 5273 ,
2018 5195 2139 5250 Vox
2169 5194 2367 5249 etenim
2388 5190 2638 5261 prudens,
2667 5204 2765 5245 ceu
2788 5187 2989 5278 fervida
3025 5186 3242 5242 succina
3269 5183 3474 5253 ﬂagrat,

405 5296 638 5352 Turbine
660 5299 916 5370 praecipiti
940 5300 1062 5369 jure
1090 5300 1244 5355 ruina
1266 5300 1433 5355 venit.
1493 5277 1496 5278 ν
2090 5285 2158 5339 Et
2185 5284 2327 5353 rapit
2353 5290 2552 5337 attactu
2573 5279 2735 5335 corda
2764 5277 3007 5333 modesta
3036 5291 3154 5334 suo.

307 5386 404 5461 ΔΔι
428 5387 665 5441 sincerus
692 5402 863 5455 amor,
895 5404 995 5445 ceu
1022 5389 1113 5443 lux
1133 5396 1330 5443 mterna
1357 5395 1608 5443 coruscat
1632 5405 1646 5441 :
2020 5378 2212 5433 Prome
2232 5388 2423 5444 precor
2449 5371 2637 5427 δοιίῑοὸ
2664 5369 2871 5461 meum
2901 5370 3354 5461 Βξιιιιιΐρρδηῑυδι

406 5475 513 5533 Nec
534 5477 678 5533 cedit
694 5478 947 5546 tenebris,
979 5479 1073 5534 sed
1097 5478 1381 5535 tenebrosa
1401 5477 1567 5547 fugat.
2092 5466 2157 5521 Et
2185 5465 2364 5521 releva
2394 5470 2631 5518 nostram
2652 5460 2825 5518 dulcis
2851 5456 3023 5514 amice
3050 5454 3213 5511 sitim.
