4066 6192
555 319 1085 372 ω

1733 333 1981 348 π

554 210 681 267 1οη
1192 205 1531 264 AUCTORIS
1567 202 1843 260 INCERTI
1886 199 2164 259 CARMEN
2204 197 2294 253 DE
2334 197 2670 253 LAUDIBUS
2708 195 2961 252 DOMINI.
3665 194 3806 252 ιιιθῖ

2047 339 2066 346 μ
2069 330 2383 346 ΪΛΑΔ-ο-ΛΙΙ

760 329 3692 675 mm;

2435 331 2748 344 ω

2751 327 3682 342 rm

3692 307 3804 350 Ε.

1055 828 1623 948 CARMEN
1712 822 1892 937 DE
1965 816 2655 934 LAUDIBUS
2741 816 3298 931 DOMINI.

622 1077 749 1146 Quis
769 1076 1010 1147 queritur
1030 1086 1148 1127 sera
1176 1068 1389 1124 virtutis
1410 1065 1535 1121 dote
1558 1063 1773 1135 juvari?

552 1170 680 1236 Quis
707 1167 969 1238 promissa
997 1162 1092 1217 Dei
1121 1162 1268 1215 lento
1292 1156 1581 1228 procedere
1602 1152 1804 1224 passu?

553 1258 680 1324 Quis
710 1257 813 1310 line
841 1256 1074 1308 humano
1103 1248 1322 1303 metitur
1342 1244 1535 1315 judicis
1563 1257 1751 1297 urnam

554 1345 825 1415 Perpetui,
851 1342 1168 1408 tardumque
1197 1342 1348 1407 putat
1374 1331 1521 1404 quod
1548 1332 1744 1387 satcula
1770 1327 1968 1383 debent

554 1437 876 1492 Accelerare
901 1434 1038 1487 diem
1064 1430 1267 1485 meritis
1295 1427 1385 1498 qui
1415 1425 1632 1496 praemia
1651 1421 1878 1477 reddat?

554 1526 754 1581 Nobilis
783 1523 983 1591 ingenti
1006 1529 1232 1577 testatur
1252 1518 1423 1587 gloria
1451 1515 1615 1571 facto.

553 1616 682 1670 Nam
702 1630 809 1684 qua
838 1612 1106 1681 stagnanti
1134 1608 1442 1679 praelabitur
1469 1604 1681 1673 agmine
1709 1601 1854 1669 ripas

559 1702 754 1759 l‘ardus
782 1702 935 1765 Arar,
958 1701 1273 1769 pigrumque
1302 1695 1489 1750 Diuvix
1514 1692 1750 1762 explicat
1776 1704 1989 1744 amnem

554 1794 663 1861 Qua
687 1793 903 1846 fratrum
925 1790 1113 1844 Rheno
1141 1786 1474 1858 progignitur
1494 1782 1677 1837 lledua
1707 1782 1896 1850 pubes.

554 1880 869 1950 Conjugium
891 1879 1105 1933 memini
1127 1891 1333 1933 summa
1362 1876 1560 1946 pietate
1588 1872 1798 1941 lideque

554 1968 663 2023 Lex
689 1967 867 2022 divina
898 1974 1080 2019 tamen
1107 1964 1356 2017 meritum
1385 1959 1695 2016 cumulabat
1714 1954 1931 2011 amoris.

556 2056 621 2110 Et
640 2064 823 2111 votum
846 2054 1124 2118 ambobus,
1152 2051 1358 2107 socium
1378 2046 1684 2119 praecedere
1704 2052 1898 2108 morte,

556 2146 877 2215 Mmrorique
906 2146 995 2214 pio
1018 2158 1203 2198 curam
1224 2140 1481 2195 mandare
1506 2136 1773 2207 sepulcri,

558 2232 660 2288 Sed
689 2233 839 2301 prior
866 2245 1086 2286 uxorem
1112 2228 1315 2283 decreti
1338 2226 1530 2297 pagina
1552 2224 1700 2292 legit.

623 2320 775 2376 Tunc
807 2320 887 2374 vir
906 2319 1164 2374 sollicitus
1185 2318 1335 2387 largo
1356 2315 1511 2384 jubet
1532 2327 1627 2368 ore
1650 2308 1854 2373 cavari,

558 2414 684 2467 Post
710 2418 939 2465 mortem
967 2409 1099 2463 ﬁunt
1127 2423 1245 2478 quae
1267 2404 1521 2461 membris
1543 2402 1753 2471 hospita
1774 2411 1904 2453 saxa
1928 2413 1941 2447 :

559 2501 837 2569 Suscipere
856 2499 1099 2561 veniens,
1128 2505 1438 2562 aeternaque
1467 2488 1863 2558 fmderajungis
1884 2484 2029 2556 (sic),

561 2588 628 2642 Ut
648 2602 783 2656 quos
811 2587 1053 2639 viventes
1081 2586 1343 2639 tenuisset
1369 2581 1594 2636 lectulus
1623 2578 1785 2641 idem,

560 2675 686 2729 Post
714 2680 977 2743 princepta
1007 2670 1119 2732 Dei,
1150 2670 1363 2724 bustum
1394 2680 1677 2723 commune
1706 2665 1926 2719 levaret.

559 2764 738 2819 Sensit
759 2769 880 2817 vota
910 2760 989 2815 sui
1020 2759 1254 2828 conjunx
1276 2771 1517 2828 przesaga
1544 2756 1745 2822 mariti,

558 2853 851 2922 Magnaque
878 2849 1208 2921 temporibus
1239 2849 1422 2902 tribuit
1456 2846 1708 2900 miracula
1737 2842 1919 2899 castis.

561 2942 689 2995 Nam
719 2957 840 2996 cum
870 2940 1135 2996 defunctis
1158 2939 1450 3009 junguntur
1470 2938 1688 2992 brachia
1714 2938 1967 2993 membris
1985 2975 2002 3002 ,

561 3031 625 3085 Et
645 3032 871 3100 repetita
900 3046 1090 3085 manus
1110 3030 1442 3098 constringat
1461 3028 1673 3084 vincula
1706 3037 1929 3095 trunco,

556 3122 635 3177 Ne
658 3122 850 3192 quibus
875 3122 1120 3175 humanae
1144 3120 1480 3188 complentur
1501 3112 1724 3173 munera
1751 3120 1895 3185 vitm,

563 3212 783 3266 Accidat
812 3210 1053 3264 informis
1078 3208 1308 3263 ﬂuitatio
1336 3209 1661 3263 dissociatis.

562 3299 886 3353 immensum
914 3298 1081 3363 dictu,
1111 3312 1219 3366 quo
1250 3305 1492 3366 tempore
1519 3299 1629 3352 vita
1658 3306 1873 3367 peracta
1901 3306 2002 3362 est,

561 3389 874 3457 Jungendus
901 3389 1061 3443 sociae
1090 3396 1374 3458 prospecta
1402 3388 1528 3443 sede
1548 3390 1792 3444 maritus.

636 3478 928 3548 Postquam
958 3486 1132 3533 morte
1151 3478 1247 3532 viri
1271 3486 1508 3532 reserata
1534 3485 1616 3532 est
1630 3478 1792 3547 janua
1822 3478 1947 3543 luati,

566 3570 1011 3639 Horrendumque
1039 3570 1207 3624 larem
1231 3569 1341 3639 jam
1373 3570 1463 3624 lux
1485 3570 1693 3639 ingrata
1720 3570 1952 3625 retexit:

568 3664 835 3733 Deprensa
864 3670 947 3717 est
973 3662 1159 3716 laevam
1187 3661 1514 3731 protendens
1543 3660 1739 3716 femina
1764 3661 2016 3732 palmam,

567 3755 798 3809 lnvitans
818 3753 1022 3808 socium
1050 3759 1203 3821 gestu
1226 3752 1457 3807 viventis
1487 3753 1704 3806 amoris.

567 3843 696 3908 Quis
724 3843 869 3898 dedit
897 3840 1145 3896 aﬂectum
1170 3842 1414 3895 tumulo?
1434 3842 1555 3911 quis
1581 3840 1790 3895 vincula
1811 3839 2006 3895 solvit?

574 3927 721 3983 Unde
748 3929 958 3999 sepulta
987 3928 1134 3982 videt
1156 3936 1398 3982 venturae
1420 3926 1663 3995 conjugis
1692 3927 1973 3980 umbram?

569 4018 648 4072 Tu
670 4018 802 4073 facis
822 4019 955 4083 haec,
980 4024 1037 4071 tu
1061 4015 1272 4072 Christe
1300 4017 1462 4083 Deus,
1488 4024 1577 4070 tua
1605 4016 1756 4084 signa
1781 4023 2084 4079 moventur,

572 4109 946 4179 Paulatimque
973 4109 1136 4163 doces
1164 4108 1339 4175 sopita
1371 4121 1650 4176 resurgere
1669 4108 1937 4163 membra:

569 4197 648 4253 Tu
675 4212 835 4266 quem
861 4205 1145 4251 venturum
1172 4197 1342 4251 sancti
1369 4196 1614 4251 cecinere
1641 4198 1935 4267 propheta.

570 4290 881 4357 lncorrupta
908 4286 1007 4342 Dei
1033 4287 1271 4354 soboles,
1303 4296 1592 4357 rectorque
1619 4290 1871 4357 regentis,

570 4381 689 4446 Quo
712 4379 829 4433 sine
856 4379 931 4434 nil
959 4392 1227 4446 magnum,
1255 4380 1467 4446 genitor
1494 4380 1754 4435 deliberat
1775 4381 1981 4449 ingens.

570 4469 733 4538 Cujus
762 4469 829 4523 ad
849 4470 1129 4539 imperiunm
1159 4471 1323 4525 certis
1348 4486 1497 4526 mare
1518 4472 1762 4526 constitit
1790 4473 1919 4537 oris,

571 4561 680 4615 Nec
707 4559 833 4614 licet
860 4561 1120 4615 immenso
1144 4562 1301 4615 terris
1330 4576 1620 4616 excurrere
1646 4570 1832 4631 ponto,

572 4650 842 4717 Planaque
867 4658 1152 4705 montanos
1182 4651 1458 4706 includunt
1484 4654 1663 4706 littora
1692 4651 1904 4719 ﬂuctus,

571 4740 672 4806 Qui
703 4742 852 4795 vario
879 4742 1120 4796 stabilem
1145 4743 1342 4797 dotasti
1369 4759 1590 4798 munere
1620 4754 1837 4809 terram,

570 4831 627 4884 in
658 4841 870 4887 nostros
892 4848 1036 4899 usus,
1070 4834 1247 4903 largus
1275 4836 1478 4905 pietate
1506 4848 1726 4905 paterna
1756 4854 1767 4889 :

572 4920 647 4974 Te
674 4921 792 4976 vale
817 4924 1071 4978 mortales
1098 4927 1440 4981 committunt
1459 4928 1660 4982 semina
1684 4929 1845 4984 sulcis
1867 4928 1989 5002 (sic)
2008 4971 2022 4995 ,

576 5010 639 5064 Et
665 5027 833 5066 novus
861 5016 1031 5067 arenti
1060 5016 1300 5084 procedit
1327 5018 1528 5086 cespite
1559 5027 1778 5086 partus;

574 5099 653 5155 Tu
682 5118 902 5157 manare
926 5104 1082 5171 jubes
1112 5105 1337 5162 fecundo
1368 5118 1583 5163 nectare
1610 5111 1749 5163 vites
1771 5147 1784 5171 ,

573 5192 651 5247 Tu
675 5204 855 5263 gratos
877 5197 1047 5265 epulis
1069 5198 1361 5264 hominum,
1391 5201 1732 5270 medicosque
1758 5202 1913 5255 saluti

576 5282 867 5339 Arboribus
891 5301 1100 5351 succos,
1130 5295 1187 5340 tu
1217 5288 1384 5342 trudis
1412 5290 1585 5343 dulcia
1612 5290 1787 5344 mella.

575 5370 654 5424 Tu
682 5374 883 5428 servire
900 5372 1055 5441 jubes
1077 5375 1279 5428 homini
1308 5389 1474 5442 genus
1502 5393 1661 5433 omne
1690 5380 2039 5444 animantum.

576 5460 793 5529 insuper
820 5472 875 5517 et
892 5462 1138 5531 gravibus
1167 5465 1315 5521 lucos
1343 5482 1655 5522 curveseere
1678 5471 1868 5537 pomis,

580 5550 750 5619 Atque
776 5569 944 5610 novos
970 5553 1170 5612 reditus
1199 5557 1342 5613 nullo
1364 5559 1431 5614 de
1454 5560 1656 5615 semine
1685 5562 1831 5617 nasci
1856 5579 1871 5627 ;

2156 1062 2208 1121 Α
2233 1056 2313 1110 Tu
2333 1056 2511 1110 varios
2535 1068 2721 1109 amnes
2749 1061 2935 1109 nostro
2961 1052 3220 1123 prodesse
3247 1053 3441 1117 labori,

2228 1146 2298 1199 Et
2323 1158 2588 1200 renovare
2614 1144 2781 1199 sacris
2807 1144 3147 1199 benedictum
3175 1143 3410 1199 fontibus
3438 1159 3631 1199 aevum.

2229 1233 2307 1290 Te
2335 1234 2472 1290 duce
2496 1233 2740 1289 velivolis
2759 1242 3051 1304 patuerunt
3070 1248 3286 1303 :equora
3308 1236 3525 1303 rostris,

2232 1326 2543 1396 Divisosqne
2570 1323 2720 1381 fretis
2748 1325 2989 1381 lustravit
3016 1327 3193 1381 navita
3216 1338 3423 1397 portus.

2231 1415 2312 1470 Tu
2337 1424 2617 1486 postquam
2637 1416 2797 1471 certis
2822 1424 2947 1471 sunt
2966 1425 3086 1472 acta
3116 1417 3379 1473 elementa
3398 1418 3603 1488 figuris,

2233 1505 2310 1560 Ne
2337 1514 2554 1575 torpere
2580 1505 2698 1560 rudi
2727 1505 2964 1561 ccclestis
2984 1507 3231 1562 machina
3255 1506 3405 1562 vultu

2232 1597 2517 1667 lnciperet,
2545 1597 2697 1652 vario
2719 1598 2939 1666 signasti
2967 1614 3188 1655 munere
3214 1600 3468 1655 mundum
3492 1617 3507 1654 :

2234 1688 2300 1743 Et
2326 1687 2581 1758 quidquid
2605 1688 2743 1743 caelo
2771 1689 2959 1754 radiat,
2994 1698 3083 1744 tua
3111 1690 3331 1745 dextera
3359 1690 3527 1745 tinxit.

2236 1778 2329 1833 llis
2367 1778 2543 1832 aulam
2566 1777 2777 1832 Domini
2804 1778 3004 1849 placuit
3031 1788 3319 1835 contexere
3340 1780 3524 1849 signis.

2233 1869 2349 1924 Jam
2380 1870 2514 1925 freta
2538 1884 2606 1925 ne
2626 1870 2787 1925 nullis
2814 1878 3099 1939 agerentur
3124 1870 3391 1940 inhospita
3412 1870 3571 1924 terris
3587 1909 3604 1934 ,

2238 1958 2629 2027 Assiduumque
2655 1958 2833 2015 alacer
2858 1968 3163 2014 muneraret
3188 1959 3363 2013 navita
3390 1967 3640 2029 portum:

2236 2046 2437 2103 Crebra
2464 2048 2595 2103 satis
2615 2047 2821 2103 tumido
2846 2047 3095 2117 deﬁgitur
3117 2049 3288 2104 insula
3316 2056 3508 2119 ponto,

2239 2137 2349 2193 Nec
2376 2147 2554 2193 tamen
2579 2139 2767 2194 insano
2793 2140 2983 2194 metuit
3003 2139 3331 2194 circumdata
3355 2137 3540 2205 ﬂnau,

2240 2228 2553 2299 Exiguoque
2571 2231 2720 2287 fretis
2743 2232 2975 2287 innitens
2998 2234 3130 2288 orbe
3155 2234 3372 2297 resistit,

2243 2319 2320 2375 Te
2338 2320 2473 2377 duce
2499 2321 2792 2390 conlidens,
2816 2323 2969 2391 cujus
2994 2324 3299 2378 venerabile
3326 2331 3537 2394 pactum

2169 2422 2216 2480 Β
2245 2409 2449 2464 Nexum
2480 2410 2595 2479 lege
2616 2412 2731 2480 pari
2750 2425 3121 2480 summumque
3149 2412 3417 2481 imumque
3441 2419 3745 2480 oemquat,

2247 2498 2356 2553 Nec
2383 2500 2508 2555 sinit
2534 2500 2811 2571 impositos
2835 2516 3103 2570 quoquam
3132 2502 3505 2558 transcendere
3534 2501 3691 2555 lines.

2244 2587 2321 2642 Ac
2348 2603 2416 2642 ne
2439 2588 2597 2658 plana
2626 2589 2784 2644 nimis
2808 2589 2966 2644 tellus
2991 2590 3077 2645 vel
3106 2589 3245 2645 nuda
3265 2590 3493 2659 jaceret,

2244 2678 2453 2734 Vitibus
2480 2683 2741 2750 aptandos
2762 2680 2965 2749 jussisti
2994 2694 3272 2749 assurgere
3296 2680 3462 2735 colles

2242 2768 2563 2833 Grandibus,
2594 2779 2647 2824 et
2669 2770 2844 2838 largos
2871 2769 3179 2824 umbracula
3210 2779 3389 2825 texere
3416 2769 3584 2826 lucos.

2246 2858 2381 2912 Tum
2404 2874 2471 2913 ne
2493 2869 2674 2914 vastus
2702 2869 2823 2928 agat
2848 2860 2994 2915 silvis
3021 2861 3354 2929 torpentibus
3381 2861 3603 2922 horror,

2246 2949 2560 3005 Innumeros
2584 2949 2744 3005 fmtus
2772 2952 3010 3020 proceris
3030 2958 3091 3007 tu
3110 2952 3331 3006 saltibus
3355 2952 3503 3007 addis
3531 2971 3543 3005 :

2246 3037 2425 3096 Incola
2454 3055 2522 3097 ne
2546 3041 2751 3097 nemori
2768 3081 2783 3108 ,
2808 3055 2911 3098 neu
2935 3040 3075 3098 desit
3098 3041 3276 3114 praeda
3301 3042 3524 3115 petenti,

2247 3132 2381 3185 Tum
2408 3134 2652 3188 volucres
2679 3134 2890 3202 multas,
2923 3142 3034 3187 tum
3056 3134 3200 3189 mille
3226 3135 3469 3189 examina
3493 3149 3684 3189 vocum

2248 3226 2459 3280 Mortali
2489 3228 2766 3282 harmonia
2795 3228 2927 3282 lucis
2955 3242 3208 3282 resonare
3235 3228 3484 3283 canoris:

2246 3315 2336 3371 Sic
2358 3332 2556 3370 annum
2585 3316 2782 3386 placuit
2812 3317 2972 3371 variis
3001 3316 3241 3371 intexere
3266 3316 3469 3383 formis,

2248 3408 2316 3461 Et
2338 3409 2452 3464 vice
2471 3408 2702 3478 jucunda
2732 3410 3047 3465 mortalibus
3073 3409 3269 3464 addere
3297 3410 3525 3465 fructum
3549 3428 3564 3463 :

2250 3496 2363 3551 Neu
2387 3512 2599 3566 semper
2626 3498 2832 3567 prolixa
2861 3497 2975 3552 dies
2995 3499 3153 3553 nimis
3174 3508 3353 3553 ureret
3380 3501 3587 3564 orbem,

2250 3584 2363 3641 Neu
2390 3587 2564 3643 brevis
2593 3588 2825 3643 inustum
2854 3597 3071 3658 raperet
3096 3590 3437 3645 nascentibus
3464 3590 3665 3657 ignem,

2251 3675 2328 3730 Ac
2347 3690 2416 3729 ne
2444 3687 2703 3746 perpetuo
2730 3687 2976 3746 quateret
3003 3678 3158 3733 labor
3182 3681 3361 3734 omnia
3388 3680 3536 3744 nisu,

2251 3765 2351 3819 Dat
2374 3768 2614 3835 requiem
2640 3768 2791 3824 fessis
2816 3770 3088 3823 hominum
3111 3786 3217 3824 nox
3245 3770 3453 3825 roscida
3476 3771 3620 3825 curis
3644 3787 3658 3823 :

2255 3855 2427 3927 thue
2456 3858 2686 3914 humana
2714 3861 2858 3915 salus
2884 3876 3127 3916 securum
3154 3862 3376 3917 duceret
3391 3877 3581 3929 aevum,

2249 3947 2451 4016 Sponte
2472 3950 2732 4005 salutares
2759 3951 2827 4006 de
2854 3954 3056 4022 ceSpite
3076 3954 3287 4021 surgitis
3316 3954 3511 4019 herbae,

2253 4037 2358 4093 Has
2387 4038 2548 4093 Pater
2569 4041 2683 4109 ipse
2709 4042 2839 4095 serit
2867 4051 3018 4107 nutu,
3050 4058 3153 4098 non
3184 4058 3399 4100 vomere
3422 4045 3591 4099 dives.

2320 4128 2435 4184 Non
2457 4144 2556 4199 ego
2585 4131 2783 4187 ferrato
2810 4142 3023 4201 tegerer
3046 4135 3091 4188 si
3122 4134 3325 4189 viscera
3352 4151 3508 4190 muro

2252 4219 2446 4274 Ferrea
2474 4237 2579 4275 vox
2604 4223 2897 4292 linguaeque
2917 4223 3094 4278 forent
3110 4226 3238 4279 mihi
3262 4226 3406 4281 mille
3431 4228 3665 4291 canenti,

2252 4310 2468 4365 Munera
2497 4322 2687 4367 cuncta
2715 4329 2907 4383 queam
2932 4324 3125 4370 vestrm
3150 4317 3364 4385 pietatis
3390 4318 3560 4373 obire.

2252 4398 2357 4453 Sed
2377 4410 2530 4468 pater
2557 4401 2644 4456 ille
2673 4411 2794 4457 tuus
2821 4413 3026 4458 secreta
3057 4405 3110 4459 in
3138 4405 3267 4461 sede
3288 4406 3511 4473 locatus,

2254 4488 2361 4543 Nec
2388 4490 2635 4557 cuiquam
2664 4492 2780 4545 visu
2809 4491 2998 4557 facilis,
3021 4494 3333 4562 cunctisque
3353 4495 3686 4560 tremendus,

2255 4575 2329 4628 Te
2350 4577 2492 4631 misit
2517 4576 2789 4631 dominum
2818 4580 2977 4634 terris
3008 4581 3235 4648 vitaeque
3255 4582 3585 4648 magistrum.

2254 4662 2318 4715 Et
2338 4664 2577 4731 quisquis
2606 4673 2785 4717 natum
2804 4664 2949 4731 justo
2978 4676 3263 4721 veneratur
3290 4668 3523 4735 honore,

2254 4752 2525 4806 Ambobus
2546 4768 2639 4806 sna
2668 4762 2791 4806 vota
2815 4753 2958 4808 dicat
2984 4754 3255 4823 vitamque
3279 4771 3569 4825 perennem

2255 4843 2333 4897 Tu
2357 4844 2491 4898 casti
2514 4844 2751 4911 rectique
2781 4852 2960 4907 tenax,
2994 4854 3049 4900 et
3076 4844 3292 4901 ﬂectere
3316 4847 3463 4915 leges

2256 4933 2381 4987 Post
2408 4934 2614 4989 crimen
2642 4932 2893 5001 facilis,si
2920 4951 3078 5003 quem
3106 4937 3350 4991 vecordia
3375 4953 3616 5007 praeceps

2256 5023 2467 5093 Depulit
2494 5040 2522 5079 a
2552 5024 2703 5080 vobis
2734 5027 3042 5094 praescripto
3072 5026 3239 5083 limite
3265 5028 3405 5083 vitae.

2181 5156 2232 5213 D
2255 5115 2329 5171 Te
2349 5119 2558 5184 genitor
2576 5128 2781 5180 nostra,
2816 5128 3127 5187 paterentur
3155 5130 3213 5174 ut
3239 5136 3331 5175 ora
3360 5123 3518 5187 tueri,

2256 5205 2432 5260 Induit
2459 5207 2691 5262 humana
2717 5207 2853 5265 facie
2873 5210 3230 5279 membrisque
3249 5210 3481 5264 caducis.

2254 5296 2382 5362 Quis
2411 5306 2638 5352 tentaret
2665 5300 2807 5353 enim
2835 5300 3050 5366 tragiles
3070 5301 3315 5355 attollere
3344 5301 3511 5367 visus,

2251 5385 2306 5438 Si
2332 5387 2488 5439 talem
2520 5388 2737 5456 trepidis
2757 5389 3015 5446 voluisset
3035 5389 3225 5443 sistere
3254 5390 3444 5456 terris,

2250 5476 2433 5541 Qualis
2462 5492 2518 5531 es
2541 5480 2739 5548 ingenti
2765 5498 2883 5535 cum
2916 5492 3132 5551 torques
3160 5480 3383 5536 fulmina
3411 5483 3619 5541 dextra.

2255 5567 2657 5637 l’rxcscrtimquc
2681 5571 2837 5639 jubes
2865 5572 3063 5627 directa
3092 5586 3382 5642 pavescere
3404 5587 3617 5643 ρωιιδιη
3642 5591 3657 5626 :
