  <div class='ocr_page' id='page_1' title='image "/cluster/home/n/w/nwhite01/storage/ocr_20150623/61/hvd.32044004824777/010.png"; bbox 0 0 4056 6358; ppageno 0'>
   <div class='ocr_carea' id='block_1_1' title="bbox 275 352 3528 429">
    <p class='ocr_par' dir='ltr' id='par_1_1' title="bbox 500 363 3433 409">
     <span class='ocr_line' id='line_1_1' title="bbox 500 363 3433 382; baseline 0.012 -34"><span class='ocrx_word' id='word_1_1' title='bbox 500 372 525 377; x_wconf 35' lang='grc' dir='ltr'><strong><em>ἂ</em></strong></span> <span class='ocrx_word' id='word_1_2' title='bbox 680 371 761 377; x_wconf 46' lang='grc' dir='ltr'><strong><em>μ.-</em></strong></span> <span class='ocrx_word' id='word_1_3' title='bbox 1112 370 1181 375; x_wconf 32' lang='lat' dir='ltr'><strong><em>k7-</em></strong></span> <span class='ocrx_word' id='word_1_4' title='bbox 1362 370 1375 373; x_wconf 40' lang='lat' dir='ltr'><strong>A</strong></span> <span class='ocrx_word' id='word_1_5' title='bbox 1472 370 1485 374; x_wconf 66' lang='lat'>_</span> <span class='ocrx_word' id='word_1_6' title='bbox 2539 363 2834 376; x_wconf 45' lang='grc' dir='ltr'><strong><em>*σε*</em></strong></span> <span class='ocrx_word' id='word_1_7' title='bbox 2904 373 2991 379; x_wconf 46' lang='grc' dir='ltr'><strong><em>νη.-</em></strong></span> <span class='ocrx_word' id='word_1_8' title='bbox 3030 365 3309 382; x_wconf 44' lang='grc' dir='ltr'><strong><em>.ή,.-.--,..ἠ</em></strong></span> <span class='ocrx_word' id='word_1_9' title='bbox 3338 374 3356 381; x_wconf 83' lang='grc' dir='ltr'><strong><em>.ι</em></strong></span> <span class='ocrx_word' id='word_1_10' title='bbox 3404 376 3433 379; x_wconf 54' lang='grc' dir='ltr'><strong><em>ν-</em></strong></span> 
     </span>
     <span class='ocr_line' id='line_1_2' title="bbox 508 398 3339 409; baseline 0.002 -6"><span class='ocrx_word' id='word_1_11' title='bbox 508 402 521 403; x_wconf 39' lang='grc' dir='ltr'><em>γ</em></span> <span class='ocrx_word' id='word_1_12' title='bbox 554 400 595 405; x_wconf 42' lang='grc' dir='ltr'><strong><em>,Α</em></strong></span> <span class='ocrx_word' id='word_1_13' title='bbox 618 400 645 403; x_wconf 42' lang='grc' dir='ltr'><em>,ν</em></span> <span class='ocrx_word' id='word_1_14' title='bbox 766 400 875 403; x_wconf 39' lang='grc' dir='ltr'><strong><em>ΑΑμβν</em></strong></span> <span class='ocrx_word' id='word_1_15' title='bbox 906 398 931 403; x_wconf 62' lang='grc' dir='ltr'><strong>,ρ</strong></span> <span class='ocrx_word' id='word_1_16' title='bbox 1074 400 1077 401; x_wconf 50' lang='grc' dir='ltr'><em>ν</em></span> <span class='ocrx_word' id='word_1_17' title='bbox 1128 398 1161 401; x_wconf 65' lang='lat'><strong><em>-—»</em></strong></span> <span class='ocrx_word' id='word_1_18' title='bbox 1186 398 1869 405; x_wconf 46' lang='grc' dir='ltr'><strong><em>ᾼ-ῌ“Ἢ*-“</em></strong></span> <span class='ocrx_word' id='word_1_19' title='bbox 2048 399 2067 405; x_wconf 75' lang='grc'><strong><em>.-</em></strong></span> <span class='ocrx_word' id='word_1_20' title='bbox 2092 400 2381 405; x_wconf 51' lang='grc' dir='ltr'><strong><em>ἮΗ</em></strong></span> <span class='ocrx_word' id='word_1_21' title='bbox 2422 402 2431 405; x_wconf 57' lang='grc' dir='ltr'>ν</span> <span class='ocrx_word' id='word_1_22' title='bbox 2474 402 2519 406; x_wconf 44' lang='grc' dir='ltr'><strong><em>,λ</em></strong></span> <span class='ocrx_word' id='word_1_23' title='bbox 2554 403 2560 407; x_wconf 81' lang='lat'><strong><em>.</em></strong></span> <span class='ocrx_word' id='word_1_24' title='bbox 2750 401 2893 408; x_wconf 29' lang='grc' dir='ltr'><strong><em>»δέ</em></strong></span> <span class='ocrx_word' id='word_1_25' title='bbox 2928 403 2935 407; x_wconf 83' lang='grc'><strong>.</strong></span> <span class='ocrx_word' id='word_1_26' title='bbox 2984 401 3005 407; x_wconf 49' lang='grc' dir='ltr'><strong>ε</strong></span> <span class='ocrx_word' id='word_1_27' title='bbox 3033 402 3081 407; x_wconf 42' lang='grc' dir='ltr'><strong><em>-ε</em></strong></span> <span class='ocrx_word' id='word_1_28' title='bbox 3128 403 3193 407; x_wconf 39' lang='grc' dir='ltr'><strong><em>,κω</em></strong></span> <span class='ocrx_word' id='word_1_29' title='bbox 3228 404 3291 407; x_wconf 46' lang='grc' dir='ltr'><strong><em>νμνν</em></strong></span> <span class='ocrx_word' id='word_1_30' title='bbox 3322 406 3339 409; x_wconf 40' lang='grc' dir='ltr'><strong>ἡ</strong></span> 
     </span>
    </p>
   </div>
   <div class='ocr_carea' id='block_1_2' title="bbox 1034 613 2776 774">
    <p class='ocr_par' dir='ltr' id='par_1_2' title="bbox 1034 613 2776 774">
     <span class='ocr_line' id='line_1_3' title="bbox 1034 613 2776 774; baseline 0.001 -48"><span class='ocrx_word' id='word_1_31' title='bbox 1034 613 1708 774; x_wconf 81' lang='lat' dir='ltr'><strong><em>EPISTOLA</em></strong></span> <span class='ocrx_word' id='word_1_32' title='bbox 1795 613 2776 739; x_wconf 83' lang='lat' dir='ltr'><strong><em>DEDICATORIA.</em></strong></span> 
     </span>
    </p>
   </div>
   <div class='ocr_carea' id='block_1_3' title="bbox 362 1286 3534 1374">
    <p class='ocr_par' dir='ltr' id='par_1_3' title="bbox 362 1286 3534 1374">
     <span class='ocr_line' id='line_1_4' title="bbox 362 1286 3534 1374; baseline 0.002 -18"><span class='ocrx_word' id='word_1_33' title='bbox 362 1293 803 1356; x_wconf 76' lang='lat' dir='ltr'><strong><em>Illnstrissimo</em></strong></span> <span class='ocrx_word' id='word_1_34' title='bbox 839 1310 912 1352; x_wconf 90' lang='lat' dir='ltr'><strong><em>ac</em></strong></span> <span class='ocrx_word' id='word_1_35' title='bbox 945 1290 1449 1354; x_wconf 86' lang='lat' dir='ltr'><strong><em>reverendissimo</em></strong></span> <span class='ocrx_word' id='word_1_36' title='bbox 1488 1289 1560 1346; x_wconf 82' lang='grc' dir='ltr'><strong><em>Ι).</em></strong></span> <span class='ocrx_word' id='word_1_37' title='bbox 1591 1286 1668 1346; x_wconf 85' lang='lat' dir='ltr'><strong><em>D.</em></strong></span> <span class='ocrx_word' id='word_1_38' title='bbox 1700 1287 2034 1348; x_wconf 78' lang='lat' dir='ltr'><strong><em>Francisco</em></strong></span> <span class='ocrx_word' id='word_1_39' title='bbox 2068 1290 2346 1350; x_wconf 75' lang='lat' dir='ltr'><strong><em>Anton-io</em></strong></span> <span class='ocrx_word' id='word_1_40' title='bbox 2365 1290 2672 1353; x_wconf 77' lang='lat' dir='ltr'><strong><em>Corrario</em></strong></span> <span class='ocrx_word' id='word_1_41' title='bbox 2702 1312 2778 1353; x_wconf 89' lang='lat' dir='ltr'><strong><em>ex</em></strong></span> <span class='ocrx_word' id='word_1_42' title='bbox 2803 1295 3272 1372; x_wconf 78' lang='lat' dir='ltr'><strong><em>Capucinorum</em></strong></span> <span class='ocrx_word' id='word_1_43' title='bbox 3296 1303 3534 1374; x_wconf 77' lang='lat' dir='ltr'><strong><em>ordine.</em></strong></span> 
     </span>
    </p>
   </div>
   <div class='ocr_carea' id='block_1_4' title="bbox 289 1385 3534 1475">
    <p class='ocr_par' dir='ltr' id='par_1_4' title="bbox 289 1385 3534 1475">
     <span class='ocr_line' id='line_1_5' title="bbox 289 1385 3534 1475; baseline 0.003 -23"><span class='ocrx_word' id='word_1_44' title='bbox 289 1390 684 1453; x_wconf 72' lang='lat' dir='ltr'><strong><em>Venetiarum</em></strong></span> <span class='ocrx_word' id='word_1_45' title='bbox 705 1388 1104 1468; x_wconf 80' lang='lat' dir='ltr'><strong><em>patriarcha,</em></strong></span> <span class='ocrx_word' id='word_1_46' title='bbox 1135 1386 1460 1447; x_wconf 88' lang='lat' dir='ltr'><strong><em>Dalmatia</em></strong></span> <span class='ocrx_word' id='word_1_47' title='bbox 1482 1385 1744 1463; x_wconf 84' lang='lat' dir='ltr'><strong><em>primati</em></strong></span> <span class='ocrx_word' id='word_1_48' title='bbox 1760 1430 1774 1454; x_wconf 91' lang='lat'><strong><em>,</em></strong></span> <span class='ocrx_word' id='word_1_49' title='bbox 1826 1395 1968 1457; x_wconf 91' lang='lat' dir='ltr'><strong><em>etc.,</em></strong></span> <span class='ocrx_word' id='word_1_50' title='bbox 2017 1387 2359 1464; x_wconf 75' lang='lat' dir='ltr'><strong><em>Dionysius</em></strong></span> <span class='ocrx_word' id='word_1_51' title='bbox 2392 1385 2767 1453; x_wconf 82' lang='lat' dir='ltr'><strong><em>Ramanzini</em></strong></span> <span class='ocrx_word' id='word_1_52' title='bbox 2799 1398 3227 1475; x_wconf 75' lang='lat' dir='ltr'><strong><em>typographus</em></strong></span> <span class='ocrx_word' id='word_1_53' title='bbox 3245 1399 3315 1460; x_wconf 90' lang='lat' dir='ltr'><strong><em>S.</em></strong></span> <span class='ocrx_word' id='word_1_54' title='bbox 3340 1404 3416 1462; x_wconf 90' lang='lat' dir='ltr'><strong><em>P.</em></strong></span> <span class='ocrx_word' id='word_1_55' title='bbox 3462 1404 3534 1464; x_wconf 83' lang='grc' dir='ltr'><strong><em>Ι).</em></strong></span> 
     </span>
    </p>
   </div>
   <div class='ocr_carea' id='block_1_5' title="bbox 365 1484 3538 1580">
    <p class='ocr_par' dir='ltr' id='par_1_5' title="bbox 365 1484 3538 1580">
     <span class='ocr_line' id='line_1_6' title="bbox 365 1484 3538 1580; baseline 0.003 -28"><span class='ocrx_word' id='word_1_56' title='bbox 365 1492 834 1552; x_wconf 84' lang='lat' dir='ltr'><strong><em>Consueverunt</em></strong></span> <span class='ocrx_word' id='word_1_57' title='bbox 865 1487 962 1550; x_wconf 87' lang='lat' dir='ltr'><strong><em>illi</em></strong></span> <span class='ocrx_word' id='word_1_58' title='bbox 990 1491 1099 1566; x_wconf 90' lang='lat' dir='ltr'><strong><em>qui</em></strong></span> <span class='ocrx_word' id='word_1_59' title='bbox 1123 1486 1244 1549; x_wconf 90' lang='lat' dir='ltr'><strong><em>sibi</em></strong></span> <span class='ocrx_word' id='word_1_60' title='bbox 1277 1487 1545 1565; x_wconf 91' lang='lat' dir='ltr'><strong><em>gratiam</em></strong></span> <span class='ocrx_word' id='word_1_61' title='bbox 1571 1506 1606 1545; x_wconf 93' lang='lat' dir='ltr'><strong><em>a</em></strong></span> <span class='ocrx_word' id='word_1_62' title='bbox 1631 1484 2030 1564; x_wconf 75' lang='lat' dir='ltr'><strong><em>principibus</em></strong></span> <span class='ocrx_word' id='word_1_63' title='bbox 2062 1487 2218 1548; x_wconf 90' lang='lat' dir='ltr'><strong><em>viris</em></strong></span> <span class='ocrx_word' id='word_1_64' title='bbox 2245 1497 2557 1567; x_wconf 83' lang='lat' dir='ltr'><strong><em>quarunt,</em></strong></span> <span class='ocrx_word' id='word_1_65' title='bbox 2586 1511 2652 1551; x_wconf 89' lang='lat' dir='ltr'><strong><em>ea</em></strong></span> <span class='ocrx_word' id='word_1_66' title='bbox 2681 1492 2834 1570; x_wconf 81' lang='lat' dir='ltr'><strong><em>ipsis</em></strong></span> <span class='ocrx_word' id='word_1_67' title='bbox 2863 1513 3116 1556; x_wconf 90' lang='lat' dir='ltr'><strong><em>munera</em></strong></span> <span class='ocrx_word' id='word_1_68' title='bbox 3143 1500 3401 1561; x_wconf 89' lang='lat' dir='ltr'><strong><em>maxime</em></strong></span> <span class='ocrx_word' id='word_1_69' title='bbox 3433 1505 3538 1580; x_wconf 56' lang='lat' dir='ltr'><strong><em>ofe-</em></strong></span> 
     </span>
    </p>
   </div>
   <div class='ocr_carea' id='block_1_6' title="bbox 280 1587 3537 1680">
    <p class='ocr_par' dir='ltr' id='par_1_6' title="bbox 280 1587 3537 1680">
     <span class='ocr_line' id='line_1_7' title="bbox 280 1587 3537 1680; baseline 0.005 -31"><span class='ocrx_word' id='word_1_70' title='bbox 280 1595 446 1673; x_wconf 74' lang='lat' dir='ltr'><strong><em>ferre</em></strong></span> <span class='ocrx_word' id='word_1_71' title='bbox 472 1611 606 1672; x_wconf 88' lang='lat' dir='ltr'><strong><em>qua</em></strong></span> <span class='ocrx_word' id='word_1_72' title='bbox 655 1608 863 1651; x_wconf 90' lang='lat' dir='ltr'><strong><em>eorum</em></strong></span> <span class='ocrx_word' id='word_1_73' title='bbox 911 1589 1157 1668; x_wconf 90' lang='lat' dir='ltr'><strong><em>ingenio</em></strong></span> <span class='ocrx_word' id='word_1_74' title='bbox 1191 1587 1548 1666; x_wconf 84' lang='lat' dir='ltr'><strong><em>gratissima</em></strong></span> <span class='ocrx_word' id='word_1_75' title='bbox 1598 1595 1777 1665; x_wconf 89' lang='lat' dir='ltr'><strong><em>atque</em></strong></span> <span class='ocrx_word' id='word_1_76' title='bbox 1811 1587 2238 1665; x_wconf 89' lang='lat' dir='ltr'><strong><em>acceptissima</em></strong></span> <span class='ocrx_word' id='word_1_77' title='bbox 2272 1590 2491 1667; x_wconf 76' lang='lat' dir='ltr'><strong><em>futura</em></strong></span> <span class='ocrx_word' id='word_1_78' title='bbox 2536 1610 2657 1651; x_wconf 84' lang='lat' dir='ltr'><strong><em>esse</em></strong></span> <span class='ocrx_word' id='word_1_79' title='bbox 2702 1593 3138 1668; x_wconf 74' lang='lat' dir='ltr'><strong><em>arbitrantur,-</em></strong></span> <span class='ocrx_word' id='word_1_80' title='bbox 3183 1608 3366 1680; x_wconf 79' lang='lat' dir='ltr'><strong><em>atque</em></strong></span> <span class='ocrx_word' id='word_1_81' title='bbox 3403 1603 3537 1663; x_wconf 87' lang='lat' dir='ltr'><strong><em>ideo</em></strong></span> 
     </span>
    </p>
   </div>
   <div class='ocr_carea' id='block_1_7' title="bbox 279 1689 3540 1770">
    <p class='ocr_par' dir='ltr' id='par_1_7' title="bbox 279 1689 3540 1770">
     <span class='ocr_line' id='line_1_8' title="bbox 279 1689 3540 1770; baseline 0.003 -16"><span class='ocrx_word' id='word_1_82' title='bbox 279 1695 506 1755; x_wconf 85' lang='lat' dir='ltr'><strong><em>mirum</em></strong></span> <span class='ocrx_word' id='word_1_83' title='bbox 541 1693 720 1754; x_wconf 91' lang='lat' dir='ltr'><strong><em>nobis</em></strong></span> <span class='ocrx_word' id='word_1_84' title='bbox 752 1692 950 1753; x_wconf 88' lang='lat' dir='ltr'><strong><em>videri</em></strong></span> <span class='ocrx_word' id='word_1_85' title='bbox 978 1709 1105 1752; x_wconf 89' lang='lat' dir='ltr'><strong><em>non</em></strong></span> <span class='ocrx_word' id='word_1_86' title='bbox 1133 1690 1302 1751; x_wconf 85' lang='lat' dir='ltr'><strong><em>debet</em></strong></span> <span class='ocrx_word' id='word_1_87' title='bbox 1339 1689 1647 1752; x_wconf 76' lang='lat' dir='ltr'><strong><em>interdum</em></strong></span> <span class='ocrx_word' id='word_1_88' title='bbox 1690 1689 2032 1766; x_wconf 86' lang='lat' dir='ltr'><strong><em>legentibus</em></strong></span> <span class='ocrx_word' id='word_1_89' title='bbox 2059 1699 2167 1750; x_wconf 92' lang='lat' dir='ltr'><strong><em>aut</em></strong></span> <span class='ocrx_word' id='word_1_90' title='bbox 2199 1691 2573 1770; x_wconf 81' lang='lat' dir='ltr'><strong><em>videntibus,</em></strong></span> <span class='ocrx_word' id='word_1_91' title='bbox 2621 1697 2765 1759; x_wconf 87' lang='lat' dir='ltr'><strong><em>aliis</em></strong></span> <span class='ocrx_word' id='word_1_92' title='bbox 2800 1701 3173 1763; x_wconf 87' lang='lat' dir='ltr'><strong><em>numismata</em></strong></span> <span class='ocrx_word' id='word_1_93' title='bbox 3224 1713 3336 1765; x_wconf 87' lang='lat' dir='ltr'><strong><em>aut</em></strong></span> <span class='ocrx_word' id='word_1_94' title='bbox 3379 1724 3540 1766; x_wconf 80' lang='lat' dir='ltr'><strong><em>mar-</em></strong></span> 
     </span>
    </p>
   </div>
   <div class='ocr_carea' id='block_1_8' title="bbox 286 1793 3543 1883">
    <p class='ocr_par' dir='ltr' id='par_1_8' title="bbox 286 1793 3543 1883">
     <span class='ocr_line' id='line_1_9' title="bbox 286 1793 3543 1883; baseline 0.007 -37"><span class='ocrx_word' id='word_1_95' title='bbox 286 1816 488 1873; x_wconf 53' lang='lat' dir='ltr'><strong><em>mora,</em></strong></span> <span class='ocrx_word' id='word_1_96' title='bbox 517 1798 659 1859; x_wconf 76' lang='lat' dir='ltr'><strong><em>aliis</em></strong></span> <span class='ocrx_word' id='word_1_97' title='bbox 688 1799 867 1858; x_wconf 82' lang='lat' dir='ltr'><strong><em>etiam</em></strong></span> <span class='ocrx_word' id='word_1_98' title='bbox 893 1813 1153 1874; x_wconf 85' lang='lat' dir='ltr'><strong><em>gemmas</em></strong></span> <span class='ocrx_word' id='word_1_99' title='bbox 1187 1802 1241 1856; x_wconf 92' lang='lat' dir='ltr'><strong><em>et</em></strong></span> <span class='ocrx_word' id='word_1_100' title='bbox 1267 1793 1473 1871; x_wconf 89' lang='lat' dir='ltr'><strong><em>pictas</em></strong></span> <span class='ocrx_word' id='word_1_101' title='bbox 1505 1800 1712 1863; x_wconf 79' lang='lat' dir='ltr'><strong><em>vestes,</em></strong></span> <span class='ocrx_word' id='word_1_102' title='bbox 1746 1801 1852 1852; x_wconf 86' lang='lat' dir='ltr'><strong><em>aut</em></strong></span> <span class='ocrx_word' id='word_1_103' title='bbox 1889 1793 2161 1870; x_wconf 81' lang='lat' dir='ltr'><strong><em>insignes</em></strong></span> <span class='ocrx_word' id='word_1_104' title='bbox 2191 1813 2394 1874; x_wconf 86' lang='lat' dir='ltr'><strong><em>equos,</em></strong></span> <span class='ocrx_word' id='word_1_105' title='bbox 2422 1806 2532 1856; x_wconf 90' lang='lat' dir='ltr'><strong><em>aut</em></strong></span> <span class='ocrx_word' id='word_1_106' title='bbox 2567 1817 2738 1859; x_wconf 77' lang='lat' dir='ltr'><strong><em>arma</em></strong></span> <span class='ocrx_word' id='word_1_107' title='bbox 2768 1801 2932 1861; x_wconf 87' lang='lat' dir='ltr'><strong><em>dono</em></strong></span> <span class='ocrx_word' id='word_1_108' title='bbox 2971 1803 3114 1862; x_wconf 87' lang='lat' dir='ltr'><strong><em>data</em></strong></span> <span class='ocrx_word' id='word_1_109' title='bbox 3141 1805 3357 1883; x_wconf 75' lang='lat' dir='ltr'><strong><em>fuisse.</em></strong></span> <span class='ocrx_word' id='word_1_110' title='bbox 3404 1809 3543 1868; x_wconf 77' lang='lat' dir='ltr'><strong><em>Sci-</em></strong></span> 
     </span>
    </p>
   </div>
   <div class='ocr_carea' id='block_1_9' title="bbox 276 1891 3543 1979">
    <p class='ocr_par' dir='ltr' id='par_1_9' title="bbox 276 1891 3543 1979">
     <span class='ocr_line' id='line_1_10' title="bbox 276 1891 3543 1979; baseline 0.004 -22"><span class='ocrx_word' id='word_1_111' title='bbox 276 1895 431 1957; x_wconf 78' lang='lat' dir='ltr'><strong><em>licet</em></strong></span> <span class='ocrx_word' id='word_1_112' title='bbox 464 1895 790 1972; x_wconf 81' lang='lat' dir='ltr'><strong><em>indulgent</em></strong></span> <span class='ocrx_word' id='word_1_113' title='bbox 819 1893 1094 1954; x_wconf 80' lang='lat' dir='ltr'><strong><em>homines</em></strong></span> <span class='ocrx_word' id='word_1_114' title='bbox 1125 1895 1375 1954; x_wconf 88' lang='lat' dir='ltr'><strong><em>illorum</em></strong></span> <span class='ocrx_word' id='word_1_115' title='bbox 1407 1891 1634 1952; x_wconf 86' lang='lat' dir='ltr'><strong><em>studiis</em></strong></span> <span class='ocrx_word' id='word_1_116' title='bbox 1667 1910 1820 1971; x_wconf 87' lang='lat' dir='ltr'><strong><em>quos</em></strong></span> <span class='ocrx_word' id='word_1_117' title='bbox 1869 1892 2266 1954; x_wconf 83' lang='lat' dir='ltr'><strong><em>admirantur</em></strong></span> <span class='ocrx_word' id='word_1_118' title='bbox 2295 1903 2478 1974; x_wconf 88' lang='lat' dir='ltr'><strong><em>atque</em></strong></span> <span class='ocrx_word' id='word_1_119' title='bbox 2513 1907 2824 1959; x_wconf 85' lang='lat' dir='ltr'><strong><em>verentur.</em></strong></span> <span class='ocrx_word' id='word_1_120' title='bbox 2861 1902 3025 1964; x_wconf 82' lang='lat' dir='ltr'><strong><em>Mihi</em></strong></span> <span class='ocrx_word' id='word_1_121' title='bbox 3073 1922 3243 1979; x_wconf 73' lang='lat' dir='ltr'><strong><em>vero,</em></strong></span> <span class='ocrx_word' id='word_1_122' title='bbox 3277 1909 3543 1969; x_wconf 83' lang='lat' dir='ltr'><strong><em>maxime</em></strong></span> 
     </span>
    </p>
   </div>
   <div class='ocr_carea' id='block_1_10' title="bbox 282 1988 3543 2074">
    <p class='ocr_par' dir='ltr' id='par_1_10' title="bbox 282 1988 3543 2074">
     <span class='ocr_line' id='line_1_11' title="bbox 282 1988 3543 2074; baseline 0.005 -23"><span class='ocrx_word' id='word_1_123' title='bbox 282 1995 542 2074; x_wconf 86' lang='lat' dir='ltr'><strong><em>prasul,</em></strong></span> <span class='ocrx_word' id='word_1_124' title='bbox 577 2001 770 2053; x_wconf 85' lang='lat' dir='ltr'><strong><em>tecum</em></strong></span> <span class='ocrx_word' id='word_1_125' title='bbox 803 2010 918 2072; x_wconf 90' lang='lat' dir='ltr'><strong><em>pro</em></strong></span> <span class='ocrx_word' id='word_1_126' title='bbox 951 1991 1144 2052; x_wconf 85' lang='lat' dir='ltr'><strong><em>animi</em></strong></span> <span class='ocrx_word' id='word_1_127' title='bbox 1162 1990 1282 2050; x_wconf 90' lang='lat' dir='ltr'><strong><em>mei</em></strong></span> <span class='ocrx_word' id='word_1_128' title='bbox 1312 1988 1598 2067; x_wconf 89' lang='lat' dir='ltr'><strong><em>obsequio</em></strong></span> <span class='ocrx_word' id='word_1_129' title='bbox 1629 1989 1907 2067; x_wconf 86' lang='lat' dir='ltr'><strong><em>cupienti</em></strong></span> <span class='ocrx_word' id='word_1_130' title='bbox 1945 1991 2171 2067; x_wconf 78' lang='lat' dir='ltr'><strong><em>facere,</em></strong></span> <span class='ocrx_word' id='word_1_131' title='bbox 2213 1991 2455 2052; x_wconf 88' lang='lat' dir='ltr'><strong><em>nullum</em></strong></span> <span class='ocrx_word' id='word_1_132' title='bbox 2483 1995 2662 2056; x_wconf 81' lang='lat' dir='ltr'><strong><em>aliud</em></strong></span> <span class='ocrx_word' id='word_1_133' title='bbox 2690 2016 2913 2056; x_wconf 82' lang='lat' dir='ltr'><strong><em>manus</em></strong></span> <span class='ocrx_word' id='word_1_134' title='bbox 2960 2000 3024 2058; x_wconf 87' lang='lat' dir='ltr'><strong><em>in</em></strong></span> <span class='ocrx_word' id='word_1_135' title='bbox 3054 2013 3302 2062; x_wconf 81' lang='lat' dir='ltr'><strong><em>mentem</em></strong></span> <span class='ocrx_word' id='word_1_136' title='bbox 3337 2005 3543 2067; x_wconf 85' lang='lat' dir='ltr'><strong><em>venire</em></strong></span> 
     </span>
    </p>
   </div>
   <div class='ocr_carea' id='block_1_11' title="bbox 285 2088 3544 2184">
    <p class='ocr_par' dir='ltr' id='par_1_11' title="bbox 285 2088 3544 2184">
     <span class='ocr_line' id='line_1_12' title="bbox 285 2088 3544 2184; baseline 0.004 -30"><span class='ocrx_word' id='word_1_137' title='bbox 285 2100 543 2173; x_wconf 82' lang='lat' dir='ltr'><strong><em>poterat</em></strong></span> <span class='ocrx_word' id='word_1_138' title='bbox 573 2102 641 2154; x_wconf 87' lang='lat' dir='ltr'><strong><em>ut</em></strong></span> <span class='ocrx_word' id='word_1_139' title='bbox 663 2093 742 2152; x_wconf 88' lang='lat' dir='ltr'><strong><em>ad</em></strong></span> <span class='ocrx_word' id='word_1_140' title='bbox 773 2101 828 2152; x_wconf 91' lang='lat' dir='ltr'><strong><em>te</em></strong></span> <span class='ocrx_word' id='word_1_141' title='bbox 858 2093 1158 2152; x_wconf 83' lang='lat' dir='ltr'><strong><em>mitterem</em></strong></span> <span class='ocrx_word' id='word_1_142' title='bbox 1193 2108 1371 2168; x_wconf 88' lang='lat' dir='ltr'><strong><em>quam</em></strong></span> <span class='ocrx_word' id='word_1_143' title='bbox 1397 2089 1560 2149; x_wconf 88' lang='lat' dir='ltr'><strong><em>hunc</em></strong></span> <span class='ocrx_word' id='word_1_144' title='bbox 1601 2088 1853 2156; x_wconf 86' lang='lat' dir='ltr'><strong><em>librum.</em></strong></span> <span class='ocrx_word' id='word_1_145' title='bbox 1900 2090 1968 2149; x_wconf 93' lang='lat' dir='ltr'><strong><em>in</em></strong></span> <span class='ocrx_word' id='word_1_146' title='bbox 1995 2107 2113 2168; x_wconf 90' lang='lat' dir='ltr'><strong><em>quo</em></strong></span> <span class='ocrx_word' id='word_1_147' title='bbox 2163 2091 2232 2152; x_wconf 92' lang='lat' dir='ltr'><strong><em>S.</em></strong></span> <span class='ocrx_word' id='word_1_148' title='bbox 2282 2093 2540 2156; x_wconf 84' lang='lat' dir='ltr'><strong><em>Paulini</em></strong></span> <span class='ocrx_word' id='word_1_149' title='bbox 2567 2097 2805 2174; x_wconf 87' lang='lat' dir='ltr'><strong><em>scripta</em></strong></span> <span class='ocrx_word' id='word_1_150' title='bbox 2830 2101 3258 2162; x_wconf 80' lang='lat' dir='ltr'><strong><em>continentur.</em></strong></span> <span class='ocrx_word' id='word_1_151' title='bbox 3291 2104 3544 2184; x_wconf 76' lang='lat' dir='ltr'><strong><em>Optima</em></strong></span> 
     </span>
    </p>
   </div>
   <div class='ocr_carea' id='block_1_12' title="bbox 290 2189 3539 2280">
    <p class='ocr_par' dir='ltr' id='par_1_12' title="bbox 290 2189 3539 2280">
     <span class='ocr_line' id='line_1_13' title="bbox 290 2189 3539 2280; baseline 0.004 -28"><span class='ocrx_word' id='word_1_152' title='bbox 290 2210 502 2253; x_wconf 89' lang='lat' dir='ltr'><strong><em>rerum</em></strong></span> <span class='ocrx_word' id='word_1_153' title='bbox 530 2191 1128 2272; x_wconf 65' lang='lat' dir='ltr'><strong><em>(quantulacunque</em></strong></span> <span class='ocrx_word' id='word_1_154' title='bbox 1157 2190 1347 2266; x_wconf 85' lang='lat' dir='ltr'><strong><em>sunt)</em></strong></span> <span class='ocrx_word' id='word_1_155' title='bbox 1380 2206 1648 2249; x_wconf 87' lang='lat' dir='ltr'><strong><em>mearum</em></strong></span> <span class='ocrx_word' id='word_1_156' title='bbox 1675 2189 1773 2249; x_wconf 86' lang='lat' dir='ltr'><strong><em>hic</em></strong></span> <span class='ocrx_word' id='word_1_157' title='bbox 1804 2189 1957 2251; x_wconf 86' lang='lat' dir='ltr'><strong><em>liber</em></strong></span> <span class='ocrx_word' id='word_1_158' title='bbox 2001 2199 2114 2264; x_wconf 82' lang='lat' dir='ltr'><strong><em>est,</em></strong></span> <span class='ocrx_word' id='word_1_159' title='bbox 2143 2209 2320 2270; x_wconf 86' lang='lat' dir='ltr'><strong><em>quem</em></strong></span> <span class='ocrx_word' id='word_1_160' title='bbox 2347 2193 2464 2254; x_wconf 86' lang='lat' dir='ltr'><strong><em>tibi</em></strong></span> <span class='ocrx_word' id='word_1_161' title='bbox 2489 2198 2669 2257; x_wconf 89' lang='lat' dir='ltr'><strong><em>etiam</em></strong></span> <span class='ocrx_word' id='word_1_162' title='bbox 2699 2201 2940 2278; x_wconf 78' lang='lat' dir='ltr'><strong><em>conﬁdo</em></strong></span> <span class='ocrx_word' id='word_1_163' title='bbox 2969 2203 3104 2280; x_wconf 81' lang='lat' dir='ltr'><strong><em>fore</em></strong></span> <span class='ocrx_word' id='word_1_164' title='bbox 3131 2207 3539 2267; x_wconf 88' lang='lat' dir='ltr'><strong><em>carissimum.</em></strong></span> 
     </span>
    </p>
   </div>
   <div class='ocr_carea' id='block_1_13' title="bbox 287 2286 3544 2372">
    <p class='ocr_par' dir='ltr' id='par_1_13' title="bbox 287 2286 3544 2372">
     <span class='ocr_line' id='line_1_14' title="bbox 287 2286 3544 2372; baseline 0.006 -25"><span class='ocrx_word' id='word_1_165' title='bbox 287 2290 416 2366; x_wconf 82' lang='lat' dir='ltr'><strong><em>Qui</em></strong></span> <span class='ocrx_word' id='word_1_166' title='bbox 459 2287 622 2349; x_wconf 86' lang='lat' dir='ltr'><strong><em>enim</em></strong></span> <span class='ocrx_word' id='word_1_167' title='bbox 667 2289 905 2348; x_wconf 85' lang='lat' dir='ltr'><strong><em>virtute</em></strong></span> <span class='ocrx_word' id='word_1_168' title='bbox 957 2287 1124 2346; x_wconf 90' lang='lat' dir='ltr'><strong><em>omni</em></strong></span> <span class='ocrx_word' id='word_1_169' title='bbox 1172 2286 1500 2365; x_wconf 82' lang='lat' dir='ltr'><strong><em>praditus,</em></strong></span> <span class='ocrx_word' id='word_1_170' title='bbox 1544 2287 1800 2364; x_wconf 83' lang='lat' dir='ltr'><strong><em>pietatis</em></strong></span> <span class='ocrx_word' id='word_1_171' title='bbox 1829 2291 2094 2350; x_wconf 85' lang='lat' dir='ltr'><strong><em>maxime</em></strong></span> <span class='ocrx_word' id='word_1_172' title='bbox 2145 2298 2200 2349; x_wconf 78' lang='lat' dir='ltr'><strong><em>rt</em></strong></span> <span class='ocrx_word' id='word_1_173' title='bbox 2255 2292 2582 2370; x_wconf 73' lang='lat' dir='ltr'><strong><em>religionis</em></strong></span> <span class='ocrx_word' id='word_1_174' title='bbox 2618 2314 2675 2354; x_wconf 88' lang='lat' dir='ltr'><strong><em>es</em></strong></span> <span class='ocrx_word' id='word_1_175' title='bbox 2737 2302 3216 2372; x_wconf 88' lang='lat' dir='ltr'><strong><em>amantissimus,</em></strong></span> <span class='ocrx_word' id='word_1_176' title='bbox 3273 2306 3339 2366; x_wconf 90' lang='lat' dir='ltr'><strong><em>in</em></strong></span> <span class='ocrx_word' id='word_1_177' title='bbox 3384 2307 3544 2368; x_wconf 87' lang='lat' dir='ltr'><strong><em>his‘ce</em></strong></span> 
     </span>
    </p>
   </div>
   <div class='ocr_carea' id='block_1_14' title="bbox 279 2385 3539 2477">
    <p class='ocr_par' dir='ltr' id='par_1_14' title="bbox 279 2385 3539 2477">
     <span class='ocr_line' id='line_1_15' title="bbox 279 2385 3539 2477; baseline 0.004 -29"><span class='ocrx_word' id='word_1_178' title='bbox 279 2389 539 2467; x_wconf 74' lang='lat' dir='ltr'><strong><em>scriptis</em></strong></span> <span class='ocrx_word' id='word_1_179' title='bbox 571 2387 734 2448; x_wconf 86' lang='lat' dir='ltr'><strong><em>tanti</em></strong></span> <span class='ocrx_word' id='word_1_180' title='bbox 774 2393 833 2446; x_wconf 92' lang='lat' dir='ltr'><strong><em>et</em></strong></span> <span class='ocrx_word' id='word_1_181' title='bbox 857 2393 988 2445; x_wconf 80' lang='lat' dir='ltr'><strong><em>tam</em></strong></span> <span class='ocrx_word' id='word_1_182' title='bbox 1017 2385 1270 2464; x_wconf 73' lang='lat' dir='ltr'><strong><em>antiqui</em></strong></span> <span class='ocrx_word' id='word_1_183' title='bbox 1293 2385 1579 2463; x_wconf 86' lang='lat' dir='ltr'><strong><em>prasulis</em></strong></span> <span class='ocrx_word' id='word_1_184' title='bbox 1619 2385 1922 2446; x_wconf 88' lang='lat' dir='ltr'><strong><em>virtutum</em></strong></span> <span class='ocrx_word' id='word_1_185' title='bbox 1953 2388 2225 2448; x_wconf 87' lang='lat' dir='ltr'><strong><em>omnium</em></strong></span> <span class='ocrx_word' id='word_1_186' title='bbox 2255 2391 2554 2469; x_wconf 87' lang='lat' dir='ltr'><strong><em>exempla,</em></strong></span> <span class='ocrx_word' id='word_1_187' title='bbox 2585 2395 2838 2470; x_wconf 89' lang='lat' dir='ltr'><strong><em>pietatis</em></strong></span> <span class='ocrx_word' id='word_1_188' title='bbox 2875 2407 2926 2456; x_wconf 91' lang='lat' dir='ltr'><strong><em>et</em></strong></span> <span class='ocrx_word' id='word_1_189' title='bbox 2961 2400 3286 2477; x_wconf 86' lang='lat' dir='ltr'><strong><em>religionis</em></strong></span> <span class='ocrx_word' id='word_1_190' title='bbox 3317 2407 3539 2465; x_wconf 83' lang='lat' dir='ltr'><strong><em>rectis-</em></strong></span> 
     </span>
    </p>
   </div>
   <div class='ocr_carea' id='block_1_15' title="bbox 285 2482 3542 2584">
    <p class='ocr_par' dir='ltr' id='par_1_15' title="bbox 285 2482 3542 2584">
     <span class='ocr_line' id='line_1_16' title="bbox 285 2482 3542 2584; baseline 0.006 -38"><span class='ocrx_word' id='word_1_191' title='bbox 285 2490 496 2548; x_wconf 85' lang='lat' dir='ltr'><strong><em>simam</em></strong></span> <span class='ocrx_word' id='word_1_192' title='bbox 525 2503 804 2546; x_wconf 83' lang='lat' dir='ltr'><strong><em>normam</em></strong></span> <span class='ocrx_word' id='word_1_193' title='bbox 835 2503 1189 2563; x_wconf 86' lang='lat' dir='ltr'><strong><em>cognosces.</em></strong></span> <span class='ocrx_word' id='word_1_194' title='bbox 1223 2482 1588 2545; x_wconf 86' lang='lat' dir='ltr'><strong><em>Probabunt</em></strong></span> <span class='ocrx_word' id='word_1_195' title='bbox 1613 2483 1846 2553; x_wconf 73' lang='lat' dir='ltr'><strong><em>interea</em></strong></span> <span class='ocrx_word' id='word_1_196' title='bbox 1876 2485 2134 2563; x_wconf 80' lang='lat' dir='ltr'><strong><em>legentes</em></strong></span> <span class='ocrx_word' id='word_1_197' title='bbox 2165 2490 2370 2550; x_wconf 80' lang='lat' dir='ltr'><strong><em>cateri</em></strong></span> <span class='ocrx_word' id='word_1_198' title='bbox 2415 2493 2744 2554; x_wconf 83' lang='lat' dir='ltr'><strong><em>consilium</em></strong></span> <span class='ocrx_word' id='word_1_199' title='bbox 2774 2516 2990 2573; x_wconf 84' lang='lat' dir='ltr'><strong><em>meum,</em></strong></span> <span class='ocrx_word' id='word_1_200' title='bbox 3011 2501 3178 2579; x_wconf 87' lang='lat' dir='ltr'><strong><em>quod</em></strong></span> <span class='ocrx_word' id='word_1_201' title='bbox 3204 2502 3328 2566; x_wconf 87' lang='lat' dir='ltr'><strong><em>hac</em></strong></span> <span class='ocrx_word' id='word_1_202' title='bbox 3352 2524 3542 2584; x_wconf 87' lang='lat' dir='ltr'><strong><em>opera</em></strong></span> 
     </span>
    </p>
   </div>
   <div class='ocr_carea' id='block_1_16' title="bbox 286 2582 3542 2682">
    <p class='ocr_par' dir='ltr' id='par_1_16' title="bbox 286 2582 3542 2682">
     <span class='ocr_line' id='line_1_17' title="bbox 286 2582 3542 2682; baseline 0.006 -37"><span class='ocrx_word' id='word_1_203' title='bbox 286 2587 532 2647; x_wconf 89' lang='lat' dir='ltr'><strong><em>nomini</em></strong></span> <span class='ocrx_word' id='word_1_204' title='bbox 553 2585 972 2664; x_wconf 85' lang='lat' dir='ltr'><strong><em>inscripserim</em></strong></span> <span class='ocrx_word' id='word_1_205' title='bbox 1003 2591 1136 2658; x_wconf 88' lang='lat' dir='ltr'><strong><em>tuo,</em></strong></span> <span class='ocrx_word' id='word_1_206' title='bbox 1166 2582 1328 2645; x_wconf 90' lang='lat' dir='ltr'><strong><em>illud</em></strong></span> <span class='ocrx_word' id='word_1_207' title='bbox 1349 2582 1926 2659; x_wconf 82' lang='lat' dir='ltr'><strong><em>animadvertentes,</em></strong></span> <span class='ocrx_word' id='word_1_208' title='bbox 1963 2591 2022 2643; x_wconf 86' lang='lat' dir='ltr'><strong><em>te</em></strong></span> <span class='ocrx_word' id='word_1_209' title='bbox 2042 2585 2363 2663; x_wconf 89' lang='lat' dir='ltr'><strong><em>quamdam</em></strong></span> <span class='ocrx_word' id='word_1_210' title='bbox 2390 2590 2461 2649; x_wconf 92' lang='lat' dir='ltr'><strong><em>S.</em></strong></span> <span class='ocrx_word' id='word_1_211' title='bbox 2496 2589 2753 2654; x_wconf 86' lang='lat' dir='ltr'><strong><em>Paulini</em></strong></span> <span class='ocrx_word' id='word_1_212' title='bbox 2781 2613 2990 2655; x_wconf 86' lang='lat' dir='ltr'><strong><em>eorum</em></strong></span> <span class='ocrx_word' id='word_1_213' title='bbox 3011 2602 3292 2661; x_wconf 84' lang='lat' dir='ltr'><strong><em>auctoris</em></strong></span> <span class='ocrx_word' id='word_1_214' title='bbox 3310 2582 3542 2682; x_wconf 58' lang='lat' dir='ltr'><strong><em>referre</em></strong></span> 
     </span>
    </p>
   </div>
   <div class='ocr_carea' id='block_1_17' title="bbox 283 2679 3542 2770">
    <p class='ocr_par' dir='ltr' id='par_1_17' title="bbox 283 2679 3542 2770">
     <span class='ocr_line' id='line_1_18' title="bbox 283 2679 3542 2770; baseline 0.008 -34"><span class='ocrx_word' id='word_1_215' title='bbox 283 2686 560 2763; x_wconf 63' lang='lat' dir='ltr'><strong><em>speciem,</em></strong></span> <span class='ocrx_word' id='word_1_216' title='bbox 603 2685 658 2746; x_wconf 92' lang='lat' dir='ltr'><strong><em>si</em></strong></span> <span class='ocrx_word' id='word_1_217' title='bbox 682 2684 1007 2762; x_wconf 88' lang='lat' dir='ltr'><strong><em>utriusque</em></strong></span> <span class='ocrx_word' id='word_1_218' title='bbox 1039 2683 1258 2752; x_wconf 91' lang='lat' dir='ltr'><strong><em>vitam,</em></strong></span> <span class='ocrx_word' id='word_1_219' title='bbox 1303 2681 1360 2741; x_wconf 93' lang='lat' dir='ltr'><strong><em>si</em></strong></span> <span class='ocrx_word' id='word_1_220' title='bbox 1387 2680 1623 2752; x_wconf 85' lang='lat' dir='ltr'><strong><em>studia,</em></strong></span> <span class='ocrx_word' id='word_1_221' title='bbox 1673 2679 1728 2740; x_wconf 90' lang='lat' dir='ltr'><strong><em>si</em></strong></span> <span class='ocrx_word' id='word_1_222' title='bbox 1763 2679 1974 2740; x_wconf 87' lang='lat' dir='ltr'><strong><em>laudes</em></strong></span> <span class='ocrx_word' id='word_1_223' title='bbox 2010 2686 2530 2758; x_wconf 87' lang='lat' dir='ltr'><strong><em>comparaverint.</em></strong></span> <span class='ocrx_word' id='word_1_224' title='bbox 2565 2689 2855 2748; x_wconf 86' lang='lat' dir='ltr'><strong><em>Romana</em></strong></span> <span class='ocrx_word' id='word_1_225' title='bbox 2902 2694 3255 2770; x_wconf 86' lang='lat' dir='ltr'><strong><em>reipublica</em></strong></span> <span class='ocrx_word' id='word_1_226' title='bbox 3288 2679 3542 2762; x_wconf 80' lang='lat' dir='ltr'><strong><em>senator</em></strong></span> 
     </span>
    </p>
   </div>
   <div class='ocr_carea' id='block_1_18' title="bbox 287 2777 3544 2880">
    <p class='ocr_par' dir='ltr' id='par_1_18' title="bbox 287 2777 3544 2880">
     <span class='ocr_line' id='line_1_19' title="bbox 287 2777 3544 2880; baseline 0.006 -36"><span class='ocrx_word' id='word_1_227' title='bbox 287 2782 395 2844; x_wconf 88' lang='lat' dir='ltr'><strong><em>ille</em></strong></span> <span class='ocrx_word' id='word_1_228' title='bbox 425 2792 482 2842; x_wconf 89' lang='lat' dir='ltr'><strong><em>et</em></strong></span> <span class='ocrx_word' id='word_1_229' title='bbox 527 2781 768 2851; x_wconf 84' lang='lat' dir='ltr'><strong><em>consul,</em></strong></span> <span class='ocrx_word' id='word_1_230' title='bbox 801 2781 1209 2840; x_wconf 88' lang='lat' dir='ltr'><strong><em>humanarum</em></strong></span> <span class='ocrx_word' id='word_1_231' title='bbox 1239 2787 1295 2838; x_wconf 87' lang='lat' dir='ltr'><strong><em>et</em></strong></span> <span class='ocrx_word' id='word_1_232' title='bbox 1343 2777 1702 2838; x_wconf 86' lang='lat' dir='ltr'><strong><em>divinarum</em></strong></span> <span class='ocrx_word' id='word_1_233' title='bbox 1734 2777 2087 2839; x_wconf 83' lang='lat' dir='ltr'><strong><em>litterarum</em></strong></span> <span class='ocrx_word' id='word_1_234' title='bbox 2117 2780 2533 2854; x_wconf 86' lang='lat' dir='ltr'><strong><em>doctissimus,</em></strong></span> <span class='ocrx_word' id='word_1_235' title='bbox 2581 2789 2975 2864; x_wconf 85' lang='lat' dir='ltr'><strong><em>amplissimis</em></strong></span> <span class='ocrx_word' id='word_1_236' title='bbox 3006 2793 3344 2860; x_wconf 85' lang='lat' dir='ltr'><strong><em>honoribus</em></strong></span> <span class='ocrx_word' id='word_1_237' title='bbox 3369 2811 3544 2880; x_wconf 64' lang='lat' dir='ltr'><strong><em>post«</em></strong></span> 
     </span>
    </p>
   </div>
   <div class='ocr_carea' id='block_1_19' title="bbox 279 2878 3539 2964">
    <p class='ocr_par' dir='ltr' id='par_1_19' title="bbox 279 2878 3539 2964">
     <span class='ocr_line' id='line_1_20' title="bbox 279 2878 3539 2964; baseline 0.006 -22"><span class='ocrx_word' id='word_1_238' title='bbox 279 2883 538 2958; x_wconf 80' lang='lat' dir='ltr'><strong><em>habitis,</em></strong></span> <span class='ocrx_word' id='word_1_239' title='bbox 569 2883 650 2943; x_wconf 90' lang='lat' dir='ltr'><strong><em>ad</em></strong></span> <span class='ocrx_word' id='word_1_240' title='bbox 700 2883 1072 2942; x_wconf 83' lang='lat' dir='ltr'><strong><em>sanctiorem</em></strong></span> <span class='ocrx_word' id='word_1_241' title='bbox 1106 2879 1296 2939; x_wconf 89' lang='lat' dir='ltr'><strong><em>vitam</em></strong></span> <span class='ocrx_word' id='word_1_242' title='bbox 1336 2878 1654 2948; x_wconf 85' lang='lat' dir='ltr'><strong><em>accedens,</em></strong></span> <span class='ocrx_word' id='word_1_243' title='bbox 1689 2881 1895 2956; x_wconf 82' lang='lat' dir='ltr'><strong><em>factus</em></strong></span> <span class='ocrx_word' id='word_1_244' title='bbox 1946 2878 2230 2940; x_wconf 87' lang='lat' dir='ltr'><strong><em>Nolanus</em></strong></span> <span class='ocrx_word' id='word_1_245' title='bbox 2285 2884 2606 2964; x_wconf 84' lang='lat' dir='ltr'><strong><em>episcopus</em></strong></span> <span class='ocrx_word' id='word_1_246' title='bbox 2649 2888 3069 2953; x_wconf 85' lang='lat' dir='ltr'><strong><em>Christianum</em></strong></span> <span class='ocrx_word' id='word_1_247' title='bbox 3118 2898 3323 2960; x_wconf 72' lang='lat' dir='ltr'><strong><em>orbem</em></strong></span> <span class='ocrx_word' id='word_1_248' title='bbox 3353 2878 3539 2964; x_wconf 83' lang='lat' dir='ltr'><strong><em>auxit</em></strong></span> 
     </span>
    </p>
   </div>
   <div class='ocr_carea' id='block_1_20' title="bbox 264 2979 3533 3079">
    <p class='ocr_par' dir='ltr' id='par_1_20' title="bbox 264 2979 3533 3079">
     <span class='ocr_line' id='line_1_21' title="bbox 264 2979 3533 3079; baseline 0.007 -40"><span class='ocrx_word' id='word_1_249' title='bbox 264 2984 552 3045; x_wconf 60' lang='lat' dir='ltr'><strong><em>scientia</em></strong></span> <span class='ocrx_word' id='word_1_250' title='bbox 581 2990 638 3041; x_wconf 86' lang='lat' dir='ltr'><strong><em>et</em></strong></span> <span class='ocrx_word' id='word_1_251' title='bbox 662 2981 977 3058; x_wconf 75' lang='lat' dir='ltr'><strong><em>exemplis.</em></strong></span> <span class='ocrx_word' id='word_1_252' title='bbox 1015 2983 1115 3039; x_wconf 89' lang='lat' dir='ltr'><strong><em>Tu</em></strong></span> <span class='ocrx_word' id='word_1_253' title='bbox 1137 2997 1262 3038; x_wconf 91' lang='lat' dir='ltr'><strong><em>non</em></strong></span> <span class='ocrx_word' id='word_1_254' title='bbox 1287 2997 1457 3039; x_wconf 86' lang='lat' dir='ltr'><strong><em>secus</em></strong></span> <span class='ocrx_word' id='word_1_255' title='bbox 1493 2988 1672 3056; x_wconf 87' lang='lat' dir='ltr'><strong><em>atque</em></strong></span> <span class='ocrx_word' id='word_1_256' title='bbox 1706 2979 1809 3039; x_wconf 87' lang='lat' dir='ltr'><strong><em>ille</em></strong></span> <span class='ocrx_word' id='word_1_257' title='bbox 1843 2979 1910 3040; x_wconf 88' lang='lat' dir='ltr'><strong><em>in</em></strong></span> <span class='ocrx_word' id='word_1_258' title='bbox 1954 2981 2181 3042; x_wconf 80' lang='lat' dir='ltr'><strong><em>l&#39;eneta</em></strong></span> <span class='ocrx_word' id='word_1_259' title='bbox 2211 2985 2555 3062; x_wconf 89' lang='lat' dir='ltr'><strong><em>republica.</em></strong></span> <span class='ocrx_word' id='word_1_260' title='bbox 2585 3005 2717 3067; x_wconf 86' lang='lat' dir='ltr'><strong><em>qua</em></strong></span> <span class='ocrx_word' id='word_1_261' title='bbox 2753 3010 2889 3052; x_wconf 90' lang='lat' dir='ltr'><strong><em>cum</em></strong></span> <span class='ocrx_word' id='word_1_262' title='bbox 2915 2994 3195 3059; x_wconf 84' lang='lat' dir='ltr'><strong><em>Romana</em></strong></span> <span class='ocrx_word' id='word_1_263' title='bbox 3233 3002 3533 3079; x_wconf 86' lang='lat' dir='ltr'><strong><em>praclare</em></strong></span> 
     </span>
    </p>
   </div>
   <div class='ocr_carea' id='block_1_21' title="bbox 280 3076 3540 3182">
    <p class='ocr_par' dir='ltr' id='par_1_21' title="bbox 280 3076 3540 3182">
     <span class='ocr_line' id='line_1_22' title="bbox 280 3076 3540 3182; baseline 0.006 -40"><span class='ocrx_word' id='word_1_264' title='bbox 280 3087 517 3154; x_wconf 82' lang='lat' dir='ltr'><strong><em>certat,</em></strong></span> <span class='ocrx_word' id='word_1_265' title='bbox 565 3079 907 3140; x_wconf 89' lang='lat' dir='ltr'><strong><em>clarissima</em></strong></span> <span class='ocrx_word' id='word_1_266' title='bbox 942 3096 1018 3137; x_wconf 90' lang='lat' dir='ltr'><strong><em>ex</em></strong></span> <span class='ocrx_word' id='word_1_267' title='bbox 1047 3084 1223 3156; x_wconf 88' lang='lat' dir='ltr'><strong><em>gente</em></strong></span> <span class='ocrx_word' id='word_1_268' title='bbox 1266 3077 1654 3155; x_wconf 86' lang='lat' dir='ltr'><strong><em>progenitus,</em></strong></span> <span class='ocrx_word' id='word_1_269' title='bbox 1691 3076 1851 3136; x_wconf 88' lang='lat' dir='ltr'><strong><em>inter</em></strong></span> <span class='ocrx_word' id='word_1_270' title='bbox 1897 3078 2074 3154; x_wconf 80' lang='lat' dir='ltr'><strong><em>cujus</em></strong></span> <span class='ocrx_word' id='word_1_271' title='bbox 2123 3079 2385 3158; x_wconf 81' lang='lat' dir='ltr'><strong><em>majores</em></strong></span> <span class='ocrx_word' id='word_1_272' title='bbox 2428 3095 2825 3148; x_wconf 82' lang='lat' dir='ltr'><strong><em>recensentur</em></strong></span> <span class='ocrx_word' id='word_1_273' title='bbox 2859 3089 3203 3170; x_wconf 83' lang='lat' dir='ltr'><strong><em>Gregorius</em></strong></span> <span class='ocrx_word' id='word_1_274' title='bbox 3234 3076 3540 3182; x_wconf 74' lang='lat' dir='ltr'><strong><em>pontifex</em></strong></span> 
     </span>
    </p>
   </div>
   <div class='ocr_carea' id='block_1_22' title="bbox 273 3181 3541 3273">
    <p class='ocr_par' dir='ltr' id='par_1_22' title="bbox 273 3181 3541 3273">
     <span class='ocr_line' id='line_1_23' title="bbox 273 3181 3541 3273; baseline 0.01 -42"><span class='ocrx_word' id='word_1_275' title='bbox 273 3182 414 3260; x_wconf 67' lang='lat' dir='ltr'><strong><em>gius</em></strong></span> <span class='ocrx_word' id='word_1_276' title='bbox 441 3184 712 3245; x_wconf 75' lang='lat' dir='ltr'><strong><em>nominis</em></strong></span> <span class='ocrx_word' id='word_1_277' title='bbox 742 3183 886 3242; x_wconf 83' lang='lat' dir='ltr'><strong><em>XII</em></strong></span> <span class='ocrx_word' id='word_1_278' title='bbox 906 3203 927 3250; x_wconf 83' lang='lat'><strong><em>;</em></strong></span> <span class='ocrx_word' id='word_1_279' title='bbox 961 3200 1066 3242; x_wconf 90' lang='lat' dir='ltr'><strong><em>nec</em></strong></span> <span class='ocrx_word' id='word_1_280' title='bbox 1103 3200 1228 3242; x_wconf 90' lang='lat' dir='ltr'><strong><em>non</em></strong></span> <span class='ocrx_word' id='word_1_281' title='bbox 1263 3181 1517 3242; x_wconf 87' lang='lat' dir='ltr'><strong><em>Beriola</em></strong></span> <span class='ocrx_word' id='word_1_282' title='bbox 1545 3181 1785 3257; x_wconf 89' lang='lat' dir='ltr'><strong><em>egregia</em></strong></span> <span class='ocrx_word' id='word_1_283' title='bbox 1816 3197 1890 3240; x_wconf 92' lang='lat' dir='ltr'><strong><em>ac</em></strong></span> <span class='ocrx_word' id='word_1_284' title='bbox 1917 3181 2168 3242; x_wconf 83' lang='lat' dir='ltr'><strong><em>celebris</em></strong></span> <span class='ocrx_word' id='word_1_285' title='bbox 2200 3184 2310 3246; x_wconf 90' lang='lat' dir='ltr'><strong><em>illa</em></strong></span> <span class='ocrx_word' id='word_1_286' title='bbox 2346 3187 2576 3264; x_wconf 77' lang='lat' dir='ltr'><strong><em>femina</em></strong></span> <span class='ocrx_word' id='word_1_287' title='bbox 2611 3187 2850 3252; x_wconf 77' lang='lat' dir='ltr'><strong><em>laudati</em></strong></span> <span class='ocrx_word' id='word_1_288' title='bbox 2879 3193 3173 3273; x_wconf 82' lang='lat' dir='ltr'><strong><em>Gregorii</em></strong></span> <span class='ocrx_word' id='word_1_289' title='bbox 3201 3219 3386 3260; x_wconf 88' lang='lat' dir='ltr'><strong><em>soror</em></strong></span> <span class='ocrx_word' id='word_1_290' title='bbox 3429 3181 3541 3263; x_wconf 84' lang='lat' dir='ltr'><strong><em>ea-</em></strong></span> 
     </span>
    </p>
   </div>
   <div class='ocr_carea' id='block_1_23' title="bbox 273 3281 3536 3373">
    <p class='ocr_par' dir='ltr' id='par_1_23' title="bbox 273 3281 3536 3373">
     <span class='ocr_line' id='line_1_24' title="bbox 273 3281 3536 3373; baseline 0.007 -32"><span class='ocrx_word' id='word_1_291' title='bbox 273 3282 527 3361; x_wconf 83' lang='lat' dir='ltr'><strong><em>demque</em></strong></span> <span class='ocrx_word' id='word_1_292' title='bbox 556 3282 832 3359; x_wconf 87' lang='lat' dir='ltr'><strong><em>Eugenii</em></strong></span> <span class='ocrx_word' id='word_1_293' title='bbox 852 3283 948 3342; x_wconf 77' lang='lat' dir='ltr'><strong><em>IV</em></strong></span> <span class='ocrx_word' id='word_1_294' title='bbox 979 3289 1171 3340; x_wconf 86' lang='lat' dir='ltr'><strong><em>mater</em></strong></span> <span class='ocrx_word' id='word_1_295' title='bbox 1194 3289 1251 3341; x_wconf 94' lang='lat' dir='ltr'><strong><em>et</em></strong></span> <span class='ocrx_word' id='word_1_296' title='bbox 1283 3281 1475 3343; x_wconf 87' lang='lat' dir='ltr'><strong><em>Pauli</em></strong></span> <span class='ocrx_word' id='word_1_297' title='bbox 1507 3281 1585 3340; x_wconf 84' lang='lat' dir='ltr'><strong><em>II</em></strong></span> <span class='ocrx_word' id='word_1_298' title='bbox 1611 3282 1774 3351; x_wconf 65' lang='lat' dir='ltr'><strong><em>ariw,</em></strong></span> <span class='ocrx_word' id='word_1_299' title='bbox 1819 3288 2046 3358; x_wconf 85' lang='lat' dir='ltr'><strong><em>prater</em></strong></span> <span class='ocrx_word' id='word_1_300' title='bbox 2073 3282 2233 3343; x_wconf 89' lang='lat' dir='ltr'><strong><em>alios</em></strong></span> <span class='ocrx_word' id='word_1_301' title='bbox 2276 3285 2489 3362; x_wconf 85' lang='lat' dir='ltr'><strong><em>plures</em></strong></span> <span class='ocrx_word' id='word_1_302' title='bbox 2518 3295 2575 3348; x_wconf 92' lang='lat' dir='ltr'><strong><em>et</em></strong></span> <span class='ocrx_word' id='word_1_303' title='bbox 2609 3289 2957 3352; x_wconf 84' lang='lat' dir='ltr'><strong><em>cardinales</em></strong></span> <span class='ocrx_word' id='word_1_304' title='bbox 3001 3298 3536 3373; x_wconf 88' lang='lat' dir='ltr'><strong><em>eminentissimos,</em></strong></span> 
     </span>
    </p>
   </div>
   <div class='ocr_carea' id='block_1_24' title="bbox 274 3381 3536 3479">
    <p class='ocr_par' dir='ltr' id='par_1_24' title="bbox 274 3381 3536 3479">
     <span class='ocr_line' id='line_1_25' title="bbox 274 3381 3536 3479; baseline 0.006 -35"><span class='ocrx_word' id='word_1_305' title='bbox 274 3392 335 3445; x_wconf 82' lang='lat' dir='ltr'><strong><em>et</em></strong></span> <span class='ocrx_word' id='word_1_306' title='bbox 362 3385 683 3462; x_wconf 78' lang='lat' dir='ltr'><strong><em>episcopos</em></strong></span> <span class='ocrx_word' id='word_1_307' title='bbox 715 3383 1006 3461; x_wconf 80' lang='lat' dir='ltr'><strong><em>inclgtos,</em></strong></span> <span class='ocrx_word' id='word_1_308' title='bbox 1061 3381 1341 3462; x_wconf 83' lang='lat' dir='ltr'><strong><em>aliosque</em></strong></span> <span class='ocrx_word' id='word_1_309' title='bbox 1374 3382 1518 3443; x_wconf 86' lang='lat' dir='ltr'><strong><em>belli</em></strong></span> <span class='ocrx_word' id='word_1_310' title='bbox 1553 3391 1826 3460; x_wconf 81' lang='lat' dir='ltr'><strong><em>togaque</em></strong></span> <span class='ocrx_word' id='word_1_311' title='bbox 1873 3384 2146 3462; x_wconf 87' lang='lat' dir='ltr'><strong><em>insignes</em></strong></span> <span class='ocrx_word' id='word_1_312' title='bbox 2193 3386 2620 3463; x_wconf 82' lang='lat' dir='ltr'><strong><em>imperatores,</em></strong></span> <span class='ocrx_word' id='word_1_313' title='bbox 2672 3402 3014 3469; x_wconf 85' lang='lat' dir='ltr'><strong><em>senatores,</em></strong></span> <span class='ocrx_word' id='word_1_314' title='bbox 3066 3411 3536 3479; x_wconf 86' lang='lat' dir='ltr'><strong><em>procuratores,</em></strong></span> 
     </span>
    </p>
   </div>
   <div class='ocr_carea' id='block_1_25' title="bbox 269 3480 3537 3575">
    <p class='ocr_par' dir='ltr' id='par_1_25' title="bbox 269 3480 3537 3575">
     <span class='ocr_line' id='line_1_26' title="bbox 269 3480 3537 3575; baseline 0.006 -29"><span class='ocrx_word' id='word_1_315' title='bbox 269 3485 483 3557; x_wconf 75' lang='lat' dir='ltr'><strong><em>duces,</em></strong></span> <span class='ocrx_word' id='word_1_316' title='bbox 515 3501 780 3563; x_wconf 88' lang='lat' dir='ltr'><strong><em>quorum</em></strong></span> <span class='ocrx_word' id='word_1_317' title='bbox 804 3484 1057 3544; x_wconf 88' lang='lat' dir='ltr'><strong><em>nomina</em></strong></span> <span class='ocrx_word' id='word_1_318' title='bbox 1085 3486 1154 3544; x_wconf 90' lang='lat' dir='ltr'><strong><em>in</em></strong></span> <span class='ocrx_word' id='word_1_319' title='bbox 1185 3480 1516 3542; x_wconf 87' lang='lat' dir='ltr'><strong><em>annalibus</em></strong></span> <span class='ocrx_word' id='word_1_320' title='bbox 1539 3485 1892 3561; x_wconf 79' lang='lat' dir='ltr'><strong><em>frequenter</em></strong></span> <span class='ocrx_word' id='word_1_321' title='bbox 1923 3493 2266 3546; x_wconf 87' lang='lat' dir='ltr'><strong><em>occurrunt</em></strong></span> <span class='ocrx_word' id='word_1_322' title='bbox 2293 3504 2314 3544; x_wconf 91' lang='lat'><strong><em>:</em></strong></span> <span class='ocrx_word' id='word_1_323' title='bbox 2344 3488 2466 3560; x_wconf 86' lang='lat' dir='ltr'><strong><em>Tu,</em></strong></span> <span class='ocrx_word' id='word_1_324' title='bbox 2495 3489 2765 3568; x_wconf 89' lang='lat' dir='ltr'><strong><em>inquam,</em></strong></span> <span class='ocrx_word' id='word_1_325' title='bbox 2809 3493 2874 3552; x_wconf 90' lang='lat' dir='ltr'><strong><em>in</em></strong></span> <span class='ocrx_word' id='word_1_326' title='bbox 2908 3501 3082 3555; x_wconf 86' lang='lat' dir='ltr'><strong><em>tanta</em></strong></span> <span class='ocrx_word' id='word_1_327' title='bbox 3112 3499 3429 3575; x_wconf 88' lang='lat' dir='ltr'><strong><em>republica</em></strong></span> <span class='ocrx_word' id='word_1_328' title='bbox 3459 3523 3537 3565; x_wconf 71' lang='lat' dir='ltr'><strong><em>ex</em></strong></span> 
     </span>
    </p>
   </div>
   <div class='ocr_carea' id='block_1_26' title="bbox 277 3584 3540 3672">
    <p class='ocr_par' dir='ltr' id='par_1_26' title="bbox 277 3584 3540 3672">
     <span class='ocr_line' id='line_1_27' title="bbox 277 3584 3540 3672; baseline 0.006 -26"><span class='ocrx_word' id='word_1_329' title='bbox 277 3594 404 3646; x_wconf 89' lang='lat' dir='ltr'><strong><em>tam</em></strong></span> <span class='ocrx_word' id='word_1_330' title='bbox 434 3601 731 3662; x_wconf 86' lang='lat' dir='ltr'><strong><em>generosa</em></strong></span> <span class='ocrx_word' id='word_1_331' title='bbox 762 3585 956 3664; x_wconf 90' lang='lat' dir='ltr'><strong><em>stirpe</em></strong></span> <span class='ocrx_word' id='word_1_332' title='bbox 972 3584 1368 3662; x_wconf 89' lang='lat' dir='ltr'><strong><em>progenitus,</em></strong></span> <span class='ocrx_word' id='word_1_333' title='bbox 1397 3600 1523 3642; x_wconf 91' lang='lat' dir='ltr'><strong><em>non</em></strong></span> <span class='ocrx_word' id='word_1_334' title='bbox 1553 3602 1722 3643; x_wconf 86' lang='lat' dir='ltr'><strong><em>secus</em></strong></span> <span class='ocrx_word' id='word_1_335' title='bbox 1749 3602 1820 3643; x_wconf 91' lang='lat' dir='ltr'><strong><em>ac</em></strong></span> <span class='ocrx_word' id='word_1_336' title='bbox 1850 3584 2182 3657; x_wconf 88' lang='lat' dir='ltr'><strong><em>Paulinus,</em></strong></span> <span class='ocrx_word' id='word_1_337' title='bbox 2215 3586 2586 3648; x_wconf 89' lang='lat' dir='ltr'><strong><em>immortalis</em></strong></span> <span class='ocrx_word' id='word_1_338' title='bbox 2613 3589 2879 3669; x_wconf 85' lang='lat' dir='ltr'><strong><em>ejusdem</em></strong></span> <span class='ocrx_word' id='word_1_339' title='bbox 2909 3595 3264 3672; x_wconf 87' lang='lat' dir='ltr'><strong><em>reipublica</em></strong></span> <span class='ocrx_word' id='word_1_340' title='bbox 3287 3613 3540 3665; x_wconf 77' lang='lat' dir='ltr'><strong><em>senator</em></strong></span> 
     </span>
    </p>
   </div>
   <div class='ocr_carea' id='block_1_27' title="bbox 275 3681 3537 3776">
    <p class='ocr_par' dir='ltr' id='par_1_27' title="bbox 275 3681 3537 3776">
     <span class='ocr_line' id='line_1_28' title="bbox 275 3681 3537 3776; baseline 0.006 -35"><span class='ocrx_word' id='word_1_341' title='bbox 275 3683 723 3762; x_wconf 86' lang='lat' dir='ltr'><strong><em>amplissimus,</em></strong></span> <span class='ocrx_word' id='word_1_342' title='bbox 752 3700 1022 3742; x_wconf 86' lang='lat' dir='ltr'><strong><em>summus</em></strong></span> <span class='ocrx_word' id='word_1_343' title='bbox 1048 3683 1191 3743; x_wconf 87' lang='lat' dir='ltr'><strong><em>item</em></strong></span> <span class='ocrx_word' id='word_1_344' title='bbox 1225 3698 1539 3740; x_wconf 84' lang='lat' dir='ltr'><strong><em>armorum</em></strong></span> <span class='ocrx_word' id='word_1_345' title='bbox 1567 3681 1928 3758; x_wconf 85' lang='lat' dir='ltr'><strong><em>imperator,</em></strong></span> <span class='ocrx_word' id='word_1_346' title='bbox 1965 3682 2251 3774; x_wconf 78' lang='lat' dir='ltr'><strong><em>omnique</em></strong></span> <span class='ocrx_word' id='word_1_347' title='bbox 2275 3682 2754 3761; x_wconf 86' lang='lat' dir='ltr'><strong><em>praclarissimo</em></strong></span> <span class='ocrx_word' id='word_1_348' title='bbox 2787 3707 3035 3748; x_wconf 86' lang='lat' dir='ltr'><strong><em>munere</em></strong></span> <span class='ocrx_word' id='word_1_349' title='bbox 3070 3699 3236 3752; x_wconf 82' lang='lat' dir='ltr'><strong><em>terra</em></strong></span> <span class='ocrx_word' id='word_1_350' title='bbox 3264 3698 3537 3776; x_wconf 84' lang='lat' dir='ltr'><strong><em>marique</em></strong></span> 
     </span>
    </p>
   </div>
   <div class='ocr_carea' id='block_1_28' title="bbox 273 3784 3535 3867">
    <p class='ocr_par' dir='ltr' id='par_1_28' title="bbox 273 3784 3535 3867">
     <span class='ocr_line' id='line_1_29' title="bbox 273 3784 3535 3867; baseline 0.004 -22"><span class='ocrx_word' id='word_1_351' title='bbox 273 3788 551 3867; x_wconf 76' lang='lat' dir='ltr'><strong><em>functus,</em></strong></span> <span class='ocrx_word' id='word_1_352' title='bbox 591 3787 902 3848; x_wconf 85' lang='lat' dir='ltr'><strong><em>Patavina</em></strong></span> <span class='ocrx_word' id='word_1_353' title='bbox 940 3784 1316 3863; x_wconf 84' lang='lat' dir='ltr'><strong><em>prafectura</em></strong></span> <span class='ocrx_word' id='word_1_354' title='bbox 1348 3791 1728 3860; x_wconf 64' lang='lat' dir='ltr'><strong><em>postremum</em></strong></span> <span class='ocrx_word' id='word_1_355' title='bbox 1771 3785 2005 3861; x_wconf 86' lang='lat' dir='ltr'><strong><em>egregie</em></strong></span> <span class='ocrx_word' id='word_1_356' title='bbox 2038 3791 2230 3862; x_wconf 90' lang='lat' dir='ltr'><strong><em>gesta,</em></strong></span> <span class='ocrx_word' id='word_1_357' title='bbox 2263 3802 2466 3844; x_wconf 88' lang='lat' dir='ltr'><strong><em>omnes</em></strong></span> <span class='ocrx_word' id='word_1_358' title='bbox 2516 3785 2632 3848; x_wconf 87' lang='lat' dir='ltr'><strong><em>tibi</em></strong></span> <span class='ocrx_word' id='word_1_359' title='bbox 2674 3795 2938 3865; x_wconf 85' lang='lat' dir='ltr'><strong><em>paratos</em></strong></span> <span class='ocrx_word' id='word_1_360' title='bbox 2979 3788 3239 3853; x_wconf 84' lang='lat' dir='ltr'><strong><em>honores</em></strong></span> <span class='ocrx_word' id='word_1_361' title='bbox 3269 3808 3535 3858; x_wconf 86' lang='lat' dir='ltr'><strong><em>contem-</em></strong></span> 
     </span>
    </p>
   </div>
   <div class='ocr_carea' id='block_1_29' title="bbox 278 3879 3536 3962">
    <p class='ocr_par' dir='ltr' id='par_1_29' title="bbox 278 3879 3536 3962">
     <span class='ocr_line' id='line_1_30' title="bbox 278 3879 3536 3962; baseline 0.006 -20"><span class='ocrx_word' id='word_1_362' title='bbox 278 3900 455 3954; x_wconf 83' lang='lat' dir='ltr'><strong><em>nens,</em></strong></span> <span class='ocrx_word' id='word_1_363' title='bbox 503 3883 950 3943; x_wconf 86' lang='lat' dir='ltr'><strong><em>severissimum</em></strong></span> <span class='ocrx_word' id='word_1_364' title='bbox 983 3879 1320 3940; x_wconf 83' lang='lat' dir='ltr'><strong><em>sanctioris</em></strong></span> <span class='ocrx_word' id='word_1_365' title='bbox 1370 3880 1512 3941; x_wconf 89' lang='lat' dir='ltr'><strong><em>vita</em></strong></span> <span class='ocrx_word' id='word_1_366' title='bbox 1539 3882 1902 3940; x_wconf 88' lang='lat' dir='ltr'><strong><em>institutum</em></strong></span> <span class='ocrx_word' id='word_1_367' title='bbox 1935 3883 2273 3961; x_wconf 89' lang='lat' dir='ltr'><strong><em>arripiens,</em></strong></span> <span class='ocrx_word' id='word_1_368' title='bbox 2323 3891 2378 3944; x_wconf 90' lang='lat' dir='ltr'><strong><em>te</em></strong></span> <span class='ocrx_word' id='word_1_369' title='bbox 2425 3885 2489 3944; x_wconf 88' lang='lat' dir='ltr'><strong><em>in</em></strong></span> <span class='ocrx_word' id='word_1_370' title='bbox 2537 3884 3002 3962; x_wconf 85' lang='lat' dir='ltr'><strong><em>Capucinorum</em></strong></span> <span class='ocrx_word' id='word_1_371' title='bbox 3047 3893 3329 3955; x_wconf 87' lang='lat' dir='ltr'><strong><em>ordinem</em></strong></span> <span class='ocrx_word' id='word_1_372' title='bbox 3362 3915 3536 3960; x_wconf 89' lang='lat' dir='ltr'><strong><em>rece-</em></strong></span> 
     </span>
    </p>
   </div>
   <div class='ocr_carea' id='block_1_30' title="bbox 278 3978 3529 4073">
    <p class='ocr_par' dir='ltr' id='par_1_30' title="bbox 278 3978 3529 4073">
     <span class='ocr_line' id='line_1_31' title="bbox 278 3978 3529 4073; baseline 0.004 -30"><span class='ocrx_word' id='word_1_373' title='bbox 278 3984 456 4061; x_wconf 87' lang='lat' dir='ltr'><strong><em>pisti.</em></strong></span> <span class='ocrx_word' id='word_1_374' title='bbox 490 3983 540 4044; x_wconf 84' lang='grc' dir='ltr'><em>Α</em></span> <span class='ocrx_word' id='word_1_375' title='bbox 574 4002 692 4062; x_wconf 91' lang='lat' dir='ltr'><strong><em>quo</em></strong></span> <span class='ocrx_word' id='word_1_376' title='bbox 729 3990 926 4041; x_wconf 86' lang='lat' dir='ltr'><strong><em>tamen</em></strong></span> <span class='ocrx_word' id='word_1_377' title='bbox 959 3979 1218 4040; x_wconf 88' lang='lat' dir='ltr'><strong><em>subinde</em></strong></span> <span class='ocrx_word' id='word_1_378' title='bbox 1248 3978 1529 4049; x_wconf 85' lang='lat' dir='ltr'><strong><em>eductus,</em></strong></span> <span class='ocrx_word' id='word_1_379' title='bbox 1559 3986 1627 4037; x_wconf 86' lang='lat' dir='ltr'><strong><em>ut</em></strong></span> <span class='ocrx_word' id='word_1_380' title='bbox 1670 3979 1896 4039; x_wconf 82' lang='lat' dir='ltr'><strong><em>Veneta</em></strong></span> <span class='ocrx_word' id='word_1_381' title='bbox 1940 3980 2241 4039; x_wconf 84' lang='lat' dir='ltr'><strong><em>cathedra</em></strong></span> <span class='ocrx_word' id='word_1_382' title='bbox 2259 3983 2684 4062; x_wconf 84' lang='lat' dir='ltr'><strong><em>praﬁcereris,</em></strong></span> <span class='ocrx_word' id='word_1_383' title='bbox 2716 3987 2819 4047; x_wconf 89' lang='lat' dir='ltr'><strong><em>cui</em></strong></span> <span class='ocrx_word' id='word_1_384' title='bbox 2851 3986 2998 4048; x_wconf 90' lang='lat' dir='ltr'><strong><em>olim</em></strong></span> <span class='ocrx_word' id='word_1_385' title='bbox 3018 3989 3141 4050; x_wconf 90' lang='lat' dir='ltr'><strong><em>duo</em></strong></span> <span class='ocrx_word' id='word_1_386' title='bbox 3165 4011 3192 4051; x_wconf 89' lang='lat' dir='ltr'><strong><em>e</em></strong></span> <span class='ocrx_word' id='word_1_387' title='bbox 3217 4002 3323 4052; x_wconf 89' lang='lat' dir='ltr'><strong><em>tua</em></strong></span> <span class='ocrx_word' id='word_1_388' title='bbox 3354 3995 3529 4073; x_wconf 78' lang='lat' dir='ltr'><strong><em>fami-</em></strong></span> 
     </span>
    </p>
   </div>
   <div class='ocr_carea' id='block_1_31' title="bbox 278 4074 3532 4160">
    <p class='ocr_par' dir='ltr' id='par_1_31' title="bbox 278 4074 3532 4160">
     <span class='ocr_line' id='line_1_32' title="bbox 278 4074 3532 4160; baseline 0.003 -17"><span class='ocrx_word' id='word_1_389' title='bbox 278 4084 372 4144; x_wconf 83' lang='lat' dir='ltr'><strong><em>lia</em></strong></span> <span class='ocrx_word' id='word_1_390' title='bbox 399 4081 768 4159; x_wconf 85' lang='lat' dir='ltr'><strong><em>percelebres</em></strong></span> <span class='ocrx_word' id='word_1_391' title='bbox 804 4080 1154 4142; x_wconf 88' lang='lat' dir='ltr'><strong><em>insederant</em></strong></span> <span class='ocrx_word' id='word_1_392' title='bbox 1181 4076 1206 4157; x_wconf 84' lang='grc'>(</span> <span class='ocrx_word' id='word_1_393' title='bbox 1236 4077 1532 4135; x_wconf 88' lang='lat' dir='ltr'><strong><em>nimirum</em></strong></span> <span class='ocrx_word' id='word_1_394' title='bbox 1576 4074 1918 4152; x_wconf 82' lang='lat' dir='ltr'><strong><em>Gregorius</em></strong></span> <span class='ocrx_word' id='word_1_395' title='bbox 1958 4076 2084 4153; x_wconf 89' lang='lat' dir='ltr'><strong><em>ipse</em></strong></span> <span class='ocrx_word' id='word_1_396' title='bbox 2115 4077 2256 4136; x_wconf 84' lang='lat' dir='ltr'><strong><em>XII</em></strong></span> <span class='ocrx_word' id='word_1_397' title='bbox 2283 4095 2418 4136; x_wconf 89' lang='lat' dir='ltr'><strong><em>cum</em></strong></span> <span class='ocrx_word' id='word_1_398' title='bbox 2451 4079 2844 4139; x_wconf 86' lang='lat' dir='ltr'><strong><em>Castellanus</em></strong></span> <span class='ocrx_word' id='word_1_399' title='bbox 2881 4083 3203 4160; x_wconf 87' lang='lat' dir='ltr'><strong><em>episcopus</em></strong></span> <span class='ocrx_word' id='word_1_400' title='bbox 3260 4089 3532 4153; x_wconf 77' lang='lat' dir='ltr'><strong><em>Venetiis</em></strong></span> 
     </span>
    </p>
   </div>
   <div class='ocr_carea' id='block_1_32' title="bbox 275 4175 3532 4264">
    <p class='ocr_par' dir='ltr' id='par_1_32' title="bbox 275 4175 3532 4264">
     <span class='ocr_line' id='line_1_33' title="bbox 275 4175 3532 4264; baseline 0.012 -55"><span class='ocrx_word' id='word_1_401' title='bbox 275 4195 560 4264; x_wconf 49' lang='lat' dir='ltr'><strong><em>&quot;manu,</em></strong></span> <span class='ocrx_word' id='word_1_402' title='bbox 597 4203 666 4245; x_wconf 68' lang='lat' dir='ltr'><strong><em>ac</em></strong></span> <span class='ocrx_word' id='word_1_403' title='bbox 697 4181 1034 4259; x_wconf 58' lang='lat' dir='ltr'><strong><em>gregari&quot;,</em></strong></span> <span class='ocrx_word' id='word_1_404' title='bbox 1058 4175 1424 4257; x_wconf 68' lang='grc' dir='ltr'><strong><em>ραιγίανοὴα</em></strong></span> <span class='ocrx_word' id='word_1_405' title='bbox 1443 4178 1550 4254; x_wconf 88' lang='lat' dir='ltr'><strong><em>qui</em></strong></span> <span class='ocrx_word' id='word_1_406' title='bbox 1574 4176 1828 4237; x_wconf 83' lang='lat' dir='ltr'><strong><em>laudato</em></strong></span> <span class='ocrx_word' id='word_1_407' title='bbox 1853 4178 2146 4252; x_wconf 81' lang='lat' dir='ltr'><strong><em>pontiﬁci</em></strong></span> <span class='ocrx_word' id='word_1_408' title='bbox 2160 4177 2287 4252; x_wconf 77' lang='lat' dir='ltr'><strong><em>fuit</em></strong></span> <span class='ocrx_word' id='word_1_409' title='bbox 2310 4177 2534 4252; x_wconf 81' lang='lat' dir='ltr'><strong><em>fratris</em></strong></span> <span class='ocrx_word' id='word_1_410' title='bbox 2564 4181 2804 4254; x_wconf 82' lang='lat' dir='ltr'><strong><em>nepos),</em></strong></span> <span class='ocrx_word' id='word_1_411' title='bbox 2827 4179 2915 4237; x_wconf 90' lang='lat' dir='ltr'><strong><em>ita</em></strong></span> <span class='ocrx_word' id='word_1_412' title='bbox 2942 4180 3121 4257; x_wconf 90' lang='lat' dir='ltr'><strong><em>longe</em></strong></span> <span class='ocrx_word' id='word_1_413' title='bbox 3151 4183 3390 4262; x_wconf 88' lang='lat' dir='ltr'><strong><em>lateque</em></strong></span> <span class='ocrx_word' id='word_1_414' title='bbox 3417 4197 3532 4250; x_wconf 87' lang='lat' dir='ltr'><strong><em>tua</em></strong></span> 
     </span>
    </p>
   </div>
   <div class='ocr_carea' id='block_1_33' title="bbox 279 4273 3535 4363">
    <p class='ocr_par' dir='ltr' id='par_1_33' title="bbox 279 4273 3535 4363">
     <span class='ocr_line' id='line_1_34' title="bbox 279 4273 3535 4363; baseline -0.001 -14"><span class='ocrx_word' id='word_1_415' title='bbox 279 4287 542 4349; x_wconf 88' lang='lat' dir='ltr'><strong><em>virtutis</em></strong></span> <span class='ocrx_word' id='word_1_416' title='bbox 579 4286 772 4346; x_wconf 89' lang='lat' dir='ltr'><strong><em>lucem</em></strong></span> <span class='ocrx_word' id='word_1_417' title='bbox 802 4280 1096 4363; x_wconf 75' lang='lat' dir='ltr'><strong><em>ell&#39;andis,</em></strong></span> <span class='ocrx_word' id='word_1_418' title='bbox 1131 4286 1200 4338; x_wconf 91' lang='lat' dir='ltr'><strong><em>ut</em></strong></span> <span class='ocrx_word' id='word_1_419' title='bbox 1235 4277 1506 4339; x_wconf 90' lang='lat' dir='ltr'><strong><em>omnium</em></strong></span> <span class='ocrx_word' id='word_1_420' title='bbox 1550 4276 1788 4334; x_wconf 91' lang='lat' dir='ltr'><strong><em>animos</em></strong></span> <span class='ocrx_word' id='word_1_421' title='bbox 1817 4275 2030 4352; x_wconf 88' lang='lat' dir='ltr'><strong><em>rapias</em></strong></span> <span class='ocrx_word' id='word_1_422' title='bbox 2064 4274 2132 4334; x_wconf 89' lang='lat' dir='ltr'><strong><em>in</em></strong></span> <span class='ocrx_word' id='word_1_423' title='bbox 2175 4273 2650 4335; x_wconf 89' lang='lat' dir='ltr'><strong><em>admirationem</em></strong></span> <span class='ocrx_word' id='word_1_424' title='bbox 2681 4278 2798 4337; x_wconf 88' lang='lat' dir='ltr'><strong><em>tui.</em></strong></span> <span class='ocrx_word' id='word_1_425' title='bbox 2849 4278 2998 4340; x_wconf 87' lang='lat' dir='ltr'><strong><em>Non</em></strong></span> <span class='ocrx_word' id='word_1_426' title='bbox 3031 4281 3189 4340; x_wconf 90' lang='lat' dir='ltr'><strong><em>enim</em></strong></span> <span class='ocrx_word' id='word_1_427' title='bbox 3216 4291 3271 4342; x_wconf 91' lang='lat' dir='ltr'><strong><em>te</em></strong></span> <span class='ocrx_word' id='word_1_428' title='bbox 3305 4303 3343 4344; x_wconf 91' lang='lat' dir='ltr'><strong><em>a</em></strong></span> <span class='ocrx_word' id='word_1_429' title='bbox 3392 4304 3535 4346; x_wconf 88' lang='lat' dir='ltr'><strong><em>sus-</em></strong></span> 
     </span>
    </p>
   </div>
   <div class='ocr_carea' id='block_1_34' title="bbox 277 4373 3532 4466">
    <p class='ocr_par' dir='ltr' id='par_1_34' title="bbox 277 4373 3532 4466">
     <span class='ocr_line' id='line_1_35' title="bbox 277 4373 3532 4466; baseline 0.001 -22"><span class='ocrx_word' id='word_1_430' title='bbox 277 4395 471 4464; x_wconf 85' lang='lat' dir='ltr'><strong><em>cepta</em></strong></span> <span class='ocrx_word' id='word_1_431' title='bbox 497 4386 845 4464; x_wconf 88' lang='lat' dir='ltr'><strong><em>disciplina</em></strong></span> <span class='ocrx_word' id='word_1_432' title='bbox 879 4381 1212 4441; x_wconf 89' lang='lat' dir='ltr'><strong><em>sanctitate</em></strong></span> <span class='ocrx_word' id='word_1_433' title='bbox 1239 4384 1297 4437; x_wconf 91' lang='lat' dir='ltr'><strong><em>et</em></strong></span> <span class='ocrx_word' id='word_1_434' title='bbox 1325 4378 1535 4456; x_wconf 90' lang='lat' dir='ltr'><strong><em>rigore</em></strong></span> <span class='ocrx_word' id='word_1_435' title='bbox 1562 4373 1834 4435; x_wconf 84' lang='lat' dir='ltr'><strong><em>abduxit</em></strong></span> <span class='ocrx_word' id='word_1_436' title='bbox 1869 4391 2068 4434; x_wconf 88' lang='lat' dir='ltr'><strong><em>novus</em></strong></span> <span class='ocrx_word' id='word_1_437' title='bbox 2098 4373 2435 4450; x_wconf 87' lang='lat' dir='ltr'><strong><em>dignitatis</em></strong></span> <span class='ocrx_word' id='word_1_438' title='bbox 2463 4374 2690 4452; x_wconf 84' lang='lat' dir='ltr'><strong><em>honor,</em></strong></span> <span class='ocrx_word' id='word_1_439' title='bbox 2719 4377 2826 4438; x_wconf 91' lang='lat' dir='ltr'><strong><em>sed</em></strong></span> <span class='ocrx_word' id='word_1_440' title='bbox 2850 4383 3169 4458; x_wconf 88' lang='lat' dir='ltr'><strong><em>propositi</em></strong></span> <span class='ocrx_word' id='word_1_441' title='bbox 3195 4390 3385 4445; x_wconf 86' lang='lat' dir='ltr'><strong><em>tenax</em></strong></span> <span class='ocrx_word' id='word_1_442' title='bbox 3413 4405 3532 4466; x_wconf 89' lang='lat' dir='ltr'><strong><em>pro</em></strong></span> 
     </span>
    </p>
   </div>
   <div class='ocr_carea' id='block_1_35' title="bbox 273 4471 3538 4564">
    <p class='ocr_par' dir='ltr' id='par_1_35' title="bbox 273 4471 3538 4564">
     <span class='ocr_line' id='line_1_36' title="bbox 273 4471 3538 4564; baseline 0.005 -34"><span class='ocrx_word' id='word_1_443' title='bbox 273 4488 535 4564; x_wconf 65' lang='lat' dir='ltr'><strong><em>amiquo</em></strong></span> <span class='ocrx_word' id='word_1_444' title='bbox 565 4485 814 4564; x_wconf 62' lang='lat' dir='ltr'><strong><em>(“milia</em></strong></span> <span class='ocrx_word' id='word_1_445' title='bbox 848 4498 1032 4560; x_wconf 86' lang='lat' dir='ltr'><strong><em>quam</em></strong></span> <span class='ocrx_word' id='word_1_446' title='bbox 1057 4480 1374 4556; x_wconf 88' lang='lat' dir='ltr'><strong><em>ingressus</em></strong></span> <span class='ocrx_word' id='word_1_447' title='bbox 1404 4493 1461 4535; x_wconf 94' lang='lat' dir='ltr'><strong><em>es</em></strong></span> <span class='ocrx_word' id='word_1_448' title='bbox 1484 4490 1675 4548; x_wconf 87' lang='lat' dir='ltr'><strong><em>more,</em></strong></span> <span class='ocrx_word' id='word_1_449' title='bbox 1700 4489 1885 4551; x_wconf 89' lang='lat' dir='ltr'><strong><em>parce</em></strong></span> <span class='ocrx_word' id='word_1_450' title='bbox 1921 4492 1991 4535; x_wconf 91' lang='lat' dir='ltr'><strong><em>ac</em></strong></span> <span class='ocrx_word' id='word_1_451' title='bbox 2018 4471 2266 4534; x_wconf 78' lang='lat' dir='ltr'><strong><em>duriter</em></strong></span> <span class='ocrx_word' id='word_1_452' title='bbox 2300 4471 2492 4532; x_wconf 92' lang='lat' dir='ltr'><strong><em>vitam</em></strong></span> <span class='ocrx_word' id='word_1_453' title='bbox 2544 4475 2700 4552; x_wconf 86' lang='lat' dir='ltr'><strong><em>agis.</em></strong></span> <span class='ocrx_word' id='word_1_454' title='bbox 2740 4476 2984 4537; x_wconf 87' lang='lat' dir='ltr'><strong><em>Eorum</em></strong></span> <span class='ocrx_word' id='word_1_455' title='bbox 3029 4488 3233 4541; x_wconf 90' lang='lat' dir='ltr'><strong><em>autem</em></strong></span> <span class='ocrx_word' id='word_1_456' title='bbox 3261 4484 3373 4562; x_wconf 88' lang='lat' dir='ltr'><strong><em>qui</em></strong></span> <span class='ocrx_word' id='word_1_457' title='bbox 3413 4494 3538 4562; x_wconf 66' lang='lat' dir='ltr'><strong><em>tua;</em></strong></span> 
     </span>
    </p>
   </div>
   <div class='ocr_carea' id='block_1_36' title="bbox 272 4573 3535 4665">
    <p class='ocr_par' dir='ltr' id='par_1_36' title="bbox 272 4573 3535 4665">
     <span class='ocr_line' id='line_1_37' title="bbox 272 4573 3535 4665; baseline 0.001 -20"><span class='ocrx_word' id='word_1_458' title='bbox 272 4585 701 4665; x_wconf 83' lang='lat' dir='ltr'><strong><em>subjiciuntur</em></strong></span> <span class='ocrx_word' id='word_1_459' title='bbox 732 4599 916 4653; x_wconf 83' lang='lat' dir='ltr'><strong><em>cura,</em></strong></span> <span class='ocrx_word' id='word_1_460' title='bbox 946 4579 1242 4657; x_wconf 81' lang='lat' dir='ltr'><strong><em>invigilas</em></strong></span> <span class='ocrx_word' id='word_1_461' title='bbox 1271 4575 1543 4637; x_wconf 86' lang='lat' dir='ltr'><strong><em>moribus</em></strong></span> <span class='ocrx_word' id='word_1_462' title='bbox 1567 4594 1641 4636; x_wconf 90' lang='lat' dir='ltr'><strong><em>ac</em></strong></span> <span class='ocrx_word' id='word_1_463' title='bbox 1667 4574 1994 4650; x_wconf 88' lang='lat' dir='ltr'><strong><em>doctrina,</em></strong></span> <span class='ocrx_word' id='word_1_464' title='bbox 2022 4584 2091 4636; x_wconf 91' lang='lat' dir='ltr'><strong><em>ut</em></strong></span> <span class='ocrx_word' id='word_1_465' title='bbox 2123 4573 2299 4637; x_wconf 90' lang='lat' dir='ltr'><strong><em>nulla</em></strong></span> <span class='ocrx_word' id='word_1_466' title='bbox 2321 4576 2619 4636; x_wconf 88' lang='lat' dir='ltr'><strong><em>vitiorum</em></strong></span> <span class='ocrx_word' id='word_1_467' title='bbox 2653 4576 2784 4638; x_wconf 90' lang='lat' dir='ltr'><strong><em>labe</em></strong></span> <span class='ocrx_word' id='word_1_468' title='bbox 2825 4580 3016 4642; x_wconf 88' lang='lat' dir='ltr'><strong><em>nullis</em></strong></span> <span class='ocrx_word' id='word_1_469' title='bbox 3046 4598 3328 4644; x_wconf 90' lang='lat' dir='ltr'><strong><em>errorum</em></strong></span> <span class='ocrx_word' id='word_1_470' title='bbox 3371 4596 3535 4647; x_wconf 89' lang='lat' dir='ltr'><strong><em>tene-</em></strong></span> 
     </span>
    </p>
   </div>
   <div class='ocr_carea' id='block_1_37' title="bbox 272 4675 3533 4763">
    <p class='ocr_par' dir='ltr' id='par_1_37' title="bbox 272 4675 3533 4763">
     <span class='ocr_line' id='line_1_38' title="bbox 272 4675 3533 4763; baseline 0.002 -21"><span class='ocrx_word' id='word_1_471' title='bbox 272 4684 409 4743; x_wconf 85' lang='lat' dir='ltr'><strong><em>bris</em></strong></span> <span class='ocrx_word' id='word_1_472' title='bbox 443 4687 853 4763; x_wconf 77' lang='lat' dir='ltr'><strong><em>inﬁrmentur.</em></strong></span> <span class='ocrx_word' id='word_1_473' title='bbox 900 4682 984 4739; x_wconf 85' lang='lat' dir='ltr'><strong><em>De</em></strong></span> <span class='ocrx_word' id='word_1_474' title='bbox 1020 4680 1251 4756; x_wconf 89' lang='lat' dir='ltr'><strong><em>pietate</em></strong></span> <span class='ocrx_word' id='word_1_475' title='bbox 1288 4685 1487 4738; x_wconf 87' lang='lat' dir='ltr'><strong><em>autem</em></strong></span> <span class='ocrx_word' id='word_1_476' title='bbox 1518 4685 1628 4736; x_wconf 89' lang='lat' dir='ltr'><strong><em>tua</em></strong></span> <span class='ocrx_word' id='word_1_477' title='bbox 1659 4682 1712 4734; x_wconf 92' lang='lat' dir='ltr'><strong><em>et</em></strong></span> <span class='ocrx_word' id='word_1_478' title='bbox 1745 4675 2031 4748; x_wconf 88' lang='lat' dir='ltr'><strong><em>caritate,</em></strong></span> <span class='ocrx_word' id='word_1_479' title='bbox 2062 4693 2185 4754; x_wconf 90' lang='lat' dir='ltr'><strong><em>qua</em></strong></span> <span class='ocrx_word' id='word_1_480' title='bbox 2218 4692 2546 4752; x_wconf 88' lang='lat' dir='ltr'><strong><em>egenorum</em></strong></span> <span class='ocrx_word' id='word_1_481' title='bbox 2587 4679 3051 4740; x_wconf 89' lang='lat' dir='ltr'><strong><em>necessitatibus</em></strong></span> <span class='ocrx_word' id='word_1_482' title='bbox 3074 4687 3533 4761; x_wconf 76' lang='lat' dir='ltr'><strong><em>promptissime</em></strong></span> 
     </span>
    </p>
   </div>
   <div class='ocr_carea' id='block_1_38' title="bbox 270 4774 3533 4860">
    <p class='ocr_par' dir='ltr' id='par_1_38' title="bbox 270 4774 3533 4860">
     <span class='ocr_line' id='line_1_39' title="bbox 270 4774 3533 4860; baseline 0.002 -16"><span class='ocrx_word' id='word_1_483' title='bbox 270 4785 661 4854; x_wconf 81' lang='lat' dir='ltr'><strong><em>subveniens,</em></strong></span> <span class='ocrx_word' id='word_1_484' title='bbox 721 4782 956 4860; x_wconf 89' lang='lat' dir='ltr'><strong><em>egregie</em></strong></span> <span class='ocrx_word' id='word_1_485' title='bbox 983 4786 1266 4839; x_wconf 87' lang='lat' dir='ltr'><strong><em>sanctum</em></strong></span> <span class='ocrx_word' id='word_1_486' title='bbox 1295 4776 1634 4837; x_wconf 88' lang='lat' dir='ltr'><strong><em>Paulinum</em></strong></span> <span class='ocrx_word' id='word_1_487' title='bbox 1660 4774 1995 4846; x_wconf 85' lang='lat' dir='ltr'><strong><em>amularis,</em></strong></span> <span class='ocrx_word' id='word_1_488' title='bbox 2046 4774 2200 4853; x_wconf 91' lang='lat' dir='ltr'><strong><em>quid</em></strong></span> <span class='ocrx_word' id='word_1_489' title='bbox 2226 4774 2420 4849; x_wconf 81' lang='lat' dir='ltr'><strong><em>multa</em></strong></span> <span class='ocrx_word' id='word_1_490' title='bbox 2447 4775 2669 4850; x_wconf 90' lang='lat' dir='ltr'><strong><em>dicam,</em></strong></span> <span class='ocrx_word' id='word_1_491' title='bbox 2718 4797 2851 4838; x_wconf 92' lang='lat' dir='ltr'><strong><em>cum</em></strong></span> <span class='ocrx_word' id='word_1_492' title='bbox 2880 4780 3088 4858; x_wconf 89' lang='lat' dir='ltr'><strong><em>palam</em></strong></span> <span class='ocrx_word' id='word_1_493' title='bbox 3130 4785 3211 4844; x_wconf 85' lang='lat' dir='ltr'><strong><em>sit</em></strong></span> <span class='ocrx_word' id='word_1_494' title='bbox 3250 4788 3533 4850; x_wconf 88' lang='lat' dir='ltr'><strong><em>omnibus</em></strong></span> 
     </span>
    </p>
   </div>
   <div class='ocr_carea' id='block_1_39' title="bbox 267 4873 3530 4962">
    <p class='ocr_par' dir='ltr' id='par_1_39' title="bbox 267 4873 3530 4962">
     <span class='ocr_line' id='line_1_40' title="bbox 267 4873 3530 4962; baseline 0.004 -22"><span class='ocrx_word' id='word_1_495' title='bbox 267 4890 574 4962; x_wconf 88' lang='lat' dir='ltr'><strong><em>quantum</em></strong></span> <span class='ocrx_word' id='word_1_496' title='bbox 603 4883 670 4944; x_wconf 84' lang='lat' dir='ltr'><strong><em>in</em></strong></span> <span class='ocrx_word' id='word_1_497' title='bbox 705 4882 800 4940; x_wconf 89' lang='lat' dir='ltr'><strong><em>his</em></strong></span> <span class='ocrx_word' id='word_1_498' title='bbox 823 4878 1085 4940; x_wconf 73' lang='lat' dir='ltr'><strong><em>excellas</em></strong></span> <span class='ocrx_word' id='word_1_499' title='bbox 1120 4885 1176 4936; x_wconf 85' lang='lat' dir='ltr'><strong><em>et</em></strong></span> <span class='ocrx_word' id='word_1_500' title='bbox 1207 4877 1418 4936; x_wconf 90' lang='lat' dir='ltr'><strong><em>emices</em></strong></span> <span class='ocrx_word' id='word_1_501' title='bbox 1441 4877 1471 4934; x_wconf 79' lang='lat'><em>?</em></span> <span class='ocrx_word' id='word_1_502' title='bbox 1513 4879 1736 4936; x_wconf 68' lang='lat' dir='ltr'><strong><em>Verum</em></strong></span> <span class='ocrx_word' id='word_1_503' title='bbox 1764 4873 1830 4936; x_wconf 91' lang='lat' dir='ltr'><strong><em>id</em></strong></span> <span class='ocrx_word' id='word_1_504' title='bbox 1854 4892 1980 4934; x_wconf 89' lang='lat' dir='ltr'><strong><em>non</em></strong></span> <span class='ocrx_word' id='word_1_505' title='bbox 2001 4892 2116 4952; x_wconf 90' lang='lat' dir='ltr'><strong><em>ago</em></strong></span> <span class='ocrx_word' id='word_1_506' title='bbox 2145 4883 2220 4934; x_wconf 88' lang='lat' dir='ltr'><strong><em>ut</em></strong></span> <span class='ocrx_word' id='word_1_507' title='bbox 2249 4875 2312 4936; x_wconf 91' lang='lat' dir='ltr'><strong><em>in</em></strong></span> <span class='ocrx_word' id='word_1_508' title='bbox 2342 4883 2396 4936; x_wconf 91' lang='lat' dir='ltr'><strong><em>te</em></strong></span> <span class='ocrx_word' id='word_1_509' title='bbox 2424 4877 2733 4956; x_wconf 86' lang='lat' dir='ltr'><strong><em>con/eram</em></strong></span> <span class='ocrx_word' id='word_1_510' title='bbox 2758 4879 3004 4950; x_wconf 87' lang='lat' dir='ltr'><strong><em>laudes;</em></strong></span> <span class='ocrx_word' id='word_1_511' title='bbox 3040 4895 3170 4943; x_wconf 87' lang='lat' dir='ltr'><strong><em>non</em></strong></span> <span class='ocrx_word' id='word_1_512' title='bbox 3201 4888 3357 4948; x_wconf 90' lang='lat' dir='ltr'><strong><em>enim</em></strong></span> <span class='ocrx_word' id='word_1_513' title='bbox 3380 4901 3530 4952; x_wconf 87' lang='lat' dir='ltr'><strong><em>esset</em></strong></span> 
     </span>
    </p>
   </div>
   <div class='ocr_carea' id='block_1_40' title="bbox 268 4972 3520 5062">
    <p class='ocr_par' dir='ltr' id='par_1_40' title="bbox 268 4972 3520 5062">
     <span class='ocr_line' id='line_1_41' title="bbox 268 4972 3520 5062; baseline -0.002 -22"><span class='ocrx_word' id='word_1_514' title='bbox 268 4981 493 5058; x_wconf 88' lang='lat' dir='ltr'><strong><em>exigui</em></strong></span> <span class='ocrx_word' id='word_1_515' title='bbox 529 4981 752 5058; x_wconf 89' lang='lat' dir='ltr'><strong><em>operis.</em></strong></span> <span class='ocrx_word' id='word_1_516' title='bbox 781 4978 902 5040; x_wconf 86' lang='lat' dir='ltr'><strong><em>Sed</em></strong></span> <span class='ocrx_word' id='word_1_517' title='bbox 924 4994 1131 5054; x_wconf 88' lang='lat' dir='ltr'><strong><em>pauca</em></strong></span> <span class='ocrx_word' id='word_1_518' title='bbox 1152 4974 1222 5034; x_wconf 90' lang='lat' dir='ltr'><strong><em>de</em></strong></span> <span class='ocrx_word' id='word_1_519' title='bbox 1237 4973 1489 5053; x_wconf 86' lang='lat' dir='ltr'><strong><em>judicio</em></strong></span> <span class='ocrx_word' id='word_1_520' title='bbox 1518 4991 1644 5032; x_wconf 89' lang='lat' dir='ltr'><strong><em>meo</em></strong></span> <span class='ocrx_word' id='word_1_521' title='bbox 1687 4979 1871 5051; x_wconf 89' lang='lat' dir='ltr'><strong><em>atque</em></strong></span> <span class='ocrx_word' id='word_1_522' title='bbox 1898 4973 2106 5052; x_wconf 75' lang='lat' dir='ltr'><strong><em>ofﬁcio</em></strong></span> <span class='ocrx_word' id='word_1_523' title='bbox 2137 4972 2413 5032; x_wconf 90' lang='lat' dir='ltr'><strong><em>dicebam</em></strong></span> <span class='ocrx_word' id='word_1_524' title='bbox 2445 4975 2555 5052; x_wconf 88' lang='lat' dir='ltr'><strong><em>qui</em></strong></span> <span class='ocrx_word' id='word_1_525' title='bbox 2583 4974 2812 5037; x_wconf 89' lang='lat' dir='ltr'><strong><em>librum</em></strong></span> <span class='ocrx_word' id='word_1_526' title='bbox 2837 4977 3002 5040; x_wconf 87' lang='lat' dir='ltr'><strong><em>hunc</em></strong></span> <span class='ocrx_word' id='word_1_527' title='bbox 3031 4989 3136 5042; x_wconf 89' lang='lat' dir='ltr'><strong><em>tuo</em></strong></span> <span class='ocrx_word' id='word_1_528' title='bbox 3159 4986 3520 5062; x_wconf 66' lang='lat' dir='ltr'><strong><em>praetoris-</em></strong></span> 
     </span>
    </p>
   </div>
   <div class='ocr_carea' id='block_1_41' title="bbox 267 5059 3529 5162">
    <p class='ocr_par' dir='ltr' id='par_1_41' title="bbox 267 5059 3529 5162">
     <span class='ocr_line' id='line_1_42' title="bbox 267 5059 3529 5162; baseline 0.003 -22"><span class='ocrx_word' id='word_1_529' title='bbox 267 5081 429 5142; x_wconf 85' lang='lat' dir='ltr'><strong><em>simo</em></strong></span> <span class='ocrx_word' id='word_1_530' title='bbox 455 5081 700 5142; x_wconf 90' lang='lat' dir='ltr'><strong><em>nomine</em></strong></span> <span class='ocrx_word' id='word_1_531' title='bbox 728 5088 1016 5140; x_wconf 88' lang='lat' dir='ltr'><strong><em>ornatum</em></strong></span> <span class='ocrx_word' id='word_1_532' title='bbox 1040 5077 1360 5144; x_wconf 85' lang='lat' dir='ltr'><strong><em>voluerim,</em></strong></span> <span class='ocrx_word' id='word_1_533' title='bbox 1388 5073 1616 5153; x_wconf 87' lang='lat' dir='ltr'><strong><em>tibique</em></strong></span> <span class='ocrx_word' id='word_1_534' title='bbox 1637 5072 1991 5142; x_wconf 90' lang='lat' dir='ltr'><strong><em>dicaverim,</em></strong></span> <span class='ocrx_word' id='word_1_535' title='bbox 2040 5073 2276 5152; x_wconf 90' lang='lat' dir='ltr'><strong><em>ingenii</em></strong></span> <span class='ocrx_word' id='word_1_536' title='bbox 2298 5075 2392 5136; x_wconf 90' lang='lat' dir='ltr'><strong><em>tui</em></strong></span> <span class='ocrx_word' id='word_1_537' title='bbox 2436 5075 2877 5140; x_wconf 83' lang='lat' dir='ltr'><strong><em>humanitatem</em></strong></span> <span class='ocrx_word' id='word_1_538' title='bbox 2902 5089 3084 5160; x_wconf 90' lang='lat' dir='ltr'><strong><em>atque</em></strong></span> <span class='ocrx_word' id='word_1_539' title='bbox 3103 5059 3529 5162; x_wconf 49' lang='lat' dir='ltr'><strong><em>pietatem.co-</em></strong></span> 
     </span>
    </p>
   </div>
   <div class='ocr_carea' id='block_1_42' title="bbox 266 5174 3528 5266">
    <p class='ocr_par' dir='ltr' id='par_1_42' title="bbox 266 5174 3528 5266">
     <span class='ocr_line' id='line_1_43' title="bbox 266 5174 3528 5266; baseline 0.003 -27"><span class='ocrx_word' id='word_1_540' title='bbox 266 5184 508 5262; x_wconf 86' lang='lat' dir='ltr'><strong><em>gnitam</em></strong></span> <span class='ocrx_word' id='word_1_541' title='bbox 536 5181 782 5242; x_wconf 84' lang='lat' dir='ltr'><strong><em>habens.</em></strong></span> <span class='ocrx_word' id='word_1_542' title='bbox 819 5179 1035 5258; x_wconf 80' lang='lat' dir='ltr'><strong><em>Accipe</em></strong></span> <span class='ocrx_word' id='word_1_543' title='bbox 1064 5176 1262 5256; x_wconf 89' lang='lat' dir='ltr'><strong><em>igitur</em></strong></span> <span class='ocrx_word' id='word_1_544' title='bbox 1289 5175 1479 5237; x_wconf 89' lang='lat' dir='ltr'><strong><em>hilari</em></strong></span> <span class='ocrx_word' id='word_1_545' title='bbox 1506 5174 1685 5235; x_wconf 87' lang='lat' dir='ltr'><strong><em>vultu</em></strong></span> <span class='ocrx_word' id='word_1_546' title='bbox 1708 5175 2136 5236; x_wconf 87' lang='lat' dir='ltr'><strong><em>munusculum</em></strong></span> <span class='ocrx_word' id='word_1_547' title='bbox 2160 5174 2273 5235; x_wconf 91' lang='lat' dir='ltr'><strong><em>hoc</em></strong></span> <span class='ocrx_word' id='word_1_548' title='bbox 2308 5182 2618 5255; x_wconf 89' lang='lat' dir='ltr'><strong><em>nostrum,</em></strong></span> <span class='ocrx_word' id='word_1_549' title='bbox 2636 5178 3121 5262; x_wconf 88' lang='lat' dir='ltr'><strong><em>scriptoremque</em></strong></span> <span class='ocrx_word' id='word_1_550' title='bbox 3143 5185 3528 5266; x_wconf 81' lang='lat' dir='ltr'><strong><em>elegantissi-</em></strong></span> 
     </span>
    </p>
   </div>
   <div class='ocr_carea' id='block_1_43' title="bbox 264 5273 3112 5363">
    <p class='ocr_par' dir='ltr' id='par_1_43' title="bbox 264 5273 3112 5363">
     <span class='ocr_line' id='line_1_44' title="bbox 264 5273 3112 5363; baseline -0.001 -17"><span class='ocrx_word' id='word_1_551' title='bbox 264 5303 435 5346; x_wconf 86' lang='lat' dir='ltr'><strong><em>mum</em></strong></span> <span class='ocrx_word' id='word_1_552' title='bbox 463 5290 647 5363; x_wconf 88' lang='lat' dir='ltr'><strong><em>atque</em></strong></span> <span class='ocrx_word' id='word_1_553' title='bbox 675 5280 1124 5342; x_wconf 88' lang='lat' dir='ltr'><strong><em>sanctissimum</em></strong></span> <span class='ocrx_word' id='word_1_554' title='bbox 1153 5285 1204 5337; x_wconf 87' lang='lat' dir='ltr'><strong><em>et</em></strong></span> <span class='ocrx_word' id='word_1_555' title='bbox 1240 5277 1366 5355; x_wconf 88' lang='lat' dir='ltr'><strong><em>ipse</em></strong></span> <span class='ocrx_word' id='word_1_556' title='bbox 1387 5292 1592 5335; x_wconf 84' lang='lat' dir='ltr'><strong><em>amare</em></strong></span> <span class='ocrx_word' id='word_1_557' title='bbox 1619 5281 1677 5334; x_wconf 89' lang='lat' dir='ltr'><strong><em>et</em></strong></span> <span class='ocrx_word' id='word_1_558' title='bbox 1705 5273 1850 5335; x_wconf 87' lang='lat' dir='ltr'><strong><em>aliis</em></strong></span> <span class='ocrx_word' id='word_1_559' title='bbox 1881 5274 2299 5336; x_wconf 89' lang='lat' dir='ltr'><strong><em>commendare</em></strong></span> <span class='ocrx_word' id='word_1_560' title='bbox 2333 5274 2506 5338; x_wconf 86' lang='lat' dir='ltr'><strong><em>velis.</em></strong></span> <span class='ocrx_word' id='word_1_561' title='bbox 2552 5277 2701 5339; x_wconf 82' lang='lat' dir='ltr'><strong><em>Vale</em></strong></span> <span class='ocrx_word' id='word_1_562' title='bbox 2725 5279 3112 5358; x_wconf 75' lang='lat' dir='ltr'><strong><em>felicitatem.</em></strong></span> 
     </span>
    </p>
   </div>
   <div class='ocr_carea' id='block_1_44' title="bbox 1235 5503 2551 5582">
    <p class='ocr_par' dir='ltr' id='par_1_44' title="bbox 1235 5503 2551 5582">
     <span class='ocr_line' id='line_1_45' title="bbox 1235 5503 2551 5582; baseline -0.002 -14"><span class='ocrx_word' id='word_1_563' title='bbox 1235 5509 1294 5568; x_wconf 85' lang='grc' dir='ltr'><em>Χ</em></span> <span class='ocrx_word' id='word_1_564' title='bbox 1325 5507 1441 5570; x_wconf 89' lang='lat' dir='ltr'><strong><em>cal.</em></strong></span> <span class='ocrx_word' id='word_1_565' title='bbox 1477 5506 1611 5568; x_wconf 86' lang='lat' dir='ltr'><strong><em>Jul.</em></strong></span> <span class='ocrx_word' id='word_1_566' title='bbox 1648 5505 1820 5574; x_wconf 76' lang='lat'><strong><em>1736,</em></strong></span> <span class='ocrx_word' id='word_1_567' title='bbox 1852 5503 1950 5567; x_wconf 91' lang='lat' dir='ltr'><strong><em>die</em></strong></span> <span class='ocrx_word' id='word_1_568' title='bbox 1982 5505 2136 5582; x_wconf 80' lang='lat' dir='ltr'><strong><em>festo</em></strong></span> <span class='ocrx_word' id='word_1_569' title='bbox 2167 5503 2236 5566; x_wconf 87' lang='lat' dir='ltr'><strong><em>S.</em></strong></span> <span class='ocrx_word' id='word_1_570' title='bbox 2270 5506 2551 5568; x_wconf 76' lang='lat' dir='ltr'><strong><em>Paulini.</em></strong></span> 
     </span>
    </p>
   </div>
   <div class='ocr_carea' id='block_1_45' title="bbox 502 5685 2104 5787">
    <p class='ocr_par' dir='ltr' id='par_1_45' title="bbox 502 5685 1039 5784">
     <span class='ocr_line' id='line_1_46' title="bbox 502 5685 1039 5784; baseline -0.009 -1"><span class='ocrx_word' id='word_1_571' title='bbox 502 5685 514 5696; x_wconf 37' lang='grc'><strong>⁸</strong></span> <span class='ocrx_word' id='word_1_572' title='bbox 560 5725 823 5784; x_wconf 52' lang='lat' dir='ltr'><strong><em>Parnm“</em></strong></span> <span class='ocrx_word' id='word_1_573' title='bbox 874 5718 1039 5780; x_wconf 80' lang='lat' dir='ltr'><strong><em>LXI.</em></strong></span> 
     </span>
    </p>
   </div>
   <div class='ocr_carea' id='block_1_46' title="bbox 1641 5685 3243 5787">
    <p class='ocr_par' dir='ltr' id='par_1_46' title="bbox 2451 5702 3243 5787">
     <span class='ocr_line' id='line_1_47' title="bbox 2451 5702 3243 5787; baseline 0.013 -10"><span class='ocrx_word' id='word_1_574' title='bbox 2451 5702 2468 5712; x_wconf 17' lang='grc' dir='ltr'><strong><em>’κ</em></strong></span> <span class='ocrx_word' id='word_1_575' title='bbox 3213 5725 3243 5787; x_wconf 86' lang='grc'><em>1</em></span> 
     </span>
    </p>
   </div>
  </div>
