4056 6358
510 327 575 386 li
689 390 702 401 _
918 266 921 267 ν
1527 315 1582 370 S.
1627 308 1965 367 PAULINUS
2001 304 2316 361 NOLANUS
2350 299 2743 357 EPISCOPUS.

3690 303 3766 358 12

515 415 3728 463 M

1340 494 2924 783 PROLEGOMENA.

1678 810 2605 841 ——-*——

1816 956 2451 1050 PREFATIO.

578 1179 762 1237 Sana;
793 1175 968 1233 Ροηιίί
998 1170 1221 1242 Μετορῆ
1245 1165 1452 1222 Paulini
1479 1180 1640 1235 opera
1667 1179 1697 1217 a
1724 1163 1937 1218 nemine
1962 1162 2095 1218 satis
2121 1167 2168 1224 Α
2197 1171 2345 1220 erat:
2377 1175 2563 1215 verum
2625 1159 2769 1230 quod
2793 1161 2909 1215 inec
2945 1160 3111 1215 veluti
3147 1160 3370 1231 disiecta
3415 1164 3655 1218 membra
3707 1165 3777 1217 ab

512 1289 610 1344 pro
638 1271 894 1340 dignitate
920 1267 1204 1332 laudanda,
1226 1265 1318 1334 qui
1347 1264 1399 1317 in
1427 1262 1519 1316 illo
1553 1267 1643 1314 aut
1671 1257 2093 1327 eloquentissimi

512 1361 788 1434 scriptoris
808 1358 1162 1415 eruditionem
1188 1363 1243 1411 et
1271 1354 1448 1418 fidem,
1477 1357 1570 1405 aut
1596 1349 1779 1404 eximii
1803 1348 1939 1402 vatis
1964 1346 2094 1401 divi-

514 1464 639 1508 nam
667 1459 900 1507 mentem
937 1456 992 1503 et
1037 1446 1441 1517 intelligentiam
1470 1441 1748 1533 suspiciat;
1774 1438 2094 1533 ut-lectori:

514 1545 609 1598 bus
637 1556 736 1611 ego
765 1553 1089 1612 magnopere
1118 1535 1513 1602 commendem,
1544 1528 1972 1600 neque‘instituti
1990 1528 2099 1583 mei

513 1632 650 1687 ratio
674 1646 849 1700 neque
877 1630 990 1701 ipsa
1019 1629 1215 1699 patitur
1229 1624 1551 1681 sanctissimi
1578 1619 1810 1676 auctoris
1837 1626 2096 1689 praestan-

514 1725 588 1778 tia
618 1741 631 1777 :
681 1723 735 1778 in
763 1737 924 1791 quem
965 1720 1279 1790 pneclarum
1310 1717 1439 1772 illud
1469 1714 1699 1782 elogium
1739 1711 1968 1781 plurima
1987 1708 2100 1778 jam

515 1814 606 1868 diu
641 1812 867 1881 saecula,
902 1818 1086 1878 totque
1135 1808 1362 1862 aliorum
1406 1803 1651 1867 Patrum,
1693 1808 1749 1855 et
1792 1797 2119 1870 cumprimis

518 1894 807 1970 Ambrosii,
856 1901 1197 1973 Hieronymi,
1223 1897 1503 1969 Augustini
1533 1893 1837 1950 testimonia
1882 1905 2104 1947 consen-

516 2003 723 2062 serunt,
754 2009 1019 2050 summum
1066 1994 1117 2047 ia
1148 1991 1386 2047 Ecclesia
1416 1988 1578 2044 fuisse
1616 1986 1809 2042 virum.
1841 1984 1911 2039 At
1958 1983 2102 2039 enim

518 2088 664 2159 quod
687 2088 774 2141 illa
806 2086 1052 2141 universa
1081 2098 1222 2139 nunc
1251 2085 1479 2152 primum
1502 2079 1730 2135 collecta
1757 2078 1810 2131 in
1831 2076 2102 2147 publicum

521 2178 765 2248 profero,
796 2178 841 2232 si
868 2176 1001 2233 nihil
1040 2174 1212 2240 aliud,
1238 2174 1346 2229 hoc
1374 2180 1521 2228 certe
1548 2184 1707 2240 spero
1735 2175 2102 2223 assecuturum

521 2286 609 2326 me
638 2269 827 2336 laudis,
866 2267 1011 2340 quod
1036 2282 1222 2323 eorum
1276 2265 1580 2329 hominum,
1612 2277 1748 2331 quos
1795 2267 2105 2315 sanctorum

524 2360 683 2416 lectio
707 2360 931 2413 Patrum
951 2357 1185 2413 delectat
1207 2355 1420 2428 (quibus
1445 2352 1687 2423 profecto
1706 2351 1881 2406 omnis
1900 2348 2106 2405 doctri-

524 2468 593 2515 na
628 2451 876 2520 elegans,
907 2449 1081 2504 omnis
1123 2445 1457 2516 antiquitatis
1500 2442 1758 2498 memoria
1781 2437 2106 2507 continetur)

2191 1254 2400 1322 reliquo
2438 1268 2666 1323 corpore
2699 1261 3099 1323 separarentur,
3126 1254 3178 1308 in
3206 1255 3442 1310 omnium
3469 1257 3612 1311 votis
3637 1265 3775 1318 erat,

2193 1355 2253 1401 ut
2290 1347 2343 1401 in
2372 1361 2537 1401 unum
2562 1344 2947 1410 coalescerent,
2976 1356 3226 1414 essetque
3268 1344 3405 1400 adeo
3450 1354 3511 1400 ut
3547 1346 3775 1400 aliorum

2194 1434 2433 1502 Patrum,
2475 1435 2546 1488 ita
2576 1442 2631 1488 et
2668 1432 2875 1488 Paulini
2918 1448 3144 1504 operum
3194 1434 3440 1489 absoluta
3492 1434 3678 1490 editio.
3711 1434 3781 1488 Et

2195 1541 2325 1580 vero
2353 1526 2465 1580 haec
2494 1533 2607 1591 est,
2637 1524 2704 1595 ad
2732 1539 2893 1593 quam
2930 1524 3303 1580 contendimus
3338 1524 3646 1591 utilitatem,
3675 1524 3782 1578 hoc

2198 1616 2398 1672 laboris
2426 1617 2595 1670 nostri
2623 1615 2959 1685 palmarium,
2992 1613 3257 1670 studuisse
3289 1624 3349 1669 ut
3376 1622 3430 1670 et
3453 1629 3593 1669 nova
3624 1628 3787 1685 acce-I

2198 1705 2388 1761 derent
2410 1714 2559 1762 recto
2581 1721 2807 1775 quicque
2834 1706 3040 1773 ordine,
3070 1720 3363 1775 eorumque
3394 1705 3506 1775 ipsa
3541 1704 3783 1760 accessio

2198 1796 2368 1851 altera
2394 1786 2684 1850 donaretur
2713 1795 3091 1866 praerogativa,
3124 1802 3181 1848 ut
3219 1795 3369 1849 novis
3399 1794 3541 1849 curis
3568 1795 3635 1848 ab
3665 1794 3782 1863 ipso

2198 1889 2409 1944 editore
2434 1893 2968 1954 recognoscerentur.
3002 1884 3178 1951 Quare
3202 1886 3561 1940 convertimus
3588 1900 3687 1939 nos
3714 1883 3783 1939 ad

2201 1980 2270 2035 cl.
2318 1976 2703 2044 Muratorium,
2743 1976 3023 2047 ipsumque
3051 1976 3208 2030 enixe
3245 1973 3680 2043 efllagitavimus,
3723 1982 3784 2029 ut

2204 2083 2338 2138 quas
2358 2067 2540 2122 multis
2557 2065 2680 2135 jam.
2698 2066 2895 2121 abhinc
2923 2066 3077 2120 annis
3106 2066 3156 2119 in
3185 2080 3249 2120 ea
3278 2074 3526 2135 poemata
3552 2065 3784 2120 excude-

2202 2168 2310 2224 rat,
2340 2157 2747 2213 dissertationes
2779 2165 2835 2211 et
2862 2164 3020 2211 notas
3040 2157 3339 2225 recoleret,
3369 2165 3425 2212 et
3460 2158 3503 2211 si
3544 2172 3647 2227 qua
3682 2157 3785 2212 sibi

2209 2251 2293 2306 vel
2320 2250 2536 2305 uberius
2583 2247 2957 2315 edisserenda,
2983 2249 3070 2304 vel
3106 2263 3323 2317 quoquo
3350 2248 3512 2304 modo
3553 2248 3785 2302 videreu-

2210 2349 2295 2394 tur
2323 2339 2668 2404 immutanda,
2699 2339 3038 2404 edissereret,
3070 2337 3428 2409 mutaretque,
3455 2345 3510 2394 et
3536 2338 3589 2392 in
3612 2338 3787 2408 publi-

2210 2448 2352 2515 cum,
2384 2433 2537 2500 cujus
2565 2431 2800 2485 maiime
2832 2431 3105 2486 studiosus
3132 2439 3233 2497 est,
3262 2430 3462 2485 bonum
3500 2428 3786 2486 conferret.

523 2542 714 2599 studiis
740 2540 1121 2597 consuluerim.
1154 2537 1284 2592 Nam
1312 2538 1413 2593 etsi
1441 2533 1581 2590 haud
1630 2532 1782 2588 multi
1813 2529 2106 2587 faciendam
2141 2527 2182 2587 Β
2213 2523 2313 2592 Qui
2335 2533 2391 2579 ct
2434 2525 2661 2595 benigne
2691 2524 2878 2579 annuit
2908 2532 2965 2579 ut
2995 2531 3074 2580 est
3105 2523 3169 2579 ad
3209 2532 3357 2579 recta
3386 2523 3565 2578 omnia
3592 2529 3649 2577 et
3692 2522 3788 2576 ho-

524 2634 721 2703 sentio,
750 2649 911 2704 quam
939 2632 992 2687 in
1023 2633 1086 2686 iis
1115 2629 1424 2699 colligendis
1452 2627 1686 2697 impendi
1721 2639 1972 2694 operam,
2012 2637 2113 2676 nec

430 2766 447 2775 ο
527 2726 672 2797 quod
700 2724 942 2781 nonnulli
971 2738 1111 2777 nunc
1152 2721 1370 2787 faciunt,
1396 2734 1462 2777 ex
1491 2732 1625 2788 pura
1649 2723 1883 2786 putaque
1910 2714 2113 2767 alieno-

528 2831 646 2871 rum
698 2813 1053 2883 descriptione
1106 2811 1473 2884 συνταγμάτων
1517 2806 1712 2860 famam
1753 2804 1891 2857 inter
1931 2801 2112 2856 erudi-

530 2916 617 2962 tos
643 2919 908 2974 aucupor:
940 2901 1097 2957 video
1126 2909 1306 2954 tamen
1333 2904 1592 2968 quantum
1621 2909 1689 2950 ex
1716 2894 1818 2947 hac
1844 2891 1958 2962 ipsa
1987 2905 2115 2945 cura

530 2998 776 3054 utilitatis
826 3002 882 3050 et
932 2991 1205 3049 commodi
1252 2990 1319 3045 ad
1358 3004 1473 3044 rem
1506 2986 1864 3042 Christianam
1904 2997 2117 3039 sacras-

532 3104 638 3161 que
680 3088 912 3143 Litteras
957 3084 1187 3149 eveniat,
1220 3080 1433 3151 quando
1462 3092 1648 3133 eorum
1689 3090 1913 3147 operum
1959 3073 2118 3128 ador-

536 3186 703 3234 natur
719 3176 905 3242 editio,
934 3189 1054 3244 quae
1081 3188 1200 3228 cum
1222 3170 1305 3226 sui
1334 3169 1527 3225 merito
1554 3166 1713 3222 nullis
1739 3165 1906 3221 ferme
1930 3179 2118 3220 secun-

534 3268 603 3323 da
649 3268 785 3332 sint,
834 3264 1070 3320 nondum
1111 3272 1295 3317 tamen
1342 3261 1546 3328 integra
1575 3258 1839 3327 simulque
1883 3255 2119 3310 numeris

535 3358 785 3413 omnibus
808 3355 1051 3413 absoluta
1091 3355 1144 3409 in
1170 3352 1359 3421 vulgus
1398 3351 1834 3421 prodierant,‘ut
1859 3346 2133 3402 vetustio-‘

535 3465 623 3505 res
651 3448 912 3513 omittam,
936 3445 1110 3514 deque
1138 3458 1261 3508 una,
1292 3456 1410 3511 qua:
1438 3441 1674 3497 omnium
1717 3445 1987 3515 postrema
2014 3432 2118 3503 esi,

537 3536 823 3593 Parisiensi
845 3534 1037 3600 dicam,
1061 3540 1178 3588 erat
1201 3532 1289 3586 illa
1310 3531 1524 3601 quidem
1546 3529 1879 3586 celeberrimi
1900 3528 2120 3598 presby-

537 3628 638 3684 teri
662 3626 884 3682 Joannis
918 3624 1170 3694 Baptista:
1208 3622 1283 3676 Le
1324 3621 1467 3675 Brun
1496 3619 1673 3676 studio
1702 3634 1829 3674 sane
1858 3633 2120 3689 perquam

536 3717 746 3775 erudite
774 3732 840 3772 ac
885 3715 1168 3783 diligenter
1198 3712 1543 3775 concinnata,
1581 3710 1647 3765 ad
1673 3710 1903 3780 plurium
1929 3723 2118 3761 manu-

537 3808 858 3877 scriptorum
886 3803 1128 3858 codicum
1160 3809 1351 3857 exacta
1390 3798 1578 3866 ﬁdem,
1602 3799 1745 3854 notis
1780 3813 1843 3853 ac
1869 3796 2121 3852 disserta-

2216 2625 2366 2672 nesta
2410 2616 2588 2670 studia
2614 2614 3063 2686 promptissimus,
3096 2608 3306 2684 suodue
3335 2614 3671 2685 potisSimum
3714 2610 3791 2666 fa~

2214 2723 2345 2763 vore
2376 2707 2572 2763 factum
2601 2715 2702 2772 est,
2736 2715 2793 2761 ut
2820 2707 3089 2775 egregium
3121 2708 3286 2761 hocce
3318 2720 3453 2777 Opus
3489 2712 3687 2774 quanta
3731 2703 3797 2757 lis

2222 2801 2335 2855 cuit
2358 2815 2486 2854 cura
2515 2799 2809 2869 expolitum
2836 2798 3074 2869 prodiret
3095 2799 3146 2852 in
3164 2792 3456 2867 ‘publicum.

2287 2891 2404 2946 1am
2430 2907 2535 2961 qua
2562 2891 2612 2945 id
2646 2892 2853 2946 ratione
2881 2891 2950 2945 sit
2987 2891 3311 2960 praestitum,
3339 2888 3524 2960 paucis
3563 2902 3793 2942 comme«

2218 2983 2462 3038 morabo.
2492 2982 2622 3049 Qua:
2649 2983 2819 3037 tribus
2845 2982 2896 3036 in
2939 2991 3151 3052 quarto,
3183 2990 3241 3036 ut
3272 2987 3483 3044 vocant,
3516 2978 3674 3033 tomis
3701 2993 3795 3031 an-

2216 3082 2304 3128 tea
2353 3074 2785 3139 continebantur,
2839 3073 2947 3128 hoc
2988 3088 3089 3127 nos
3140 3087 3247 3125 uno
3298 3070 3796 3141 comprehendimus

2218 3167 2521 3231 volumine;
2552 3165 2836 3219 tribuimus
2862 3171 3042 3220 autem
3072 3164 3125 3217 in
3165 3165 3297 3219 duas
3334 3171 3513 3234 partes
3552 3165 3797 3222 universa

2218 3264 2573 3329 syntagmata,
2601 3270 2829 3324 quarum
2859 3255 3027 3309 altera
3055 3269 3172 3325 qua:
3199 3255 3374 3309 soluta
3395 3255 3640 3309 oratione
3666 3269 3799 3309 con-

2219 3356 2383 3413 stant,
2409 3347 2578 3402 altera
2607 3362 2726 3418 qua:
2753 3345 2981 3416 poeticis
3014 3344 3270 3409 numeris,
3296 3345 3563 3415 complexi
3591 3360 3799 3400 sumus.

2223 3436 2316 3493 His
2353 3437 2643 3492 succedere
2675 3436 2933 3505 iussimus
2970 3435 3281 3504 appendicis
3319 3435 3438 3490 loco
3466 3441 3589 3504 post
3625 3449 3801 3504 pauca

2221 3529 2466 3599 quaedam
2509 3529 2787 3597 utriusque
2821 3528 3034 3596 generis
3072 3526 3356 3596 opuscula,
3396 3537 3515 3596 qua:
3547 3524 3680 3582 falso
3718 3533 3803 3579 ta-

2221 3634 2343 3674 men
2397 3617 2622 3674 Paulino
2687 3618 3057 3685 ascribuntur,
3128 3618 3481 3673 vetustiorum
3536 3618 3804 3673 editorum

2223 3717 2399 3777 notas,
2431 3709 2838 3764 dissertationes
2866 3715 2922 3763 et
2949 3710 3352 3776 commentaria,
3381 3723 3500 3777 qua?
3539 3707 3804 3762 Parisien~

2223 3799 2297 3854 sis
2339 3814 2501 3869 quam
2558 3798 2889 3853 laudavimus
2950 3808 3221 3868 postrema
3271 3799 3435 3854 editio
3488 3799 3613 3853 anni
3667 3795 3805 3851 1685

537 3899 774 3955 tionibus
816 3896 1076 3950 illustrata
1121 3892 1572 3948 luculentissimis.
1607 3892 1801 3946 Verum
1845 3906 1967 3946 cum
2013 3905 2120 3944 non
2148 3891 2194 3954 C
2228 3885 2625 3943 accuratissime
2679 3898 3030 3958 repraesentat
3072 3904 3299 3944 :curam
3346 3904 3537 3959 nempe
3564 3904 3804 3951 omnem,

538 4006 646 4045 una
687 3997 779 4044 aut
807 3983 975 4042 altera
1014 3985 1219 4056 privata
1247 3983 1492 4053 epistola,
1534 3982 1628 4037 sed
1659 3982 1863 4051 integra
1891 3989 2122 4051 quatuor

539 4088 814 4151 poemata,
845 4092 971 4147 pars
1015 4074 1179 4130 totius
1210 4073 1389 4144 operis
1414 4072 1766 4136 nobilissima,
1793 4069 2123 4125 desiderare-

540 4179 646 4234 tur,
675 4182 793 4237 quze
822 4174 1121 4237 temporum
1160 4162 1467 4219 infelicitate
1490 4162 1721 4218 nondum
1750 4162 1802 4215 in
1828 4162 1961 4221 lucis
1988 4175 2121 4216 con-

540 4266 783 4330 spectum
827 4265 1119 4322 venerant,
1147 4255 1334 4309 aberat
1377 4268 1592 4323 quoque
1636 4252 1727 4307 illa
1755 4268 1786 4308 a
1832 4253 2011 4306 nativa
2040 4251 2123 4305 sui

542 4345 847 4414 integritate
876 4351 1107 4409 tantum,
1135 4351 1392 4411 quantum
1422 4342 1548 4396 illud
1576 4343 1644 4396 ab
1682 4341 1899 4394 humani
1931 4354 2125 4408 corpo-

543 4438 618 4493 ris
645 4432 1003 4507 perfectione,
1034 4432 1121 4487 cui
1161 4446 1256 4486 ora
1298 4445 1554 4486 manusve
1598 4429 1793 4484 fuerint
1838 4437 2125 4499 amputata:

546 4520 736 4583 ambae.
764 4524 999 4594 Contigit
1017 4538 1147 4578 vero
1176 4521 1481 4578 felicissimo
1504 4530 1744 4578 veterum
1772 4522 2129 4577 monimento-

547 4633 667 4673 rmn
710 4615 1009 4684 indagatori
1050 4622 1212 4682 atque
1255 4613 1531 4684 interpreti
1575 4613 1647 4668 cl.
1692 4613 1807 4668 viro
1854 4610 2126 4669 Ludovico

549 4706 782 4762 Antonio
810 4704 1103 4759 Muratorio
1131 4704 1241 4773 ipsa
1264 4702 1352 4756 illa
1381 4711 1611 4771 quatuor
1631 4712 1880 4773 poemata
1906 4718 1972 4758 ex
2002 4702 2128 4756 Am-

548 4799 829 4862 brosianaa,
860 4810 979 4865 qua:
1008 4794 1289 4849 Mediolani
1319 4801 1420 4857 est,
1452 4794 1787 4849 bibliotheca:
1813 4810 1938 4850 mss.
1968 4809 2125 4851 erue-

548 4903 628 4953 re,
656 4886 1027 4956 jacturamque
1050 4884 1193 4938 illam
1219 4899 1285 4939 eo
1309 4883 1632 4952 graviorem,
1660 4883 1807 4953 quod
1834 4885 2000 4941 series
2029 4901 2125 4940 na-

549 4976 737 5031 talium
772 4975 831 5031 S.
861 4974 1055 5031 Felicis
1091 4975 1518 5045 interciperetur,
1547 4991 1666 5046 qua:
1704 4977 1958 5045 singulari
1993 4991 2126 5047 poe-

550 5076 698 5125 mate
725 5068 1001 5125 celebrare
1048 5065 1300 5123 Paulinus
1328 5067 1615 5137 quotannis
1642 5077 2013 5132 consueverat,
2046 5082 2129 5123 re-

551 5162 772 5219 sarcire.
794 5160 930 5217 Cum
957 5161 1093 5215 tanti
1119 5175 1206 5216 res
1232 5168 1392 5223 esset,
1425 5176 1524 5216 nec
1550 5162 1661 5231 pati
1688 5160 1769 5216 vir
1793 5159 2127 5215 doctissimus

2223 3994 2384 4049 quam
2425 3988 2533 4033 tres
2577 3979 2870 4033 doctissimi
2920 3994 2951 4034 e
3004 3980 3262 4034 societate
3306 3977 3430 4034 Jesu
3486 3979 3804 4048 presbyteri,

2225 4070 2468 4125 Andreas
2516 4070 2799 4135 Schottus,
2850 4069 3161 4125 Heribertus
3218 4069 3550 4139 Rosweydus
3588 4076 3638 4122 et
3701 4066 3807 4123 Pc~

2224 4170 2339 4216 trus
2385 4159 2703 4215 Franciscus
2743 4158 3038 4214 Chiﬂletius
3084 4159 3460 4222 adhibuerunt,
3492 4173 3613 4212 cum
3647 4173 3805 4213 suam

2223 4252 2449 4320 quisque
2476 4250 2724 4320 Spartam
2752 4249 3057 4304 adornaret.
3110 4248 3229 4306 Uno
3264 4250 3432 4305 verbo
3469 4264 3586 4303 eam
3629 4251 3807 4318 ipsam

2224 4346 2515 4400 editionem
2537 4360 2654 4414 qua:
2682 4354 2901 4401 auctore
2929 4345 3126 4400 Brunio
3166 4344 3381 4414 prodiit,
3412 4346 3669 4413 p'erpetua
3696 4343 3809 4398 fer-

2226 4449 2313 4489 me
2340 4435 2481 4488 scrie
2506 4442 2668 4502 atque
2696 4434 2882 4489 ordine
2911 4436 3062 4503 sequi
3098 4435 3268 4499 libuit,
3298 4433 3367 4488 ad
3400 4432 3622 4502 ejusque
3652 4433 3807 4500 inge-

2227 4526 2373 4579 nium
2402 4539 2466 4579 ea
2495 4524 2657 4578 etiam
2685 4539 2804 4593 qme
2838 4525 3046 4579 noviter
3069 4530 3430 4587 accesserunt,
3459 4522 3805 4594 digessimus.

2226 4614 2490 4680 Quoniam
2517 4629 2647 4669 vero
2674 4614 2724 4669 id
2753 4624 2938 4684 optare
2960 4616 3221 4685 quispiam
3251 4622 3520 4684 potuerat,
3553 4623 3611 4669 ut
3639 4630 3811 4683 quan-

2226 4706 2296 4761 do
2322 4707 2434 4761 hmc
2463 4722 2566 4760 uno
2590 4707 2859 4761 volumine
2885 4706 3391 4785 complectebamur,
3414 4704 3654 4775 quaedam
3676 4720 3809 4774 pro-

2226 4799 2403 4868 posito
2445 4799 2614 4866 magis
2649 4799 3197 4864 accommodarentur,
3252 4813 3319 4853 ne
3357 4813 3456 4853 suo
3495 4799 3596 4853 isto
3634 4799 3812 4854 lector

2226 4896 2356 4943 voto
2401 4888 2693 4956 excideret,
2743 4897 2795 4943 et
2840 4887 3124 4944 frustratus
3171 4886 3337 4943 videri
3381 4897 3583 4958 posset,
3627 4889 3809 4943 Vitam

2226 4979 2395 5034 sancti
2425 4979 2660 5034 auctoris
2705 4980 2916 5054 scriptis
2955 4980 3072 5049 ejus
3108 4981 3517 5052 prmposuimus,
3551 4981 3813 5037 elenchos

2227 5082 2462 5137 quoque,
2503 5068 2615 5124 sive
2647 5069 2852 5124 tabulas
2892 5084 3014 5124 eum
3043 5070 3412 5139 epistolarum,
3444 5079 3553 5123 tum
3587 5084 3813 5137 loema—

2229 5165 2360 5222 tum,
2394 5159 2605 5227 utrique
2634 5159 2771 5229 parti
2820 5160 3141 5229 pracliximus
3188 5164 3234 5224 ',
3285 5160 3497 5227 aliaque
3544 5157 3592 5212 id
3637 5171 3814 5226 genus

552 5262 754 5325 posset,
779 5252 977 5308 diutius
1007 5252 1333 5307 monimenta
1355 5252 1443 5306 illa
1473 5259 1623 5307 tanto
1641 5266 1909 5307 sacrarum
1938 5267 2002 5307 ac
2028 5266 2128 5322 po-
2156 5265 2209 5325 ι)
2234 5249 2593 5319 praestitimus,
2617 5256 2677 5303 ut
2702 5264 2800 5303 nec
2822 5249 2995 5303 minus
3022 5248 3301 5314 elegantia:
3326 5248 3659 5302 satisfactum
3689 5246 3815 5302 fue-

552 5344 792 5401 litioruci
824 5341 1122 5397 litterarum
1149 5342 1419 5413 impendio
1448 5357 1570 5397 cum
1610 5342 1768 5396 blatis
1807 5342 2121 5408 conflictari,

555 5448 621 5488 ac
644 5433 754 5492 tina
774 5449 820 5498 ς,
849 5431 1073 5488 seorsim
1101 5446 1210 5486 uno
1239 5430 1634 5487 Anecdotorum
1662 5442 1809 5489 tomo
1835 5434 2017 5488 edidit.
2048 5434 2126 5488 lta

557 5521 754 5584 demum
813 5518 958 5590 quod
983 5520 1177 5576 saltem
1205 5521 1318 5575 lucc
1339 5530 1547 5591 spectat
1576 5522 1845 5591 Natalitia,
1877 5524 2023 5579 salva
2047 5537 2131 5578 res

2229 5343 2319 5408 rit,
2352 5358 2452 5398 nec
2479 5341 2679 5410 aliquid
2700 5341 2914 5395 utilitati
2943 5341 3265 5408 detractum,
3288 5348 3380 5394 aut
3402 5340 3692 5407 legentium
3724 5356 3819 5395 vo-

2232 5432 2443 5503 luptati,
2475 5431 2599 5486 dum
2630 5432 2807 5484 omnia
2836 5445 2954 5498 qum
2978 5429 3043 5484 ad
3072 5430 3348 5500 scriptoris
3375 5430 3544 5484 nostri
3569 5446 3818 5485 commo-

2236 5524 2443 5577 diorem
2473 5522 2756 5576 lcctionem
2803 5518 3020 5586 faciunt,
3066 5538 3173 5577 uno
3222 5531 3412 5577 tenore
3448 5529 3823 5591 contextuque

632 5694 651 5717 ‘
678 5693 773 5752 Not
816 5709 996 5751 omnes
1022 5695 1227 5752 indices
1268 5694 1320 5749 in
1370 5710 1534 5749 unum
1579 5710 1773 5765 corpus
1804 5696 1869 5751 ad
1916 5697 2115 5751 calcem
2142 5696 2300 5768 hujus
2329 5695 2645 5765 Patrologim
2677 5696 2809 5752 torni
2836 5696 3167 5766 collegimus.
3200 5695 3351 5752 Ευιτ.
