4056 6358
324 350 395 409 l3
1702 344 2218 407 PilOLEGOMENA.
3516 347 3588 403 14

317 470 598 522 constant.
631 461 773 520 Nihil
810 464 1087 522 enimvero
1134 466 1187 520 in
1241 465 1463 535 reliquis
1516 466 1912 535 quanticunque
1939 469 1987 527 Α
2014 463 2319 535 percepisse
2337 460 2657 528 videbimur,
2684 460 2729 516 si
2757 468 2991 516 nostram
3018 458 3336 516 industriam
3366 448 3607 518 solidior

318 554 487 610 studii
507 554 658 610 licuit
684 555 1126 631 praetermissum,
1154 556 1296 626 quod
1317 556 1385 611 ad
1416 570 1609 611 novam
1630 557 1769 611 hanc
1794 556 1910 611 edi-
1998 555 2087 610 .ris
2102 553 2363 610 doctrinm
2389 551 2686 607 candidatis
2709 559 2818 606 tum
2847 559 3053 622 gratam
3068 565 3194 608 cum
3213 551 3397 607 utilem
3424 550 3590 609 fuisse

320 645 527 701 tionem
568 659 637 700 ex
686 645 929 701 omnium
976 647 1118 702 votis
1152 663 1224 702 ex
1269 648 1452 702 animo
1488 647 1909 702 cumulatissime
2010 645 2438 701 intellexerimus
2468 662 2481 698 :
2506 658 2900 714 pergemusque
2927 643 3032 699 huc
3056 643 3187 700 eniti
3216 652 3275 698 ut
3301 644 3589 714 quotannis
3632 678 3653 696 ο

318 734 692 791 instruendam
730 749 797 791 ac
836 736 1074 792 numeris
1098 737 1349 793 omnibus
1376 736 1759 792 absolvendam
1786 751 1910 807 per—
2010 735 2208 806 aliquid
2256 750 2325 790 ex
2374 735 2561 789 labore
2594 743 2787 789 nostro
2815 734 3041 805 prodeat
3066 749 3229 790 sacra:
3254 749 3375 790 cum
3402 736 3591 806 primis

317 825 539 891 tineret,
568 827 729 883 lectio
778 828 893 899 ipsa
930 830 1104 899 magis
1127 842 1290 899 quam
1314 830 1602 885 verborum
1631 844 1908 883 commen-
2010 826 2325 881 litteratum:
2346 822 2604 879 studiosis
2625 825 2953 895 voluptatem
2966 840 3097 881 cum
3117 826 3348 881 utilitate
3366 825 3591 896 conjun-

320 914 469 970 datio
506 916 901 986 comprobabit.
945 917 1199 990 Magium
1238 918 1433 974 exinde
1476 918 1706 974 fructum
1752 917 1912 973 nobis
2006 925 2153 971 ctam
2181 916 2485 970 allaturum.

329 1040 3575 1069 WW

925 1165 1536 1249 PR/EFATIO
1593 1163 2131 1253 PARISIEN
2138 1164 2234 1247 SI
2242 1164 2299 1247 S
2353 1162 2981 1245 EDITIONIS.

389 1464 675 1525 Paulinum
709 1467 1030 1537 episcopum
1071 1463 1335 1521 Nolanum
1382 1473 1442 1519 et
1498 1463 1666 1533 ipsius
1701 1459 1903 1529 scripta
2080 1456 2277 1513 Totum
2307 1472 2442 1529 opus
2471 1459 2526 1514 in
2572 1459 2708 1516 duos
2750 1468 2930 1517 tomos
2971 1458 3331 1525 distinximus,
3363 1477 3593 1532 quorum

318 1560 508 1633 quanti
536 1560 765 1616 iecerint
805 1556 905 1613 SS.
937 1556 1192 1612 Ecclesizc
1241 1554 1456 1619 Patres,
1498 1552 1652 1609 multi
1678 1558 1898 1611 norunt,
2008 1551 2212 1621 primus
2259 1551 2638 1621 complectitur
2691 1552 2989 1607 indubitata
3044 1552 3105 1629 S.
3164 1552 3373 1609 Paulini
3427 1569 3593 1625 opera

320 1670 509 1711 omnes
553 1668 622 1709 ex
651 1653 888 1723 ipsorum
913 1650 1103 1719 elogiis
1152 1648 1290 1703 infra
1331 1644 1698 1702 describendis
1745 1656 1904 1698 nosse
2006 1639 2301 1696 secundum
2316 1641 2560 1697 ordinem
2583 1650 2885 1713 temporum
2907 1659 3048 1699 nunc
3062 1646 3293 1715 primum
3312 1645 3593 1716 disposita,

318 1751 566 1816 possunt.
588 1742 709 1823 iam
734 1741 941 1812 pridem
977 1740 1107 1795 viris
1133 1740 1308 1795 doctis
1336 1750 1479 1806 aegre
1506 1742 1626 1792 erat
1670 1743 1781 1790 tam
1807 1733 1903 1789 dc—
1940 1758 1981 1818 Β
2008 1748 2169 1801 quem
2209 1733 2389 1789 studio
2416 1744 2473 1790 et
2493 1736 2739 1791 consiliis
2781 1735 3078 1793 doctissimi
3126 1737 3227 1793 viri
3272 1738 3595 1808 investigare

320 1843 545 1906 pravata
572 1851 692 1891 esse
719 1834 855 1889 tanti
882 1834 984 1888 viri
1010 1848 1196 1904 opera,
1227 1841 1283 1888 et
1309 1832 1379 1886 ab
1420 1830 1602 1900 aliquo
1643 1828 1906 1884 medicam
2005 1825 2320 1896 sategimus.
2355 1825 2650 1884 Nonnullas
2694 1828 2987 1898 adjecimus
3016 1829 3293 1900 epistolas,
3332 1830 3512 1901 plures
3539 1831 3594 1887 in

316 1928 451 1998 ipsis
482 1926 729 1983 adhiberi
757 1941 978 1980 manuni
1014 1925 1366 1979 vehementer
1388 1920 1672 1992 optabant.
1704 1917 1905 1973 Horum
2010 1917 2143 1972 duas
2164 1917 2441 1974 divisimus
2460 1920 2628 1974 secuti
2665 1935 2792 1975 mss.
2825 1921 3070 1976 codicum
3099 1921 3496 1986 auctoritatem,
3527 1937 3594 1979 ex

317 2017 561 2073 consiliis
582 2025 640 2072 et
658 2015 1078 2072 auctoritatibus
1105 2012 1319 2069 adducti
1339 2012 1408 2068 ad
1442 2026 1512 2067 ea
1543 2010 1801 2082 primmvo
1827 2009 1908 2063 ni-
2010 2007 2217 2063 duabus
2241 2024 2401 2064 unam
2423 2025 2492 2066 ex
2519 2010 2683 2066 certis
2702 2013 3035 2080 argumentis
3046 2012 3336 2082 aliquando
3354 2013 3594 2069 confeci-

323 2106 430 2161 tori
451 2105 786 2162 restituenda
815 2105 1051 2160 animum
1076 2103 1391 2173 adjecimus,
1418 2101 1725 2171 corrogatis
1751 2099 1912 2155 unde-
2011 2114 2149 2154 mus.
2183 2100 2289 2156 Has
2315 2103 2456 2157 inter
2482 2102 2671 2158 ordine
2699 2119 2798 2160 suo
2825 2103 3209 2159 collocavimus
3236 2105 3472 2171 unicum,
3501 2104 3594 2174 qui

318 2209 555 2266 quaque,
584 2204 699 2251 tum
752 2210 822 2251 ex
847 2194 1017 2251 Gallia
1068 2203 1183 2250 tum
1232 2209 1303 2249 ex
1347 2192 1539 2249 vicinis
1578 2190 1906 2262 regionibus,

318 2288 596 2345 codicibus
618 2288 1027 2361 manuscriptis,
1054 2301 1285 2358 quorum
1312 2301 1419 2357 ope
1447 2293 1605 2340 aucta
1624 2293 1684 2341 et
1724 2297 1911 2339 emen-

320 2375 443 2432 data
472 2384 618 2433 sum.
898 2358 912 2361 ⁷
1016 2358 1029 2374 ’

390 2465 572 2523 Prima
600 2483 789 2526 eorum
821 2468 989 2524 editio
1023 2468 1297 2539 prodierat
1326 2466 1549 2522 Lutetia:
1582 2464 1909 2522 Parisiorum

321 2574 472 2616 anno
501 2558 640 2615 1516
673 2562 820 2633 typis
841 2560 1038 2618 Jodoci
1087 2561 1235 2616 Badii
1264 2560 1504 2615 Ascensii
1536 2561 1587 2614 in
1616 2561 1800 2615 multis
1827 2561 1908 2614 la-

320 2665 469 2717 cera,
502 2651 557 2707 in
595 2653 868 2710 nonnullis
916 2653 1125 2717 mutila,
1153 2668 1220 2707 ac
1247 2651 1411 2706 etiam
1449 2666 1479 2704 a
1515 2665 1745 2706 censore
1794 2651 1911 2720 ipso

318 2739 491 2797 Badio
517 2742 836 2813 depravata.

386 2832 587 2890 Secuta
628 2843 712 2890 est
750 2835 919 2899 editio
947 2836 1184 2892 secunda
1211 2836 1433 2892 Henrici
1467 2835 1652 2890 Gravii
1680 2833 1914 2888 Domini-

318 2923 467 2991 cani,
497 2924 591 2992 qui
620 2939 762 2979 anno
805 2922 944 2979 1560
985 2924 1231 2981 Colonia:
1268 2925 1367 2980 sub
1406 2924 1557 2995 prelo
1592 2922 1912 2983 Choliniano

321 3007 538 3064 Paulini
565 3026 730 3081 opera
758 3013 941 3068 multis
966 3014 1175 3069 mendis
1201 3015 1508 3084 repurgavit
1533 3028 1601 3069 ex
1635 3013 1912 3068 veteribus

321 3101 728 3170 exemplaribus
748 3118 879 3157 mss.

2013 2193 2169 2248 nobis
2195 2202 2470 2265 superest,
2502 2193 2561 2248 S.
2593 2192 2801 2251 Paulini
2846 2210 3150 2252 sermonem
3196 2195 3266 2251 dc
3310 2193 3595 2268 Gazophy-

2014 2287 2168 2343 lucio.

2081 2377 2345 2434 Pncterea
2375 2395 2487 2435 rem
2516 2390 2721 2451 gratam
2747 2381 3038 2451 utilemque
3066 2379 3321 2437 studiosis
3355 2379 3595 2437 facturos

2014 2484 2112 2524 nos
2139 2468 2382 2524 arbitrati
2418 2485 2631 2534 sumus,
2665 2473 2710 2526 si
2739 2472 2823 2527 his
2865 2472 3221 2528 inserercmus
3249 2472 3502 2543 epistolas
3529 2471 3596 2527 ad

2010 2558 2293 2615 Paulinum
2321 2560 2408 2616 vel
2434 2561 2659 2632 scriptas
2688 2562 2769 2617 vel
2800 2563 3107 2632 rescriptas.

2084 2650 2287 2706 Deinde
2314 2652 2661 2722 epistularum
2682 2661 2998 2720 argumenta
3028 2653 3166 2705 male
3191 2652 3400 2719 digesta
3429 2659 3486 2706 et
3512 2652 3597 2706 in-

2013 2743 2312 2811 composita
2364 2742 2776 2811 castigavimus,
2828 2749 2886 2796 et
2931 2756 3096 2797 sacra:
3141 2739 3432 2813 Scriptura:
3479 2741 3597 2799 loca

1966 2894 1973 2900 ,
2013 2831 2206 2887 italico
2235 2831 2599 2901 expressimus
2626 2831 2958 2887 charactere.

2085 2922 2353 2977 Cmtcrum
2398 2936 2520 2978 cum
2566 2920 2707 2993 apud
2755 2937 2944 2978 omnes
2989 2930 3201 2979 constet
3234 2921 3335 2980 SS.
3383 2921 3600 2981 Palmm

2015 3014 2240 3070 allectus
2268 3022 2325 3069 et
2350 3014 2577 3071 virtutes
2598 3030 2706 3069 non
2732 3014 2859 3070 alibi
2883 3014 3075 3073 melius
3093 3027 3251 3086 quam
3282 3016 3336 3071 in
3359 3015 3601 3088 epistolis

1938 3122 1985 3187 ο
2014 3120 2174 3175 posse
2202 3103 2554 3175 deprehendi,
2585 3105 2639 3160 in
2660 3104 2871 3160 Paulini
2891 3104 3087 3161 litteris
3106 3107 3342 3163 audtoris
3361 3106 3596 3175 genium,

391 3184 524 3247 inde
556 3192 711 3246 tertia
740 3192 941 3261 prodiit
982 3194 1205 3265 Basilea:
1244 3209 1332 3248 an.
1366 3191 1504 3248 1569
1534 3193 1672 3248 inter
1718 3193 1909 3248 ortho~
1951 3184 1973 3187 ἡ
2009 3196 2396 3267 eloquentiam,
2421 3196 2780 3267 prudentiam,
2803 3196 2997 3263 zelum,
3022 3197 3188 3253 animi
3215 3197 3597 3265 constantiam,

320 3281 706 3353 doxographos
726 3298 755 3338 a
785 3282 994 3340 Joanne
1015 3284 1221 3341 Jacobo
1250 3284 1465 3341 Grinmo
1503 3285 1764 3340 collectos
1792 3299 1911 3355 qua:

322 3373 538 3429 videtur
576 3388 648 3429 ex
694 3375 1073 3446 manuscriptis
1114 3385 1239 3446 post
1283 3378 1491 3448 priores
1518 3376 1785 3433 editiones
1812 3392 1909 3432 cx-

228 3491 235 3496 .
324 3480 533 3537 μηδι

392 3555 652 3624 Quartam
669 3572 796 3613 cum
816 3572 918 3613 ms.
936 3558 1122 3615 codice
1138 3557 1393 3614 collatam
1422 3559 1651 3614 intexuit
1671 3559 1912 3616 Andreas

324 3644 582 3703 Schottus
597 3643 805 3703 Jesuita
825 3649 879 3704 in
906 3648 1286 3705 Coloniensem
1312 3648 1663 3706 Bibliotheca:
1689 3648 1910 3704 Patrum

326 3736 619 3793 editionem
646 3752 739 3793 an.
763 3738 921 3805 l6l8,
952 3739 1134 3797 addito
1163 3738 1522 3810 Epithalamio
1542 3738 1737 3795 Juliani
1764 3748 1820 3794 et
1844 3739 1912 3794 la:

327 3826 568 3883 nondum
596 3836 818 3885 excuso.

396 3916 651 3984 Quintam
672 3926 731 3975 et
756 3927 1084 3990 postremam
1112 3920 1403 3979 editionem
1447 3935 1595 3976 anno
1623 3919 1763 3974 l622
1803 3920 1912 3975 An-

327 4009 551 4078 tuerpia:
572 4011 800 4076 curavit,
831 4018 886 4066 et
908 4012 1057 4082 typis
1083 4009 1439 4069 Plantinianis
1467 4011 1737 4068 commisit
1764 4010 1914 4065 Heri-

328 4097 511 4155 hertus
531 4098 863 4173 Rosweydus
881 4118 994 4158 soc.
1016 4101 1166 4169 Jesu,
1199 4104 1281 4157 vir
1300 4103 1423 4173 pius
1448 4110 1505 4158 et
1523 4102 1793 4168 eruditus;
1815 4103 1911 4156 sed

330 4198 411 4244 tot
439 4194 887 4262 occupationibus
926 4194 1251 4263 implicatus,
1291 4201 1373 4261 ut,
1404 4210 1528 4249 cum
1568 4202 1779 4263 tempus
1807 4210 1912 4247 non

331 4281 623 4350 sufficeret,
650 4284 877 4338 aliorum
904 4299 1050 4355 smpe
1074 4284 1269 4340 studiis
1297 4286 1376 4339 uti
1393 4292 1703 4353 cogeretur,
1725 4293 1782 4339 et
1800 4299 1916 4339 suc-

326 4371 617 4428 cedaneam
639 4372 898 4429 duntaxat
917 4375 1217 4445 imponeret
1241 4391 1477 4431 manum.
1502 4375 1651 4431 Illam
1671 4374 1915 4446 profecto

328 4461 625 4518 editionem
651 4476 954 4521 accuratam
981 4452 1098 4522 non,
1119 4467 1451 4522 existimavit
1485 4466 1723 4537 ejusdem
1746 4468 1913 4524 socie.

330 4554 457 4610 tatis
499 4553 694 4611 Petrus
736 4555 1054 4613 Franciscus
1094 4556 1412 4622 Chifﬂetius,
1462 4559 1553 4629 qui
1598 4557 1666 4613 ad
1713 4574 1909 4614 novam

328 4643 389 4699 S.
412 4645 624 4703 Paulini
644 4663 869 4718 operum
892 4650 1186 4706 editionem
1225 4651 1618 4721 procurandum
1657 4652 1826 4706 multa
1856 4652 1909 4705 in

329 4736 570 4790 medium
599 4737 825 4808 protulit
854 4739 906 4793 in
934 4752 1034 4794 suo
1056 4740 1284 4795 Paulino
1311 4741 1589 4806 illustrare,
1621 4757 1687 4797 ex
1716 4757 1824 4811 quo
1852 4751 1914 4797 ut

331 4835 385 4880 et
413 4842 481 4881 ex
507 4828 713 4884 recenti
741 4840 965 4899 operum
986 4830 1045 4885 S.
1072 4829 1353 4900 Augustini
1383 4830 1621 4887 editione
1642 4833 1914 4903 excerpsi—

330 4934 451 4972 mus
477 4935 598 4989 qute
619 4920 689 4975 ad
718 4938 831 4977 rem
861 4927 1099 4977 nostram
1128 4924 1517 4980 conducebant.

404 5008 474 5064 Ut
502 5017 682 5066 autem
731 5012 1026 5083 intelligas,
1072 5014 1244 5069 lector
1282 5014 1574 5078 benevole,
1627 5016 1846 5086 przcstiti
1879 5031 1910 5069 a

318 5101 490 5157 nobis
517 5102 680 5158 cilicii
701 5104 917 5159 modum
946 5113 1002 5160 et
1026 5106 1283 5168 rationes,
1313 5121 1483 5175 pauca
1512 5108 1597 5162 hic
1626 5105 1908 5177 prmfabor.

403 5191 487 5248 Ad
541 5193 847 5262 castiganda
899 5194 1103 5250 Paulini
1152 5211 1316 5266 opera
1366 5196 1669 5267 complures
1721 5212 1910 5251 manu-

334 5282 564 5353 scriptos
583 5282 797 5339 codices
816 5300 912 5355 per
931 5300 1101 5340 annos
1120 5301 1215 5341 sex
1235 5285 1562 5341 excussimus
1588 5294 1645 5341 et
1666 5294 1914 5341 accurate

335 5373 662 5430 contulimus
707 5374 847 5430 cum“
872 5374 1056 5443 editis,
1089 5390 1152 5432 ac
1197 5377 1343 5432 viros
1380 5376 1650 5444 eruditos,
1692 5375 1738 5431 si
1784 5376 1912 5446 quid

336 5463 615 5520 obscurius
635 5472 690 5519 et
716 5464 1023 5535 perplexius
1040 5467 1374 5531 occurrebat,
1398 5466 1789 5531 consuluimus;
1812 5480 1914 5541 nec

336 5569 550 5626 semper
568 5554 714 5626 quod
741 5556 936 5611 clarius
954 5566 1097 5612 esset
1123 5566 1215 5612 aut
1242 5558 1539 5628 elegantius
1562 5557 1909 5628 prmtulimus,

335 5646 433 5701 sed
451 5647 594 5719 quod
612 5662 863 5718 germana
879 5648 1087 5703 Paulini
1106 5649 1269 5705 di-tio
1291 5666 1409 5706 esse
1432 5649 1645 5706 collatis
1661 5650 1778 5706 aliis
1797 5650 1913 5720 ejus

338 5752 565 5810 operum
590 5741 723 5797 locis
751 5741 1046 5797 videbatur.

2012 3289 2255 3344 veritatis
2272 3304 2335 3345 ac
2349 3288 2565 3359 pietatis
2579 3303 2839 3355 amorem,
2853 3288 3143 3360 Scriptura:
3156 3304 3324 3346 sacra:
3342 3287 3596 3353 studium,

2013 3379 2417 3446 humanitatem,
2449 3379 2788 3444 modestiam,
2817 3380 3175 3438 humilitatem
3196 3396 3321 3439 vere
3340 3379 3599 3437 Christia-

2012 3484 2157 3535 nam,
2180 3469 2457 3526 caritatem
2479 3471 2788 3537 maximam,
2819 3486 2919 3526 nec
2947 3486 3056 3526 non
3077 3469 3267 3526 faciem
3289 3480 3345 3526 et
3363 3472 3600 3528 anir’num

2013 3558 2168 3615 facile
2208 3560 2382 3630 quivis
2409 3560 2602 3615 intueri
2646 3566 2845 3632 potest.
2897 3559 2956 3619 in
2995 3561 3159 3617 variis
3188 3562 3332 3617 enim
3360 3562 3600 3633 epistolis

2013 3658 2261 3706 auctores
2309 3660 2503 3722 sponte
2542 3666 2604 3707 se
2649 3652 2752 3723 ipsi
2781 3651 3016 3723 produnt
3044 3654 3375 3725 pinguntque
3404 3656 3600 3711 nativis

2012 3742 2305 3809 coloribus,
2353 3755 2490 3810 quos
2535 3751 2749 3809 natura,
2797 3743 2967 3810 locus,
3016 3745 3250 3809 occasio,
3300 3747 3599 3815 argumenti

2012 3846 2203 3901 genus,
2231 3848 2496 3902 personae,
2520 3833 2683 3888 etiam
2705 3848 2736 3887 a
2757 3848 2867 3888 non
2892 3834 3252 3903 cogitantibus
3272 3836 3596 3905 exprimunt.

2010 3924 2166 3991 Quod
2194 3925 2331 3980 adeo
2372 3940 2578 3991 verum,
2619 3933 2678 3979 ut
2705 3922 2981 3989 Paulinus,
3011 3925 3102 3995 qui
3132 3926 3417 3995 imaginem
3447 3942 3598 3982 suam

2014 4030 2113 4069 suo
2141 4013 2344 4069 Severo
2364 4015 2658 4085 postulanti
2678 4013 3056 4082 denegaverat,
3087 4030 3146 4071 se
3174 4015 3286 4085 ipse
3309 4023 3418 4069 tam
3446 4031 3598 4085 egre-

2014 4105 2100 4173 gie
2127 4104 2361 4173 pinxerit
2402 4104 2455 4157 in
2499 4103 2662 4157 variis
2690 4102 3040 4171 epistolarum
3085 4108 3300 4156 suarum
3348 4104 3509 4169 locis,
3540 4113 3600 4158 ut

2014 4192 2171 4249 facile
2198 4194 2355 4248 nobis
2382 4194 2541 4247 fuerit
2564 4208 2631 4247 ex
2661 4193 2724 4247 iis
2746 4190 2934 4246 faciem
2956 4191 3072 4260 ejus
3094 4191 3162 4246 ad
3195 4192 3367 4246 viv‘um
3396 4208 3597 4263 reprae-

2016 4292 2249 4347 sentare,
2280 4283 2520 4353 epistolis
2547 4283 2751 4338 scilicet
2779 4280 2828 4349 5,
2855 4298 3000 4337 nun).
3028 4281 3090 4349 είς
3120 4281 3209 4348 22,
3241 4297 3388 4359 num.
3418 4282 3481 4349 ‘2;
3504 4282 3597 4349 25,

2017 4392 2165 4432 num.
2199 4375 2267 4430 i0
2292 4384 2348 4432 et
2372 4374 2462 4443 2'5,
2511 4382 2567 4431 et
2609 4374 2677 4429 40
2722 4390 2869 4429 num.
2919 4373 2972 4439 6,
3027 4373 3268 4429 nonnihil
3314 4374 3477 4428 etiam
3532 4377 3599 4429 ad

1942 4494 1991 4555 ι)
2017 4470 2281 4542 picturam
2309 4466 2691 4525 absolvendam
2714 4467 2937 4537 juvante
2967 4465 3168 4522 Uranio
3210 4481 3355 4521 num.
3398 4465 3451 4531 5,
3485 4465 3518 4519 6
3546 4477 3600 4521 et

2012 4561 2069 4626 7,
2113 4560 2410 4617 Fortunato
2458 4560 2551 4615 lib.
2603 4575 2639 4613 ιι
2677 4557 2744 4614 de
2788 4557 2912 4611 Vita
2960 4554 3017 4611 S.
3062 4555 3294 4622 Martini,
3334 4562 3391 4611 et
3437 4555 3595 4611 Rom.

2012 4652 2259 4707 Subterr.

2085 4740 2353 4811 Epistolas
2379 4738 2653 4808 excipiunt
2681 4743 2928 4807 poemata
2956 4734 3247 4789 innumeris
3274 4733 3481 4788 mendis
3511 4750 3599 4788 rc-

2015 4841 2257 4902 purgata,
2291 4830 2532 4885 versibus
2559 4827 2801 4898 plurimis
2829 4833 3013 4890 aucta,
3036 4832 3091 4879 et
3119 4824 3446 4891 argumentis
3477 4823 3597 4877 illu-

2013 4928 2200 4977 strata.
2232 4919 2327 4974 His
2350 4918 2578 4989 plurima
2615 4916 2989 4973 ecclesiasticae
3017 4914 3327 4983 disciplinm,
3361 4914 3598 4984 antiqui-

2015 5013 2144 5067 tatis
2171 5019 2227 5066 et
2255 5011 2491 5065 historia:
2536 5016 2885 5063 monumenta
2929 5005 3294 5070 continentur,
3346 5018 3446 5059 nec
3492 5018 3597 5057 non

2015 5103 2285 5177 paecipua
2312 5101 2583 5171 Evangelii
2613 5107 2880 5171 pnccepta
2914 5105 2967 5153 et
2994 5097 3236 5155 consilia.
3323 5159 3326 5162 ,

2088 5192 2256 5249 Porro
2284 5192 2338 5247 in
2366 5192 2613 5248 omnibus
2651 5187 2860 5244 Paulini
2902 5187 3156 5258 operibus
3196 5180 3462 5259 sectiones
3505 5183 3598 5237 de-

2017 5283 2345 5353 signavimus
2389 5282 2713 5351 frequentes,
2761 5277 2935 5333 aﬂiiis
2981 5277 3269 5333 numericis
3297 5275 3460 5340 notis,
3490 5288 3598 5342 quo

2017 5381 2160 5430 esset
2198 5373 2448 5442 deinceps
2494 5371 2702 5426 facilior
2746 5366 2953 5422 Paulini
3000 5381 3146 5433 usus,
3187 5362 3597 5433 expeditiorque

2017 5464 2258 5520 locorum
2285 5461 2576 5531 inquisitio.
2604 5458 3046 5513 Emendationum
3069 5462 3247 5509 autem
3268 5466 3456 5506 causas
3480 5451 3595 5520 qui-

2016 5556 2242 5611 busdam
2267 5552 2646 5610 notatiunculis
2675 5551 2728 5605 in
2771 5547 3111 5604 inferioribus
3150 5542 3479 5612 marginibus
3505 5557 3596 5596 ex-

2017 5646 2309 5719 posuimus,
2334 5642 2389 5699 in
2410 5642 2717 5696 lateralibus
2738 5654 2898 5694 voces
2923 5633 3206 5691 nonnullas
3229 5634 3594 5713 obscuriores;

2015 5755 2137 5809 qua:
2168 5754 2295 5795 vero
2323 5736 2501 5792 addita
2532 5742 2653 5788 sunt
2672 5772 2686 5797 ,
2731 5731 2937 5785 duabus
2966 5727 3235 5799 ansulis()
3266 5725 3593 5783 inclusimus.
