  <div class='ocr_page' id='page_1' title='image "/cluster/home/n/w/nwhite01/storage/ocr_20150623/61/hvd.32044004824777/013.png"; bbox 0 0 4056 6358; ppageno 0'>
   <div class='ocr_carea' id='block_1_1' title="bbox 532 289 3797 401">
    <p class='ocr_par' dir='ltr' id='par_1_1' title="bbox 532 289 3797 401">
     <span class='ocr_line' id='line_1_1' title="bbox 532 289 3797 401; baseline 0.002 -23"><span class='ocrx_word' id='word_1_1' title='bbox 532 330 604 386; x_wconf 72' lang='grc' dir='ltr'><strong>ιε</strong></span> <span class='ocrx_word' id='word_1_2' title='bbox 1553 325 1608 380; x_wconf 91' lang='lat' dir='ltr'><strong>s.</strong></span> <span class='ocrx_word' id='word_1_3' title='bbox 1651 289 1990 382; x_wconf 76' lang='lat' dir='ltr'><strong>PAULINUS</strong></span> <span class='ocrx_word' id='word_1_4' title='bbox 2030 323 2342 382; x_wconf 80' lang='lat' dir='ltr'><strong>NOLANUS</strong></span> <span class='ocrx_word' id='word_1_5' title='bbox 2380 325 2768 384; x_wconf 83' lang='lat' dir='ltr'><strong>EPISCOPUS.</strong></span> <span class='ocrx_word' id='word_1_6' title='bbox 3727 343 3797 401; x_wconf 74' lang='grc' dir='ltr'><strong>ιδ</strong></span> 
     </span>
    </p>
   </div>
   <div class='ocr_carea' id='block_1_2' title="bbox 595 431 3793 510">
    <p class='ocr_par' dir='ltr' id='par_1_2' title="bbox 595 431 3793 510">
     <span class='ocr_line' id='line_1_2' title="bbox 595 431 3793 510; baseline 0.005 -18"><span class='ocrx_word' id='word_1_7' title='bbox 595 438 657 492; x_wconf 79' lang='grc' dir='ltr'><strong>ιιι</strong></span> <span class='ocrx_word' id='word_1_8' title='bbox 684 433 976 493; x_wconf 84' lang='lat' dir='ltr'><strong>secundum</strong></span> <span class='ocrx_word' id='word_1_9' title='bbox 1004 441 1208 490; x_wconf 87' lang='lat' dir='ltr'><strong>tomum</strong></span> <span class='ocrx_word' id='word_1_10' title='bbox 1236 431 1478 503; x_wconf 88' lang='lat' dir='ltr'><strong>conjecta</strong></span> <span class='ocrx_word' id='word_1_11' title='bbox 1505 445 1631 491; x_wconf 87' lang='lat' dir='ltr'><strong>sunt</strong></span> <span class='ocrx_word' id='word_1_12' title='bbox 1669 450 1833 506; x_wconf 84' lang='lat' dir='ltr'><strong>opera</strong></span> <span class='ocrx_word' id='word_1_13' title='bbox 1857 443 1978 491; x_wconf 80' lang='lat' dir='ltr'><strong>tum</strong></span> <span class='ocrx_word' id='word_1_14' title='bbox 2003 435 2104 491; x_wconf 91' lang='lat' dir='ltr'><strong>du-</strong></span> <span class='ocrx_word' id='word_1_15' title='bbox 2131 441 2184 497; x_wconf 83' lang='lat' dir='ltr'><strong>A</strong></span> <span class='ocrx_word' id='word_1_16' title='bbox 2280 435 2389 492; x_wconf 88' lang='lat' dir='ltr'><strong>Hos</strong></span> <span class='ocrx_word' id='word_1_17' title='bbox 2439 447 2734 506; x_wconf 87' lang='lat' dir='ltr'><strong>sequuntur</strong></span> <span class='ocrx_word' id='word_1_18' title='bbox 2787 439 2875 494; x_wconf 86' lang='lat' dir='ltr'><strong>alii</strong></span> <span class='ocrx_word' id='word_1_19' title='bbox 2929 440 3132 497; x_wconf 78' lang='lat' dir='ltr'><strong>indices</strong></span> <span class='ocrx_word' id='word_1_20' title='bbox 3180 443 3286 501; x_wconf 92' lang='lat' dir='ltr'><strong>duo</strong></span> <span class='ocrx_word' id='word_1_21' title='bbox 3334 445 3574 504; x_wconf 90' lang='lat' dir='ltr'><strong>locorum</strong></span> <span class='ocrx_word' id='word_1_22' title='bbox 3624 467 3793 510; x_wconf 67' lang='lat' dir='ltr'><strong>sacrm</strong></span> 
     </span>
    </p>
   </div>
   <div class='ocr_carea' id='block_1_3' title="bbox 525 522 2104 596">
    <p class='ocr_par' dir='ltr' id='par_1_3' title="bbox 525 522 2104 596">
     <span class='ocr_line' id='line_1_3' title="bbox 525 522 2104 596; baseline -0.003 -11"><span class='ocrx_word' id='word_1_23' title='bbox 525 529 634 594; x_wconf 90' lang='lat' dir='ltr'><strong>bia,</strong></span> <span class='ocrx_word' id='word_1_24' title='bbox 659 535 772 581; x_wconf 89' lang='lat' dir='ltr'><strong>tum</strong></span> <span class='ocrx_word' id='word_1_25' title='bbox 794 524 1152 596; x_wconf 88' lang='lat' dir='ltr'><strong>snpposititia.</strong></span> <span class='ocrx_word' id='word_1_26' title='bbox 1175 522 1268 579; x_wconf 86' lang='lat' dir='ltr'><strong>His</strong></span> <span class='ocrx_word' id='word_1_27' title='bbox 1288 532 1444 579; x_wconf 87' lang='lat' dir='ltr'><strong>notas</strong></span> <span class='ocrx_word' id='word_1_28' title='bbox 1463 525 1732 580; x_wconf 88' lang='lat' dir='ltr'><strong>variorum</strong></span> <span class='ocrx_word' id='word_1_29' title='bbox 1759 525 2104 594; x_wconf 76' lang='lat' dir='ltr'><strong>subiecimus,</strong></span> 
     </span>
    </p>
   </div>
   <div class='ocr_carea' id='block_1_4' title="bbox 529 615 2105 688">
    <p class='ocr_par' dir='ltr' id='par_1_4' title="bbox 529 615 2105 688">
     <span class='ocr_line' id='line_1_4' title="bbox 529 615 2105 688; baseline -0.004 -14"><span class='ocrx_word' id='word_1_30' title='bbox 529 619 586 674; x_wconf 86' lang='lat' dir='ltr'><strong>in</strong></span> <span class='ocrx_word' id='word_1_31' title='bbox 611 633 839 688; x_wconf 89' lang='lat' dir='ltr'><strong>quarum</strong></span> <span class='ocrx_word' id='word_1_32' title='bbox 869 617 975 670; x_wconf 80' lang='lat' dir='ltr'><strong>line</strong></span> <span class='ocrx_word' id='word_1_33' title='bbox 1003 615 1261 685; x_wconf 86' lang='lat' dir='ltr'><strong>cujusque</strong></span> <span class='ocrx_word' id='word_1_34' title='bbox 1288 616 1521 670; x_wconf 77' lang='lat' dir='ltr'><strong>auctoris</strong></span> <span class='ocrx_word' id='word_1_35' title='bbox 1547 631 1742 671; x_wconf 86' lang='lat' dir='ltr'><strong>nomen</strong></span> <span class='ocrx_word' id='word_1_36' title='bbox 1772 616 1976 671; x_wconf 90' lang='lat' dir='ltr'><strong>editum</strong></span> <span class='ocrx_word' id='word_1_37' title='bbox 2003 625 2105 681; x_wconf 88' lang='lat' dir='ltr'><strong>est,</strong></span> 
     </span>
    </p>
   </div>
   <div class='ocr_carea' id='block_1_5' title="bbox 528 706 1502 776">
    <p class='ocr_par' dir='ltr' id='par_1_5' title="bbox 528 706 1502 776">
     <span class='ocr_line' id='line_1_5' title="bbox 528 706 1502 776; baseline -0.003 -13"><span class='ocrx_word' id='word_1_38' title='bbox 528 709 730 764; x_wconf 75' lang='lat' dir='ltr'><strong>nostris</strong></span> <span class='ocrx_word' id='word_1_39' title='bbox 757 723 888 762; x_wconf 90' lang='lat' dir='ltr'><strong>vero</strong></span> <span class='ocrx_word' id='word_1_40' title='bbox 914 707 1028 761; x_wconf 70' lang='lat' dir='ltr'><strong>hmc</strong></span> <span class='ocrx_word' id='word_1_41' title='bbox 1056 713 1182 762; x_wconf 88' lang='lat' dir='ltr'><strong>uota</strong></span> <span class='ocrx_word' id='word_1_42' title='bbox 1210 706 1234 776; x_wconf 73' lang='grc' dir='ltr'>Ί</span> <span class='ocrx_word' id='word_1_43' title='bbox 1264 707 1502 776; x_wconf 59' lang='lat' dir='ltr'><strong>praefixa.</strong></span> 
     </span>
    </p>
   </div>
   <div class='ocr_carea' id='block_1_6' title="bbox 597 797 2111 868">
    <p class='ocr_par' dir='ltr' id='par_1_6' title="bbox 597 797 2111 868">
     <span class='ocr_line' id='line_1_6' title="bbox 597 797 2111 868; baseline 0 -14"><span class='ocrx_word' id='word_1_44' title='bbox 597 799 906 868; x_wconf 78' lang='lat' dir='ltr'><strong>Sequuntur</strong></span> <span class='ocrx_word' id='word_1_45' title='bbox 931 798 1251 854; x_wconf 76' lang='lat' dir='ltr'><strong>sanctissimi</strong></span> <span class='ocrx_word' id='word_1_46' title='bbox 1277 797 1378 852; x_wconf 91' lang='lat' dir='ltr'><strong>viri</strong></span> <span class='ocrx_word' id='word_1_47' title='bbox 1401 798 1574 868; x_wconf 88' lang='lat' dir='ltr'><strong>elogia</strong></span> <span class='ocrx_word' id='word_1_48' title='bbox 1603 813 1670 854; x_wconf 83' lang='lat' dir='ltr'><strong>ex</strong></span> <span class='ocrx_word' id='word_1_49' title='bbox 1698 798 1860 854; x_wconf 89' lang='lat' dir='ltr'><strong>variis</strong></span> <span class='ocrx_word' id='word_1_50' title='bbox 1882 800 2111 868; x_wconf 89' lang='lat' dir='ltr'><strong>scripto-</strong></span> 
     </span>
    </p>
   </div>
   <div class='ocr_carea' id='block_1_7' title="bbox 525 889 2111 960">
    <p class='ocr_par' dir='ltr' id='par_1_7' title="bbox 525 889 2111 960">
     <span class='ocr_line' id='line_1_7' title="bbox 525 889 2111 960; baseline 0.001 -17"><span class='ocrx_word' id='word_1_51' title='bbox 525 889 676 944; x_wconf 86' lang='lat' dir='ltr'><strong>ribus</strong></span> <span class='ocrx_word' id='word_1_52' title='bbox 705 889 771 943; x_wconf 91' lang='lat' dir='ltr'><strong>ad</strong></span> <span class='ocrx_word' id='word_1_53' title='bbox 800 905 925 943; x_wconf 90' lang='lat' dir='ltr'><strong>mss.</strong></span> <span class='ocrx_word' id='word_1_54' title='bbox 958 889 1169 943; x_wconf 87' lang='lat' dir='ltr'><strong>codices</strong></span> <span class='ocrx_word' id='word_1_55' title='bbox 1199 890 1504 958; x_wconf 86' lang='lat' dir='ltr'><strong>recognita,</strong></span> <span class='ocrx_word' id='word_1_56' title='bbox 1536 905 1655 958; x_wconf 81' lang='lat' dir='ltr'><strong>quae</strong></span> <span class='ocrx_word' id='word_1_57' title='bbox 1697 891 1873 945; x_wconf 91' lang='lat' dir='ltr'><strong>locum</strong></span> <span class='ocrx_word' id='word_1_58' title='bbox 1919 899 2111 960; x_wconf 91' lang='lat' dir='ltr'><strong>parant</strong></span> 
     </span>
    </p>
   </div>
   <div class='ocr_carea' id='block_1_8' title="bbox 525 977 2108 1049">
    <p class='ocr_par' dir='ltr' id='par_1_8' title="bbox 525 977 2108 1049">
     <span class='ocr_line' id='line_1_8' title="bbox 525 977 2108 1049; baseline 0.001 -17"><span class='ocrx_word' id='word_1_59' title='bbox 525 978 661 1033; x_wconf 79' lang='lat' dir='ltr'><strong>Vitae</strong></span> <span class='ocrx_word' id='word_1_60' title='bbox 680 978 736 1033; x_wconf 90' lang='lat' dir='ltr'><strong>S.</strong></span> <span class='ocrx_word' id='word_1_61' title='bbox 758 977 961 1038; x_wconf 84' lang='lat' dir='ltr'><strong>Paulini</strong></span> <span class='ocrx_word' id='word_1_62' title='bbox 986 993 1055 1033; x_wconf 81' lang='lat' dir='ltr'><strong>ex</strong></span> <span class='ocrx_word' id='word_1_63' title='bbox 1075 978 1240 1047; x_wconf 90' lang='lat' dir='ltr'><strong>ipsius</strong></span> <span class='ocrx_word' id='word_1_64' title='bbox 1262 979 1432 1033; x_wconf 90' lang='lat' dir='ltr'><strong>sancti</strong></span> <span class='ocrx_word' id='word_1_65' title='bbox 1453 987 1507 1034; x_wconf 90' lang='lat' dir='ltr'><strong>et</strong></span> <span class='ocrx_word' id='word_1_66' title='bbox 1526 987 1766 1034; x_wconf 90' lang='lat' dir='ltr'><strong>veterum</strong></span> <span class='ocrx_word' id='word_1_67' title='bbox 1789 980 2108 1049; x_wconf 88' lang='lat' dir='ltr'><strong>scriptorum</strong></span> 
     </span>
    </p>
   </div>
   <div class='ocr_carea' id='block_1_9' title="bbox 526 1071 1375 1140">
    <p class='ocr_par' dir='ltr' id='par_1_9' title="bbox 526 1071 1375 1140">
     <span class='ocr_line' id='line_1_9' title="bbox 526 1071 1375 1140; baseline -0.001 -15"><span class='ocrx_word' id='word_1_68' title='bbox 526 1072 778 1140; x_wconf 88' lang='lat' dir='ltr'><strong>operibus</strong></span> <span class='ocrx_word' id='word_1_69' title='bbox 808 1085 998 1126; x_wconf 84' lang='lat' dir='ltr'><strong>recens</strong></span> <span class='ocrx_word' id='word_1_70' title='bbox 1024 1071 1375 1125; x_wconf 62' lang='lat' dir='ltr'><strong>concinnatae.</strong></span> 
     </span>
    </p>
   </div>
   <div class='ocr_carea' id='block_1_10' title="bbox 597 1161 2106 1233">
    <p class='ocr_par' dir='ltr' id='par_1_10' title="bbox 597 1161 2106 1233">
     <span class='ocr_line' id='line_1_10' title="bbox 597 1161 2106 1233; baseline 0.002 -17"><span class='ocrx_word' id='word_1_71' title='bbox 597 1161 733 1216; x_wconf 83' lang='lat' dir='ltr'><strong>Huic</strong></span> <span class='ocrx_word' id='word_1_72' title='bbox 761 1161 981 1230; x_wconf 75' lang='lat' dir='ltr'><strong>adjectae</strong></span> <span class='ocrx_word' id='word_1_73' title='bbox 1026 1168 1151 1215; x_wconf 90' lang='lat' dir='ltr'><strong>sunt</strong></span> <span class='ocrx_word' id='word_1_74' title='bbox 1173 1161 1576 1217; x_wconf 84' lang='lat' dir='ltr'><strong>dissertationes</strong></span> <span class='ocrx_word' id='word_1_75' title='bbox 1603 1170 1808 1232; x_wconf 88' lang='lat' dir='ltr'><strong>septem</strong></span> <span class='ocrx_word' id='word_1_76' title='bbox 1827 1202 1842 1227; x_wconf 90' lang='lat'><strong>,</strong></span> <span class='ocrx_word' id='word_1_77' title='bbox 1873 1179 2106 1233; x_wconf 90' lang='lat' dir='ltr'><strong>quarum</strong></span> 
     </span>
    </p>
   </div>
   <div class='ocr_carea' id='block_1_11' title="bbox 525 1253 2108 1326">
    <p class='ocr_par' dir='ltr' id='par_1_11' title="bbox 525 1253 2108 1326">
     <span class='ocr_line' id='line_1_11' title="bbox 525 1253 2108 1326; baseline -0.001 -17"><span class='ocrx_word' id='word_1_78' title='bbox 525 1256 698 1326; x_wconf 87' lang='lat' dir='ltr'><strong>prima</strong></span> <span class='ocrx_word' id='word_1_79' title='bbox 727 1253 1074 1323; x_wconf 89' lang='lat' dir='ltr'><strong>epistolarum</strong></span> <span class='ocrx_word' id='word_1_80' title='bbox 1120 1253 1364 1308; x_wconf 85' lang='lat' dir='ltr'><strong>ordinem</strong></span> <span class='ocrx_word' id='word_1_81' title='bbox 1412 1254 1848 1322; x_wconf 87' lang='lat' dir='ltr'><strong>chronologicum</strong></span> <span class='ocrx_word' id='word_1_82' title='bbox 1899 1256 2108 1321; x_wconf 85' lang='lat' dir='ltr'><strong>astruit,</strong></span> 
     </span>
    </p>
   </div>
   <div class='ocr_carea' id='block_1_12' title="bbox 526 1341 2114 1412">
    <p class='ocr_par' dir='ltr' id='par_1_12' title="bbox 526 1341 2114 1412">
     <span class='ocr_line' id='line_1_12' title="bbox 526 1341 2114 1412; baseline -0.002 -12"><span class='ocrx_word' id='word_1_83' title='bbox 526 1343 761 1400; x_wconf 83' lang='lat' dir='ltr'><strong>secunda</strong></span> <span class='ocrx_word' id='word_1_84' title='bbox 790 1350 1118 1412; x_wconf 88' lang='lat' dir='ltr'><strong>poematum.</strong></span> <span class='ocrx_word' id='word_1_85' title='bbox 1170 1341 1348 1396; x_wconf 89' lang='lat' dir='ltr'><strong>Tertia</strong></span> <span class='ocrx_word' id='word_1_86' title='bbox 1368 1380 1382 1405; x_wconf 91' lang='lat'><strong>,</strong></span> <span class='ocrx_word' id='word_1_87' title='bbox 1432 1350 1621 1410; x_wconf 90' lang='lat' dir='ltr'><strong>quarta</strong></span> <span class='ocrx_word' id='word_1_88' title='bbox 1651 1351 1705 1396; x_wconf 89' lang='lat' dir='ltr'><strong>et</strong></span> <span class='ocrx_word' id='word_1_89' title='bbox 1731 1343 1918 1411; x_wconf 88' lang='lat' dir='ltr'><strong>quinta</strong></span> <span class='ocrx_word' id='word_1_90' title='bbox 1947 1352 2114 1411; x_wconf 85' lang='lat' dir='ltr'><strong>agunt</strong></span> 
     </span>
    </p>
   </div>
   <div class='ocr_carea' id='block_1_13' title="bbox 528 1431 2112 1502">
    <p class='ocr_par' dir='ltr' id='par_1_13' title="bbox 528 1431 2112 1502">
     <span class='ocr_line' id='line_1_13' title="bbox 528 1431 2112 1502; baseline -0.001 -14"><span class='ocrx_word' id='word_1_91' title='bbox 528 1435 598 1488; x_wconf 89' lang='lat' dir='ltr'><strong>de</strong></span> <span class='ocrx_word' id='word_1_92' title='bbox 627 1433 862 1502; x_wconf 79' lang='lat' dir='ltr'><strong>Sulpicio</strong></span> <span class='ocrx_word' id='word_1_93' title='bbox 891 1432 1123 1497; x_wconf 87' lang='lat' dir='ltr'><strong>Severo,</strong></span> <span class='ocrx_word' id='word_1_94' title='bbox 1173 1431 1415 1496; x_wconf 88' lang='lat' dir='ltr'><strong>Alethio,</strong></span> <span class='ocrx_word' id='word_1_95' title='bbox 1467 1431 1718 1486; x_wconf 87' lang='lat' dir='ltr'><strong>Victricio</strong></span> <span class='ocrx_word' id='word_1_96' title='bbox 1755 1441 1811 1486; x_wconf 90' lang='lat' dir='ltr'><strong>et</strong></span> <span class='ocrx_word' id='word_1_97' title='bbox 1839 1433 2014 1502; x_wconf 81' lang='lat' dir='ltr'><strong>Apro,</strong></span> <span class='ocrx_word' id='word_1_98' title='bbox 2042 1433 2112 1487; x_wconf 88' lang='lat' dir='ltr'><strong>ad</strong></span> 
     </span>
    </p>
   </div>
   <div class='ocr_carea' id='block_1_14' title="bbox 532 1521 2113 1592">
    <p class='ocr_par' dir='ltr' id='par_1_14' title="bbox 532 1521 2113 1592">
     <span class='ocr_line' id='line_1_14' title="bbox 532 1521 2113 1592; baseline 0.003 -20"><span class='ocrx_word' id='word_1_99' title='bbox 532 1537 669 1592; x_wconf 80' lang='lat' dir='ltr'><strong>quos</strong></span> <span class='ocrx_word' id='word_1_100' title='bbox 697 1522 910 1592; x_wconf 89' lang='lat' dir='ltr'><strong>scripsit</strong></span> <span class='ocrx_word' id='word_1_101' title='bbox 953 1521 1234 1587; x_wconf 87' lang='lat' dir='ltr'><strong>Paulinus;</strong></span> <span class='ocrx_word' id='word_1_102' title='bbox 1267 1530 1419 1576; x_wconf 85' lang='lat' dir='ltr'><strong>sexta</strong></span> <span class='ocrx_word' id='word_1_103' title='bbox 1447 1521 1514 1576; x_wconf 90' lang='lat' dir='ltr'><strong>de</strong></span> <span class='ocrx_word' id='word_1_104' title='bbox 1542 1523 1793 1591; x_wconf 89' lang='lat' dir='ltr'><strong>operibus</strong></span> <span class='ocrx_word' id='word_1_105' title='bbox 1817 1522 1874 1577; x_wconf 92' lang='lat' dir='ltr'><strong>S.</strong></span> <span class='ocrx_word' id='word_1_106' title='bbox 1905 1522 2113 1577; x_wconf 87' lang='lat' dir='ltr'><strong>Paulini</strong></span> 
     </span>
    </p>
   </div>
   <div class='ocr_carea' id='block_1_15' title="bbox 526 1611 2114 1682">
    <p class='ocr_par' dir='ltr' id='par_1_15' title="bbox 526 1611 2114 1682">
     <span class='ocr_line' id='line_1_15' title="bbox 526 1611 2114 1682; baseline -0.001 -14"><span class='ocrx_word' id='word_1_107' title='bbox 526 1615 757 1679; x_wconf 89' lang='lat' dir='ltr'><strong>amissis,</strong></span> <span class='ocrx_word' id='word_1_108' title='bbox 783 1613 959 1667; x_wconf 90' lang='lat' dir='ltr'><strong>dubiis</strong></span> <span class='ocrx_word' id='word_1_109' title='bbox 986 1621 1042 1666; x_wconf 90' lang='lat' dir='ltr'><strong>et</strong></span> <span class='ocrx_word' id='word_1_110' title='bbox 1068 1611 1419 1682; x_wconf 90' lang='lat' dir='ltr'><strong>supposititiis</strong></span> <span class='ocrx_word' id='word_1_111' title='bbox 1443 1629 1456 1663; x_wconf 89' lang='lat'><strong>:</strong></span> <span class='ocrx_word' id='word_1_112' title='bbox 1483 1612 1710 1681; x_wconf 88' lang='lat' dir='ltr'><strong>septima</strong></span> <span class='ocrx_word' id='word_1_113' title='bbox 1734 1628 1861 1667; x_wconf 86' lang='lat' dir='ltr'><strong>vero</strong></span> <span class='ocrx_word' id='word_1_114' title='bbox 1884 1612 1952 1667; x_wconf 92' lang='lat' dir='ltr'><strong>de</strong></span> <span class='ocrx_word' id='word_1_115' title='bbox 1973 1613 2114 1681; x_wconf 88' lang='lat' dir='ltr'><strong>ejus-</strong></span> 
     </span>
    </p>
   </div>
   <div class='ocr_carea' id='block_1_16' title="bbox 530 1699 1967 1769">
    <p class='ocr_par' dir='ltr' id='par_1_16' title="bbox 530 1699 1967 1769">
     <span class='ocr_line' id='line_1_16' title="bbox 530 1699 1967 1769; baseline -0.003 -10"><span class='ocrx_word' id='word_1_116' title='bbox 530 1703 656 1759; x_wconf 90' lang='lat' dir='ltr'><strong>dem</strong></span> <span class='ocrx_word' id='word_1_117' title='bbox 685 1701 856 1756; x_wconf 87' lang='lat' dir='ltr'><strong>sancti</strong></span> <span class='ocrx_word' id='word_1_118' title='bbox 884 1709 1232 1756; x_wconf 89' lang='lat' dir='ltr'><strong>controversa</strong></span> <span class='ocrx_word' id='word_1_119' title='bbox 1261 1701 1570 1769; x_wconf 84' lang='lat' dir='ltr'><strong>captivitate</strong></span> <span class='ocrx_word' id='word_1_120' title='bbox 1597 1699 1712 1756; x_wconf 87' lang='lat' dir='ltr'><strong>fuse</strong></span> <span class='ocrx_word' id='word_1_121' title='bbox 1735 1702 1967 1757; x_wconf 88' lang='lat' dir='ltr'><strong>disserit.</strong></span> 
     </span>
    </p>
   </div>
   <div class='ocr_carea' id='block_1_17' title="bbox 2209 524 3790 606">
    <p class='ocr_par' dir='ltr' id='par_1_17' title="bbox 2209 524 3790 606">
     <span class='ocr_line' id='line_1_17' title="bbox 2209 524 3790 606; baseline 0.013 -27"><span class='ocrx_word' id='word_1_122' title='bbox 2209 524 2497 596; x_wconf 72' lang='lat' dir='ltr'><strong>Scriptura:</strong></span> <span class='ocrx_word' id='word_1_123' title='bbox 2548 528 2616 594; x_wconf 83' lang='lat'><strong>“,</strong></span> <span class='ocrx_word' id='word_1_124' title='bbox 2661 543 2780 597; x_wconf 67' lang='lat' dir='ltr'><strong>quae</strong></span> <span class='ocrx_word' id='word_1_125' title='bbox 2826 530 3176 599; x_wconf 81' lang='lat' dir='ltr'><strong>explicantur,</strong></span> <span class='ocrx_word' id='word_1_126' title='bbox 3227 544 3282 589; x_wconf 91' lang='lat' dir='ltr'><strong>et</strong></span> <span class='ocrx_word' id='word_1_127' title='bbox 3326 537 3580 606; x_wconf 79' lang='lat' dir='ltr'><strong>singulari</strong></span> <span class='ocrx_word' id='word_1_128' title='bbox 3625 543 3790 601; x_wconf 89' lang='lat' dir='ltr'><strong>modo</strong></span> 
     </span>
    </p>
   </div>
   <div class='ocr_carea' id='block_1_18' title="bbox 2208 617 3788 701">
    <p class='ocr_par' dir='ltr' id='par_1_18' title="bbox 2208 617 3788 701">
     <span class='ocr_line' id='line_1_18' title="bbox 2208 617 3788 701; baseline 0.013 -32"><span class='ocrx_word' id='word_1_129' title='bbox 2208 617 2593 685; x_wconf 83' lang='lat' dir='ltr'><strong>exprimuntur.</strong></span> <span class='ocrx_word' id='word_1_130' title='bbox 2625 617 2718 672; x_wconf 87' lang='lat' dir='ltr'><strong>His</strong></span> <span class='ocrx_word' id='word_1_131' title='bbox 2748 620 2872 673; x_wconf 91' lang='lat' dir='ltr'><strong>item</strong></span> <span class='ocrx_word' id='word_1_132' title='bbox 2899 623 3105 678; x_wconf 88' lang='lat' dir='ltr'><strong>accedit</strong></span> <span class='ocrx_word' id='word_1_133' title='bbox 3133 624 3288 680; x_wconf 78' lang='lat' dir='ltr'><strong>index</strong></span> <span class='ocrx_word' id='word_1_134' title='bbox 3329 643 3540 698; x_wconf 88' lang='lat' dir='ltr'><strong>vocum,</strong></span> <span class='ocrx_word' id='word_1_135' title='bbox 3564 647 3788 701; x_wconf 88' lang='lat' dir='ltr'><strong>quarum</strong></span> 
     </span>
    </p>
   </div>
   <div class='ocr_carea' id='block_1_19' title="bbox 2209 705 3786 781">
    <p class='ocr_par' dir='ltr' id='par_1_19' title="bbox 2209 705 3786 781">
     <span class='ocr_line' id='line_1_19' title="bbox 2209 705 3786 781; baseline 0.015 -22"><span class='ocrx_word' id='word_1_136' title='bbox 2209 705 2419 760; x_wconf 88' lang='lat' dir='ltr'><strong>insolita</strong></span> <span class='ocrx_word' id='word_1_137' title='bbox 2483 707 2816 775; x_wconf 86' lang='lat' dir='ltr'><strong>significatio.</strong></span> <span class='ocrx_word' id='word_1_138' title='bbox 2881 713 3083 779; x_wconf 82' lang='lat' dir='ltr'><strong>Agmen</strong></span> <span class='ocrx_word' id='word_1_139' title='bbox 3140 715 3353 772; x_wconf 86' lang='lat' dir='ltr'><strong>claudet</strong></span> <span class='ocrx_word' id='word_1_140' title='bbox 3399 720 3557 776; x_wconf 81' lang='lat' dir='ltr'><strong>index</strong></span> <span class='ocrx_word' id='word_1_141' title='bbox 3609 742 3786 781; x_wconf 89' lang='lat' dir='ltr'><strong>rerum</strong></span> 
     </span>
    </p>
   </div>
   <div class='ocr_carea' id='block_1_20' title="bbox 2209 798 2628 865">
    <p class='ocr_par' dir='ltr' id='par_1_20' title="bbox 2209 798 2628 865">
     <span class='ocr_line' id='line_1_20' title="bbox 2209 798 2628 865; baseline 0.005 -15"><span class='ocrx_word' id='word_1_142' title='bbox 2209 798 2628 865; x_wconf 88' lang='lat' dir='ltr'><strong>copiosissimus.</strong></span> 
     </span>
    </p>
   </div>
   <div class='ocr_carea' id='block_1_21' title="bbox 2282 887 3790 965">
    <p class='ocr_par' dir='ltr' id='par_1_21' title="bbox 2282 887 3790 965">
     <span class='ocr_line' id='line_1_21' title="bbox 2282 887 3790 965; baseline 0.014 -25"><span class='ocrx_word' id='word_1_143' title='bbox 2282 887 2414 942; x_wconf 92' lang='lat' dir='ltr'><strong>Tum</strong></span> <span class='ocrx_word' id='word_1_144' title='bbox 2445 905 2513 944; x_wconf 88' lang='lat' dir='ltr'><strong>ne</strong></span> <span class='ocrx_word' id='word_1_145' title='bbox 2538 890 2664 959; x_wconf 93' lang='lat' dir='ltr'><strong>quid</strong></span> <span class='ocrx_word' id='word_1_146' title='bbox 2692 891 3019 948; x_wconf 80' lang='lat' dir='ltr'><strong>difﬁcultatis</strong></span> <span class='ocrx_word' id='word_1_147' title='bbox 3047 897 3262 965; x_wconf 88' lang='lat' dir='ltr'><strong>pariant</strong></span> <span class='ocrx_word' id='word_1_148' title='bbox 3289 900 3559 956; x_wconf 88' lang='lat' dir='ltr'><strong>variorum</strong></span> <span class='ocrx_word' id='word_1_149' title='bbox 3601 917 3790 961; x_wconf 86' lang='lat' dir='ltr'><strong>auclo-</strong></span> 
     </span>
    </p>
   </div>
   <div class='ocr_carea' id='block_1_22' title="bbox 2208 981 3791 1055">
    <p class='ocr_par' dir='ltr' id='par_1_22' title="bbox 2208 981 3791 1055">
     <span class='ocr_line' id='line_1_22' title="bbox 2208 981 3791 1055; baseline 0.012 -23"><span class='ocrx_word' id='word_1_150' title='bbox 2208 995 2326 1033; x_wconf 90' lang='lat' dir='ltr'><strong>rum</strong></span> <span class='ocrx_word' id='word_1_151' title='bbox 2356 981 2610 1049; x_wconf 67' lang='lat' dir='ltr'><strong>apposita:</strong></span> <span class='ocrx_word' id='word_1_152' title='bbox 2654 984 2706 1036; x_wconf 92' lang='lat' dir='ltr'><strong>in</strong></span> <span class='ocrx_word' id='word_1_153' title='bbox 2756 986 3082 1052; x_wconf 78' lang='lat' dir='ltr'><strong>marginibus</strong></span> <span class='ocrx_word' id='word_1_154' title='bbox 3110 987 3412 1055; x_wconf 90' lang='lat' dir='ltr'><strong>citationes,</strong></span> <span class='ocrx_word' id='word_1_155' title='bbox 3445 999 3499 1046; x_wconf 88' lang='lat' dir='ltr'><strong>te</strong></span> <span class='ocrx_word' id='word_1_156' title='bbox 3528 997 3791 1051; x_wconf 84' lang='lat' dir='ltr'><strong>monitum</strong></span> 
     </span>
    </p>
   </div>
   <div class='ocr_carea' id='block_1_23' title="bbox 2210 1069 3796 1154">
    <p class='ocr_par' dir='ltr' id='par_1_23' title="bbox 2210 1069 3796 1154">
     <span class='ocr_line' id='line_1_23' title="bbox 2210 1069 3796 1154; baseline 0.011 -32"><span class='ocrx_word' id='word_1_157' title='bbox 2210 1069 2455 1124; x_wconf 85' lang='lat' dir='ltr'><strong>volumus</strong></span> <span class='ocrx_word' id='word_1_158' title='bbox 2501 1087 2598 1125; x_wconf 92' lang='lat' dir='ltr'><strong>nos</strong></span> <span class='ocrx_word' id='word_1_159' title='bbox 2642 1071 2802 1127; x_wconf 90' lang='lat' dir='ltr'><strong>fuisse</strong></span> <span class='ocrx_word' id='word_1_160' title='bbox 2833 1090 2958 1129; x_wconf 90' lang='lat' dir='ltr'><strong>usos</strong></span> <span class='ocrx_word' id='word_1_161' title='bbox 2987 1075 3208 1131; x_wconf 81' lang='lat' dir='ltr'><strong>Ausonii</strong></span> <span class='ocrx_word' id='word_1_162' title='bbox 3258 1080 3496 1137; x_wconf 89' lang='lat' dir='ltr'><strong>editione</strong></span> <span class='ocrx_word' id='word_1_163' title='bbox 3525 1083 3796 1154; x_wconf 85' lang='lat' dir='ltr'><strong>Burdega-</strong></span> 
     </span>
    </p>
   </div>
   <div class='ocr_carea' id='block_1_24' title="bbox 2211 1157 3794 1246">
    <p class='ocr_par' dir='ltr' id='par_1_24' title="bbox 2211 1157 3794 1246">
     <span class='ocr_line' id='line_1_24' title="bbox 2211 1157 3794 1246; baseline 0.013 -37"><span class='ocrx_word' id='word_1_164' title='bbox 2211 1157 2343 1211; x_wconf 89' lang='lat' dir='ltr'><strong>lensi</strong></span> <span class='ocrx_word' id='word_1_165' title='bbox 2389 1173 2477 1211; x_wconf 86' lang='lat' dir='ltr'><strong>an.</strong></span> <span class='ocrx_word' id='word_1_166' title='bbox 2527 1157 2666 1212; x_wconf 81' lang='grc'><strong>1575</strong></span> <span class='ocrx_word' id='word_1_167' title='bbox 2709 1176 2740 1214; x_wconf 90' lang='lat' dir='ltr'><strong>a</strong></span> <span class='ocrx_word' id='word_1_168' title='bbox 2770 1162 2962 1218; x_wconf 85' lang='lat' dir='ltr'><strong>Vineto</strong></span> <span class='ocrx_word' id='word_1_169' title='bbox 3009 1176 3323 1233; x_wconf 88' lang='lat' dir='ltr'><strong>procurata,</strong></span> <span class='ocrx_word' id='word_1_170' title='bbox 3374 1168 3430 1224; x_wconf 92' lang='lat' dir='ltr'><strong>S.</strong></span> <span class='ocrx_word' id='word_1_171' title='bbox 3483 1171 3794 1246; x_wconf 81' lang='lat' dir='ltr'><strong>Hieronymi</strong></span> 
     </span>
    </p>
   </div>
   <div class='ocr_carea' id='block_1_25' title="bbox 2213 1245 3791 1329">
    <p class='ocr_par' dir='ltr' id='par_1_25' title="bbox 2213 1245 3791 1329">
     <span class='ocr_line' id='line_1_25' title="bbox 2213 1245 3791 1329; baseline 0.014 -31"><span class='ocrx_word' id='word_1_172' title='bbox 2213 1245 2501 1302; x_wconf 82' lang='lat' dir='ltr'><strong>Basileensi</strong></span> <span class='ocrx_word' id='word_1_173' title='bbox 2525 1265 2612 1303; x_wconf 90' lang='lat' dir='ltr'><strong>an.</strong></span> <span class='ocrx_word' id='word_1_174' title='bbox 2646 1249 2802 1316; x_wconf 82' lang='grc'><strong>1565,</strong></span> <span class='ocrx_word' id='word_1_175' title='bbox 2825 1252 2880 1306; x_wconf 89' lang='lat' dir='ltr'><strong>s.</strong></span> <span class='ocrx_word' id='word_1_176' title='bbox 2911 1254 3188 1322; x_wconf 73' lang='lat' dir='ltr'><strong>Augustini</strong></span> <span class='ocrx_word' id='word_1_177' title='bbox 3215 1258 3451 1314; x_wconf 90' lang='lat' dir='ltr'><strong>editione</strong></span> <span class='ocrx_word' id='word_1_178' title='bbox 3468 1245 3791 1329; x_wconf 77' lang='lat' dir='ltr'><strong>novissima,</strong></span> 
     </span>
    </p>
   </div>
   <div class='ocr_carea' id='block_1_26' title="bbox 2211 1339 3795 1419">
    <p class='ocr_par' dir='ltr' id='par_1_26' title="bbox 2211 1339 3795 1419">
     <span class='ocr_line' id='line_1_26' title="bbox 2211 1339 3795 1419; baseline 0.011 -27"><span class='ocrx_word' id='word_1_179' title='bbox 2211 1339 2433 1408; x_wconf 91' lang='lat' dir='ltr'><strong>Sulpicii</strong></span> <span class='ocrx_word' id='word_1_180' title='bbox 2455 1339 2637 1395; x_wconf 87' lang='lat' dir='ltr'><strong>Severi</strong></span> <span class='ocrx_word' id='word_1_181' title='bbox 2670 1341 3034 1413; x_wconf 85' lang='lat' dir='ltr'><strong>Antuerpiana</strong></span> <span class='ocrx_word' id='word_1_182' title='bbox 3060 1361 3148 1400; x_wconf 91' lang='lat' dir='ltr'><strong>an.</strong></span> <span class='ocrx_word' id='word_1_183' title='bbox 3173 1347 3331 1414; x_wconf 72' lang='grc'><strong>1574,</strong></span> <span class='ocrx_word' id='word_1_184' title='bbox 3354 1349 3597 1419; x_wconf 84' lang='lat' dir='ltr'><strong>Gregorii</strong></span> <span class='ocrx_word' id='word_1_185' title='bbox 3624 1353 3795 1409; x_wconf 86' lang='lat' dir='ltr'><strong>Turo-</strong></span> 
     </span>
    </p>
   </div>
   <div class='ocr_carea' id='block_1_27' title="bbox 2211 1421 3795 1510">
    <p class='ocr_par' dir='ltr' id='par_1_27' title="bbox 2211 1421 3795 1510">
     <span class='ocr_line' id='line_1_27' title="bbox 2211 1421 3795 1510; baseline 0.011 -26"><span class='ocrx_word' id='word_1_186' title='bbox 2211 1433 2394 1486; x_wconf 90' lang='lat' dir='ltr'><strong>nensis</strong></span> <span class='ocrx_word' id='word_1_187' title='bbox 2434 1447 2520 1486; x_wconf 90' lang='lat' dir='ltr'><strong>an.</strong></span> <span class='ocrx_word' id='word_1_188' title='bbox 2553 1421 2692 1487; x_wconf 67' lang='lat'><strong>1640</strong></span> <span class='ocrx_word' id='word_1_189' title='bbox 2723 1433 3027 1502; x_wconf 90' lang='lat' dir='ltr'><strong>Parisiensi,</strong></span> <span class='ocrx_word' id='word_1_190' title='bbox 3070 1437 3126 1491; x_wconf 94' lang='lat' dir='ltr'><strong>S.</strong></span> <span class='ocrx_word' id='word_1_191' title='bbox 3175 1437 3419 1507; x_wconf 86' lang='lat' dir='ltr'><strong>Gregorii</strong></span> <span class='ocrx_word' id='word_1_192' title='bbox 3461 1442 3636 1510; x_wconf 82' lang='lat' dir='ltr'><strong>Magni</strong></span> <span class='ocrx_word' id='word_1_193' title='bbox 3668 1447 3795 1502; x_wconf 88' lang='lat' dir='ltr'><strong>item</strong></span> 
     </span>
    </p>
   </div>
   <div class='ocr_carea' id='block_1_28' title="bbox 2213 1521 3793 1595">
    <p class='ocr_par' dir='ltr' id='par_1_28' title="bbox 2213 1521 3793 1595">
     <span class='ocr_line' id='line_1_28' title="bbox 2213 1521 3793 1595; baseline 0.013 -20"><span class='ocrx_word' id='word_1_194' title='bbox 2213 1521 2381 1578; x_wconf 88' lang='lat' dir='ltr'><strong>Paris.</strong></span> <span class='ocrx_word' id='word_1_195' title='bbox 2439 1541 2526 1579; x_wconf 91' lang='lat' dir='ltr'><strong>an.</strong></span> <span class='ocrx_word' id='word_1_196' title='bbox 2583 1525 2740 1591; x_wconf 68' lang='lat'><strong>1605,</strong></span> <span class='ocrx_word' id='word_1_197' title='bbox 2796 1529 3155 1586; x_wconf 91' lang='lat' dir='ltr'><strong>Conciliorum</strong></span> <span class='ocrx_word' id='word_1_198' title='bbox 3210 1533 3347 1588; x_wconf 90' lang='lat' dir='ltr'><strong>Binii</strong></span> <span class='ocrx_word' id='word_1_199' title='bbox 3399 1545 3453 1590; x_wconf 92' lang='lat' dir='ltr'><strong>et</strong></span> <span class='ocrx_word' id='word_1_200' title='bbox 3503 1538 3793 1595; x_wconf 87' lang='lat' dir='ltr'><strong>Annalium</strong></span> 
     </span>
    </p>
   </div>
   <div class='ocr_carea' id='block_1_29' title="bbox 2214 1615 3545 1682">
    <p class='ocr_par' dir='ltr' id='par_1_29' title="bbox 2214 1615 3545 1682">
     <span class='ocr_line' id='line_1_29' title="bbox 2214 1615 3545 1682; baseline 0.011 -15"><span class='ocrx_word' id='word_1_201' title='bbox 2214 1615 2404 1669; x_wconf 87' lang='lat' dir='ltr'><strong>eccles.</strong></span> <span class='ocrx_word' id='word_1_202' title='bbox 2433 1615 2647 1671; x_wconf 87' lang='lat' dir='ltr'><strong>Baronii</strong></span> <span class='ocrx_word' id='word_1_203' title='bbox 2671 1619 2906 1674; x_wconf 90' lang='lat' dir='ltr'><strong>editione</strong></span> <span class='ocrx_word' id='word_1_204' title='bbox 2935 1621 3240 1678; x_wconf 85' lang='lat' dir='ltr'><strong>Coloniensi</strong></span> <span class='ocrx_word' id='word_1_205' title='bbox 3270 1641 3360 1679; x_wconf 88' lang='lat' dir='ltr'><strong>an.</strong></span> <span class='ocrx_word' id='word_1_206' title='bbox 3395 1627 3545 1682; x_wconf 80' lang='grc'><strong>1609.</strong></span> 
     </span>
    </p>
   </div>
   <div class='ocr_carea' id='block_1_30' title="bbox 2265 1688 3788 1793">
    <p class='ocr_par' dir='ltr' id='par_1_30' title="bbox 2265 1688 3788 1793">
     <span class='ocr_line' id='line_1_30' title="bbox 2265 1688 3788 1793; baseline 0.014 -34"><span class='ocrx_word' id='word_1_207' title='bbox 2265 1688 2343 1760; x_wconf 85' lang='lat' dir='ltr'><strong>In</strong></span> <span class='ocrx_word' id='word_1_208' title='bbox 2371 1707 2691 1765; x_wconf 90' lang='lat' dir='ltr'><strong>dictionibus</strong></span> <span class='ocrx_word' id='word_1_209' title='bbox 2718 1726 2748 1764; x_wconf 93' lang='lat' dir='ltr'><strong>e</strong></span> <span class='ocrx_word' id='word_1_210' title='bbox 2776 1709 2960 1767; x_wconf 62' lang='lat' dir='ltr'><strong>Graeco</strong></span> <span class='ocrx_word' id='word_1_211' title='bbox 2999 1714 3250 1771; x_wconf 90' lang='lat' dir='ltr'><strong>derivatis</strong></span> <span class='ocrx_word' id='word_1_212' title='bbox 3276 1716 3515 1774; x_wconf 74' lang='lat' dir='ltr'><strong>Grmcam</strong></span> <span class='ocrx_word' id='word_1_213' title='bbox 3559 1737 3788 1793; x_wconf 85' lang='lat' dir='ltr'><strong>usurpa-</strong></span> 
     </span>
    </p>
   </div>
   <div class='ocr_carea' id='block_1_31' title="bbox 600 1791 3792 1876">
    <p class='ocr_par' dir='ltr' id='par_1_31' title="bbox 600 1791 3792 1876">
     <span class='ocr_line' id='line_1_31' title="bbox 600 1791 3792 1876; baseline 0.007 -30"><span class='ocrx_word' id='word_1_214' title='bbox 600 1793 911 1860; x_wconf 90' lang='lat' dir='ltr'><strong>Sequuntur</strong></span> <span class='ocrx_word' id='word_1_215' title='bbox 937 1791 1208 1846; x_wconf 86' lang='lat' dir='ltr'><strong>variantes</strong></span> <span class='ocrx_word' id='word_1_216' title='bbox 1254 1805 1321 1845; x_wconf 80' lang='lat' dir='ltr'><strong>ex</strong></span> <span class='ocrx_word' id='word_1_217' title='bbox 1361 1806 1487 1846; x_wconf 90' lang='lat' dir='ltr'><strong>mss.</strong></span> <span class='ocrx_word' id='word_1_218' title='bbox 1536 1799 1591 1846; x_wconf 91' lang='lat' dir='ltr'><strong>et</strong></span> <span class='ocrx_word' id='word_1_219' title='bbox 1637 1792 1794 1848; x_wconf 90' lang='lat' dir='ltr'><strong>editis</strong></span> <span class='ocrx_word' id='word_1_220' title='bbox 1843 1793 2112 1850; x_wconf 89' lang='lat' dir='ltr'><strong>codicibus</strong></span> <span class='ocrx_word' id='word_1_221' title='bbox 2142 1803 2185 1862; x_wconf 79' lang='grc' dir='ltr'><em>Β</em></span> <span class='ocrx_word' id='word_1_222' title='bbox 2212 1797 2386 1850; x_wconf 87' lang='lat' dir='ltr'><strong>vimus</strong></span> <span class='ocrx_word' id='word_1_223' title='bbox 2408 1798 2865 1868; x_wconf 86' lang='lat' dir='ltr'><strong>orthographiam,</strong></span> <span class='ocrx_word' id='word_1_224' title='bbox 2896 1802 2949 1856; x_wconf 91' lang='lat' dir='ltr'><strong>in</strong></span> <span class='ocrx_word' id='word_1_225' title='bbox 2975 1803 3176 1860; x_wconf 71' lang='lat' dir='ltr'><strong>Latinis</strong></span> <span class='ocrx_word' id='word_1_226' title='bbox 3202 1821 3320 1860; x_wconf 91' lang='lat' dir='ltr'><strong>eam</strong></span> <span class='ocrx_word' id='word_1_227' title='bbox 3344 1823 3505 1876; x_wconf 91' lang='lat' dir='ltr'><strong>quam</strong></span> <span class='ocrx_word' id='word_1_228' title='bbox 3535 1791 3792 1870; x_wconf 78' lang='lat' dir='ltr'><strong>exhibent</strong></span> 
     </span>
    </p>
   </div>
   <div class='ocr_carea' id='block_1_32' title="bbox 529 1883 2114 1954">
    <p class='ocr_par' dir='ltr' id='par_1_32' title="bbox 529 1883 2114 1954">
     <span class='ocr_line' id='line_1_32' title="bbox 529 1883 2114 1954; baseline 0.001 -15"><span class='ocrx_word' id='word_1_229' title='bbox 529 1883 809 1947; x_wconf 79' lang='lat' dir='ltr'><strong>lectiones,</strong></span> <span class='ocrx_word' id='word_1_230' title='bbox 852 1899 986 1954; x_wconf 85' lang='lat' dir='ltr'><strong>quas</strong></span> <span class='ocrx_word' id='word_1_231' title='bbox 1033 1883 1173 1938; x_wconf 89' lang='lat' dir='ltr'><strong>inter</strong></span> <span class='ocrx_word' id='word_1_232' title='bbox 1214 1883 1615 1954; x_wconf 91' lang='lat' dir='ltr'><strong>deprehendere</strong></span> <span class='ocrx_word' id='word_1_233' title='bbox 1644 1892 1726 1940; x_wconf 90' lang='lat' dir='ltr'><strong>est</strong></span> <span class='ocrx_word' id='word_1_234' title='bbox 1754 1885 1970 1941; x_wconf 90' lang='lat' dir='ltr'><strong>levioris</strong></span> <span class='ocrx_word' id='word_1_235' title='bbox 1995 1902 2114 1941; x_wconf 93' lang='lat' dir='ltr'><strong>mo-</strong></span> 
     </span>
    </p>
   </div>
   <div class='ocr_carea' id='block_1_33' title="bbox 530 1973 1216 2029">
    <p class='ocr_par' dir='ltr' id='par_1_33' title="bbox 530 1973 1216 2029">
     <span class='ocr_line' id='line_1_33' title="bbox 530 1973 1216 2029; baseline 0.003 -2"><span class='ocrx_word' id='word_1_236' title='bbox 530 1975 698 2029; x_wconf 90' lang='lat' dir='ltr'><strong>menti</strong></span> <span class='ocrx_word' id='word_1_237' title='bbox 727 1973 1127 2029; x_wconf 87' lang='lat' dir='ltr'><strong>emendationes</strong></span> <span class='ocrx_word' id='word_1_238' title='bbox 1152 1975 1216 2029; x_wconf 74' lang='grc'><strong>⁸.*</strong></span> 
     </span>
    </p>
   </div>
   <div class='ocr_carea' id='block_1_34' title="bbox 605 2063 2116 2133">
    <p class='ocr_par' dir='ltr' id='par_1_34' title="bbox 605 2063 2116 2133">
     <span class='ocr_line' id='line_1_34' title="bbox 605 2063 2116 2133; baseline 0.003 -15"><span class='ocrx_word' id='word_1_239' title='bbox 605 2064 683 2119; x_wconf 86' lang='lat' dir='ltr'><strong>Ne</strong></span> <span class='ocrx_word' id='word_1_240' title='bbox 709 2063 838 2133; x_wconf 89' lang='lat' dir='ltr'><strong>quid</strong></span> <span class='ocrx_word' id='word_1_241' title='bbox 869 2079 994 2118; x_wconf 90' lang='lat' dir='ltr'><strong>vero</strong></span> <span class='ocrx_word' id='word_1_242' title='bbox 1025 2063 1078 2117; x_wconf 93' lang='lat' dir='ltr'><strong>in</strong></span> <span class='ocrx_word' id='word_1_243' title='bbox 1107 2072 1380 2133; x_wconf 89' lang='lat' dir='ltr'><strong>postrema</strong></span> <span class='ocrx_word' id='word_1_244' title='bbox 1419 2064 1520 2120; x_wconf 89' lang='lat' dir='ltr'><strong>hac</strong></span> <span class='ocrx_word' id='word_1_245' title='bbox 1565 2065 1800 2120; x_wconf 89' lang='lat' dir='ltr'><strong>editione</strong></span> <span class='ocrx_word' id='word_1_246' title='bbox 1843 2066 2116 2123; x_wconf 90' lang='lat' dir='ltr'><strong>desidera-</strong></span> 
     </span>
    </p>
   </div>
   <div class='ocr_carea' id='block_1_35' title="bbox 531 2153 2114 2223">
    <p class='ocr_par' dir='ltr' id='par_1_35' title="bbox 531 2153 2114 2223">
     <span class='ocr_line' id='line_1_35' title="bbox 531 2153 2114 2223; baseline 0.003 -13"><span class='ocrx_word' id='word_1_247' title='bbox 531 2164 700 2220; x_wconf 89' lang='lat' dir='ltr'><strong>retur,</strong></span> <span class='ocrx_word' id='word_1_248' title='bbox 744 2154 1048 2223; x_wconf 89' lang='lat' dir='ltr'><strong>quindecim</strong></span> <span class='ocrx_word' id='word_1_249' title='bbox 1077 2153 1280 2209; x_wconf 90' lang='lat' dir='ltr'><strong>indices</strong></span> <span class='ocrx_word' id='word_1_250' title='bbox 1308 2155 1651 2211; x_wconf 87' lang='lat' dir='ltr'><strong>attexuimus.</strong></span> <span class='ocrx_word' id='word_1_251' title='bbox 1683 2156 1890 2214; x_wconf 92' lang='lat' dir='ltr'><strong>Primus</strong></span> <span class='ocrx_word' id='word_1_252' title='bbox 1919 2176 2114 2215; x_wconf 87' lang='lat' dir='ltr'><strong>novum</strong></span> 
     </span>
    </p>
   </div>
   <div class='ocr_carea' id='block_1_36' title="bbox 531 2242 2115 2319">
    <p class='ocr_par' dir='ltr' id='par_1_36' title="bbox 531 2242 2115 2319">
     <span class='ocr_line' id='line_1_36' title="bbox 531 2242 2115 2319; baseline 0.006 -22"><span class='ocrx_word' id='word_1_253' title='bbox 531 2243 745 2298; x_wconf 87' lang='lat' dir='ltr'><strong>huncce</strong></span> <span class='ocrx_word' id='word_1_254' title='bbox 795 2242 1142 2312; x_wconf 88' lang='lat' dir='ltr'><strong>epistolarum</strong></span> <span class='ocrx_word' id='word_1_255' title='bbox 1193 2243 1437 2299; x_wconf 90' lang='lat' dir='ltr'><strong>ordinem</strong></span> <span class='ocrx_word' id='word_1_256' title='bbox 1483 2261 1602 2300; x_wconf 91' lang='lat' dir='ltr'><strong>cum</strong></span> <span class='ocrx_word' id='word_1_257' title='bbox 1651 2247 1910 2304; x_wconf 90' lang='lat' dir='ltr'><strong>hactenus</strong></span> <span class='ocrx_word' id='word_1_258' title='bbox 1957 2251 2115 2319; x_wconf 84' lang='lat' dir='ltr'><strong>vulgo</strong></span> 
     </span>
    </p>
   </div>
   <div class='ocr_carea' id='block_1_37' title="bbox 530 2331 2117 2408">
    <p class='ocr_par' dir='ltr' id='par_1_37' title="bbox 530 2331 2117 2408">
     <span class='ocr_line' id='line_1_37' title="bbox 530 2331 2117 2408; baseline 0.005 -22"><span class='ocrx_word' id='word_1_259' title='bbox 530 2339 902 2401; x_wconf 87' lang='lat' dir='ltr'><strong>comparatum</strong></span> <span class='ocrx_word' id='word_1_260' title='bbox 929 2331 1168 2386; x_wconf 81' lang='lat' dir='ltr'><strong>exhibet.</strong></span> <span class='ocrx_word' id='word_1_261' title='bbox 1199 2331 1478 2389; x_wconf 90' lang='lat' dir='ltr'><strong>Secundus</strong></span> <span class='ocrx_word' id='word_1_262' title='bbox 1506 2337 1774 2404; x_wconf 85' lang='lat' dir='ltr'><strong>vulgatum</strong></span> <span class='ocrx_word' id='word_1_263' title='bbox 1802 2340 1950 2408; x_wconf 90' lang='lat' dir='ltr'><strong>prius</strong></span> <span class='ocrx_word' id='word_1_264' title='bbox 1973 2342 2117 2396; x_wconf 86' lang='lat' dir='ltr'><strong>ordi-</strong></span> 
     </span>
    </p>
   </div>
   <div class='ocr_carea' id='block_1_38' title="bbox 529 2423 2112 2493">
    <p class='ocr_par' dir='ltr' id='par_1_38' title="bbox 529 2423 2112 2493">
     <span class='ocr_line' id='line_1_38' title="bbox 529 2423 2112 2493; baseline 0.008 -19"><span class='ocrx_word' id='word_1_265' title='bbox 529 2437 655 2475; x_wconf 91' lang='lat' dir='ltr'><strong>nem</strong></span> <span class='ocrx_word' id='word_1_266' title='bbox 697 2423 970 2488; x_wconf 88' lang='lat' dir='ltr'><strong>continet,</strong></span> <span class='ocrx_word' id='word_1_267' title='bbox 1017 2431 1280 2493; x_wconf 90' lang='lat' dir='ltr'><strong>quatenus</strong></span> <span class='ocrx_word' id='word_1_268' title='bbox 1308 2423 1373 2478; x_wconf 88' lang='lat' dir='ltr'><strong>ad</strong></span> <span class='ocrx_word' id='word_1_269' title='bbox 1415 2425 1556 2481; x_wconf 91' lang='lat' dir='ltr'><strong>hunc</strong></span> <span class='ocrx_word' id='word_1_270' title='bbox 1584 2443 1781 2482; x_wconf 89' lang='lat' dir='ltr'><strong>novum</strong></span> <span class='ocrx_word' id='word_1_271' title='bbox 1823 2429 2112 2486; x_wconf 90' lang='lat' dir='ltr'><strong>reducitur.</strong></span> 
     </span>
    </p>
   </div>
   <div class='ocr_carea' id='block_1_39' title="bbox 530 2512 2116 2590">
    <p class='ocr_par' dir='ltr' id='par_1_39' title="bbox 530 2512 2116 2590">
     <span class='ocr_line' id='line_1_39' title="bbox 530 2512 2116 2590; baseline 0.009 -24"><span class='ocrx_word' id='word_1_272' title='bbox 530 2512 746 2567; x_wconf 88' lang='lat' dir='ltr'><strong>Tertius</strong></span> <span class='ocrx_word' id='word_1_273' title='bbox 775 2523 986 2569; x_wconf 88' lang='lat' dir='ltr'><strong>constat</strong></span> <span class='ocrx_word' id='word_1_274' title='bbox 1013 2530 1199 2570; x_wconf 91' lang='lat' dir='ltr'><strong>eorum</strong></span> <span class='ocrx_word' id='word_1_275' title='bbox 1231 2517 1536 2573; x_wconf 90' lang='lat' dir='ltr'><strong>nominibus</strong></span> <span class='ocrx_word' id='word_1_276' title='bbox 1563 2520 1901 2590; x_wconf 89' lang='lat' dir='ltr'><strong>alphabetico</strong></span> <span class='ocrx_word' id='word_1_277' title='bbox 1929 2526 2116 2581; x_wconf 90' lang='lat' dir='ltr'><strong>ordine</strong></span> 
     </span>
    </p>
   </div>
   <div class='ocr_carea' id='block_1_40' title="bbox 529 2600 2116 2685">
    <p class='ocr_par' dir='ltr' id='par_1_40' title="bbox 529 2600 2116 2685">
     <span class='ocr_line' id='line_1_40' title="bbox 529 2600 2116 2685; baseline 0.01 -31"><span class='ocrx_word' id='word_1_278' title='bbox 529 2600 770 2669; x_wconf 82' lang='lat' dir='ltr'><strong>digestis,</strong></span> <span class='ocrx_word' id='word_1_279' title='bbox 806 2601 873 2656; x_wconf 85' lang='lat' dir='ltr'><strong>ad</strong></span> <span class='ocrx_word' id='word_1_280' title='bbox 898 2619 1035 2671; x_wconf 91' lang='lat' dir='ltr'><strong>quos</strong></span> <span class='ocrx_word' id='word_1_281' title='bbox 1062 2604 1314 2661; x_wconf 87' lang='lat' dir='ltr'><strong>Paulinus</strong></span> <span class='ocrx_word' id='word_1_282' title='bbox 1343 2606 1486 2662; x_wconf 92' lang='lat' dir='ltr'><strong>dedit</strong></span> <span class='ocrx_word' id='word_1_283' title='bbox 1514 2611 1784 2679; x_wconf 89' lang='lat' dir='ltr'><strong>epistolas,</strong></span> <span class='ocrx_word' id='word_1_284' title='bbox 1816 2614 1900 2668; x_wconf 85' lang='lat' dir='ltr'><strong>vel</strong></span> <span class='ocrx_word' id='word_1_285' title='bbox 1928 2631 1959 2669; x_wconf 90' lang='lat' dir='ltr'><strong>a</strong></span> <span class='ocrx_word' id='word_1_286' title='bbox 1998 2617 2116 2685; x_wconf 93' lang='lat' dir='ltr'><strong>qui-</strong></span> 
     </span>
    </p>
   </div>
   <div class='ocr_carea' id='block_1_41' title="bbox 525 2691 2116 2776">
    <p class='ocr_par' dir='ltr' id='par_1_41' title="bbox 525 2691 2116 2776">
     <span class='ocr_line' id='line_1_41' title="bbox 525 2691 2116 2776; baseline 0.01 -31"><span class='ocrx_word' id='word_1_287' title='bbox 525 2691 628 2746; x_wconf 89' lang='lat' dir='ltr'><strong>bus</strong></span> <span class='ocrx_word' id='word_1_288' title='bbox 657 2693 770 2761; x_wconf 89' lang='lat' dir='ltr'><strong>ipse</strong></span> <span class='ocrx_word' id='word_1_289' title='bbox 798 2693 1031 2748; x_wconf 85' lang='lat' dir='ltr'><strong>vicissim</strong></span> <span class='ocrx_word' id='word_1_290' title='bbox 1059 2695 1286 2765; x_wconf 90' lang='lat' dir='ltr'><strong>accepit.</strong></span> <span class='ocrx_word' id='word_1_291' title='bbox 1315 2696 1548 2762; x_wconf 87' lang='lat' dir='ltr'><strong>Quartus</strong></span> <span class='ocrx_word' id='word_1_292' title='bbox 1587 2717 1715 2756; x_wconf 91' lang='lat' dir='ltr'><strong>vero</strong></span> <span class='ocrx_word' id='word_1_293' title='bbox 1754 2705 1974 2759; x_wconf 82' lang='lat' dir='ltr'><strong>exhibet</strong></span> <span class='ocrx_word' id='word_1_294' title='bbox 2001 2707 2116 2776; x_wconf 82' lang='lat' dir='ltr'><strong>epi-</strong></span> 
     </span>
    </p>
   </div>
   <div class='ocr_carea' id='block_1_42' title="bbox 529 2782 2109 2864">
    <p class='ocr_par' dir='ltr' id='par_1_42' title="bbox 529 2782 2109 2864">
     <span class='ocr_line' id='line_1_42' title="bbox 529 2782 2109 2864; baseline 0.009 -28"><span class='ocrx_word' id='word_1_295' title='bbox 529 2782 793 2836; x_wconf 81' lang='lat' dir='ltr'><strong>stolarum</strong></span> <span class='ocrx_word' id='word_1_296' title='bbox 826 2782 976 2837; x_wconf 88' lang='lat' dir='ltr'><strong>initia</strong></span> <span class='ocrx_word' id='word_1_297' title='bbox 1006 2785 1299 2840; x_wconf 90' lang='lat' dir='ltr'><strong>secundum</strong></span> <span class='ocrx_word' id='word_1_298' title='bbox 1322 2788 1592 2857; x_wconf 89' lang='lat' dir='ltr'><strong>alphabeti</strong></span> <span class='ocrx_word' id='word_1_299' title='bbox 1613 2792 1808 2846; x_wconf 90' lang='lat' dir='ltr'><strong>seriem</strong></span> <span class='ocrx_word' id='word_1_300' title='bbox 1833 2793 2109 2864; x_wconf 87' lang='lat' dir='ltr'><strong>disposita.</strong></span> 
     </span>
    </p>
   </div>
   <div class='ocr_carea' id='block_1_43' title="bbox 528 2869 2107 2949">
    <p class='ocr_par' dir='ltr' id='par_1_43' title="bbox 528 2869 2107 2949">
     <span class='ocr_line' id='line_1_43' title="bbox 528 2869 2107 2949; baseline 0.011 -26"><span class='ocrx_word' id='word_1_301' title='bbox 528 2869 772 2936; x_wconf 84' lang='lat' dir='ltr'><strong>Quatuor</strong></span> <span class='ocrx_word' id='word_1_302' title='bbox 799 2882 1085 2941; x_wconf 76' lang='lat' dir='ltr'><strong>sequentes</strong></span> <span class='ocrx_word' id='word_1_303' title='bbox 1113 2877 1349 2930; x_wconf 87' lang='lat' dir='ltr'><strong>carmina</strong></span> <span class='ocrx_word' id='word_1_304' title='bbox 1377 2878 1562 2933; x_wconf 91' lang='lat' dir='ltr'><strong>eadem</strong></span> <span class='ocrx_word' id='word_1_305' title='bbox 1587 2891 1832 2949; x_wconf 87' lang='lat' dir='ltr'><strong>spectant</strong></span> <span class='ocrx_word' id='word_1_306' title='bbox 1879 2886 2107 2941; x_wconf 87' lang='lat' dir='ltr'><strong>ratione.</strong></span> 
     </span>
    </p>
   </div>
   <div class='ocr_carea' id='block_1_44' title="bbox 601 2959 2113 3042">
    <p class='ocr_par' dir='ltr' id='par_1_44' title="bbox 601 2959 2113 3042">
     <span class='ocr_line' id='line_1_44' title="bbox 601 2959 2113 3042; baseline 0.012 -29"><span class='ocrx_word' id='word_1_307' title='bbox 601 2959 696 3014; x_wconf 82' lang='lat' dir='ltr'><strong>llis</strong></span> <span class='ocrx_word' id='word_1_308' title='bbox 737 2971 859 3017; x_wconf 91' lang='lat' dir='ltr'><strong>octo</strong></span> <span class='ocrx_word' id='word_1_309' title='bbox 899 2964 1190 3032; x_wconf 86' lang='lat' dir='ltr'><strong>adjecimus</strong></span> <span class='ocrx_word' id='word_1_310' title='bbox 1237 2967 1501 3034; x_wconf 84' lang='lat' dir='ltr'><strong>digestum</strong></span> <span class='ocrx_word' id='word_1_311' title='bbox 1549 2971 1735 3026; x_wconf 91' lang='lat' dir='ltr'><strong>ordine</strong></span> <span class='ocrx_word' id='word_1_312' title='bbox 1777 2973 2113 3042; x_wconf 87' lang='lat' dir='ltr'><strong>alphabetico</strong></span> 
     </span>
    </p>
   </div>
   <div class='ocr_carea' id='block_1_45' title="bbox 526 3051 2112 3135">
    <p class='ocr_par' dir='ltr' id='par_1_45' title="bbox 526 3051 2112 3135">
     <span class='ocr_line' id='line_1_45' title="bbox 526 3051 2112 3135; baseline 0.011 -32"><span class='ocrx_word' id='word_1_313' title='bbox 526 3051 789 3121; x_wconf 85' lang='lat' dir='ltr'><strong>syllabum</strong></span> <span class='ocrx_word' id='word_1_314' title='bbox 811 3061 866 3106; x_wconf 90' lang='lat' dir='ltr'><strong>et</strong></span> <span class='ocrx_word' id='word_1_315' title='bbox 893 3053 1158 3108; x_wconf 90' lang='lat' dir='ltr'><strong>editorum</strong></span> <span class='ocrx_word' id='word_1_316' title='bbox 1188 3064 1242 3110; x_wconf 90' lang='lat' dir='ltr'><strong>et</strong></span> <span class='ocrx_word' id='word_1_317' title='bbox 1277 3072 1404 3112; x_wconf 91' lang='lat' dir='ltr'><strong>mss.</strong></span> <span class='ocrx_word' id='word_1_318' title='bbox 1438 3057 1722 3125; x_wconf 88' lang='lat' dir='ltr'><strong>Codicum,</strong></span> <span class='ocrx_word' id='word_1_319' title='bbox 1753 3077 1980 3130; x_wconf 91' lang='lat' dir='ltr'><strong>quorum</strong></span> <span class='ocrx_word' id='word_1_320' title='bbox 2009 3081 2112 3135; x_wconf 89' lang='lat' dir='ltr'><strong>ope</strong></span> 
     </span>
    </p>
   </div>
   <div class='ocr_carea' id='block_1_46' title="bbox 2215 1891 3791 1970">
    <p class='ocr_par' dir='ltr' id='par_1_46' title="bbox 2215 1891 3791 1970">
     <span class='ocr_line' id='line_1_46' title="bbox 2215 1891 3791 1970; baseline 0.013 -29"><span class='ocrx_word' id='word_1_321' title='bbox 2215 1896 2425 1943; x_wconf 90' lang='lat' dir='ltr'><strong>veteres</strong></span> <span class='ocrx_word' id='word_1_322' title='bbox 2453 1905 2580 1944; x_wconf 90' lang='lat' dir='ltr'><strong>mss.</strong></span> <span class='ocrx_word' id='word_1_323' title='bbox 2608 1891 2821 1946; x_wconf 91' lang='lat' dir='ltr'><strong>codices</strong></span> <span class='ocrx_word' id='word_1_324' title='bbox 2847 1895 2928 1959; x_wconf 83' lang='lat'><strong>“&#39;,</strong></span> <span class='ocrx_word' id='word_1_325' title='bbox 2956 1894 3242 1952; x_wconf 92' lang='lat' dir='ltr'><strong>dummodo</strong></span> <span class='ocrx_word' id='word_1_326' title='bbox 3264 1900 3318 1953; x_wconf 92' lang='lat' dir='ltr'><strong>in</strong></span> <span class='ocrx_word' id='word_1_327' title='bbox 3349 1901 3412 1954; x_wconf 90' lang='lat' dir='ltr'><strong>iis</strong></span> <span class='ocrx_word' id='word_1_328' title='bbox 3437 1907 3791 1970; x_wconf 86' lang='lat' dir='ltr'><strong>pronuntian-</strong></span> 
     </span>
    </p>
   </div>
   <div class='ocr_carea' id='block_1_47' title="bbox 2215 1979 3791 2061">
    <p class='ocr_par' dir='ltr' id='par_1_47' title="bbox 2215 1979 3791 2061">
     <span class='ocr_line' id='line_1_47' title="bbox 2215 1979 3791 2061; baseline 0.011 -28"><span class='ocrx_word' id='word_1_329' title='bbox 2215 1979 2299 2034; x_wconf 92' lang='lat' dir='ltr'><strong>dis</strong></span> <span class='ocrx_word' id='word_1_330' title='bbox 2342 1981 2484 2035; x_wconf 91' lang='lat' dir='ltr'><strong>nulia</strong></span> <span class='ocrx_word' id='word_1_331' title='bbox 2531 1982 2603 2037; x_wconf 90' lang='lat' dir='ltr'><strong>sit</strong></span> <span class='ocrx_word' id='word_1_332' title='bbox 2629 1983 2697 2036; x_wconf 90' lang='lat' dir='ltr'><strong>ab</strong></span> <span class='ocrx_word' id='word_1_333' title='bbox 2727 2000 2823 2038; x_wconf 93' lang='lat' dir='ltr'><strong>usu</strong></span> <span class='ocrx_word' id='word_1_334' title='bbox 2869 1995 3088 2056; x_wconf 91' lang='lat' dir='ltr'><strong>recepto</strong></span> <span class='ocrx_word' id='word_1_335' title='bbox 3115 1987 3441 2045; x_wconf 91' lang='lat' dir='ltr'><strong>dissonantia</strong></span> <span class='ocrx_word' id='word_1_336' title='bbox 3491 2008 3609 2061; x_wconf 64' lang='lat' dir='ltr'><strong>quae</strong></span> <span class='ocrx_word' id='word_1_337' title='bbox 3637 2011 3791 2051; x_wconf 82' lang='lat' dir='ltr'><strong>aures</strong></span> 
     </span>
    </p>
   </div>
   <div class='ocr_carea' id='block_1_48' title="bbox 2217 2069 2472 2125">
    <p class='ocr_par' dir='ltr' id='par_1_48' title="bbox 2217 2069 2472 2125">
     <span class='ocr_line' id='line_1_48' title="bbox 2217 2069 2472 2125; baseline 0 -1"><span class='ocrx_word' id='word_1_338' title='bbox 2217 2069 2472 2125; x_wconf 78' lang='lat' dir='ltr'><strong>offendat.</strong></span> 
     </span>
    </p>
   </div>
   <div class='ocr_carea' id='block_1_49' title="bbox 2286 2161 3791 2233">
    <p class='ocr_par' dir='ltr' id='par_1_49' title="bbox 2286 2161 3791 2233">
     <span class='ocr_line' id='line_1_49' title="bbox 2286 2161 3791 2233; baseline 0.013 -19"><span class='ocrx_word' id='word_1_339' title='bbox 2286 2161 2449 2216; x_wconf 92' lang='lat' dir='ltr'><strong>Nobis</strong></span> <span class='ocrx_word' id='word_1_340' title='bbox 2477 2162 2691 2230; x_wconf 87' lang='lat' dir='ltr'><strong>quidem</strong></span> <span class='ocrx_word' id='word_1_341' title='bbox 2721 2162 2906 2220; x_wconf 87' lang='lat' dir='ltr'><strong>fuisset</strong></span> <span class='ocrx_word' id='word_1_342' title='bbox 2953 2166 3008 2221; x_wconf 89' lang='lat' dir='ltr'><strong>in</strong></span> <span class='ocrx_word' id='word_1_343' title='bbox 3053 2168 3190 2223; x_wconf 93' lang='lat' dir='ltr'><strong>votis</strong></span> <span class='ocrx_word' id='word_1_344' title='bbox 3233 2178 3292 2224; x_wconf 91' lang='lat' dir='ltr'><strong>ut</strong></span> <span class='ocrx_word' id='word_1_345' title='bbox 3337 2170 3648 2230; x_wconf 90' lang='lat' dir='ltr'><strong>Pauliniana</strong></span> <span class='ocrx_word' id='word_1_346' title='bbox 3679 2177 3791 2233; x_wconf 62' lang='lat' dir='ltr'><strong>haec</strong></span> 
     </span>
    </p>
   </div>
   <div class='ocr_carea' id='block_1_50' title="bbox 2217 2254 3790 2331">
    <p class='ocr_par' dir='ltr' id='par_1_50' title="bbox 2217 2254 3790 2331">
     <span class='ocr_line' id='line_1_50' title="bbox 2217 2254 3790 2331; baseline 0.011 -27"><span class='ocrx_word' id='word_1_347' title='bbox 2217 2266 2380 2321; x_wconf 90' lang='lat' dir='ltr'><strong>opera</strong></span> <span class='ocrx_word' id='word_1_348' title='bbox 2422 2267 2610 2307; x_wconf 86' lang='lat' dir='ltr'><strong>manus</strong></span> <span class='ocrx_word' id='word_1_349' title='bbox 2638 2254 2935 2323; x_wconf 81' lang='lat' dir='ltr'><strong>elegantior</strong></span> <span class='ocrx_word' id='word_1_350' title='bbox 2980 2265 3341 2325; x_wconf 88' lang='lat' dir='ltr'><strong>retractasset,</strong></span> <span class='ocrx_word' id='word_1_351' title='bbox 3395 2277 3501 2331; x_wconf 92' lang='lat' dir='ltr'><strong>quo</strong></span> <span class='ocrx_word' id='word_1_352' title='bbox 3532 2268 3665 2319; x_wconf 86' lang='lat' dir='ltr'><strong>tanti</strong></span> <span class='ocrx_word' id='word_1_353' title='bbox 3695 2268 3790 2322; x_wconf 75' lang='lat' dir='ltr'><strong>viri</strong></span> 
     </span>
    </p>
   </div>
   <div class='ocr_carea' id='block_1_51' title="bbox 2216 2341 3791 2418">
    <p class='ocr_par' dir='ltr' id='par_1_51' title="bbox 2216 2341 3791 2418">
     <span class='ocr_line' id='line_1_51' title="bbox 2216 2341 3791 2418; baseline 0.012 -25"><span class='ocrx_word' id='word_1_354' title='bbox 2216 2341 2457 2408; x_wconf 83' lang='lat' dir='ltr'><strong>dignitati</strong></span> <span class='ocrx_word' id='word_1_355' title='bbox 2488 2357 2550 2397; x_wconf 91' lang='lat' dir='ltr'><strong>ac</strong></span> <span class='ocrx_word' id='word_1_356' title='bbox 2586 2345 2790 2398; x_wconf 91' lang='lat' dir='ltr'><strong>meritis</strong></span> <span class='ocrx_word' id='word_1_357' title='bbox 2820 2347 3146 2414; x_wconf 89' lang='lat' dir='ltr'><strong>respondere</strong></span> <span class='ocrx_word' id='word_1_358' title='bbox 3175 2351 3435 2418; x_wconf 84' lang='lat' dir='ltr'><strong>potuisset</strong></span> <span class='ocrx_word' id='word_1_359' title='bbox 3475 2354 3674 2410; x_wconf 90' lang='lat' dir='ltr'><strong>laboris</strong></span> <span class='ocrx_word' id='word_1_360' title='bbox 3716 2358 3791 2412; x_wconf 88' lang='lat' dir='ltr'><strong>in-</strong></span> 
     </span>
    </p>
   </div>
   <div class='ocr_carea' id='block_1_52' title="bbox 2215 2431 3791 2510">
    <p class='ocr_par' dir='ltr' id='par_1_52' title="bbox 2215 2431 3791 2510">
     <span class='ocr_line' id='line_1_52' title="bbox 2215 2431 3791 2510; baseline 0.011 -25"><span class='ocrx_word' id='word_1_361' title='bbox 2215 2431 2438 2487; x_wconf 90' lang='lat' dir='ltr'><strong>dustria.</strong></span> <span class='ocrx_word' id='word_1_362' title='bbox 2483 2433 2616 2488; x_wconf 90' lang='lat' dir='ltr'><strong>Cum</strong></span> <span class='ocrx_word' id='word_1_363' title='bbox 2647 2450 2772 2489; x_wconf 85' lang='lat' dir='ltr'><strong>vero</strong></span> <span class='ocrx_word' id='word_1_364' title='bbox 2802 2435 2866 2488; x_wconf 88' lang='lat' dir='ltr'><strong>ad</strong></span> <span class='ocrx_word' id='word_1_365' title='bbox 2915 2446 3223 2508; x_wconf 88' lang='lat' dir='ltr'><strong>susceptum</strong></span> <span class='ocrx_word' id='word_1_366' title='bbox 3272 2456 3409 2510; x_wconf 91' lang='lat' dir='ltr'><strong>opus</strong></span> <span class='ocrx_word' id='word_1_367' title='bbox 3461 2445 3791 2503; x_wconf 90' lang='lat' dir='ltr'><strong>eruditorum</strong></span> 
     </span>
    </p>
   </div>
   <div class='ocr_carea' id='block_1_53' title="bbox 2215 2525 3791 2607">
    <p class='ocr_par' dir='ltr' id='par_1_53' title="bbox 2215 2525 3791 2607">
     <span class='ocr_line' id='line_1_53' title="bbox 2215 2525 3791 2607; baseline 0.011 -30"><span class='ocrx_word' id='word_1_368' title='bbox 2215 2525 2450 2580; x_wconf 89' lang='lat' dir='ltr'><strong>virorum</strong></span> <span class='ocrx_word' id='word_1_369' title='bbox 2477 2527 2714 2581; x_wconf 91' lang='lat' dir='ltr'><strong>consiliis</strong></span> <span class='ocrx_word' id='word_1_370' title='bbox 2761 2528 2974 2584; x_wconf 90' lang='lat' dir='ltr'><strong>adducti</strong></span> <span class='ocrx_word' id='word_1_371' title='bbox 3003 2531 3186 2597; x_wconf 90' lang='lat' dir='ltr'><strong>simus,</strong></span> <span class='ocrx_word' id='word_1_372' title='bbox 3227 2534 3422 2602; x_wconf 90' lang='lat' dir='ltr'><strong>quibus</strong></span> <span class='ocrx_word' id='word_1_373' title='bbox 3460 2553 3567 2590; x_wconf 90' lang='lat' dir='ltr'><strong>non</strong></span> <span class='ocrx_word' id='word_1_374' title='bbox 3598 2554 3791 2607; x_wconf 84' lang='lat' dir='ltr'><strong>parere</strong></span> 
     </span>
    </p>
   </div>
   <div class='ocr_carea' id='block_1_54' title="bbox 2215 2624 3790 2706">
    <p class='ocr_par' dir='ltr' id='par_1_54' title="bbox 2215 2624 3790 2706">
     <span class='ocr_line' id='line_1_54' title="bbox 2215 2624 3790 2706; baseline 0.011 -30"><span class='ocrx_word' id='word_1_375' title='bbox 2215 2624 2402 2692; x_wconf 84' lang='lat' dir='ltr'><strong>religio</strong></span> <span class='ocrx_word' id='word_1_376' title='bbox 2430 2625 2584 2680; x_wconf 90' lang='lat' dir='ltr'><strong>nobis</strong></span> <span class='ocrx_word' id='word_1_377' title='bbox 2611 2625 2814 2688; x_wconf 78' lang='lat' dir='ltr'><strong>fuisset,</strong></span> <span class='ocrx_word' id='word_1_378' title='bbox 2846 2627 2947 2682; x_wconf 89' lang='lat' dir='ltr'><strong>hoc</strong></span> <span class='ocrx_word' id='word_1_379' title='bbox 2974 2644 3137 2683; x_wconf 89' lang='lat' dir='ltr'><strong>unum</strong></span> <span class='ocrx_word' id='word_1_380' title='bbox 3167 2632 3321 2686; x_wconf 93' lang='lat' dir='ltr'><strong>nobis</strong></span> <span class='ocrx_word' id='word_1_381' title='bbox 3355 2635 3694 2706; x_wconf 89' lang='lat' dir='ltr'><strong>relinquitur,</strong></span> <span class='ocrx_word' id='word_1_382' title='bbox 3734 2656 3790 2703; x_wconf 79' lang='grc' dir='ltr'><strong>ιιι</strong></span> 
     </span>
    </p>
   </div>
   <div class='ocr_carea' id='block_1_55' title="bbox 2215 2723 3789 2798">
    <p class='ocr_par' dir='ltr' id='par_1_55' title="bbox 2215 2723 3789 2798">
     <span class='ocr_line' id='line_1_55' title="bbox 2215 2723 3789 2798; baseline 0.012 -21"><span class='ocrx_word' id='word_1_383' title='bbox 2215 2723 2342 2778; x_wconf 91' lang='lat' dir='ltr'><strong>illud</strong></span> <span class='ocrx_word' id='word_1_384' title='bbox 2364 2725 2678 2778; x_wconf 88' lang='lat' dir='ltr'><strong>humanitati</strong></span> <span class='ocrx_word' id='word_1_385' title='bbox 2698 2735 2818 2792; x_wconf 72' lang='lat' dir='ltr'><strong>tum,</strong></span> <span class='ocrx_word' id='word_1_386' title='bbox 2840 2727 3010 2783; x_wconf 89' lang='lat' dir='ltr'><strong>lector</strong></span> <span class='ocrx_word' id='word_1_387' title='bbox 3023 2731 3314 2797; x_wconf 89' lang='lat' dir='ltr'><strong>carissime,</strong></span> <span class='ocrx_word' id='word_1_388' title='bbox 3348 2739 3789 2798; x_wconf 88' lang='lat' dir='ltr'><strong>commendemus</strong></span> 
     </span>
    </p>
   </div>
   <div class='ocr_carea' id='block_1_56' title="bbox 2213 2822 3789 2907">
    <p class='ocr_par' dir='ltr' id='par_1_56' title="bbox 2213 2822 3789 2907">
     <span class='ocr_line' id='line_1_56' title="bbox 2213 2822 3789 2907; baseline 0.012 -32"><span class='ocrx_word' id='word_1_389' title='bbox 2213 2831 2267 2876; x_wconf 90' lang='lat' dir='ltr'><strong>et</strong></span> <span class='ocrx_word' id='word_1_390' title='bbox 2293 2822 2680 2877; x_wconf 88' lang='lat' dir='ltr'><strong>contendamus</strong></span> <span class='ocrx_word' id='word_1_391' title='bbox 2709 2824 2805 2880; x_wconf 87' lang='lat' dir='ltr'><strong>abs</strong></span> <span class='ocrx_word' id='word_1_392' title='bbox 2834 2833 2887 2879; x_wconf 91' lang='lat' dir='ltr'><strong>te</strong></span> <span class='ocrx_word' id='word_1_393' title='bbox 2913 2828 3239 2896; x_wconf 90' lang='lat' dir='ltr'><strong>supplicibus</strong></span> <span class='ocrx_word' id='word_1_394' title='bbox 3283 2833 3448 2898; x_wconf 87' lang='lat' dir='ltr'><strong>votis,</strong></span> <span class='ocrx_word' id='word_1_395' title='bbox 3483 2842 3540 2888; x_wconf 93' lang='lat' dir='ltr'><strong>ut</strong></span> <span class='ocrx_word' id='word_1_396' title='bbox 3581 2837 3629 2890; x_wconf 93' lang='lat' dir='ltr'><strong>si</strong></span> <span class='ocrx_word' id='word_1_397' title='bbox 3674 2853 3789 2907; x_wconf 67' lang='lat' dir='ltr'><strong>quia</strong></span> 
     </span>
    </p>
   </div>
   <div class='ocr_carea' id='block_1_57' title="bbox 2214 2924 3804 3001">
    <p class='ocr_par' dir='ltr' id='par_1_57' title="bbox 2214 2924 3804 3001">
     <span class='ocr_line' id='line_1_57' title="bbox 2214 2924 3804 3001; baseline 0.009 -23"><span class='ocrx_word' id='word_1_398' title='bbox 2214 2924 2286 2978; x_wconf 90' lang='lat' dir='ltr'><strong>ibi</strong></span> <span class='ocrx_word' id='word_1_399' title='bbox 2316 2931 2489 2979; x_wconf 89' lang='lat' dir='ltr'><strong>errata</strong></span> <span class='ocrx_word' id='word_1_400' title='bbox 2519 2924 2952 2993; x_wconf 87' lang='lat' dir='ltr'><strong>deprehenderis,</strong></span> <span class='ocrx_word' id='word_1_401' title='bbox 2985 2943 3092 2982; x_wconf 91' lang='lat' dir='ltr'><strong>non</strong></span> <span class='ocrx_word' id='word_1_402' title='bbox 3139 2931 3291 2984; x_wconf 71' lang='lat' dir='ltr'><strong>mala:</strong></span> <span class='ocrx_word' id='word_1_403' title='bbox 3319 2933 3517 3001; x_wconf 91' lang='lat' dir='ltr'><strong>menti,</strong></span> <span class='ocrx_word' id='word_1_404' title='bbox 3567 2953 3675 2991; x_wconf 93' lang='lat' dir='ltr'><strong>non</strong></span> <span class='ocrx_word' id='word_1_405' title='bbox 3707 2924 3804 2992; x_wconf 11' lang='lat' dir='ltr'><strong>in-V</strong></span> 
     </span>
    </p>
   </div>
   <div class='ocr_carea' id='block_1_58' title="bbox 2213 3026 3788 3095">
    <p class='ocr_par' dir='ltr' id='par_1_58' title="bbox 2213 3026 3788 3095">
     <span class='ocr_line' id='line_1_58' title="bbox 2213 3026 3788 3095; baseline 0.01 -15"><span class='ocrx_word' id='word_1_406' title='bbox 2213 3027 2372 3080; x_wconf 85' lang='lat' dir='ltr'><strong>curiae</strong></span> <span class='ocrx_word' id='word_1_407' title='bbox 2402 3027 2638 3092; x_wconf 88' lang='lat' dir='ltr'><strong>tribuas,</strong></span> <span class='ocrx_word' id='word_1_408' title='bbox 2671 3026 2763 3081; x_wconf 92' lang='lat' dir='ltr'><strong>sed</strong></span> <span class='ocrx_word' id='word_1_409' title='bbox 2800 3026 3125 3086; x_wconf 84' lang='lat' dir='ltr'><strong>infirmitatis</strong></span> <span class='ocrx_word' id='word_1_410' title='bbox 3152 3032 3397 3087; x_wconf 76' lang='lat' dir='ltr'><strong>humana:</strong></span> <span class='ocrx_word' id='word_1_411' title='bbox 3436 3036 3588 3091; x_wconf 88' lang='lat' dir='ltr'><strong>vitio.</strong></span> <span class='ocrx_word' id='word_1_412' title='bbox 3623 3037 3788 3095; x_wconf 91' lang='lat' dir='ltr'><strong>Porro</strong></span> 
     </span>
    </p>
   </div>
   <div class='ocr_carea' id='block_1_59' title="bbox 526 3125 3785 3223">
    <p class='ocr_par' dir='ltr' id='par_1_59' title="bbox 526 3125 3785 3223">
     <span class='ocr_line' id='line_1_59' title="bbox 526 3125 3785 3223; baseline 0.013 -30"><span class='ocrx_word' id='word_1_413' title='bbox 526 3141 808 3198; x_wconf 91' lang='lat' dir='ltr'><strong>Paulinum</strong></span> <span class='ocrx_word' id='word_1_414' title='bbox 838 3146 1259 3214; x_wconf 88' lang='lat' dir='ltr'><strong>repurgavimus.</strong></span> <span class='ocrx_word' id='word_1_415' title='bbox 1291 3147 1492 3204; x_wconf 87' lang='lat' dir='ltr'><strong>Horum</strong></span> <span class='ocrx_word' id='word_1_416' title='bbox 1523 3168 1631 3207; x_wconf 92' lang='lat' dir='ltr'><strong>non</strong></span> <span class='ocrx_word' id='word_1_417' title='bbox 1657 3125 1981 3212; x_wconf 74' lang='lat' dir='ltr'><strong>mediocrem</strong></span> <span class='ocrx_word' id='word_1_418' title='bbox 2009 3125 2104 3214; x_wconf 75' lang='lat' dir='ltr'><strong>co-</strong></span> <span class='ocrx_word' id='word_1_419' title='bbox 2130 3161 2175 3223; x_wconf 86' lang='lat' dir='ltr'><strong>C</strong></span> <span class='ocrx_word' id='word_1_420' title='bbox 2213 3140 2310 3194; x_wconf 67' lang='lat' dir='ltr'><strong>age</strong></span> <span class='ocrx_word' id='word_1_421' title='bbox 2355 3125 2632 3223; x_wconf 41' lang='lat' dir='ltr'><strong>“Pisc?”</strong></span> <span class='ocrx_word' id='word_1_422' title='bbox 2660 3126 2880 3223; x_wconf 30' lang='lat' dir='ltr'><strong>Parim“</strong></span> <span class='ocrx_word' id='word_1_423' title='bbox 2911 3128 3163 3196; x_wconf 64' lang='lat' dir='ltr'><strong>Obsecro’</strong></span> <span class='ocrx_word' id='word_1_424' title='bbox 3196 3137 3254 3184; x_wconf 60' lang='grc' dir='ltr'>ω</span> <span class='ocrx_word' id='word_1_425' title='bbox 3282 3131 3406 3186; x_wconf 64' lang='lat' dir='ltr'><strong>bnic</strong></span> <span class='ocrx_word' id='word_1_426' title='bbox 3429 3135 3580 3202; x_wconf 64' lang='lat' dir='ltr'><strong>Operi</strong></span> <span class='ocrx_word' id='word_1_427' title='bbox 3620 3137 3785 3191; x_wconf 58' lang='lat' dir='ltr'><strong>bene-</strong></span> 
     </span>
    </p>
   </div>
   <div class='ocr_carea' id='block_1_60' title="bbox 523 3231 2106 3307">
    <p class='ocr_par' dir='ltr' id='par_1_60' title="bbox 523 3231 2106 3307">
     <span class='ocr_line' id='line_1_60' title="bbox 523 3231 2106 3307; baseline 0.013 -23"><span class='ocrx_word' id='word_1_428' title='bbox 523 3231 668 3299; x_wconf 88' lang='lat' dir='ltr'><strong>piam</strong></span> <span class='ocrx_word' id='word_1_429' title='bbox 696 3232 1076 3292; x_wconf 89' lang='lat' dir='ltr'><strong>humanissime</strong></span> <span class='ocrx_word' id='word_1_430' title='bbox 1102 3252 1200 3307; x_wconf 92' lang='lat' dir='ltr'><strong>pro</strong></span> <span class='ocrx_word' id='word_1_431' title='bbox 1229 3254 1380 3293; x_wconf 91' lang='lat' dir='ltr'><strong>more</strong></span> <span class='ocrx_word' id='word_1_432' title='bbox 1425 3255 1524 3296; x_wconf 91' lang='lat' dir='ltr'><strong>suo</strong></span> <span class='ocrx_word' id='word_1_433' title='bbox 1569 3240 1694 3296; x_wconf 82' lang='lat' dir='ltr'><strong>fecit</strong></span> <span class='ocrx_word' id='word_1_434' title='bbox 1739 3245 1893 3300; x_wconf 91' lang='lat' dir='ltr'><strong>nobis</strong></span> <span class='ocrx_word' id='word_1_435' title='bbox 1921 3257 2031 3302; x_wconf 91' lang='lat' dir='ltr'><strong>tum</strong></span> <span class='ocrx_word' id='word_1_436' title='bbox 2074 3265 2106 3304; x_wconf 90' lang='lat' dir='ltr'><strong>e</strong></span> 
     </span>
    </p>
   </div>
   <div class='ocr_carea' id='block_1_61' title="bbox 524 3322 2102 3396">
    <p class='ocr_par' dir='ltr' id='par_1_61' title="bbox 524 3322 2102 3396">
     <span class='ocr_line' id='line_1_61' title="bbox 524 3322 2102 3396; baseline 0.012 -20"><span class='ocrx_word' id='word_1_437' title='bbox 524 3337 620 3376; x_wconf 79' lang='lat' dir='ltr'><strong>sua</strong></span> <span class='ocrx_word' id='word_1_438' title='bbox 651 3322 845 3392; x_wconf 88' lang='lat' dir='ltr'><strong>insigni</strong></span> <span class='ocrx_word' id='word_1_439' title='bbox 875 3325 1230 3392; x_wconf 88' lang='lat' dir='ltr'><strong>Bibliotheca,</strong></span> <span class='ocrx_word' id='word_1_440' title='bbox 1265 3336 1376 3383; x_wconf 92' lang='lat' dir='ltr'><strong>tum</strong></span> <span class='ocrx_word' id='word_1_441' title='bbox 1399 3343 1464 3384; x_wconf 86' lang='lat' dir='ltr'><strong>ex</strong></span> <span class='ocrx_word' id='word_1_442' title='bbox 1493 3334 1759 3390; x_wconf 91' lang='lat' dir='ltr'><strong>nonnullis</strong></span> <span class='ocrx_word' id='word_1_443' title='bbox 1787 3337 1904 3392; x_wconf 91' lang='lat' dir='ltr'><strong>aliis</strong></span> <span class='ocrx_word' id='word_1_444' title='bbox 1931 3339 2012 3393; x_wconf 94' lang='lat' dir='ltr'><strong>vir</strong></span> <span class='ocrx_word' id='word_1_445' title='bbox 2033 3341 2102 3396; x_wconf 93' lang='lat' dir='ltr'><strong>cl.</strong></span> 
     </span>
    </p>
   </div>
   <div class='ocr_carea' id='block_1_62' title="bbox 526 3412 2106 3490">
    <p class='ocr_par' dir='ltr' id='par_1_62' title="bbox 526 3412 2106 3490">
     <span class='ocr_line' id='line_1_62' title="bbox 526 3412 2106 3490; baseline 0.013 -24"><span class='ocrx_word' id='word_1_446' title='bbox 526 3412 804 3470; x_wconf 84' lang='lat' dir='ltr'><strong>Emericus</strong></span> <span class='ocrx_word' id='word_1_447' title='bbox 851 3414 1090 3486; x_wconf 88' lang='lat' dir='ltr'><strong>Bigotius</strong></span> <span class='ocrx_word' id='word_1_448' title='bbox 1134 3417 1574 3490; x_wconf 86' lang='lat' dir='ltr'><strong>Rotomagensis,</strong></span> <span class='ocrx_word' id='word_1_449' title='bbox 1621 3425 1748 3480; x_wconf 86' lang='lat' dir='ltr'><strong>viris</strong></span> <span class='ocrx_word' id='word_1_450' title='bbox 1776 3427 1948 3484; x_wconf 91' lang='lat' dir='ltr'><strong>doctis</strong></span> <span class='ocrx_word' id='word_1_451' title='bbox 1976 3431 2106 3486; x_wconf 89' lang='lat' dir='ltr'><strong>satis</strong></span> 
     </span>
    </p>
   </div>
   <div class='ocr_carea' id='block_1_63' title="bbox 524 3505 2105 3591">
    <p class='ocr_par' dir='ltr' id='par_1_63' title="bbox 524 3505 2105 3591">
     <span class='ocr_line' id='line_1_63' title="bbox 524 3505 2105 3591; baseline 0.013 -34"><span class='ocrx_word' id='word_1_452' title='bbox 524 3513 705 3560; x_wconf 84' lang='lat' dir='ltr'><strong>notus.</strong></span> <span class='ocrx_word' id='word_1_453' title='bbox 757 3505 1112 3577; x_wconf 84' lang='lat' dir='ltr'><strong>Apposuimus</strong></span> <span class='ocrx_word' id='word_1_454' title='bbox 1159 3509 1356 3566; x_wconf 89' lang='lat' dir='ltr'><strong>indices</strong></span> <span class='ocrx_word' id='word_1_455' title='bbox 1403 3513 1536 3569; x_wconf 91' lang='lat' dir='ltr'><strong>duos</strong></span> <span class='ocrx_word' id='word_1_456' title='bbox 1571 3515 1816 3574; x_wconf 88' lang='lat' dir='ltr'><strong>codicum</strong></span> <span class='ocrx_word' id='word_1_457' title='bbox 1857 3519 1924 3574; x_wconf 85' lang='lat' dir='ltr'><strong>ad</strong></span> <span class='ocrx_word' id='word_1_458' title='bbox 1969 3536 2105 3591; x_wconf 93' lang='lat' dir='ltr'><strong>quos</strong></span> 
     </span>
    </p>
   </div>
   <div class='ocr_carea' id='block_1_64' title="bbox 522 3595 2104 3683">
    <p class='ocr_par' dir='ltr' id='par_1_64' title="bbox 522 3595 2104 3683">
     <span class='ocr_line' id='line_1_64' title="bbox 522 3595 2104 3683; baseline 0.013 -35"><span class='ocrx_word' id='word_1_459' title='bbox 522 3595 742 3662; x_wconf 71' lang='lat' dir='ltr'><strong>singulae</strong></span> <span class='ocrx_word' id='word_1_460' title='bbox 769 3598 1012 3666; x_wconf 81' lang='lat' dir='ltr'><strong>epistolac</strong></span> <span class='ocrx_word' id='word_1_461' title='bbox 1039 3602 1324 3669; x_wconf 81' lang='lat' dir='ltr'><strong>recognitae</strong></span> <span class='ocrx_word' id='word_1_462' title='bbox 1347 3609 1490 3668; x_wconf 86' lang='lat' dir='ltr'><strong>sunt,</strong></span> <span class='ocrx_word' id='word_1_463' title='bbox 1518 3613 1572 3658; x_wconf 90' lang='lat' dir='ltr'><strong>et</strong></span> <span class='ocrx_word' id='word_1_464' title='bbox 1600 3616 1849 3676; x_wconf 88' lang='lat' dir='ltr'><strong>poemata</strong></span> <span class='ocrx_word' id='word_1_465' title='bbox 1877 3627 2104 3683; x_wconf 66' lang='lat' dir='ltr'><strong>qumque</strong></span> 
     </span>
    </p>
   </div>
   <div class='ocr_carea' id='block_1_65' title="bbox 522 3686 799 3752">
    <p class='ocr_par' dir='ltr' id='par_1_65' title="bbox 522 3686 799 3752">
     <span class='ocr_line' id='line_1_65' title="bbox 522 3686 799 3752; baseline 0 -13"><span class='ocrx_word' id='word_1_466' title='bbox 522 3686 799 3752; x_wconf 83' lang='lat' dir='ltr'><strong>castigata.</strong></span> 
     </span>
    </p>
   </div>
   <div class='ocr_carea' id='block_1_66' title="bbox 596 3800 2101 3875">
    <p class='ocr_par' dir='ltr' id='par_1_66' title="bbox 596 3800 2101 3875">
     <span class='ocr_line' id='line_1_66' title="bbox 596 3800 2101 3875; baseline 0.014 -22"><span class='ocrx_word' id='word_1_467' title='bbox 596 3802 612 3875; x_wconf 60' lang='grc' dir='ltr'><em>ξ</em></span> <span class='ocrx_word' id='word_1_468' title='bbox 644 3800 750 3857; x_wconf 91' lang='lat' dir='ltr'><strong>Has</strong></span> <span class='ocrx_word' id='word_1_469' title='bbox 777 3803 1047 3875; x_wconf 80' lang='lat' dir='ltr'><strong>variantes</strong></span> <span class='ocrx_word' id='word_1_470' title='bbox 1075 3819 1194 3872; x_wconf 86' lang='lat' dir='ltr'><strong>quae</strong></span> <span class='ocrx_word' id='word_1_471' title='bbox 1221 3805 1382 3860; x_wconf 89' lang='lat' dir='ltr'><strong>etiam</strong></span> <span class='ocrx_word' id='word_1_472' title='bbox 1404 3807 1469 3861; x_wconf 91' lang='lat' dir='ltr'><strong>ad</strong></span> <span class='ocrx_word' id='word_1_473' title='bbox 1495 3809 1823 3868; x_wconf 84' lang='lat' dir='ltr'><strong>Veronensis</strong></span> <span class='ocrx_word' id='word_1_474' title='bbox 1851 3815 2101 3875; x_wconf 90' lang='lat' dir='ltr'><strong>editionis</strong></span> 
     </span>
    </p>
   </div>
   <div class='ocr_carea' id='block_1_67' title="bbox 523 3871 2095 3992">
    <p class='ocr_par' dir='ltr' id='par_1_67' title="bbox 523 3871 2095 3992">
     <span class='ocr_line' id='line_1_67' title="bbox 523 3871 2095 3992; baseline 0.015 -70"><span class='ocrx_word' id='word_1_475' title='bbox 523 3871 724 3992; x_wconf 57' lang='lat' dir='ltr'><strong>Ealcem</strong></span> <span class='ocrx_word' id='word_1_476' title='bbox 746 3871 958 3940; x_wconf 71' lang='lat' dir='ltr'><strong>reject-.1:</strong></span> <span class='ocrx_word' id='word_1_477' title='bbox 979 3871 1190 3928; x_wconf 80' lang='lat' dir='ltr'><strong>fuerant</strong></span> <span class='ocrx_word' id='word_1_478' title='bbox 1208 3917 1223 3942; x_wconf 90' lang='lat'><strong>,</strong></span> <span class='ocrx_word' id='word_1_479' title='bbox 1247 3891 1344 3931; x_wconf 90' lang='lat' dir='ltr'><strong>nos</strong></span> <span class='ocrx_word' id='word_1_480' title='bbox 1364 3876 1460 3931; x_wconf 92' lang='lat' dir='ltr'><strong>sub</strong></span> <span class='ocrx_word' id='word_1_481' title='bbox 1482 3886 1687 3934; x_wconf 83' lang='lat' dir='ltr'><strong>textum</strong></span> <span class='ocrx_word' id='word_1_482' title='bbox 1711 3871 2095 3945; x_wconf 52' lang='lat' dir='ltr'><strong>revocavimus:</strong></span> 
     </span>
     <span class='ocr_line' id='line_1_68' title="bbox 569 3957 676 3992; baseline 0 0"><span class='ocrx_word' id='word_1_483' title='bbox 569 3957 676 3992; x_wconf 85' lang='lat' dir='ltr'><strong>DIT.</strong></span> 
     </span>
    </p>
   </div>
   <div class='ocr_carea' id='block_1_68' title="bbox 569 3957 676 3994">
    <p class='ocr_par' dir='ltr' id='par_1_68' title="bbox 569 3957 676 3994">
     <span class='ocr_line' id='line_1_69' title="bbox 569 3957 676 3994; baseline 0 -1"><span class='ocrx_word' id='word_1_484' title='bbox 569 3957 676 3994; x_wconf 87' lang='lat' dir='ltr'><strong>DIT.</strong></span> 
     </span>
    </p>
   </div>
   <div class='ocr_carea' id='block_1_69' title="bbox 595 4009 2102 4096">
    <p class='ocr_par' dir='ltr' id='par_1_69' title="bbox 595 4009 2102 4096">
     <span class='ocr_line' id='line_1_70' title="bbox 595 4009 2102 4096; baseline 0.014 -34"><span class='ocrx_word' id='word_1_485' title='bbox 595 4012 634 4029; x_wconf 87' lang='lat'>“</span> <span class='ocrx_word' id='word_1_486' title='bbox 665 4009 760 4065; x_wconf 86' lang='lat' dir='ltr'><strong>His</strong></span> <span class='ocrx_word' id='word_1_487' title='bbox 804 4011 1066 4068; x_wconf 88' lang='lat' dir='ltr'><strong>indicibus</strong></span> <span class='ocrx_word' id='word_1_488' title='bbox 1113 4011 1400 4085; x_wconf 73' lang='lat' dir='ltr'><strong>Scriptura:</strong></span> <span class='ocrx_word' id='word_1_489' title='bbox 1447 4017 1861 4090; x_wconf 89' lang='lat' dir='ltr'><strong>abstinebimus,</strong></span> <span class='ocrx_word' id='word_1_490' title='bbox 1907 4034 1967 4081; x_wconf 94' lang='lat' dir='ltr'><strong>ut</strong></span> <span class='ocrx_word' id='word_1_491' title='bbox 2010 4028 2102 4096; x_wconf 92' lang='lat' dir='ltr'><strong>qui</strong></span> 
     </span>
    </p>
   </div>
   <div class='ocr_carea' id='block_1_70' title="bbox 2208 3221 3782 3298">
    <p class='ocr_par' dir='ltr' id='par_1_70' title="bbox 2208 3221 3782 3298">
     <span class='ocr_line' id='line_1_71' title="bbox 2208 3221 3782 3298; baseline 0.007 -23"><span class='ocrx_word' id='word_1_492' title='bbox 2208 3222 2442 3277; x_wconf 83' lang='lat' dir='ltr'><strong>dictione</strong></span> <span class='ocrx_word' id='word_1_493' title='bbox 2469 3221 2673 3277; x_wconf 64' lang='lat' dir='ltr'><strong>caelesti</strong></span> <span class='ocrx_word' id='word_1_494' title='bbox 2696 3221 2870 3277; x_wconf 85' lang='lat' dir='ltr'><strong>faveat</strong></span> <span class='ocrx_word' id='word_1_495' title='bbox 2891 3224 3050 3293; x_wconf 83' lang='lat' dir='ltr'><strong>Deus,</strong></span> <span class='ocrx_word' id='word_1_496' title='bbox 3081 3225 3315 3295; x_wconf 91' lang='lat' dir='ltr'><strong>illudque</strong></span> <span class='ocrx_word' id='word_1_497' title='bbox 3344 3243 3531 3284; x_wconf 91' lang='lat' dir='ltr'><strong>omnes</strong></span> <span class='ocrx_word' id='word_1_498' title='bbox 3555 3246 3782 3298; x_wconf 89' lang='lat' dir='ltr'><strong>quorum</strong></span> 
     </span>
    </p>
   </div>
   <div class='ocr_carea' id='block_1_71' title="bbox 2209 3323 3784 3393">
    <p class='ocr_par' dir='ltr' id='par_1_71' title="bbox 2209 3323 3784 3393">
     <span class='ocr_line' id='line_1_72' title="bbox 2209 3323 3784 3393; baseline 0.007 -18"><span class='ocrx_word' id='word_1_499' title='bbox 2209 3323 2260 3376; x_wconf 88' lang='lat' dir='ltr'><strong>in</strong></span> <span class='ocrx_word' id='word_1_500' title='bbox 2318 3339 2507 3377; x_wconf 91' lang='lat' dir='ltr'><strong>manus</strong></span> <span class='ocrx_word' id='word_1_501' title='bbox 2559 3323 2894 3392; x_wconf 88' lang='lat' dir='ltr'><strong>pervenerit,</strong></span> <span class='ocrx_word' id='word_1_502' title='bbox 2950 3323 3108 3393; x_wconf 82' lang='lat' dir='ltr'><strong>digna</strong></span> <span class='ocrx_word' id='word_1_503' title='bbox 3163 3324 3385 3381; x_wconf 88' lang='lat' dir='ltr'><strong>Paulino</strong></span> <span class='ocrx_word' id='word_1_504' title='bbox 3439 3331 3784 3386; x_wconf 86' lang='lat' dir='ltr'><strong>veneratione</strong></span> 
     </span>
    </p>
   </div>
   <div class='ocr_carea' id='block_1_72' title="bbox 2209 3425 3781 3503">
    <p class='ocr_par' dir='ltr' id='par_1_72' title="bbox 2209 3425 3781 3503">
     <span class='ocr_line' id='line_1_73' title="bbox 2209 3425 3781 3503; baseline 0.007 -25"><span class='ocrx_word' id='word_1_505' title='bbox 2209 3432 2472 3492; x_wconf 86' lang='lat' dir='ltr'><strong>tractent,</strong></span> <span class='ocrx_word' id='word_1_506' title='bbox 2521 3432 2576 3480; x_wconf 90' lang='lat' dir='ltr'><strong>et</strong></span> <span class='ocrx_word' id='word_1_507' title='bbox 2619 3439 2778 3494; x_wconf 90' lang='lat' dir='ltr'><strong>quam</strong></span> <span class='ocrx_word' id='word_1_508' title='bbox 2825 3425 3016 3480; x_wconf 85' lang='lat' dir='ltr'><strong>divinae</strong></span> <span class='ocrx_word' id='word_1_509' title='bbox 3060 3428 3296 3483; x_wconf 90' lang='lat' dir='ltr'><strong>caritatis</strong></span> <span class='ocrx_word' id='word_1_510' title='bbox 3336 3430 3452 3485; x_wconf 91' lang='lat' dir='ltr'><strong>luce</strong></span> <span class='ocrx_word' id='word_1_511' title='bbox 3491 3432 3781 3503; x_wconf 84' lang='lat' dir='ltr'><strong>perfusum,</strong></span> 
     </span>
    </p>
   </div>
   <div class='ocr_carea' id='block_1_73' title="bbox 2205 3525 3780 3600">
    <p class='ocr_par' dir='ltr' id='par_1_73' title="bbox 2205 3525 3780 3600">
     <span class='ocr_line' id='line_1_74' title="bbox 2205 3525 3780 3600; baseline 0.008 -22"><span class='ocrx_word' id='word_1_512' title='bbox 2205 3525 2593 3594; x_wconf 73' lang='lat' dir='ltr'><strong>pneccptisque</strong></span> <span class='ocrx_word' id='word_1_513' title='bbox 2641 3527 2964 3596; x_wconf 79' lang='lat' dir='ltr'><strong>evangelicis</strong></span> <span class='ocrx_word' id='word_1_514' title='bbox 3003 3537 3058 3584; x_wconf 90' lang='lat' dir='ltr'><strong>et</strong></span> <span class='ocrx_word' id='word_1_515' title='bbox 3087 3529 3366 3600; x_wconf 87' lang='lat' dir='ltr'><strong>disciplina</strong></span> <span class='ocrx_word' id='word_1_516' title='bbox 3418 3534 3780 3592; x_wconf 84' lang='lat' dir='ltr'><strong>ecclesiastica</strong></span> 
     </span>
    </p>
   </div>
   <div class='ocr_carea' id='block_1_74' title="bbox 2207 3625 3445 3701">
    <p class='ocr_par' dir='ltr' id='par_1_74' title="bbox 2207 3625 3445 3701">
     <span class='ocr_line' id='line_1_75' title="bbox 2207 3625 3445 3701; baseline 0.01 -27"><span class='ocrx_word' id='word_1_517' title='bbox 2207 3625 2459 3679; x_wconf 88' lang='lat' dir='ltr'><strong>refertum</strong></span> <span class='ocrx_word' id='word_1_518' title='bbox 2490 3641 2624 3695; x_wconf 92' lang='lat' dir='ltr'><strong>opus</strong></span> <span class='ocrx_word' id='word_1_519' title='bbox 2651 3641 2883 3696; x_wconf 87' lang='lat' dir='ltr'><strong>congrua</strong></span> <span class='ocrx_word' id='word_1_520' title='bbox 2912 3628 3110 3700; x_wconf 88' lang='lat' dir='ltr'><strong>pietate</strong></span> <span class='ocrx_word' id='word_1_521' title='bbox 3137 3631 3445 3701; x_wconf 90' lang='lat' dir='ltr'><strong>suscipiant.</strong></span> 
     </span>
    </p>
   </div>
   <div class='ocr_carea' id='block_1_75' title="bbox 2247 3824 3780 3898">
    <p class='ocr_par' dir='ltr' id='par_1_75' title="bbox 2247 3824 3780 3898">
     <span class='ocr_line' id='line_1_76' title="bbox 2247 3824 3780 3898; baseline 0.004 -20"><span class='ocrx_word' id='word_1_522' title='bbox 2247 3831 2394 3898; x_wconf 82' lang='lat' dir='ltr'><strong>ostea</strong></span> <span class='ocrx_word' id='word_1_523' title='bbox 2443 3824 2493 3898; x_wconf 87' lang='lat' dir='ltr'><strong>in</strong></span> <span class='ocrx_word' id='word_1_524' title='bbox 2541 3825 2715 3880; x_wconf 90' lang='lat' dir='ltr'><strong>indice</strong></span> <span class='ocrx_word' id='word_1_525' title='bbox 2753 3826 2994 3898; x_wconf 78' lang='lat' dir='ltr'><strong>generali</strong></span> <span class='ocrx_word' id='word_1_526' title='bbox 3041 3826 3327 3898; x_wconf 72' lang='lat' dir='ltr'><strong>Scriptum</strong></span> <span class='ocrx_word' id='word_1_527' title='bbox 3374 3829 3428 3883; x_wconf 88' lang='lat' dir='ltr'><strong>in</strong></span> <span class='ocrx_word' id='word_1_528' title='bbox 3477 3831 3780 3884; x_wconf 85' lang='lat' dir='ltr'><strong>universam</strong></span> 
     </span>
    </p>
   </div>
   <div class='ocr_carea' id='block_1_76' title="bbox 2206 3839 3254 3960">
    <p class='ocr_par' dir='ltr' id='par_1_76' title="bbox 2206 3839 3254 3960">
     <span class='ocr_line' id='line_1_77' title="bbox 2247 3839 3254 3898; baseline 0.004 -20"><span class='ocrx_word' id='word_1_529' title='bbox 2247 3839 2394 3878; x_wconf 76' lang='lat' dir='ltr'><strong>OSIea</strong></span> <span class='ocrx_word' id='word_1_530' title='bbox 2443 3841 2493 3878; x_wconf 84' lang='lat' dir='ltr'><strong>in</strong></span> <span class='ocrx_word' id='word_1_531' title='bbox 2541 3839 2715 3880; x_wconf 75' lang='lat' dir='ltr'><strong>mulce</strong></span> <span class='ocrx_word' id='word_1_532' title='bbox 2761 3839 2994 3892; x_wconf 82' lang='lat' dir='ltr'><strong>generali</strong></span> <span class='ocrx_word' id='word_1_533' title='bbox 3041 3839 3254 3898; x_wconf 78' lang='lat' dir='ltr'><strong>Scriptu</strong></span> 
     </span>
     <span class='ocr_line' id='line_1_78' title="bbox 2206 3839 3254 3960; baseline 0.008 -16"><span class='ocrx_word' id='word_1_534' title='bbox 2206 3839 2560 3960; x_wconf 67' lang='lat' dir='ltr'><strong>Batrologiarn</strong></span> <span class='ocrx_word' id='word_1_535' title='bbox 2591 3897 2922 3950; x_wconf 81' lang='lat' dir='ltr'><strong>exscribendi</strong></span> <span class='ocrx_word' id='word_1_536' title='bbox 2945 3898 3068 3952; x_wconf 91' lang='lat' dir='ltr'><strong>sint.</strong></span> <span class='ocrx_word' id='word_1_537' title='bbox 3102 3895 3254 3952; x_wconf 80' lang='lat' dir='ltr'><strong>EDIT.</strong></span> 
     </span>
    </p>
   </div>
   <div class='ocr_carea' id='block_1_77' title="bbox 2280 3961 3766 4039">
    <p class='ocr_par' dir='ltr' id='par_1_77' title="bbox 2280 3961 3766 4039">
     <span class='ocr_line' id='line_1_79' title="bbox 2280 3961 3766 4039; baseline 0.005 -24"><span class='ocrx_word' id='word_1_538' title='bbox 2280 3965 2342 4039; x_wconf 61' lang='grc' dir='ltr'><strong>’ξ’</strong></span> <span class='ocrx_word' id='word_1_539' title='bbox 2370 3961 2961 4039; x_wconf 41' lang='lat' dir='ltr'><strong>Eamhorthographiam</strong></span> <span class='ocrx_word' id='word_1_540' title='bbox 2991 3982 3090 4022; x_wconf 86' lang='lat' dir='ltr'><strong>nos</strong></span> <span class='ocrx_word' id='word_1_541' title='bbox 3127 3983 3342 4039; x_wconf 85' lang='lat' dir='ltr'><strong>quoque</strong></span> <span class='ocrx_word' id='word_1_542' title='bbox 3371 3969 3625 4023; x_wconf 89' lang='lat' dir='ltr'><strong>intactam</strong></span> <span class='ocrx_word' id='word_1_543' title='bbox 3651 3984 3766 4023; x_wconf 84' lang='lat' dir='ltr'><strong>ser-</strong></span> 
     </span>
    </p>
   </div>
   <div class='ocr_carea' id='block_1_78' title="bbox 2205 4031 2646 4088">
    <p class='ocr_par' dir='ltr' id='par_1_78' title="bbox 2205 4031 2646 4088">
     <span class='ocr_line' id='line_1_80' title="bbox 2205 4031 2646 4088; baseline 0.007 -3"><span class='ocrx_word' id='word_1_544' title='bbox 2205 4032 2462 4088; x_wconf 82' lang='lat' dir='ltr'><strong>vaviinus.</strong></span> <span class='ocrx_word' id='word_1_545' title='bbox 2492 4031 2646 4088; x_wconf 77' lang='lat' dir='ltr'><strong>Eutr.</strong></span> 
     </span>
    </p>
   </div>
   <div class='ocr_carea' id='block_1_79' title="bbox 532 4130 3145 4166">
    <p class='ocr_par' dir='ltr' id='par_1_79' title="bbox 532 4130 3145 4166">
     <span class='ocr_line' id='line_1_81' title="bbox 532 4130 3145 4166; baseline 0.009 -21"><span class='ocrx_word' id='word_1_546' title='bbox 532 4130 3145 4166; x_wconf 40' lang='lat'><strong>———-—.——————_—_____*__—__—_</strong></span> 
     </span>
    </p>
   </div>
   <div class='ocr_carea' id='block_1_80' title="bbox 1071 4223 3234 4394">
    <p class='ocr_par' dir='ltr' id='par_1_80' title="bbox 1071 4223 3234 4394">
     <span class='ocr_line' id='line_1_82' title="bbox 1071 4223 3234 4394; baseline 0.01 -21"><span class='ocrx_word' id='word_1_547' title='bbox 1071 4233 1537 4374; x_wconf 80' lang='lat' dir='ltr'><strong>VITA</strong></span> <span class='ocrx_word' id='word_1_548' title='bbox 1635 4241 2341 4390; x_wconf 87' lang='lat' dir='ltr'><strong>SANCTI</strong></span> <span class='ocrx_word' id='word_1_549' title='bbox 2432 4223 3234 4394; x_wconf 85' lang='lat' dir='ltr'><strong>PAULINI</strong></span> 
     </span>
    </p>
   </div>
   <div class='ocr_carea' id='block_1_81' title="bbox 1678 4453 2607 4564">
    <p class='ocr_par' dir='ltr' id='par_1_81' title="bbox 1678 4453 2607 4564">
     <span class='ocr_line' id='line_1_83' title="bbox 1678 4453 2607 4564; baseline 0.016 -36"><span class='ocrx_word' id='word_1_550' title='bbox 1678 4454 1744 4530; x_wconf 89' lang='lat' dir='ltr'><strong>N</strong></span> <span class='ocrx_word' id='word_1_551' title='bbox 1751 4453 2014 4532; x_wconf 84' lang='lat' dir='ltr'><strong>OLAN</strong></span> <span class='ocrx_word' id='word_1_552' title='bbox 2022 4461 2055 4535; x_wconf 89' lang='grc' dir='ltr'>Ι</span> <span class='ocrx_word' id='word_1_553' title='bbox 2128 4462 2607 4564; x_wconf 88' lang='lat' dir='ltr'><strong>EPISCOPI,</strong></span> 
     </span>
    </p>
   </div>
   <div class='ocr_carea' id='block_1_82' title="bbox 865 4579 3419 4664">
    <p class='ocr_par' dir='ltr' id='par_1_82' title="bbox 865 4579 3419 4664">
     <span class='ocr_line' id='line_1_84' title="bbox 865 4579 3419 4664; baseline 0.012 -32"><span class='ocrx_word' id='word_1_554' title='bbox 865 4579 973 4633; x_wconf 78' lang='lat' dir='ltr'><strong>EX</strong></span> <span class='ocrx_word' id='word_1_555' title='bbox 1011 4579 1287 4636; x_wconf 84' lang='lat' dir='ltr'><strong>IPSIUS</strong></span> <span class='ocrx_word' id='word_1_556' title='bbox 1323 4582 1692 4642; x_wconf 70' lang='lat' dir='ltr'><strong>SCRIPTLS</strong></span> <span class='ocrx_word' id='word_1_557' title='bbox 1731 4588 1828 4644; x_wconf 85' lang='lat' dir='ltr'><strong>AC</strong></span> <span class='ocrx_word' id='word_1_558' title='bbox 1870 4591 2256 4652; x_wconf 81' lang='lat' dir='ltr'><strong>VETERUM</strong></span> <span class='ocrx_word' id='word_1_559' title='bbox 2296 4598 2832 4657; x_wconf 79' lang='lat' dir='ltr'><strong>MONUMENTIS</strong></span> <span class='ocrx_word' id='word_1_560' title='bbox 2869 4602 3419 4664; x_wconf 79' lang='lat' dir='ltr'><strong>CONCINNATA.</strong></span> 
     </span>
    </p>
   </div>
   <div class='ocr_carea' id='block_1_83' title="bbox 1831 4731 2540 4760">
    <p class='ocr_par' dir='ltr' id='par_1_83' title="bbox 1831 4731 2540 4760">
     <span class='ocr_line' id='line_1_85' title="bbox 1831 4731 2540 4760; baseline 0.011 -8"><span class='ocrx_word' id='word_1_561' title='bbox 1831 4731 2540 4760; x_wconf 68' lang='lat'><strong>———_———.</strong></span> 
     </span>
    </p>
   </div>
   <div class='ocr_carea' id='block_1_84' title="bbox 1031 4822 1572 4880">
    <p class='ocr_par' dir='ltr' id='par_1_84' title="bbox 1031 4822 1572 4880">
     <span class='ocr_line' id='line_1_86' title="bbox 1031 4822 1572 4880; baseline 0.007 -4"><span class='ocrx_word' id='word_1_562' title='bbox 1031 4822 1256 4878; x_wconf 83' lang='lat' dir='ltr'><strong>CAPUT</strong></span> <span class='ocrx_word' id='word_1_563' title='bbox 1284 4823 1572 4880; x_wconf 82' lang='lat' dir='ltr'><strong>PRIMUM.</strong></span> 
     </span>
    </p>
   </div>
   <div class='ocr_carea' id='block_1_85' title="bbox 522 4954 2086 5027">
    <p class='ocr_par' dir='ltr' id='par_1_85' title="bbox 522 4954 2086 5027">
     <span class='ocr_line' id='line_1_87' title="bbox 522 4954 2086 5027; baseline 0.005 -15"><span class='ocrx_word' id='word_1_564' title='bbox 522 4956 578 5012; x_wconf 81' lang='lat' dir='ltr'><strong>S.</strong></span> <span class='ocrx_word' id='word_1_565' title='bbox 614 4954 824 5009; x_wconf 83' lang='lat' dir='ltr'><strong>Paulini</strong></span> <span class='ocrx_word' id='word_1_566' title='bbox 851 4963 1008 5021; x_wconf 76' lang='lat' dir='ltr'><strong>ortus,</strong></span> <span class='ocrx_word' id='word_1_567' title='bbox 1041 4957 1242 5026; x_wconf 81' lang='lat' dir='ltr'><strong>familia</strong></span> <span class='ocrx_word' id='word_1_568' title='bbox 1277 4968 1325 5010; x_wconf 86' lang='lat' dir='ltr'><strong>et</strong></span> <span class='ocrx_word' id='word_1_569' title='bbox 1354 4974 1496 5027; x_wconf 73' lang='lat' dir='ltr'><strong>opes.</strong></span> <span class='ocrx_word' id='word_1_570' title='bbox 1529 4958 1606 5012; x_wconf 81' lang='lat' dir='ltr'><strong>De</strong></span> <span class='ocrx_word' id='word_1_571' title='bbox 1646 4961 1800 5014; x_wconf 77' lang='lat' dir='ltr'><strong>variis</strong></span> <span class='ocrx_word' id='word_1_572' title='bbox 1827 4961 2086 5020; x_wconf 83' lang='lat' dir='ltr'><strong>Paulinis.</strong></span> 
     </span>
    </p>
   </div>
   <div class='ocr_carea' id='block_1_86' title="bbox 579 5110 2098 5184">
    <p class='ocr_par' dir='ltr' id='par_1_86' title="bbox 579 5110 2098 5184">
     <span class='ocr_line' id='line_1_88' title="bbox 579 5110 2098 5184; baseline 0.007 -19"><span class='ocrx_word' id='word_1_573' title='bbox 579 5117 632 5184; x_wconf 59' lang='grc' dir='ltr'><strong>,ι</strong></span> <span class='ocrx_word' id='word_1_574' title='bbox 649 5110 920 5174; x_wconf 88' lang='lat' dir='ltr'><strong>Paulinus,</strong></span> <span class='ocrx_word' id='word_1_575' title='bbox 938 5110 1028 5179; x_wconf 84' lang='lat' dir='ltr'><strong>qui</strong></span> <span class='ocrx_word' id='word_1_576' title='bbox 1055 5118 1107 5164; x_wconf 91' lang='lat' dir='ltr'><strong>et</strong></span> <span class='ocrx_word' id='word_1_577' title='bbox 1129 5111 1360 5180; x_wconf 90' lang='lat' dir='ltr'><strong>antiquis</strong></span> <span class='ocrx_word' id='word_1_578' title='bbox 1377 5121 1401 5150; x_wconf 74' lang='grc' dir='ltr'>ι</span> <span class='ocrx_word' id='word_1_579' title='bbox 1419 5111 1659 5181; x_wconf 90' lang='lat' dir='ltr'><strong>Pontius,</strong></span> <span class='ocrx_word' id='word_1_580' title='bbox 1679 5125 1733 5170; x_wconf 92' lang='lat' dir='ltr'><strong>et</strong></span> <span class='ocrx_word' id='word_1_581' title='bbox 1758 5133 1883 5172; x_wconf 88' lang='lat' dir='ltr'><strong>mss.</strong></span> <span class='ocrx_word' id='word_1_582' title='bbox 1909 5134 1971 5174; x_wconf 91' lang='lat' dir='ltr'><strong>ac</strong></span> <span class='ocrx_word' id='word_1_583' title='bbox 1991 5120 2098 5175; x_wconf 83' lang='lat' dir='ltr'><strong>edi-</strong></span> 
     </span>
    </p>
   </div>
   <div class='ocr_carea' id='block_1_87' title="bbox 514 5196 2094 5286">
    <p class='ocr_par' dir='ltr' id='par_1_87' title="bbox 514 5196 2094 5286">
     <span class='ocr_line' id='line_1_89' title="bbox 514 5196 2094 5286; baseline 0.003 -28"><span class='ocrx_word' id='word_1_584' title='bbox 514 5196 579 5259; x_wconf 82' lang='lat' dir='ltr'><strong>tis</strong></span> <span class='ocrx_word' id='word_1_585' title='bbox 607 5202 882 5286; x_wconf 57' lang='lat' dir='ltr'><strong>chicibus</strong></span> <span class='ocrx_word' id='word_1_586' title='bbox 905 5200 928 5238; x_wconf 70' lang='grc' dir='ltr'>δ</span> <span class='ocrx_word' id='word_1_587' title='bbox 947 5199 1215 5270; x_wconf 84' lang='lat' dir='ltr'><strong>Meropius</strong></span> <span class='ocrx_word' id='word_1_588' title='bbox 1231 5244 1244 5268; x_wconf 92' lang='lat'><strong>,</strong></span> <span class='ocrx_word' id='word_1_589' title='bbox 1277 5209 1356 5256; x_wconf 92' lang='lat' dir='ltr'><strong>tot</strong></span> <span class='ocrx_word' id='word_1_590' title='bbox 1383 5218 1446 5258; x_wconf 89' lang='lat' dir='ltr'><strong>ac</strong></span> <span class='ocrx_word' id='word_1_591' title='bbox 1465 5206 1626 5260; x_wconf 88' lang='lat' dir='ltr'><strong>tantis</strong></span> <span class='ocrx_word' id='word_1_592' title='bbox 1657 5206 1897 5261; x_wconf 90' lang='lat' dir='ltr'><strong>laudibus</strong></span> <span class='ocrx_word' id='word_1_593' title='bbox 1920 5208 1970 5261; x_wconf 92' lang='lat' dir='ltr'><strong>in</strong></span> <span class='ocrx_word' id='word_1_594' title='bbox 1993 5207 2094 5265; x_wconf 87' lang='lat' dir='ltr'><strong>Ec-</strong></span> 
     </span>
    </p>
   </div>
   <div class='ocr_carea' id='block_1_88' title="bbox 513 5285 2088 5363">
    <p class='ocr_par' dir='ltr' id='par_1_88' title="bbox 513 5285 2088 5363">
     <span class='ocr_line' id='line_1_90' title="bbox 513 5285 2088 5363; baseline 0.003 -16"><span class='ocrx_word' id='word_1_595' title='bbox 513 5285 680 5348; x_wconf 67' lang='lat' dir='ltr'><strong>clesia~</strong></span> <span class='ocrx_word' id='word_1_596' title='bbox 698 5292 996 5348; x_wconf 87' lang='lat' dir='ltr'><strong>celebratus</strong></span> <span class='ocrx_word' id='word_1_597' title='bbox 1035 5305 1101 5344; x_wconf 85' lang='lat' dir='ltr'><strong>ex</strong></span> <span class='ocrx_word' id='word_1_598' title='bbox 1137 5301 1157 5327; x_wconf 73' lang='grc' dir='ltr'>ε</span> <span class='ocrx_word' id='word_1_599' title='bbox 1193 5291 1542 5347; x_wconf 84' lang='lat' dir='ltr'><strong>illustrissima</strong></span> <span class='ocrx_word' id='word_1_600' title='bbox 1575 5294 1775 5348; x_wconf 87' lang='lat' dir='ltr'><strong>familia</strong></span> <span class='ocrx_word' id='word_1_601' title='bbox 1814 5303 1962 5351; x_wconf 90' lang='lat' dir='ltr'><strong>ortus</strong></span> <span class='ocrx_word' id='word_1_602' title='bbox 1989 5306 2088 5363; x_wconf 85' lang='lat' dir='ltr'><strong>est,</strong></span> 
     </span>
    </p>
   </div>
   <div class='ocr_carea' id='block_1_89' title="bbox 513 5379 2089 5448">
    <p class='ocr_par' dir='ltr' id='par_1_89' title="bbox 513 5379 2089 5448">
     <span class='ocr_line' id='line_1_91' title="bbox 513 5379 2089 5448; baseline 0.003 -13"><span class='ocrx_word' id='word_1_603' title='bbox 513 5399 577 5435; x_wconf 74' lang='lat' dir='ltr'><strong>cx</strong></span> <span class='ocrx_word' id='word_1_604' title='bbox 607 5381 630 5418; x_wconf 67' lang='lat' dir='ltr'><strong>d</strong></span> <span class='ocrx_word' id='word_1_605' title='bbox 663 5381 996 5437; x_wconf 85' lang='lat' dir='ltr'><strong>senatoribus</strong></span> <span class='ocrx_word' id='word_1_606' title='bbox 1035 5379 1238 5433; x_wconf 81' lang='lat' dir='ltr'><strong>scilicet</strong></span> <span class='ocrx_word' id='word_1_607' title='bbox 1281 5389 1391 5432; x_wconf 88' lang='lat' dir='ltr'><strong>tum</strong></span> <span class='ocrx_word' id='word_1_608' title='bbox 1419 5389 1643 5448; x_wconf 80' lang='lat' dir='ltr'><strong>paterno</strong></span> <span class='ocrx_word' id='word_1_609' title='bbox 1687 5386 1799 5436; x_wconf 91' lang='lat' dir='ltr'><strong>t&#39;um</strong></span> <span class='ocrx_word' id='word_1_610' title='bbox 1848 5391 2089 5439; x_wconf 89' lang='lat' dir='ltr'><strong>materno</strong></span> 
     </span>
    </p>
   </div>
   <div class='ocr_carea' id='block_1_90' title="bbox 515 5468 2090 5541">
    <p class='ocr_par' dir='ltr' id='par_1_90' title="bbox 515 5468 2090 5541">
     <span class='ocr_line' id='line_1_92' title="bbox 515 5468 2090 5541; baseline 0.004 -18"><span class='ocrx_word' id='word_1_611' title='bbox 515 5485 707 5536; x_wconf 82' lang='lat' dir='ltr'><strong>genere</strong></span> <span class='ocrx_word' id='word_1_612' title='bbox 739 5483 760 5507; x_wconf 75' lang='grc' dir='ltr'>υ</span> <span class='ocrx_word' id='word_1_613' title='bbox 786 5470 1059 5524; x_wconf 74' lang='lat' dir='ltr'><strong>Romanis.</strong></span> <span class='ocrx_word' id='word_1_614' title='bbox 1095 5469 1112 5506; x_wconf 74' lang='grc' dir='ltr'><em>τ</em></span> <span class='ocrx_word' id='word_1_615' title='bbox 1147 5468 1383 5523; x_wconf 74' lang='lat' dir='ltr'><strong>Melania:</strong></span> <span class='ocrx_word' id='word_1_616' title='bbox 1406 5471 1621 5537; x_wconf 85' lang='lat' dir='ltr'><strong>seniori,</strong></span> <span class='ocrx_word' id='word_1_617' title='bbox 1663 5473 1810 5541; x_wconf 87' lang='lat' dir='ltr'><strong>cujus</strong></span> <span class='ocrx_word' id='word_1_618' title='bbox 1843 5475 2090 5531; x_wconf 85' lang='lat' dir='ltr'><strong>nobilitas</strong></span> 
     </span>
    </p>
   </div>
   <div class='ocr_carea' id='block_1_91' title="bbox 585 5604 1635 5684">
    <p class='ocr_par' dir='ltr' id='par_1_91' title="bbox 585 5604 1635 5684">
     <span class='ocr_line' id='line_1_93' title="bbox 585 5604 1635 5684; baseline 0 -26"><span class='ocrx_word' id='word_1_619' title='bbox 585 5616 608 5644; x_wconf 76' lang='grc' dir='ltr'><strong><em>ι</em></strong></span> <span class='ocrx_word' id='word_1_620' title='bbox 638 5604 949 5684; x_wconf 23' lang='lat' dir='ltr'><strong>auscultet).</strong></span> <span class='ocrx_word' id='word_1_621' title='bbox 1114 5607 1170 5684; x_wconf 40' lang='lat' dir='ltr'><strong>Hb</strong></span> <span class='ocrx_word' id='word_1_622' title='bbox 1201 5606 1404 5672; x_wconf 74' lang='lat' dir='ltr'><strong>Paulin.</strong></span> <span class='ocrx_word' id='word_1_623' title='bbox 1432 5623 1516 5684; x_wconf 70' lang='lat' dir='ltr'><strong>ep.</strong></span> <span class='ocrx_word' id='word_1_624' title='bbox 1563 5607 1635 5684; x_wconf 59' lang='lat' dir='ltr'><strong>i0,</strong></span> 
     </span>
    </p>
   </div>
   <div class='ocr_carea' id='block_1_92' title="bbox 2122 4837 3774 4917">
    <p class='ocr_par' dir='ltr' id='par_1_92' title="bbox 2122 4837 3774 4917">
     <span class='ocr_line' id='line_1_94' title="bbox 2122 4837 3774 4917; baseline 0.012 -28"><span class='ocrx_word' id='word_1_625' title='bbox 2122 4837 2173 4897; x_wconf 88' lang='lat' dir='ltr'><strong>D</strong></span> <span class='ocrx_word' id='word_1_626' title='bbox 2201 4843 2306 4893; x_wconf 91' lang='lat' dir='ltr'><strong>tam</strong></span> <span class='ocrx_word' id='word_1_627' title='bbox 2330 4840 2548 4897; x_wconf 90' lang='lat' dir='ltr'><strong>illustris</strong></span> <span class='ocrx_word' id='word_1_628' title='bbox 2570 4842 2752 4897; x_wconf 65' lang='lat' dir='ltr'><strong>Romae</strong></span> <span class='ocrx_word' id='word_1_629' title='bbox 2773 4843 3086 4913; x_wconf 87' lang='lat' dir='ltr'><strong>habebatur,</strong></span> <span class='ocrx_word' id='word_1_630' title='bbox 3110 4845 3282 4903; x_wconf 85' lang='lat' dir='ltr'><strong>affinis</strong></span> <span class='ocrx_word' id='word_1_631' title='bbox 3303 4856 3445 4917; x_wconf 86' lang='lat' dir='ltr'><strong>erat;</strong></span> <span class='ocrx_word' id='word_1_632' title='bbox 3473 4860 3496 4897; x_wconf 79' lang='grc' dir='ltr'><strong>ες</strong></span> <span class='ocrx_word' id='word_1_633' title='bbox 3515 4850 3774 4908; x_wconf 85' lang='lat' dir='ltr'><strong>Pneuma-</strong></span> 
     </span>
    </p>
   </div>
   <div class='ocr_carea' id='block_1_93' title="bbox 2200 4933 3776 5015">
    <p class='ocr_par' dir='ltr' id='par_1_93' title="bbox 2200 4933 3776 5015">
     <span class='ocr_line' id='line_1_95' title="bbox 2200 4933 3776 5015; baseline 0.01 -29"><span class='ocrx_word' id='word_1_634' title='bbox 2200 4933 2258 4986; x_wconf 90' lang='lat' dir='ltr'><strong>tii</strong></span> <span class='ocrx_word' id='word_1_635' title='bbox 2283 4948 2494 5005; x_wconf 83' lang='lat' dir='ltr'><strong>quoque</strong></span> <span class='ocrx_word' id='word_1_636' title='bbox 2519 4935 2626 4990; x_wconf 85' lang='lat' dir='ltr'><strong>filio</strong></span> <span class='ocrx_word' id='word_1_637' title='bbox 2653 4934 2828 5003; x_wconf 89' lang='lat' dir='ltr'><strong>Celso,</strong></span> <span class='ocrx_word' id='word_1_638' title='bbox 2859 4937 2925 4993; x_wconf 92' lang='lat' dir='ltr'><strong>de</strong></span> <span class='ocrx_word' id='word_1_639' title='bbox 2953 4939 3101 5008; x_wconf 86' lang='lat' dir='ltr'><strong>cujus</strong></span> <span class='ocrx_word' id='word_1_640' title='bbox 3123 4940 3271 4996; x_wconf 92' lang='lat' dir='ltr'><strong>obitu</strong></span> <span class='ocrx_word' id='word_1_641' title='bbox 3297 4958 3460 4998; x_wconf 88' lang='lat' dir='ltr'><strong>suave</strong></span> <span class='ocrx_word' id='word_1_642' title='bbox 3481 4952 3535 4998; x_wconf 91' lang='lat' dir='ltr'><strong>et</strong></span> <span class='ocrx_word' id='word_1_643' title='bbox 3562 4945 3776 5015; x_wconf 85' lang='lat' dir='ltr'><strong>elegans</strong></span> 
     </span>
    </p>
   </div>
   <div class='ocr_carea' id='block_1_94' title="bbox 2199 5020 2680 5081">
    <p class='ocr_par' dir='ltr' id='par_1_94' title="bbox 2199 5020 2680 5081">
     <span class='ocr_line' id='line_1_96' title="bbox 2199 5020 2680 5081; baseline 0.008 -5"><span class='ocrx_word' id='word_1_644' title='bbox 2199 5020 2396 5079; x_wconf 88' lang='lat' dir='ltr'><strong>Poema</strong></span> <span class='ocrx_word' id='word_1_645' title='bbox 2425 5025 2680 5081; x_wconf 88' lang='lat' dir='ltr'><strong>condidit.</strong></span> 
     </span>
    </p>
   </div>
   <div class='ocr_carea' id='block_1_95' title="bbox 2272 5115 3777 5194">
    <p class='ocr_par' dir='ltr' id='par_1_95' title="bbox 2272 5115 3777 5194">
     <span class='ocr_line' id='line_1_97' title="bbox 2272 5115 3777 5194; baseline 0.009 -26"><span class='ocrx_word' id='word_1_646' title='bbox 2272 5115 2324 5169; x_wconf 75' lang='lat'><strong>2.</strong></span> <span class='ocrx_word' id='word_1_647' title='bbox 2368 5115 2477 5170; x_wconf 93' lang='lat' dir='ltr'><strong>Sub</strong></span> <span class='ocrx_word' id='word_1_648' title='bbox 2529 5117 2716 5187; x_wconf 87' lang='lat' dir='ltr'><strong>primis</strong></span> <span class='ocrx_word' id='word_1_649' title='bbox 2771 5119 3178 5190; x_wconf 89' lang='lat' dir='ltr'><strong>imperatoribus</strong></span> <span class='ocrx_word' id='word_1_650' title='bbox 3226 5121 3253 5161; x_wconf 67' lang='grc' dir='ltr'>δ</span> <span class='ocrx_word' id='word_1_651' title='bbox 3295 5124 3477 5194; x_wconf 88' lang='lat' dir='ltr'><strong>plures</strong></span> <span class='ocrx_word' id='word_1_652' title='bbox 3521 5125 3777 5182; x_wconf 78' lang='lat' dir='ltr'><strong>exstitere</strong></span> 
     </span>
    </p>
   </div>
   <div class='ocr_carea' id='block_1_96' title="bbox 2199 5205 3776 5272">
    <p class='ocr_par' dir='ltr' id='par_1_96' title="bbox 2199 5205 3776 5272">
     <span class='ocr_line' id='line_1_98' title="bbox 2199 5205 3776 5272; baseline 0.008 -14"><span class='ocrx_word' id='word_1_653' title='bbox 2199 5205 2471 5272; x_wconf 86' lang='lat' dir='ltr'><strong>Paulini;i</strong></span> <span class='ocrx_word' id='word_1_654' title='bbox 2510 5206 2769 5264; x_wconf 90' lang='lat' dir='ltr'><strong>Consules</strong></span> <span class='ocrx_word' id='word_1_655' title='bbox 2795 5209 2901 5266; x_wconf 92' lang='lat' dir='ltr'><strong>duo</strong></span> <span class='ocrx_word' id='word_1_656' title='bbox 2930 5212 3028 5266; x_wconf 91' lang='lat' dir='ltr'><strong>sub</strong></span> <span class='ocrx_word' id='word_1_657' title='bbox 3069 5212 3424 5269; x_wconf 91' lang='lat' dir='ltr'><strong>Constantino</strong></span> <span class='ocrx_word' id='word_1_658' title='bbox 3471 5217 3625 5270; x_wconf 88' lang='lat' dir='ltr'><strong>annis</strong></span> <span class='ocrx_word' id='word_1_659' title='bbox 3671 5215 3776 5271; x_wconf 73' lang='lat'><strong>525</strong></span> 
     </span>
    </p>
   </div>
   <div class='ocr_carea' id='block_1_97' title="bbox 2196 5294 3772 5373">
    <p class='ocr_par' dir='ltr' id='par_1_97' title="bbox 2196 5294 3772 5373">
     <span class='ocr_line' id='line_1_99' title="bbox 2196 5294 3772 5373; baseline 0.01 -26"><span class='ocrx_word' id='word_1_660' title='bbox 2196 5304 2248 5348; x_wconf 91' lang='lat' dir='ltr'><strong>et</strong></span> <span class='ocrx_word' id='word_1_661' title='bbox 2278 5295 2398 5348; x_wconf 67' lang='lat' dir='ltr'><strong>55L</strong></span> <span class='ocrx_word' id='word_1_662' title='bbox 2433 5294 2573 5350; x_wconf 91' lang='lat' dir='ltr'><strong>Inter</strong></span> <span class='ocrx_word' id='word_1_663' title='bbox 2593 5299 2841 5368; x_wconf 84' lang='lat' dir='ltr'><strong>patricias</strong></span> <span class='ocrx_word' id='word_1_664' title='bbox 2869 5300 3113 5368; x_wconf 86' lang='lat' dir='ltr'><strong>familias,</strong></span> <span class='ocrx_word' id='word_1_665' title='bbox 3141 5318 3258 5371; x_wconf 66' lang='lat' dir='ltr'><strong>quin</strong></span> <span class='ocrx_word' id='word_1_666' title='bbox 3285 5305 3529 5373; x_wconf 88' lang='lat' dir='ltr'><strong>primitus</strong></span> <span class='ocrx_word' id='word_1_667' title='bbox 3557 5308 3623 5361; x_wconf 89' lang='lat' dir='ltr'><strong>ab</strong></span> <span class='ocrx_word' id='word_1_668' title='bbox 3654 5308 3772 5362; x_wconf 88' lang='lat' dir='ltr'><strong>ido-</strong></span> 
     </span>
    </p>
   </div>
   <div class='ocr_carea' id='block_1_98' title="bbox 2195 5387 3758 5458">
    <p class='ocr_par' dir='ltr' id='par_1_98' title="bbox 2195 5387 3758 5458">
     <span class='ocr_line' id='line_1_100' title="bbox 2195 5387 3758 5458; baseline 0.004 -18"><span class='ocrx_word' id='word_1_669' title='bbox 2195 5387 2259 5440; x_wconf 87' lang='lat' dir='ltr'><strong>lis</strong></span> <span class='ocrx_word' id='word_1_670' title='bbox 2308 5387 2373 5440; x_wconf 86' lang='lat' dir='ltr'><strong>ad</strong></span> <span class='ocrx_word' id='word_1_671' title='bbox 2427 5387 2692 5442; x_wconf 79' lang='lat' dir='ltr'><strong>Christum</strong></span> <span class='ocrx_word' id='word_1_672' title='bbox 2741 5392 3090 5458; x_wconf 90' lang='lat' dir='ltr'><strong>transierant,</strong></span> <span class='ocrx_word' id='word_1_673' title='bbox 3145 5391 3396 5448; x_wconf 86' lang='lat' dir='ltr'><strong>Paulinos</strong></span> <span class='ocrx_word' id='word_1_674' title='bbox 3451 5405 3694 5450; x_wconf 89' lang='lat' dir='ltr'><strong>recenset</strong></span> <span class='ocrx_word' id='word_1_675' title='bbox 3745 5398 3758 5447; x_wconf 88' lang='lat' dir='ltr'><strong>i</strong></span> 
     </span>
    </p>
   </div>
   <div class='ocr_carea' id='block_1_99' title="bbox 2195 5473 3792 5552">
    <p class='ocr_par' dir='ltr' id='par_1_99' title="bbox 2195 5473 3792 5552">
     <span class='ocr_line' id='line_1_101' title="bbox 2195 5473 3792 5552; baseline 0.007 -25"><span class='ocrx_word' id='word_1_676' title='bbox 2195 5473 2528 5530; x_wconf 76' lang='lat' dir='ltr'><strong>Prinlcntius.</strong></span> <span class='ocrx_word' id='word_1_677' title='bbox 2561 5476 2707 5531; x_wconf 83' lang='lat' dir='ltr'><strong>Enim</strong></span> <span class='ocrx_word' id='word_1_678' title='bbox 2746 5495 2873 5533; x_wconf 79' lang='lat' dir='ltr'><strong>vero</strong></span> <span class='ocrx_word' id='word_1_679' title='bbox 2916 5496 3034 5534; x_wconf 84' lang='lat' dir='ltr'><strong>cum</strong></span> <span class='ocrx_word' id='word_1_680' title='bbox 3067 5479 3270 5535; x_wconf 85' lang='lat' dir='ltr'><strong>Paulini</strong></span> <span class='ocrx_word' id='word_1_681' title='bbox 3302 5484 3466 5537; x_wconf 84' lang='lat' dir='ltr'><strong>nostri</strong></span> <span class='ocrx_word' id='word_1_682' title='bbox 3494 5485 3630 5537; x_wconf 88' lang='lat' dir='ltr'><strong>fama</strong></span> <span class='ocrx_word' id='word_1_683' title='bbox 3656 5483 3792 5552; x_wconf 31' lang='lat' dir='ltr'><strong>jam.</strong></span> 
     </span>
    </p>
   </div>
   <div class='ocr_carea' id='block_1_100' title="bbox 1717 5608 2646 5680">
    <p class='ocr_par' dir='ltr' id='par_1_100' title="bbox 1717 5608 2646 5680">
     <span class='ocr_line' id='line_1_102' title="bbox 1717 5608 2646 5680; baseline 0.002 -18"><span class='ocrx_word' id='word_1_684' title='bbox 1717 5625 1734 5647; x_wconf 69' lang='grc' dir='ltr'><strong>ι·</strong></span> <span class='ocrx_word' id='word_1_685' title='bbox 1763 5608 2007 5680; x_wconf 78' lang='lat' dir='ltr'><strong>Ambros.</strong></span> <span class='ocrx_word' id='word_1_686' title='bbox 2033 5627 2116 5680; x_wconf 88' lang='lat' dir='ltr'><strong>cp.</strong></span> <span class='ocrx_word' id='word_1_687' title='bbox 2140 5613 2223 5664; x_wconf 77' lang='lat'><strong>&#39;50.</strong></span> <span class='ocrx_word' id='word_1_688' title='bbox 2301 5610 2324 5647; x_wconf 73' lang='grc' dir='ltr'>ἀ</span> <span class='ocrx_word' id='word_1_689' title='bbox 2351 5610 2506 5664; x_wconf 79' lang='lat' dir='ltr'><strong>Urun.</strong></span> <span class='ocrx_word' id='word_1_690' title='bbox 2545 5613 2570 5680; x_wconf 65' lang='grc' dir='ltr'>ᾗ</span> <span class='ocrx_word' id='word_1_691' title='bbox 2597 5612 2646 5664; x_wconf 72' lang='lat'><strong>9.</strong></span> 
     </span>
    </p>
   </div>
   <div class='ocr_carea' id='block_1_101' title="bbox 2728 5613 3763 5684">
    <p class='ocr_par' dir='ltr' id='par_1_101' title="bbox 2728 5613 3763 5684">
     <span class='ocr_line' id='line_1_103' title="bbox 2728 5613 3763 5684; baseline 0.008 -20"><span class='ocrx_word' id='word_1_692' title='bbox 2728 5624 2748 5648; x_wconf 75' lang='grc' dir='ltr'>ε</span> <span class='ocrx_word' id='word_1_693' title='bbox 2778 5613 2982 5667; x_wconf 80' lang='lat' dir='ltr'><strong>Paulin.</strong></span> <span class='ocrx_word' id='word_1_694' title='bbox 3015 5615 3186 5669; x_wconf 80' lang='lat' dir='ltr'><strong>Chii“.</strong></span> <span class='ocrx_word' id='word_1_695' title='bbox 3208 5631 3272 5684; x_wconf 14' lang='grc' dir='ltr'><strong>γι),</strong></span> <span class='ocrx_word' id='word_1_696' title='bbox 3312 5615 3427 5668; x_wconf 78' lang='grc'><strong>151.</strong></span> <span class='ocrx_word' id='word_1_697' title='bbox 3511 5613 3527 5652; x_wconf 71' lang='grc' dir='ltr'>ί</span> <span class='ocrx_word' id='word_1_698' title='bbox 3556 5616 3763 5671; x_wconf 79' lang='grc' dir='ltr'><strong>Ρ.ιυ1ἰη.</strong></span> 
     </span>
    </p>
   </div>
   <div class='ocr_carea' id='block_1_102' title="bbox 514 5666 2106 5757">
    <p class='ocr_par' dir='ltr' id='par_1_102' title="bbox 514 5666 2106 5750">
     <span class='ocr_line' id='line_1_104' title="bbox 514 5666 2106 5750; baseline 0.001 -16"><span class='ocrx_word' id='word_1_699' title='bbox 514 5694 598 5750; x_wconf 79' lang='lat' dir='ltr'><strong>ep.</strong></span> <span class='ocrx_word' id='word_1_700' title='bbox 628 5676 793 5742; x_wconf 53' lang='grc' dir='ltr'><strong>ἐιμι</strong></span> <span class='ocrx_word' id='word_1_701' title='bbox 901 5666 913 5676; x_wconf 85' lang='grc'><em>’</em></span> <span class='ocrx_word' id='word_1_702' title='bbox 958 5687 978 5723; x_wconf 75' lang='grc' dir='ltr'>ε</span> <span class='ocrx_word' id='word_1_703' title='bbox 1002 5676 1202 5734; x_wconf 74' lang='lat' dir='ltr'><strong>Paulin.</strong></span> <span class='ocrx_word' id='word_1_704' title='bbox 1235 5666 1398 5734; x_wconf 79' lang='lat' dir='ltr'><strong>carm.</strong></span> <span class='ocrx_word' id='word_1_705' title='bbox 1432 5666 1516 5744; x_wconf 57' lang='grc' dir='ltr'><strong>δῖ,</strong></span> <span class='ocrx_word' id='word_1_706' title='bbox 1546 5695 1595 5730; x_wconf 67' lang='grc' dir='ltr'>γ.</span> <span class='ocrx_word' id='word_1_707' title='bbox 1617 5680 1737 5734; x_wconf 69' lang='lat'><strong>($22.</strong></span> <span class='ocrx_word' id='word_1_708' title='bbox 1817 5678 1840 5716; x_wconf 66' lang='grc' dir='ltr'><strong>ι’</strong></span> <span class='ocrx_word' id='word_1_709' title='bbox 1867 5666 2106 5736; x_wconf 49' lang='lat' dir='ltr'><strong>Ausum-1</strong></span> 
     </span>
    </p>
   </div>
   <div class='ocr_carea' id='block_1_103' title="bbox 2209 5666 3768 5757">
    <p class='ocr_par' dir='ltr' id='par_1_103' title="bbox 2209 5666 3768 5757">
     <span class='ocr_line' id='line_1_105' title="bbox 2209 5666 3768 5757; baseline 0.007 -24"><span class='ocrx_word' id='word_1_710' title='bbox 2209 5680 2289 5735; x_wconf 83' lang='lat' dir='ltr'><strong>I9.</strong></span> <span class='ocrx_word' id='word_1_711' title='bbox 2371 5681 2384 5718; x_wconf 69' lang='grc' dir='ltr'><strong>ί</strong></span> <span class='ocrx_word' id='word_1_712' title='bbox 2414 5666 2609 5736; x_wconf 65' lang='grc' dir='ltr'><strong>Βυι’‹ἶὶι.</strong></span> <span class='ocrx_word' id='word_1_713' title='bbox 2643 5699 2727 5737; x_wconf 82' lang='lat' dir='ltr'><strong>an.</strong></span> <span class='ocrx_word' id='word_1_714' title='bbox 2755 5684 2886 5752; x_wconf 74' lang='grc'><strong>594,</strong></span> <span class='ocrx_word' id='word_1_715' title='bbox 2921 5666 3363 5756; x_wconf 13' lang='grc' dir='ltr'><strong>ξίίῖεξῂἐνιῗιλυύ.</strong></span> <span class='ocrx_word' id='word_1_716' title='bbox 3387 5666 3768 5757; x_wconf 34' lang='grc' dir='ltr'><strong>8)·ιιιιιῖδιῖίῖ</strong></span> 
     </span>
    </p>
   </div>
  </div>
