4056 6358
550 244 625 300 19
1572 244 1627 300 S.
1670 246 2009 303 PAULINUS
2045 248 2361 310 NOLANUS
2399 254 2787 313 EPISCOPUS.
3733 274 3807 330 ω

546 356 679 411 lium
706 363 731 392 ι
760 354 952 409 artium
994 352 1094 408 fuit
1137 368 1473 424 summopere
1499 355 1790 424 studiosus,
1821 359 1968 413 omni
2013 360 2128 415 elo-
2155 367 2201 422 Α
2228 364 2366 433 quia
2389 366 2482 419 tali
2508 366 2695 422 Christi
2720 378 2923 425 oratore
2948 370 3261 444 defenditur.
3294 376 3579 436 Illustrasti
3602 399 3807 457 purpu-

545 447 767 523 quentia
788 445 1053 512 excultus,
1077 445 1289 514 poetica
1316 453 1370 499 et
1397 448 1633 502 oratoria
1660 447 1914 505 facundia
1945 451 2124 528 excele

543 537 682 593 lens.
701 536 729 576 ι’
747 537 1071 608 Sapientiam
1089 537 1295 604 mundi,
1313 538 1483 606 inquit
1506 539 1622 608 ipse
1643 539 1915 607 Paulinus,
1938 544 2124 598 hucus-

542 642 640 700 que
659 628 874 682 miratus
898 644 1033 701 sum,
1080 636 1130 681 et
1159 643 1252 698 per
1286 628 1492 683 inutiles
1517 629 1742 697 litteras,
1768 630 2122 701 reprobatam-

539 736 638 793 que
664 720 989 791 prudentiam
1019 719 1133 775 Deo
1156 720 1343 775 stultus
1379 730 1429 775 et
1458 731 1633 777 mutus
1648 724 1789 793 fui...
1818 735 1838 761 ο
1867 724 2124 795 quondam

540 811 598 864 in
625 811 809 865 litteris
829 811 1171 864 humanan
1200 809 1490 883 fabularum
1519 812 1730 883 loquax.

610 900 662 953 2.
697 901 981 971 Egregium
1010 901 1064 955 in
1092 900 1283 957 litteris
1316 903 1343 938 ά
1370 902 1683 971 magistrum
1712 911 1900 959 nactus
1920 912 2001 958 est
2022 904 2126 959 De-

539 993 683 1053 cium
710 992 957 1061 Magnum
986 991 1300 1059 Ausonium,
1323 994 1534 1063 poetica
1567 1002 1622 1049 et
1646 994 1880 1049 oratoria
1910 991 2126 1049 faculta-

538 1092 595 1139 te
622 1084 877 1155 inclytum
906 1084 1045 1139 inter
1062 1082 1178 1152 ejus
1197 1084 1296 1139 aevi
1317 1085 1517 1157 primos
1541 1102 1555 1139 :
1578 1084 1818 1153 cui,cum
1846 1084 2129 1155 diagram-

536 1176 794 1231 maticam
820 1183 875 1230 et
919 1175 1244 1230 rhetoricam
1286 1175 1472 1231 fuisset
1510 1174 1807 1246 professus,
1833 1176 2125 1246 imperator

540 1261 831 1318 Gratianus
872 1262 1227 1319 instituendus
1254 1265 1626 1335 regendusque
1654 1264 1877 1321 traditus
1902 1272 2009 1334 est,
2036 1275 2058 1302 ι·
2089 1280 2121 1319 a

537 1368 647 1423 quo
667 1361 854 1423 postea
874 1353 941 1409 ad
962 1354 1320 1423 amplissimos
1339 1355 1655 1424 dignitatum
1683 1356 1882 1424 gradus
1907 1365 2123 1412 evectus

536 1452 621 1499 est
646 1442 930 1510 Ausonius,
962 1445 1243 1515 pnefectus
1263 1443 1553 1500 Galliarum
1581 1454 1636 1501 et
1655 1446 1819 1500 Italia:
1847 1447 2121 1515 praetorio,

536 1544 594 1590 et
621 1550 763 1590 anno
794 1534 897 1590 579
924 1543 1137 1591 creatus
1162 1537 1350 1592 consul
1387 1537 1709 1591 ordinarius.
1741 1536 1821 1591 Ex
1863 1538 2118 1594 carmini-

531 1625 634 1680 bus
672 1619 1034 1681 Christianum
1086 1625 1250 1681 fuisse
1302 1626 1596 1681 Ausonium
1644 1627 1811 1696 liquet
1864 1628 2116 1692 omnino,

2226 470 2316 507 ras
2342 455 2475 524 ejus,
2502 467 2552 511 et
2579 458 2851 513 utilitatem
2879 461 3048 534 legum
3078 466 3266 536 {u’turis
3306 471 3490 532 seculis
3532 455 3805 533 consecra-

2225 544 2326 608 sti;
2357 555 2522 600 macte
2566 549 2773 617 virtute,
2811 552 2899 621 qui
2942 553 3069 607 talia
3108 555 3265 611 habes
3303 560 3612 630 rudimenta,
3636 570 3808 637 qualis

2224 639 2536 692 exercitatus
2560 640 2705 695 miles
2732 644 2833 697 eris
2849 644 2869 697 .'
2887 643 2945 698 ιιι
2970 645 3087 716 ipso
3107 649 3239 705 nihil
3261 651 3555 711 desiderari
3577 666 3807 718 testatur

2223 725 2270 780 si
2318 727 2544 783 interior
2591 733 2812 788 accedat
2861 734 3159 796 divinarum
3208 743 3431 800 scientia
3477 746 3803 809 litterarum.

2225 826 2259 865 ν
2279 816 2343 871 Si
2371 819 2608 887 haberes,
2628 823 2819 892 inquit,
2840 826 2935 882 hoc
2962 829 3369 903 fundamentum,
3398 837 3558 903 immo
3584 843 3630 895 si
3655 847 3806 914 quasi

2223 917 2452 964 extraria
2494 929 2680 969 manus
2704 919 2846 988 operi
2874 927 2959 976 tuo
2987 922 3329 990 induceretur,
3375 930 3505 985 nihil
3549 934 3804 1003 pulcrius,

2223 999 2356 1055 nihil
2395 1001 2612 1071 doctius,
2643 1007 2776 1063 nihil
2810 1010 3029 1078 dulcius,
3067 1016 3295 1089 nihilque
3320 999 3560 1078 Latinius
3584 1026 3686 1081 iui.
3708 999 3802 1081 na;

2223 1089 2453 1148 beremus
2477 1095 2836 1155 uoluminibus.
2873 1100 3116 1174 Cumque
3158 1121 3525 1167 enumerasset
3567 1116 3801 1187 scripto-

2220 1199 2340 1238 rum
2360 1184 2609 1243 Ecclesiic
2629 1188 2939 1248 Latinorum
2961 1196 3129 1265 prima
3150 1198 3368 1266 lumina,
3393 1184 3801 1275 Tertullum—um,

2222 1270 2578 1344 Lactantium,
2628 1279 2982 1349 Victorinum,
3031 1284 3348 1355 Arnobium,
3388 1291 3667 1364 Hilarium,
3698 1270 3802 1371 Cy;

2221 1363 2466 1432 prianum
2490 1406 2508 1433 ,
2565 1369 2994 1442 ostendissetque
3035 1376 3253 1445 singuhs
3297 1380 3364 1435 ad
3413 1363 3803 1452 perfectionem

2221 1453 2421 1523 aliquid
2448 1456 2658 1525 deesse,
2687 1459 2836 1515 addit
2867 1480 2879 1515 :
2911 1465 2996 1518 Ad
3018 1474 3066 1520 te
3094 1468 3262 1537 ipsum
3289 1473 3508 1538 ueniam,
3538 1484 3588 1529 et
3614 1494 3799 1546 preca-

2221 1544 2317 1601 bor
2338 1565 2403 1602 ne
2428 1553 2827 1607 assentationem
2858 1556 2913 1608 in
2943 1560 3315 1616 necessitudine
3341 1544 3650 1634 suspiceris;
3677 1572 3799 1638 quin

2206 1639 2387 1708 potius
2426 1641 2504 1695 uel
2538 1658 2716 1698 errare
2736 1661 2817 1699 me
2839 1649 3154 1717 existimato,
3190 1654 3271 1707 uel
3293 1670 3468 1711 amore
3491 1657 3614 1725 labi,
3643 1678 3799 1732 quam

532 1723 590 1770 et
626 1715 767 1769 inter
814 1714 830 1753 τ
891 1714 1030 1769 villae
1082 1730 1193 1769 suae
1236 1716 1516 1771 commoda
1568 1717 1810 1772 ecclesia:
1860 1718 2119 1787 proximi-
2151 1714 2200 1774 Β
2224 1730 2446 1783 amicum
2474 1732 2772 1788 adulatione
2798 1736 3048 1807 decipere.
3081 1714 3330 1813 Magnum
3356 1745 3513 1802 habes
3537 1714 3801 1822 inperitiam

532 1811 700 1859 tatem
746 1805 1006 1859 enuntiat.
1037 1804 1108 1860 At
1135 1805 1390 1875 pleraque
1416 1805 1531 1875 ejus
1561 1816 1583 1853 ε
1624 1807 1894 1873 carmina,
1926 1807 2121 1878 quibus

532 1891 815 1948 Paulinum
843 1902 1088 1950 nostrum
1113 1910 1146 1951 a
1177 1904 1367 1952 sancto
1398 1898 1522 1951 vita:
1549 1898 1825 1968 proposito
1853 1898 2119 1954 divertere

530 1990 757 2040 conatus
793 1991 906 2051 est,
934 1985 1105 2054 magis
1151 1987 1369 2043 ethnico
1394 1987 1554 2057 digna
1594 1997 1719 2043 sunt
1755 2004 1916 2058 quam
1962 1989 2119 2045 Chri-

530 2074 727 2130 stiano.
758 2074 808 2129 is
846 2073 874 2113 ¹ι
900 2077 1098 2133 veteris
1146 2076 1354 2132 Paulini
1400 2080 1569 2149 patris
1623 2081 2015 2137 necessitudine
2060 2090 2117 2138 et

529 2176 715 2217 amore
766 2165 1104 2235 compulsus,
1155 2167 1227 2222 ita
1272 2168 1622 2224 erudiendum
1670 2170 2114 2242 educandumque

526 2251 766 2308 nobilem
813 2269 1039 2323 puerum
1083 2258 1347 2327 suscepit,
1381 2266 1440 2313 ut
1490 2259 1774 2316 sedulitate
1820 2260 2110 2317 industria-

527 2355 635 2410 que
674 2338 1019 2415 praeceptoris
1072 2346 1405 2403 humanitate
1450 2364 1515 2404 ac
1567 2350 1767 2420 pietate
1801 2352 1972 2421 patris
2015 2351 2112 2406 do-

526 2434 703 2490 cuerit
740 2433 1120 2507 formaritque;
1152 2455 1252 2496 nec
1296 2441 1463 2521 aliter.
1488 2457 1612 2497 eum
1657 2452 1867 2514 postea,
1897 2460 2057 2515 quam
2087 2444 2103 2483 ί

522 2525 690 2580 tilium
738 2531 1079 2585 consueverit
1123 2532 1416 2600 appellare,
1461 2548 1627 2603 seque
1670 2543 1948 2604 parentem
1993 2536 2108 2605 ejus

521 2620 577 2668 et
603 2615 829 2671 altorem
854 2618 1053 2673 dicere.
1084 2618 1339 2675 Paulinus
1364 2628 1498 2678 vero
1528 2639 1626 2693 pro
1671 2639 1768 2679 sua
1794 2634 1948 2695 parte
1990 2642 2106 2691 om-

522 2704 612 2759 nia
642 2706 881 2763 Ausonio
905 2708 1104 2764 debere
1131 2709 1329 2766 fatetur
1359 2730 1375 2766 :

704 2795 817 2863 Tibi
837 2795 1137 2860 disciplinas,
1156 2799 1466 2863 dignitatem,
1493 2800 1705 2863 litteras,

769 2855 990 2917 Linguae,
1010 2855 1157 2921 togae,
1181 2855 1319 2909 fama:
1341 2855 1512 2921 decus,

751 2924 996 2985 revectus,
1018 2919 1162 2980 altus,
1188 2921 1441 2970 institutus
1459 2919 1643 2985 debeo,

769 2975 1001 3041 Patrone,
1017 2975 1319 3044 praeceptor,
1336 2990 1474 3044 pater
1502 2982 1515 3034 i
1531 3016 1547 3031 .

2220 1826 2271 1869 et
2294 1819 2554 1888 inﬁnitam
2580 1826 2830 1879 sermonis
2849 1828 3232 1897 supellectilem,
3263 1843 3315 1887 et
3335 1837 3488 1906 facile
3506 1819 3731 1911 loqueris
3749 1852 3798 1898 et

2218 1922 2363 1975 pure,
2396 1910 2720 1983 facilitasque
2744 1913 2859 1983 ipsa
2887 1925 2938 1969 et
2962 1920 3165 1985 paritas
3191 1923 3461 1991 prudentia
3487 1910 3652 1983 mixta
3678 1942 3795 1986 est:

2217 1998 2386 2064 capite
2402 2000 2589 2070 quippe
2612 2018 2742 2056 sano
2771 2019 2947 2060 omnes
2975 2023 3154 2061 sensus
3187 2012 3374 2080 uigent.
3405 2012 3544 2068 Iluic
3565 2019 3794 2086 pruden-

2217 2086 2304 2141 tia:
2327 2097 2375 2141 et
2403 2089 2706 2160 eloquentia:
2733 2093 2781 2145 si
2806 2095 3069 2149 accederet
3096 2098 3323 2153 studium
3350 2101 3428 2155 rel
3454 2104 3793 2178 intelligentia

2215 2175 2624 2248 Scripturarum,
2654 2183 2878 2237 viderem
2921 2194 2968 2239 te
3002 2186 3138 2241 breui
3178 2205 3349 2244 arcem
3393 2200 3562 2248 tenere
3590 2175 3793 2253 nostro-

2214 2284 2345 2323 rum.
2378 2269 2551 2325 Etiam
2574 2283 2600 2322 (ι
2622 2273 2749 2328 alibi
2773 2277 3111 2332 commendat
3131 2270 3247 2348 ejus
3266 2282 3452 2354 eloquii
3478 2297 3793 2345 venustatem

2212 2368 2268 2416 et
2298 2362 2351 2416 in
2383 2363 2573 2418 litteris
2611 2365 2776 2419 seculi
2819 2367 3193 2424 eruditionem.
3230 2369 3507 2429 Paulinum
3533 2386 3553 2413 τ
3585 2376 3791 2434 Cicero-

2210 2468 2328 2506 nens
2349 2452 2701 2509 Christianum
2731 2465 2886 2512 vocat
2925 2458 3201 2515 Erasmus.
3226 2461 3281 2516 lu
3313 2464 3503 2520 litteris
3531 2465 3740 2525 Paulini
3763 2482 3790 2511 ι

2209 2543 2564 2600 eruditionem
2596 2546 2776 2601 laudat
2800 2547 3095 2617 Ausonius;
3125 2552 3218 2608 sed
3247 2556 3510 2623 poeticam
3537 2559 3679 2615 illius
3707 2578 3789 2618 ve.

2206 2647 2330 2687 nam
2353 2634 2542 2689 mirum
2574 2636 2626 2689 in
2657 2637 2875 2691 modum
2903 2640 3133 2706 extollit,
3155 2656 3275 2696 cum
3303 2645 3570 2713 quoddam
3595 2665 3791 2718 poema

2206 2736 2240 2777 a
2268 2721 2493 2779 Paulino
2527 2726 2544 2761 ι
2577 2726 2832 2795 pncdicat
2856 2728 3113 2798 scriptum
3142 2740 3288 2785 tanta
3313 2735 3589 2806 elegantia,
3620 2748 3680 2791 ut
3703 2756 3786 2794 so-

2205 2827 2288 2868 .t:s
2308 2815 2564 2869 videretur
2581 2826 2843 2871 assecutus
2866 2818 3002 2889 quod
3029 2828 3209 2874 contra
3230 2839 3397 2877 rerum
3425 2834 3673 2882 naturam
3689 2839 3785 2895 est,

2205 2903 2424 2958 brevitas
2470 2915 2527 2959 ut
2570 2905 2787 2961 obscura
2828 2924 2934 2963 non
2973 2918 3126 2963 esset.
3157 2909 3287 2966 Haec
3319 2921 3371 2966 tu
3406 2930 3559 2983 quam
3601 2919 3784 2987 perite,

2195 2993 2392 3064 inquit,
2429 3004 2479 3049 et
2521 2998 2789 3061 concinne,
2829 3014 2983 3068 quam
3018 3000 3279 3056 modulate
3313 3010 3360 3055 et
3388 3003 3638 3061 dulciter!
3661 3006 3784 3062 Iam

518 3073 713 3131 Sedet
733 3074 759 3113 ιι
784 3078 965 3133 omnia
993 3093 1115 3147 sua,
1138 3079 1311 3136 bonos
1355 3097 1537 3138 mores
1561 3091 1617 3138 et
1660 3084 1868 3149 studia,
1897 3100 1962 3141 ex
1993 3086 2103 3142 Au-
2127 3073 2170 3135 C
2203 3083 2327 3153 quid
2370 3084 2435 3138 de
2470 3085 2759 3154 eloquentia
2799 3088 3008 3161 dicam?
3044 3086 3271 3162 Liquida
3302 3093 3548 3163 adjurare
3575 3112 3785 3165 possunt

516 3164 657 3220 sonii
678 3162 914 3223 fontibus
940 3175 1060 3222 orta
1090 3168 1217 3224 alibi
1237 3170 1383 3225 ultro
1407 3171 1717 3228 confitetur.

588 3253 645 3308 5.
675 3253 928 3322 Quamvis
953 3273 1117 3328 opera
1145 3257 1352 3315 Paulini
1380 3275 1498 3331 qua:
1526 3278 1636 3334 prie
1661 3264 1911 3322 manibus
1932 3265 2099 3322 babe-

516 3358 639 3400 mus
660 3345 777 3414 ejus
802 3346 1118 3404 eruditionis
1144 3349 1252 3405 sint
1276 3352 1534 3420 praeclara
1561 3364 1929 3421 monumenta;
1960 3357 2101 3413 illius

516 3444 698 3492 tamen
729 3439 796 3494 de
823 3437 1177 3512 Eleemosyna
1204 3457 1303 3498 seu
1329 3441 1347 3481 ι
1371 3443 1438 3498 de
1457 3442 1850 3516 Gazophylaeio
1881 3448 2099 3505 humilia

500 3524 814 3587 "Pauliniani
841 3529 965 3601 styli
1001 3531 1320 3588 suavitatem
1344 3534 1513 3603 magis
1557 3537 1757 3604 arguit,
1789 3537 1931 3606 quod
1951 3553 2101 3593 com-

514 3616 718 3685 positio
745 3617 998 3674 adstricta
1022 3620 1117 3688 sit,
1139 3629 1195 3676 et
1221 3622 1434 3678 solitam
1458 3624 1511 3679 in
1540 3625 2097 3694 epistolis'verborum

516 3708 725 3777 copiam
742 3716 796 3764 et
815 3710 1155 3780 rapiditatem
1180 3722 1449 3768 coerceat.
1476 3713 1737 3769 Eximiam
1766 3715 1905 3771 illius
1929 3726 1968 3753 ιη
1991 3721 2097 3773 elo-

516 3801 792 3868 quentiam,
843 3800 1164 3857 nobilitatem
1203 3812 1253 3858 et
1298 3804 1523 3859 indolem
1557 3822 1900 3877 summopere
1942 3824 2096 3865 com-

514 3889 735 3945 mendat
757 3890 814 3947 S.
841 3891 1179 3951 Ambrosius.
1207 3893 1408 3952 ldatius
1429 3898 1483 3951 in
1500 3897 1769 3954 Chronico
1800 3915 1923 3955 eum
1944 3901 2063 3957 nobi
2076 3933 2094 3946 -

434 4004 445 4015 -
514 3980 766 4036 lissimum
802 3990 851 4037 et
893 3983 1364 4057 eloquentissimum
1394 3988 1547 4053 dicit,
1572 3997 1627 4044 et
1657 3999 1680 4025 "
1711 3988 1769 4045 S.
1801 3989 2095 4047 Eucherius

2202 3174 2402 3227 nullum
2426 3173 2515 3228 tibi
2539 3175 2611 3229 ad
2634 3178 2886 3246 poeticam
2909 3180 3209 3249 facundiam
3230 3180 3781 3254 Romaneejuuentutis

2202 3266 2419 3335 aequari.
2450 3264 2598 3321 Certe
2622 3268 2746 3322 mihi
2775 3269 2849 3322 ita
2877 3269 3081 3324 rideris.
3130 3271 3192 3325 Si
3235 3288 3370 3337 erro,
3410 3282 3561 3342 pater
3596 3291 3777 3331 sum...

2209 3353 2396 3409 Verum
2424 3373 2538 3410 cum
2565 3359 2649 3428 pie
2670 3358 2903 3430 diligam,
2927 3360 3127 3414 sincere
3151 3370 3200 3415 et
3225 3378 3395 3417 secere
3413 3364 3614 3434 judico.
3638 3363 3775 3420 Lau-

2198 3446 2291 3501 dat
2317 3456 2577 3517 praeterea
2597 3450 2650 3503 in
2678 3451 3004 3507 carminibus
3030 3453 3171 3507 illius
3194 3463 3421 3525 vegetam
3442 3463 3491 3509 et
3510 3455 3775 3510 sublimem

2197 3537 2538 3602 alacritatem,
2564 3547 2620 3594 et
2645 3539 2774 3596 dicit
2799 3555 2925 3597 eum
2953 3542 3032 3597 sic
3057 3558 3264 3598 summa
3289 3554 3563 3615 appetere,
3586 3555 3774 3603 utnon

2195 3625 2427 3682 decidat.
2474 3627 2800 3699 Discipulum
2846 3630 2947 3686 sibi
2992 3632 3222 3701 palmam
3268 3635 3536 3703 poeticam
3583 3637 3769 3706 praeri-

2195 3716 2375 3786 puisse
2403 3726 2430 3754 υ
2459 3718 2585 3773 alibi
2622 3718 2838 3775 fatetur.
2874 3720 2991 3775 Alia
3019 3736 3149 3778 vero
3175 3724 3418 3793 epistola,
3450 3726 3655 3782 scilicet
3679 3726 3771 3792 2i,

2194 3804 2262 3859 de
2288 3806 2395 3861 alio
2422 3817 2673 3876 poemate
2706 3808 2844 3864 idem
2883 3810 3150 3867 Ausonius
3179 3824 3204 3851 ν
3235 3814 3309 3868 ait
3341 3832 3353 3867 :
3388 3813 3531 3870 Illud
3554 3816 3618 3870 de
3643 3834 3769 3887 poe-

2193 3896 2711 3965 matisjucunditate,
2738 3898 2803 3953 de
2823 3900 3110 3955 inuentione
3149 3912 3197 3956 et
3226 3905 3624 3970 continuatione,
3646 3906 3775 3976 juro

2193 3984 2368 4037 omnia
2408 3984 2536 4037 nulli
2576 4001 2800 4061 unquam
2828 3987 3079 4043 imitabile
3111 3991 3355 4060 futurum,
3386 3992 3482 4046 etsi
3509 3994 3769 4064 fateantur

511 4069 822 4125 uberrimum
849 4072 1154 4143 eloquentia:
1182 4077 1399 4147 fontem,
1425 4076 1532 4133 sed
1566 4080 1737 4134 instar
1764 4081 2004 4136 omnium
2031 4080 2090 4137 s,
2189 4074 2515 4129 imitandum.
2548 4075 2672 4131 Haec
2711 4087 2957 4145 poemata
2995 4079 3124 4133 nulli
3168 4080 3440 4136 imitabilia
3469 4083 3766 4152 perierunt.

513 4158 867 4231 0'ileronymi
886 4162 1118 4233 elogium
1132 4174 1241 4233 est;
1263 4169 1342 4223 sic
1356 4168 1498 4223 enim
1514 4169 1581 4224 ad
1598 4170 1770 4241 ipsum
1784 4171 2090 4242 aliquandiu
2190 4163 2344 4220 Haud
2370 4165 2530 4221 dubie
2552 4175 2577 4202 ι
2604 4164 2810 4223 Paulini
2842 4176 3029 4222 natura
3057 4177 3113 4224 et
3142 4185 3277 4224 vena
3323 4171 3494 4226 lenior
3534 4187 3598 4226 ac
3642 4187 3767 4225 sua-

508 4257 631 4317 post
657 4248 921 4304 Nolanum
948 4266 1217 4332 secessum
1245 4256 1430 4309 scribit
1460 4275 1473 4309 :
1508 4256 1719 4313 Librum
1751 4270 1909 4324 tuum,
1942 4278 2090 4331 quem
2186 4258 2324 4321 vior,
2357 4258 2595 4326 itemque
2620 4257 3047 4325 magnificentior
3070 4272 3208 4325 erat,
3234 4261 3340 4329 cui,
3363 4269 3422 4316 ut
3445 4261 3586 4316 idem
3614 4262 3766 4316 testis

508 4356 605 4408 pro
617 4338 900 4395 Theodosio
920 4343 1149 4411 principe
1162 4345 1438 4413 prudentes
1456 4358 1731 4418 ornateque
1752 4352 2087 4419 compositum

2211 4354 2268 4398 st
2297 4345 2560 4401 Ausonius
2581 4356 2636 4413 7,
2658 4348 2842 4401 mellea
2867 4349 3102 4418 quiedam
3129 4350 3297 4403 inerat
3324 4350 3623 4414 modulatio,
3654 4358 3763 4407 etc.

509 4429 862 4496 transmisisti,
894 4430 1175 4501 5libenter
1202 4434 1320 4504 legi,
1347 4446 1396 4488 et
1415 4440 1671 4508 praecipue
1690 4440 1812 4493 mihi
1825 4442 1876 4493 in
1890 4458 1950 4494 eo
1962 4441 2085 4497 sub—

2211 4435 2297 4490 iec
2325 4450 2456 4490 vero
2480 4443 2655 4504 poeta:
2681 4436 2922 4493 florentis
2959 4436 3181 4494 facultas
3207 4439 3558 4499 existimanda
3587 4449 3760 4496 estex

511 4517 692 4571 divisio
720 4508 933 4586 placuit.
958 4519 1181 4589 Cumque
1200 4523 1252 4576 iu
1280 4524 1461 4593 primis
1481 4525 1712 4594 partibus
1730 4528 1903 4582 vincas
1931 4530 2082 4595 alios,
2138 4530 2149 4537 ’
2186 4526 2269 4581 his
2296 4541 2414 4596 quae
2440 4533 2651 4581 exstant
2670 4529 2993 4584 carminibus
3012 4544 3081 4584 ex
3101 4528 3405 4597 evangelica
3425 4529 3763 4599 simplicitate

509 4606 562 4659 in
589 4607 882 4677 penultimis
905 4609 1119 4679 teipsum
1146 4627 1392 4681 superas;
1415 4614 1505 4668 sed
1525 4624 1573 4668 et
1594 4616 1760 4684 ipsum
1788 4635 1950 4689 genus
1977 4620 2087 4674 elo-
2185 4617 2415 4673 conditis
2456 4625 2579 4686 post
2620 4627 2642 4654 ι
2680 4617 2955 4674 abdicatus
2998 4618 3176 4675 Musas
3208 4637 3222 4672 :
3254 4617 3353 4701 sed
3393 4619 3759 4687 cogitandum,

507 4697 613 4765 σιαίὶ
649 4713 880 4766 pressum
918 4709 994 4754 est
1037 4710 1085 4755 et
1112 4703 1375 4769 nitidum,
1412 4713 1461 4759 et
1495 4722 1610 4759 cum
1651 4706 1889 4766 Tulliana
1918 4709 2082 4764 luceat
2182 4709 2296 4764 haec
2322 4709 2436 4779 ipsa
2461 4724 2581 4763 cum
2607 4716 2786 4764 tamen
2815 4710 2941 4764 talia
2965 4710 3092 4777 sint,
3121 4697 3361 4780 proiecto
3380 4708 3505 4764 dum
3527 4709 3760 4766 ferveret

506 4788 751 4856 puritate,
779 4789 1008 4845 crebrum
1035 4803 1111 4848 est
1137 4796 1192 4850 in
1220 4798 1508 4852 sententiis.
1551 4797 1585 4850 .1
1591 4810 1702 4853 acet
1742 4802 1900 4869 enim,
1927 4812 1983 4855 ut
2008 4805 2083 4859 ait
2180 4800 2563 4865 ambitio,dum
2574 4800 2817 4870 placendi
2832 4800 3066 4856 studium
3081 4801 3338 4871 etcupido
3350 4802 3755 4857 fammstimula-

505 4875 734 4945 quidam,
763 4880 930 4935 oratio
957 4881 1010 4935 in
1038 4900 1140 4955 qua
1169 4893 1366 4939 tantum
1403 4886 1552 4948 verba
1579 4888 1878 4945 laudantur.
1923 4891 2077 4947 Prw-
2183 4898 2304 4945 rent
2323 4899 2484 4960 atque
2503 4899 2825 4946 exacuerent
2841 4907 3046 4957 curam,
3065 4892 3329 4961 simulque
3351 4892 3474 4947 hinc
3493 4892 3588 4946 alti
3609 4893 3758 4961 vigor

480 4971 645 5023 terea
668 4978 857 5036 magna
882 4978 959 5023 est
986 4988 1152 5025 rerum
1173 4978 1549 5043 consequentia,
1578 4987 1628 5030 et
1655 4980 1870 5047 alterum
1890 4982 2076 5050 pendet
2180 4980 2379 5048 ingenii
2416 4979 2701 5035 dictionem
2741 4980 3035 5048 attolleret,
3071 4980 3339 5036 exstitisse
3378 4980 3576 5049 aliquid
3603 4980 3758 5035 valde

505 5069 570 5107 ea:
603 5055 785 5109 altera.
818 5055 1235 5144 Quidquidlinde
1270 5069 1603 5133 assumseris,
1646 5070 1724 5123 uel
1759 5072 1881 5140 ﬁnis
1918 5089 2071 5144 supe-
2177 5069 3486 5141 perfectum,quodmeritoetdoctisetmultitudini
3499 5071 3753 5141 placeret.

503 5142 716 5209 riorum,
745 5147 822 5210 vel
847 5149 1049 5203 initium
1076 5134 1389 5223 sbquentium
1418 5165 1513 5211 est.
1545 5156 1699 5214 Felix
1730 5134 2071 5241 Theodosius,
2179 5134 2196 5141 ’
2246 5161 2300 5216 4.
2330 5162 2386 5217 1η
2412 5134 2592 5218 seculo
2624 5162 2801 5219 adhuc
2829 5177 2995 5234 agens
3014 5174 3121 5219 tres
3144 5162 3384 5218 Suetonii
3411 5163 3597 5228 libros,
3621 5176 3757 5231 quos

570 5276 843 5373 :..PE"‘E"-
893 5281 1181 5373 9913:.“
1204 5284 1258 5373 ξ’)
1304 5295 1588 5373 θερπιξιλ
1619 5289 1707 5357 ¹⁰ν
1737 5294 2001 5373 νιεδιηὲ)
2030 5293 2107 5373 ξι)

2238 5294 2412 5373 [με.
2456 5292 2605 5373 ξερ-
2640 5294 2728 5360 ιο»
2762 5294 2899 5373 κιμϐ-
2959 5292 3244 5373 3.Αιιξο.ερ·
3304 5306 3389 5373 ac
3443 5290 3504 5373 2!
3540 5300 3616 5373 ,εθι
3654 5291 3747 5373 2‘-

690 5349 829 5442 29;
871 5345 1288 5442 ηεΑιιξδειεηείλ
1767 5345 2007 5442 έιηέςδξνι,
2032 5345 2101 5436 3"

2237 5345 2374 5418 isi
2400 5345 2932 5442 pressiset.
2958 5361 3046 5442 et,
3116 5358 3142 5442 ,ί
3178 5357 3277 5430 Ep.
3313 5345 3439 5442 a't._
3468 5362 3512 5442 3,
3538 5345 3747 5442 in“...

501 5417 983 5504 ξἫΗ-Ᾰθνντθξς,
1036 5417 1252 5504 {will-3
1277 5442 1325 5479 v.
1549 5428 1567 5466 1
1601 5427 1804 5504 Paulin.
1832 5431 1900 5504 :54
1929 5417 2264 5504 inteiiepis'tL
2318 5443 2356 5470 ω
2385 5417 2632 5504 Ambros.
2783 5417 2902 5486 5οί
2947 5442 2973 5470 ιι
3004 5417 3242 5504 Εῃςῂετῖ
3261 5443 3348 5504 ep.
3373 5428 3441 5483 ad
3468 5428 3745 5504 Valeriam:

476 5480 890 5582 ::'l;ifron‘.‘ep.
916 5489 1011 5582 11?:
1052 5480 1258 5582 nglbid.
1278 5563 1295 5582 Δ
1389 5494 1604 5582 Hieron.

2211 5480 2871 5582 an;
2894 5480 3203 5582 pag:
3220 5480 3229 5482 “
3248 5480 3755 5582 inanima

474 5562 553 5603 ὀι
580 5550 670 5603 21.
748 5550 921 5614 “Aug.
951 5560 1132 5631 ep.l9'.
1208 5573 1233 5599 ιι
1264 5550 1495 5634 Ausep.
1526 5550 1611 5620 g2i).
1645 5550 1867 5625 vr"

501 5634 585 5678 (tu.
630 5618 711 5675 l9.
790 5637 808 5661 ι
834 5628 1045 5686 Paulin.
1076 5648 1242 5686 carm.
1273 5632 1356 5686 10.
1391 5651 1444 5686 v.
1470 5636 1555 5686 19.

2220 5550 2480 5628 ἓεέἑὲῐὶἰᾶιῖ
2494 5550 2862 5627 infimiin}
2887 5550 3073 5643 {£7656
3088 5550 3221 5628 an.
3248 5550 3517 5643 aas'szw-
3536 5550 3743 5626 Ᾰῖιὲοὶιζ

501 5634 585 5678 (τι).
630 5631 711 5675 ιυ.
790 5637 808 5661 ι
834 5631 1045 5699 Paulin,
1076 5648 1242 5687 carm.
1273 5632 1357 5699 10,
1391 5631 1555 5691 vim.

2762 5311 2814 5349 η.
2848 5294 2899 5348 6.
2977 5292 3002 5332 ἀ
3043 5292 3244 5346 Auson.
