4056 6358
255 341 314 396 ει
1617 344 2140 406 puouacousxa.
2470 408 2475 413 .
3446 364 3520 426 es

252 452 339 507 ille
367 449 437 505 de
481 450 696 517 regibus
723 449 886 516 dedit,
928 452 983 505 in
1015 460 1040 489 ι
1091 450 1373 523 Epitomcn
1421 452 1628 523 redegit
1668 463 1723 509 et
1745 454 1832 524 ju-
1858 467 1903 520 Α
1936 462 2124 517 bentes
2172 480 2336 533 usque
2381 466 2447 520 ad
2494 484 2689 523 annum
2733 470 2839 525 £08
2872 482 2963 529 aut
2992 475 3094 529 409
3122 477 3433 535 Therasiam
3466 492 3520 537 ei

249 540 639 599 cundissimum
666 557 857 613 poema
886 544 1208 612 composuit.
1249 543 1522 598 intercidit
1551 553 1728 599 autem
1767 546 1831 600 il-

248 633 341 688 lud
385 633 630 688 Suetonii
676 632 967 702 Tranquilli
1000 635 1056 706 Β
1084 650 1217 705 Opus
1244 634 1311 690 de
1352 622 1586 704 regibus,
1616 652 1830 706 unaque

247 738 370 779 cum
400 737 466 778 eo
505 722 713 778 Paulini
739 722 1001 794 Epitome,
1026 725 1069 779 si
1098 723 1395 780 Pauliniani
1420 726 1671 781 caminis
1697 743 1829 797 pau-

246 829 342 869 cos
370 828 559 868 versus
589 815 890 884 exceperis,
925 830 1062 884 quos
1107 816 1374 871 Ausonius
1414 816 1467 870 in
1508 817 1733 887 epistola
1762 814 1829 869 l9

246 903 312 958 ad
339 900 584 958 eumdem
613 904 793 959 laudat
820 914 875 960 et
912 904 1132 960 miritice
1161 905 1387 961 extollit.
1418 906 1654 963 Ausonio
1682 908 1829 963 insu-

244 1009 343 1064 per
369 994 592 1049 miserat
623 1009 814 1064 poema
839 994 866 1033 δ
891 995 1031 1049 aliud
1062 997 1448 1064 castigandum,
1480 996 1623 1067 quod
1660 1013 1718 1052 se
1750 994 1828 1051 fa-

242 1092 456 1139 cturum
486 1085 708 1153 recepit,
740 1087 993 1154 quamvis,
1021 1085 1207 1155 inquit,
1237 1104 1328 1156 per
1354 1095 1402 1141 te
1422 1104 1604 1142 manus
1628 1105 1827 1142 summa

243 1178 533 1248 contigerit.
561 1176 828 1234 Ausonius
846 1178 1079 1233 vicissim
1100 1194 1316 1234 carmen
1341 1187 1457 1234 arte
1483 1196 1578 1235 sua
1607 1195 1828 1251 compo-

242 1266 406 1321 situm
428 1268 647 1323 heroico
672 1277 846 1323 metro
874 1268 942 1323 ad
966 1284 1088 1323 eum
1112 1270 1275 1324 misit.

312 1357 363 1411 5.
398 1357 757 1413 Historiarum
799 1369 820 1398 ε
873 1375 1059 1429 parum
1106 1360 1379 1415 studiosus
1415 1359 1513 1414 fuit
1551 1360 1829 1428 indagator

242 1446 525 1511 Paulinus;
548 1448 745 1503 etenim
779 1448 830 1502 in
860 1458 1101 1518 tempore
1122 1450 1289 1504 veteri
1313 1465 1421 1518 quo
1446 1449 1724 1505 videbatur
1746 1450 1825 1505 le-

242 1554 369 1609 gere
396 1556 502 1594 nou
533 1540 775 1608 legenda,
809 1541 875 1594 ab
905 1541 1175 1596 historicis
1206 1542 1558 1611 scriptoribus
1586 1542 1826 1613 peregri-

242 1637 402 1684 natus
431 1637 534 1684 est.
562 1628 587 1667 ά
616 1628 1008 1700 Geograpliiam
1038 1631 1311 1700 ignorasse
1333 1630 1456 1687 inde
1484 1629 1826 1687 manifestum

242 1729 347 1789 est,
367 1720 512 1789 quod
538 1719 735 1775 Nicetce
764 1720 895 1775 Nola
924 1720 1129 1790 Scupos
1158 1721 1209 1775 in
1238 1721 1555 1776 Dardaniam
1578 1720 1823 1777 redeunti

241 1826 340 1880 per
366 1810 703 1864 Tomitanam
726 1811 909 1865 urbem
941 1812 992 1865 in
1021 1810 1237 1882 Scythia
1260 1812 1361 1865 iter
1379 1811 1592 1881 dirigat.
1622 1812 1681 1868 Si
1701 1812 1828 1868 Hie-

242 1916 469 1972 ronymo
489 1910 511 1938 ο
533 1901 1029 1967 credimus,Gi-.eca:
1050 1902 1239 1973 lingua:
1261 1903 1463 1973 peritus
1485 1903 1582 1957 fuit
1605 1922 1617 1956 :
1640 1918 1826 1957 verum

241 1999 465 2046 econtra
494 1989 748 2046 Paulinus
780 1989 799 2029 ί
830 1992 970 2046 hunc
997 2008 1299 2047 sermonem
1336 1993 1437 2048 sibi
1478 1993 1714 2062 ignotum
1744 1994 1826 2048 di-

241 2082 337 2137 cit.
364 2090 389 2129 ε
413 2080 612 2135 Ibidem
641 2091 821 2136 tamen
852 2081 1050 2136 fatetur
1086 2080 1144 2137 S.
1184 2082 1478 2138 Clementis
1518 2099 1681 2154 opera
1711 2098 1738 2137 a
1770 2098 1827 2137 se

241 2171 410 2226 tuisse
438 2170 489 2224 in
520 2170 767 2225 Latinum
798 2187 1101 2226 sermonem
1142 2173 1417 2237 translata,
1450 2173 1543 2228 sed
1574 2190 1682 2228 non
1710 2175 1826 2229 sine

239 2259 449 2315 mendis
472 2278 484 2313 :
504 2261 683 2330 itaque
704 2277 824 2316 eum
851 2263 903 2317 in
924 2260 1123 2317 (ἱππεῖς
1157 2263 1348 2318 litteris
1376 2264 1719 2320 mediocriter
1746 2267 1829 2320 in-

239 2361 505 2408 structum
540 2354 703 2409 fuisse
729 2353 988 2410 dicamus.

241 2513 286 2567 Τ
288 2517 550 2570 Ιιεταεὶαηι
578 2518 633 2572 in
662 2447 1211 2572 ηιαιὼηξὲὶῗὲιῗάᾶἔεξ
1242 2519 1513 2573 Paulinus.
1544 2517 1826 2573 Consulatu

311 2593 363 2639 et
410 2587 1067 2670 amplissimisAlionoribus
1103 2590 1397 2644 decoratur.
1428 2587 1557 2643 Cum
1592 2590 1826 2660 plurimis

312 2666 597 2711 amicitiam
627 2666 912 2712 constituit.

314 2746 369 2802 1.
403 2746 655 2807 Paulinus
681 2746 703 2785 ¹ι
730 2748 1036 2803 Tlicrasiam
1083 2749 1310 2803 similem
1352 2749 1453 2804 sibi
1500 2749 1720 2802 sortitus
1748 2756 1830 2802 est

236 2837 555 2906 conjugem,
577 2854 696 2908 quae
730 2839 963 2906 iugentia
992 2839 1042 2892 ei
1069 2838 1296 2893 contulit
1335 2836 1552 2907 pnedia.
1574 2836 1601 2874 σί
1637 2836 1830 2890 Virtuti

235 2937 298 2982 et
327 2927 505 2983 studio
533 2929 651 2996 ejus
678 2929 923 2998 proxime
949 2928 1194 2991 accessit,
1228 2942 1398 2995 neque
1438 2942 1469 2993 a
1506 2926 1603 2979 viri
1634 2941 1831 2996 propo-

236 3019 355 3072 sito
396 3016 464 3072 de
509 3016 760 3085 fugiendo
800 3018 982 3074 seculo
1028 3016 1352 3087 discrepans,
1402 3016 1729 3086 transcriptis
1774 3016 1827 3069 in

234 3107 480 3162 aliorum
521 3105 645 3176 jura
684 3107 795 3162 suis
831 3108 1059 3177 pranliis,
1089 3108 1256 3163 virum
1288 3109 1342 3162 in
1385 3106 1529 3162 None
1558 3119 1824 3161 secessum

1936 549 2214 608 Paulinum
2244 554 2568 614 salutabant.
2602 560 2718 615 lam
2742 578 2869 619 vero
2904 565 2971 619 ad
3003 568 3271 635 virtutem,
3295 576 3351 625 et
3373 586 3404 625 a
3433 588 3519 627 se—

1931 644 2052 699 culo
2083 646 2149 701 ad
2194 645 2362 703 Deum
2406 654 2814 711 conversionem
2842 656 3066 713 Paulino
3095 659 3256 716 fuisse
3294 672 3322 699 ι
3365 663 3517 733 adju-

1930 747 2113 793 mento
2137 739 2447 798 Thcrasiam
2475 744 2757 815 conjugem
2782 763 2849 803 ex
2877 749 3109 818 gloriosa
3140 752 3359 809 Ausonii
3381 770 3512 821 cou-

1928 830 2148 885 tumelia
2168 830 2435 901 conjicere
2458 843 2559 902 est;
2582 838 2679 905 qui
2696 836 2973 895 Paulinum
2995 856 3223 914 carpens
3243 852 3513 914 tamquam

1928 918 1981 973 in
2012 922 2245 976 amicitia
2284 940 2476 994 parum
2503 935 2861 997 constantem,
2892 947 3109 987 causam
3136 932 3189 987 in
3217 949 3335 988 eam
3364 934 3511 988 velut

1928 1010 2281 1068 abducentem
2314 1014 2522 1071 confert
2551 1026 2577 1053 υ
2607 1016 2949 1090 Tauaquilam
2988 1022 3282 1093 appellans,
3313 1039 3432 1094 qua:
3459 1025 3509 1095 7

1929 1102 2190 1172 sapientia
2218 1113 2274 1160 et
2301 1106 2617 1176 religionum
2647 1111 2837 1182 peritia
2867 1128 2986 1169 sese
3018 1112 3315 1184 pncferret,
3345 1116 3504 1187 impe-

1929 1193 2225 1266 ritaretque
2256 1197 2391 1263 viro,
2420 1206 2475 1254 et
2503 1215 2620 1255 eam
2650 1203 2720 1259 ob
2747 1218 2860 1258 rem
2892 1203 3169 1259 timeretur
3196 1219 3225 1258 a
3254 1203 3505 1272 Paulino;

1930 1284 2007 1341 sic
2034 1286 2178 1341 enim
2206 1286 2367 1341 latrat
2394 1306 2406 1343 :

2051 1397 2103 1462 Si
2124 1398 2283 1462 prodi.
2309 1398 2531 1457 Pauline.
2554 1402 2716 1458 times,
2742 1410 2917 1453 nostra:
2940 1418 3017 1462 ,ue
3046 1410 3232 1454 \ereris

2052 1461 2100 1507 Ο
2118 1461 2246 1508 imen
2270 1463 2493 1509 amicitiae
2522 1462 2791 1526 :Tanaq'iil
2816 1472 2893 1513 tua
2925 1468 3110 1515 nesciat
3145 1467 3253 1515 stud
3274 1468 3321 1516 Ρ.

2000 1563 2069 1619 At
2105 1564 2359 1620 Paulinus
2388 1566 2668 1636 conjugem
2697 1583 2850 1623 suam
2877 1585 2985 1624 non
3025 1569 3386 1641 Tanaquilain,
3415 1568 3508 1626 sed

1931 1654 2220 1711 Lucretiam
2245 1672 2364 1712 esse
2390 1668 2417 1706 ⁴ι
2445 1659 2709 1714 rescribit.
2757 1660 2823 1713 Et
2865 1676 2993 1716 sane
3019 1660 3198 1717 divina
3228 1662 3368 1718 illius
3393 1676 3509 1717 ma-

1928 1757 2096 1803 trona:
2116 1749 2374 1819 sapientia
2399 1757 2455 1804 et
2475 1750 2639 1805 virilis
2660 1752 2962 1806 constantia
2986 1751 3108 1806 inde
3132 1752 3189 1806 lit
3209 1751 3508 1817 manifesta,

1858 1827 1903 1888 B
1930 1839 2072 1907 quod
2102 1839 2154 1892 in
2184 1853 2472 1908 pauperem
2494 1854 2559 1895 ac
2584 1838 2772 1894 duram
2795 1840 2958 1894 vitam
2980 1840 3096 1895 viro
3118 1841 3364 1896 alacriter
3382 1857 3511 1896 cona

1931 1928 2118 1993 sensit,
2149 1935 2203 1982 et
2229 1926 2485 1997 quidquid
2515 1929 2627 1984 sive
2648 1928 2906 1984 dotalium
2935 1929 3046 1985 sive
3074 1929 3298 1984 aliarum
3325 1929 3511 1985 habuit

1930 2020 2243 2076 lacultatum
2272 2020 2531 2086 vendidit,
2560 2030 2614 2076 et
2644 2021 2696 2076 in
2727 2030 2949 2091 egentes
2983 2022 3213 2092 pretium
3245 2021 3509 2090 erogavit.

1930 2112 2154 2167 Nomine
2194 2111 2463 2166 Therasize
2493 2111 2560 2166 ad
2590 2111 2863 2167 Bassulam
2892 2110 3076 2168 Severi
3097 2110 3309 2168 sacrum
3336 2113 3511 2183 parti-

1927 2202 2103 2259 culam
2131 2202 2199 2258 de
2228 2201 2369 2270 ligno
2394 2201 2585 2257 divinae
2612 2202 2785 2259 crucis
2816 2202 2962 2257 misit
2992 2212 3014 2241 τ
3046 2201 3318 2267 Paulinus,
3348 2217 3515 2271 quam

1926 2292 2153 2347 Melania
2183 2293 2250 2347 ab
2290 2292 2624 2348 Hierusalem
2652 2308 2795 2348 anno
2822 2291 2927 2346 402
2954 2292 3227 2348 attulerat.
3257 2292 3513 2359 Quaedam

1926 2385 2141 2438 occasio
2171 2382 2479 2438 Tlierasiam
2512 2384 2628 2440 viro
2658 2384 2833 2440 minus
2862 2383 3072 2440 fidelem
3100 2383 3513 2447 demonstravit,

1930 2481 1953 2509 ⁸
1980 2473 2025 2527 si
2046 2472 2306 2542 Gregorio
2335 2472 2632 2528 Turonensi
2654 2474 2724 2528 sit
2744 2474 2989 2530 habenda
3019 2472 3169 2542 ﬁdes,
3190 2475 3316 2544 quia
3350 2475 3366 2511 ί
3394 2473 3510 2528 lda—

1929 2565 2055 2630 tius,
2082 2566 2174 2634 qui
2198 2564 2466 2620 demortui
2493 2564 2714 2620 Honorii
2743 2581 2884 2621 anno
2914 2564 3018 2618 425
3047 2565 3192 2619 illam
3218 2565 3511 2621 etiamnum

1930 2655 2097 2708 vitam
2127 2668 2284 2722 agere
2314 2654 2586 2724 supponit,
2618 2669 2737 2708 eam
2768 2653 2973 2709 meritis
3014 2663 3070 2709 et
3104 2653 3305 2724 pietate
3333 2668 3362 2706 a
3391 2653 3510 2707 viro

1931 2760 2038 2799 non
2066 2743 2342 2799 discedere
2372 2744 2567 2798 ibidem
2587 2742 2762 2798 docet.
2788 2751 2816 2779 ιι
2844 2743 2998 2799 Anno
3018 2742 3121 2798 ηδ
3148 2742 3258 2797 vita
3277 2742 3511 2798 functam

1931 2851 2000 2890 ex
2037 2835 2172 2890 infra
2218 2835 2393 2891 allatis
2436 2836 2658 2906 patebit.
2693 2834 2822 2892 Post
2863 2837 2890 2873 ’ν
2920 2837 3078 2906 longa
3125 2846 3252 2893 vota
3297 2836 3510 2894 soboles

1932 2924 2144 2980 tandem
2176 2924 2340 2980 virilis
2366 2925 2469 2979 illis
2497 2925 2551 2979 in
2580 2924 2833 2995 Hispania
2863 2926 3142 2994 agentibus
3169 2926 3387 2996 obtigit;
3417 2927 3512 2982 sed

1928 3016 2103 3071 vitalis
2131 3031 2238 3070 non
2267 3014 2384 3080 fuit,
2413 3015 2513 3071 sub
2540 3023 2787 3072 octavum
2816 3016 2959 3071 enim
2995 3017 3063 3072 ab
3090 3018 3213 3072 ortli
3252 3016 3393 3072 diem
3423 3033 3511 3071 ra-

1929 3116 2054 3177 ptus
2080 3122 2211 3172 puer
2238 3106 2401 3161 vitam
2432 3106 2720 3178 expedivit,
2752 3116 2806 3163 et
2832 3102 3104 3179 Compluti
3135 3109 3378 3180 sepultus
3406 3118 3505 3164 est.

236 3197 459 3254 fortiter
485 3205 670 3252 secuta
710 3206 819 3262 est;
863 3206 918 3252 et
960 3199 1154 3267 exiguo
1190 3199 1295 3253 illic
1322 3206 1573 3254 contenta
1602 3197 1821 3267 cespite,
1853 3181 1899 3247 C
1929 3200 2010 3252 An
2040 3198 2175 3254 alios
2207 3197 2344 3252 lilios
2370 3198 2705 3267 procrearint
2731 3214 2838 3253 non
2867 3206 3222 3269 compertum.

238 3290 521 3347 solabatur
546 3304 666 3345 sese
694 3289 950 3355 caritatis,
982 3290 1334 3361 simplicitatis
1358 3299 1413 3345 et
1440 3290 1710 3359 religionis
1732 3290 1829 3344 ob-

239 3381 468 3451 sequiis.
504 3379 701 3452 Sicque
726 3381 945 3451 conjux,
977 3398 1084 3436 non
1127 3392 1186 3436 ut
1222 3381 1332 3436 Eva
1368 3382 1680 3453 quondaml
1720 3380 1827 3436 dux

242 3470 312 3525 ad
344 3470 625 3526 mollitiem
664 3472 782 3527 viro
816 3488 937 3539 suo,
960 3472 1054 3527 sed
1084 3471 1150 3526 ad
1181 3470 1546 3527 fortitudinem
1576 3472 1744 3527 redux
1772 3471 1826 3525 in

242 3569 367 3617 ossa
395 3561 498 3614 viri
533 3561 637 3627 sui,
664 3562 849 3618 cordis
879 3570 935 3617 et
963 3562 1252 3618 voluntatis
1280 3564 1485 3616 unitate
1522 3562 1738 3635 redacta
1773 3571 1830 3618 et

244 3652 475 3719 reddita,
503 3654 867 3724 spiritualibus
890 3654 938 3708 ei
969 3662 1115 3708 tanto
1144 3654 1485 3721 ﬁrmioribus,
1514 3662 1715 3726 quanto
1737 3670 1827 3709 ca-

246 3743 504 3799 stiOribus
524 3744 749 3799 nexibus
765 3746 1033 3815 copulata,
1057 3746 1194 3800 illius
1220 3747 1272 3800 in
1297 3746 1462 3801 Deum
1486 3747 1685 3802 amoris
1705 3762 1829 3800 san-

248 3834 469 3889 ctissimi
499 3833 638 3890 facta
664 3843 748 3890 est
774 3836 1067 3906 particeps;
1092 3836 1162 3889 ita
1185 3844 1243 3890 ut
1271 3836 1322 3890 in
1353 3852 1458 3891 uno
1488 3836 1828 3891 matrimonio

246 3939 408 3981 sexus
448 3932 675 3994 uterque
707 3925 971 3981 calcanda:
1006 3925 1269 3996 superbia:
1311 3926 1593 3991 secularis,
1623 3937 1678 3979 et
1720 3941 1825 3979 non

248 4015 596 4087 desperandae
619 4014 937 4073 Christiana:
975 4018 1318 4087 perfectionis
1344 4018 1589 4087 exempla
1619 4017 1826 4071 inveni-

248 4114 348 4161 ret.
378 4103 737 4177 Hieronymus
758 4104 785 4144 ¹ι
816 4106 1128 4160 Tberasiatn
1170 4115 1406 4160 sanctam
1443 4105 1651 4159 Paulini
1678 4123 1826 4160 soro-

246 4211 353 4249 rem
379 4208 557 4261 vocat,
588 4210 655 4251 eo
683 4210 815 4251 sane
839 4194 981 4263 quod
1010 4210 1132 4249 cum
1161 4210 1227 4249 eo
1257 4195 1307 4247 in
1338 4194 1620 4249 solitudine
1649 4195 1827 4248 conti—

246 4293 464 4341 nentem
503 4293 690 4354 ageret
727 4286 912 4339 vitam.
952 4283 1203 4339 Studiose
1231 4282 1515 4338 admodum
1544 4282 1601 4338 S.
1635 4282 1827 4337 Hiero-'-

247 4379 389 4449 nymi
437 4379 679 4434 consiliis
732 4376 822 4433 illa
875 4377 1082 4448 paruit,
1138 4383 1503 4430 matronarum
1554 4374 1841 4430 declinans‘

246 4468 549 4534 consortia;
583 4477 639 4523 et
679 4469 817 4523 inter
852 4482 1091 4537 gemmas
1126 4466 1629 4523 circumsedentium
1671 4467 1824 4521 femi-

1997 3288 2050 3344 2.
2083 3288 2336 3345 Paulinus
2362 3290 2535 3361 primo
2565 3291 2617 3345 in
2646 3291 2670 3328 ί
2701 3291 2799 3345 fori
2840 3293 3065 3363 strepitu
3100 3301 3155 3346 et
3182 3292 3510 3348 secularibus

1927 3380 2088 3436 rebus
2115 3392 2407 3451 occupatus
2435 3397 2465 3436 a
2492 3382 2679 3452 primis
2707 3383 2861 3438 annis
2898 3384 3256 3453 amplissimos
3283 3385 3511 3453 dignitas

1926 3473 1995 3528 tis
2015 3479 2071 3527 et
2097 3472 2318 3527 honoris
2356 3471 2553 3540 gradus
2581 3472 2807 3542 adeptus
2838 3481 2939 3528 est.
2979 3474 3008 3524 γ
3042 3474 3198 3528 Anno
3222 3474 3328 3528 572
3349 3474 3512 3530 Nova:

1928 3563 2089 3635 Epiro
2117 3579 2210 3620 seu
2240 3564 2479 3620 Albania:
2508 3562 2789 3634 prarfectus
2827 3563 2924 3619 fuit
2950 3564 3166 3635 quidam
3206 3564 3461 3622 Paulinus
3491 3586 3507 3622 :

1927 3657 1970 3712 si
1995 3666 2178 3712 uoster
2203 3642 2591 3721 novemdecim,
2623 3664 2715 3711 aut
2741 3655 2806 3710 ad
2833 3672 3098 3712 summum
3125 3659 3311 3728 viginti
3341 3674 3520 3717 annos

1928 3757 2047 3804 erat:
2076 3756 2250 3803 natus.
2286 3758 2307 3785 ι
2344 3749 2480 3803 Ante
2526 3747 2823 3803 Ausonium
2870 3763 2993 3807 eum
3041 3751 3314 3806 consulem
3349 3750 3515 3807 fuisse

1928 3846 2162 3905 constat,
2192 3837 2243 3893 id
2266 3844 2349 3893 est
2376 3845 2501 3893 ante
2529 3853 2727 3893 annum
2756 3837 2877 3892 579.
2912 3828 2981 3893 At
3007 3854 3126 3895 cum
3155 3839 3295 3897 illius
3316 3856 3513 3897 consu-

1929 3928 2069 3982 latus
2096 3927 2149 3982 in
2182 3927 2357 3983 Fastis
2380 3928 2668 3997 inscriptus
2708 3943 2814 3981 non
2841 3928 3119 3992 habeatur,
3152 3938 3207 3967 ιιι
3235 3945 3360 3985 eum
3405 3930 3513 3985 Va-

1929 4017 2058 4072 lenti
2087 4012 2229 4071 anno
2250 4016 2354 4070 578
2382 4017 2490 4071 vita
2519 4015 2724 4079 functo,
2748 4025 2840 4070 aut
2866 4017 3094 4086 cuipiam
3124 4019 3277 4073 alteri
3303 4020 3511 4075 consuli

1928 4107 2208 4163 sullectum
2252 4107 2431 4162 dicere
2477 4122 2697 4161 necesse
2745 4116 2859 4170 est,
2909 4092 3047 4160 non.
3075 4115 3254 4168 autem
3297 4110 3512 4163 ordina-

1929 4197 2089 4251 rium.
2119 4195 2273 4262 Quod
2302 4196 2444 4250 enim
2471 4195 2740 4250 Ausonius
2769 4196 2826 4233 δδ
2856 4210 3050 4251 nomen
3082 4195 3289 4250 Paulini
3318 4197 3511 4254 Fasto-

1931 4300 2049 4340 rum
2081 4285 2235 4340 titulo
2262 4284 2582 4351 honoratum
2612 4284 2827 4348 dixerit,
2858 4299 3017 4340 nemo
3045 4285 3269 4340 miretur
3301 4305 3313 4340 :
3346 4287 3505 4344 suile-

1930 4381 2048 4429 ctos
2086 4372 2348 4443 siquidem
2386 4372 2670 4429 ordinariis
2706 4375 2955 4430 consules
2994 4375 3049 4431 in
3092 4375 3241 4431 fastis
3267 4378 3426 4434 scribi
3455 4380 3510 4435 in

1931 4480 2027 4520 usu
2050 4462 2165 4530 fuit,
2187 4463 2340 4534 cujus
2358 4464 2603 4535 exempla
2633 4474 2948 4533 supersunt:
2974 4467 3118 4537 quod
3142 4478 3195 4506 σε
3220 4467 3509 4525 Baronium

246 4575 439 4614 uarum
482 4568 539 4616 et
583 4561 783 4616 sericas
827 4568 1028 4626 vestes,
1066 4573 1331 4630 pauperes
1377 4558 1611 4614 induisse
1652 4559 1827 4615 cultus
1856 4541 1904 4601 D
1928 4556 2170 4627 profecto
2199 4572 2419 4613 movere
2444 4572 2552 4613 non
2574 4557 2777 4622 debuit,
2802 4566 2859 4612 ut
2880 4559 3153 4614 consulem
3179 4559 3508 4617 ordinarium

245 4666 508 4722 nusquam
562 4652 811 4718 erubuit;
858 4661 968 4707 tum
1021 4653 1147 4722 quia
1196 4653 1452 4707 nobilium
1509 4649 1823 4706 feminarum
1932 4663 2074 4702 anno
2105 4644 2210 4701 575
2236 4662 2359 4703 eum
2386 4656 2675 4716 assereret,
2704 4663 2825 4703 cum
2861 4648 3095 4719 irsomet
3117 4666 3287 4718 anno,
3319 4651 3508 4708 Hiem-

244 4746 600 4801 contubernia
651 4747 918 4816 fugiebat,
966 4755 1077 4802 tum
1122 4746 1248 4815 quia
1295 4746 1521 4800 alterum
1562 4744 1824 4816 propositi
1930 4755 2092 4812 nymo
2108 4736 2165 4778 (Μ
2190 4747 2344 4806 teste,
2374 4739 2550 4795 nullus
2572 4748 2784 4796 creatus
2804 4740 2873 4794 sit
2900 4741 3087 4795 consul
3118 4759 3130 4794 :
3156 4742 3314 4811 idque
3341 4742 3509 4801 Baro-

245 4837 639 4906 ptenitentiam,
668 4838 894 4892 alterum
919 4836 1190 4906 jactantia:
1218 4846 1272 4891 et
1302 4835 1565 4905 superbire
1593 4835 1827 4889 semina-
1929 4831 2048 4885 nius
2070 4839 2124 4868 ἐ
2141 4829 2336 4886 ibidem
2357 4830 2547 4885 asserit
2574 4837 2631 4884 et
2652 4838 2825 4898 negat.
2858 4828 2907 4867 τί
2928 4829 3082 4899 Anno
3102 4830 3206 4886 380
3226 4832 3506 4890 Paulinum

244 4925 381 4981 rium
410 4941 534 4983 esse
559 4928 728 4997 probe
756 4928 981 4982 sciebat.
1011 4923 1309 4997 Eapropter
1335 4926 1586 4982 Paulinus
1617 4927 1638 4963 τ
1661 4926 1822 4980 etiam
1931 4920 2115 4987 Roma:
2142 4920 2453 4991 praefectum
2483 4920 2710 4990 legimus
2744 4938 2757 4973 :
2791 4930 2847 4968 σε
2876 4919 3021 4990 quod
3047 4920 3115 4977 de
3138 4930 3321 4979 nostro
3345 4925 3509 4982 inter-

245 5016 311 5071 ad
339 5018 626 5087 episcopos
663 5018 904 5073 scribens
928 5017 1042 5087 ejus
1066 5032 1260 5072 nomen
1290 5018 1342 5070 in
1379 5016 1726 5086 epistolarum
1757 5016 1826 5070 ti-
1929 5014 2129 5085 pretari
2156 5029 2387 5085 pronum
2414 5021 2529 5069 est-
2552 5013 2795 5068 Veterum
2813 5012 2928 5082 ejus
2948 5014 3197 5069 honorum
3213 5017 3509 5087 largitorem

245 5108 368 5165 tulis
408 5110 759 5177 inscribebat,
788 5119 844 5165 et
879 5125 944 5165 ex
985 5125 1079 5164 sua
1123 5117 1273 5179 parte
1302 5118 1338 5145 ω
1370 5107 1608 5178 episcopi
1635 5106 1826 5162 rescri-
1930 5120 1990 5161 se
2013 5105 2144 5161 dicit
2158 5105 2215 5143 ιλιι
2231 5106 2529 5175 Ausonius,
2548 5107 2700 5176 cujus
2725 5104 2874 5177 apud
2886 5106 3264 5178 imperatorem
3293 5107 3507 5162 Gratia-

276 5252 342 5321 ’ξ
373 5243 577 5321 Apson.
603 5242 804 5321 ep.j9.
866 5242 906 5321 ξ’
928 5243 1085 5321 Ibid.“
1110 5254 1159 5321 ,ξ
1188 5242 1392 5321 Paulin.
1449 5258 1544 5321 ep_._
1569 5241 1659 5309 28,
1679 5312 1691 5321 _
1715 5259 1767 5297 n.
1791 5240 1827 5321 _5

1928 5239 2421 5321 ‘_Paulin.‘eann..
2461 5239 2560 5321 _l7,_
2608 5260 2662 5298 v.
2716 5242 2937 5321 l95._ﬁ°
2968 5242 3185 5321 Hieron.
3244 5258 3331 5311 ep.
3382 5206 3542 5321 Ιξξ..

226 5310 270 5374 ,ί
297 5309 756 5383 Ρξιυιὶῃηβρίιό,
788 5330 842 5369 η.
864 5312 919 5369 2.
996 5323 1020 5361 ις
1050 5312 1181 5383 ibid.
1224 5310 1284 5383 μδ
1315 5310 1727 5383 θνρεέτεηχάᾳ
1754 5313 1823 5383 gl.

1932 5314 2092 5383 nfes.,
2123 5329 2170 5368 c.
2190 5313 2328 5383 710,7.
2409 5309 2693 5383 lAmbros.
2723 5330 2811 5383 cp.
2839 5313 2925 5368 50.
2994 5314 3035 5383 l
3057 5309 3504 5383 August.‘ep._2_7,
3533 5320 3550 5339 '

247 5396 303 5452 ρ.
328 5381 382 5436 2.
459 5381 485 5421 ιι
516 5379 856 5452 Hieromep.
890 5383 974 5437 t5.
1058 5381 1072 5420 ι
1105 5381 1313 5452 Paulin.
1344 5379 1439 5452 ep.
1459 5382 1510 5444 5,
1535 5381 1586 5447 4,
1619 5382 1754 5452 6,-7,
1784 5380 1827 5452 21

1927 5381 2458 5452 »9,40,43,4l,45.
2533 5379 3057 5452 m_August.5l,95.
3135 5379 3163 5452 ni
3196 5379 3355 5452 Such.
3397 5379 3541 5433 vnn
3588 5448 3593 5451 Α

246 5447 483 5522 Paulin.,
512 5469 566 5522 p.
599 5452 722 5522 (ἰδὲ.
782 5447 823 5522 μδ
847 5453 1046 5508 Ausou.
1078 5468 1163 5521 ep.
1190 5450 1281 5505 ‘24.
1357 5447 1390 5501 ιδ’
1411 5451 1541 5522 Ibid.
1620 5462 1645 5501 (ι
1677 5449 1823 5522 Pauli

1927 5447 2081 5507 :arm.
2116 5447 2214 5518 10,⁷
2235 5470 2287 5507 v.
2323 5447 2444 5505 l92.
2527 5462 2547 5490 τ
2572 5450 2669 5513 Ep.
2694 5453 2784 5520 5|,
2822 5470 2876 5508 n.
2906 5447 2955 5507 1⁷.
2993 5461 3013 5489 ·
3064 5448 3354 5522 ιζίάᾳλίηῐηι
3383 5463 3502 5522 cap.

246 5466 483 5519 ratium,
512 5469 566 5522 p.
599 5466 722 5507 uu‘z.
798 5466 823 5490 ο
847 5466 1046 5508 Ausou.
1078 5468 1163 5521 ep.
1190 5466 1281 5505 24.
1357 5466 1382 5501 ιι
1411 5466 1541 5505 iniu.
1620 5466 1645 5501 ιι
1677 5466 1823 5505 rauu

245 5516 301 5588 8,
331 5536 384 5590 n.
415 5521 472 5575 Ξ.
528 5522 569 5590 ,ί
602 5520 737 5577 ldat.
767 5520 1018 5577 Chronic.
1080 5531 1119 5590 ,ιι
1153 5521 1279 5575 Vide
1308 5536 1426 5590 cap.
1459 5520 1547 5590 52,
1590 5538 1642 5574 ιι.
1690 5521 1742 5573 ‘2.
1818 5529 1827 5549 ‘

1927 5466 2081 5507 :arm.
2116 5466 2200 5518 ‘IU,
2235 5470 2287 5507 ν.
2323 5466 2444 5505 tua.
2527 5466 2547 5490 τ
2572 5466 2669 5513 np.
2694 5466 2784 5520 δι,
2822 5470 2876 5508 n.
2906 5466 2955 5507 ι.
2993 5466 3013 5489 ι
3069 5466 3193 5506 Viae
3222 5466 3354 5503 mira
3383 5466 3502 5571 αιὲ

1927 5523 2084 5576 anlin.
2119 5538 2283 5577 carm.
2327 5522 2415 5586 52,
2448 5538 2500 5577 v.
2544 5521 2647 5576 600
2688 5532 2742 5577 et
2769 5537 2919 5590 seqq.
3002 5530 3027 5590 ξ
3073 5518 3279 5590 Paulin.
3319 5532 3405 5590 ep.
3438 5558 3503 5590 Α,

250 5605 305 5642 n.
333 5589 385 5645 ι.
462 5601 490 5641 γ
509 5589 643 5646 Cod.
662 5591 865 5647 Theod.
884 5589 1195 5646 Gothofred.
1222 5599 1260 5645 t.
1289 5591 1353 5657 V,
1375 5587 1429 5654 b.
1448 5589 1569 5653 365,
1596 5591 1717 5644 566.
1797 5600 1817 5626 ²

1927 5606 2040 5645 son.
2067 5608 2152 5657 ep.
2176 5592 2264 5655 ‘20,
2286 5593 2375 5657 ‘25,
2407 5590 2494 5645 25.
2574 5602 2630 5630 ια
2656 5587 2861 5646 Paulin.
2884 5587 3060 5645 Chim.
3090 5606 3143 5657 p.
3170 5587 3262 5641 151
3299 5587 3503 5642 91⁷156.

250 5606 305 5642 n.
333 5606 385 5645 4.
462 5606 489 5641 1
509 5606 643 5646 (μου.
663 5606 865 5647 ⁷1⁷11800.
884 5606 1195 5646 υοιιιοιτθα.
1222 5606 1260 5645 ι.
1294 5606 1353 5657 ν,
1377 5606 1429 5654 ρ.
1449 5606 1569 5653 Otii),
1597 5606 1717 5644 ουυ.
1797 5606 1816 5626 ¹

248 5657 543 5741 Bimae].-
585 5676 686 5741 sr;
727 5662 827 5741 θέλ
874 5672 949 5741 ,ξε
979 5661 1172 5714 Βθνοη-
1218 5659 1535 5741 ἑνί-,δεμμὲ
1579 5660 1636 5741 81
1651 5701 1709 5741 -...
1736 5658 1803 5741 ,δὲ

1927 5606 2040 5645 son.
2067 5608 2096 5646 e
2141 5606 2264 5655 λυ,
2286 5606 2375 5657 2.),
2407 5606 2494 5645 zz).
2574 5606 2630 5630 ια
2657 5606 2861 5646 t'auun.
2885 5606 3060 5645 ωιιιιι.
3131 5632 3143 5642 .
3170 5606 3262 5641 τοι
3299 5606 3348 5641 ei
3381 5606 3502 5642 που.

1927 5677 2051 5741 ron.
2098 5608 2299 5741 Europ.
2404 5672 2457 5699 σε
2493 5662 2822 5741 Heumann.
2866 5657 2991 5727 375,
3026 5661 3052 5733 ς
3220 5658 3266 5697 Η
3300 5657 3418 5725 ()l'g.
3461 5665 3502 5714 ι.

248 5728 314 5795 γ,
343 5746 395 5799 p.
431 5730 552 5797 565,
585 5731 707 5785 366.
785 5740 840 5779 ιε
872 5731 1061 5786 Barou.
1095 5746 1181 5785 an.
1226 5729 1349 5798 394,
1384 5729 1410 5799 δ
1443 5728 1541 5797 82,
1571 5738 1623 5787 et
1651 5728 1825 5787 Cliifll.

1944 5730 2062 5785 131.
2142 5729 2198 5769 lib
2230 5731 2355 5786 Aus.
2381 5746 2466 5799 cp.
2501 5731 2560 5785 2i
2597 5740 2650 5785 et
2676 5729 2765 5783 24.
3030 5728 3051 5733 τ
3177 5744 3183 5750 ’
