4056 6358
542 304 613 381 εδ
1571 300 1625 352 8.
1668 295 2008 351 PAULINUS
2049 293 2361 350 NOLANUS
2400 297 2783 353 EPlSCOPUS.
3725 301 3809 359 Μ

544 439 672 479 num
703 434 956 490 magnam
982 419 1142 474 fuisse
1166 415 1388 486 gratiam
1415 421 1576 484 atque
1605 412 1946 467 autoritatem
1965 425 2035 464 ex
2052 424 2118 463 eo
2149 413 2193 469 A
2221 413 2464 480 graviora
2503 416 2707 471 scelera
2737 431 2844 470 non
2873 422 3095 487 arguant
3122 430 3221 471 nec
3249 415 3571 486 deprimant.
3597 416 3706 473 Sed
3729 433 3810 474 ea

544 523 759 571 constat
798 512 941 585 quod
986 527 1109 567 eum
1153 507 1396 564 docuerit
1456 513 1512 560 et
1556 504 1814 559 educarit.
1870 500 2120 555 Paulinus

547 618 571 641 ⁸
592 621 721 662 vero
759 605 992 659 honores
1010 609 1068 656 et
1107 599 1392 668 dignitates
1414 593 1652 650 Ausonio
1677 608 1736 647 se
1758 591 1953 646 debere
1981 589 2120 643 ultro

547 695 768 761 fatetur;
799 709 959 765 quem
988 693 1012 730 δ
1044 700 1100 746 et
1131 703 1360 753 amasse,
1390 694 1445 742 et
1484 684 1733 749 coluisse,
1760 691 1815 738 et
1841 681 2042 747 colere,
2070 686 2124 733 et

545 804 665 841 eum
694 801 802 854 quo
830 800 888 840 se
915 792 1117 838 mterno
1143 781 1344 837 foedere
1367 778 1609 848 junctum
1639 781 1994 830 contestatur.

555 879 578 916 ’ί
618 875 669 928 ὅ.
702 874 810 928 Nec
838 873 1011 926 solum
1040 886 1160 925 cum
1198 868 1456 934 Ausonio,
1478 865 1577 920 sed
1600 873 1654 920 et
1684 875 1705 902 ο
1729 878 1849 920 cum
1883 860 2124 932 plurimis

550 967 600 1017 in
633 963 814 1018 seculo
839 961 1073 1017 amicitia
1096 959 1413 1028 coniunctus
1441 963 1542 1020 est,
1568 956 1623 1009 in
1649 968 1874 1024 quorum
1902 965 2124 1005 numero

548 1055 647 1106 fuit
677 1053 936 1123 imprimis
964 1050 1230 1120 Sulpicius
1262 1047 1516 1112 Severus,
1543 1046 1609 1100 de
1646 1061 1752 1115 quo
1782 1043 1907 1099 alibi
1936 1042 2121 1096 fusius.

549 1145 606 1198 [η
626 1143 653 1182 ά
684 1143 883 1198 inﬁdeli
919 1142 1008 1197 via
1049 1141 1275 1196 ﬁdeliter
1300 1147 1356 1194 et
1389 1147 1575 1193 mutuo
1617 1151 1676 1190 se
1723 1134 2040 1196 dilexerant,
2070 1139 2126 1185 et

548 1244 657 1288 tam
682 1233 962 1301 religiosus
985 1238 1102 1286 erat
1128 1231 1402 1299 utriusque
1431 1243 1602 1292 amor,
1631 1235 1690 1281 ut
1727 1225 1793 1279 ad
1828 1239 2013 1279 eorum
2040 1221 2123 1276 di-

551 1325 837 1379 lectionem
888 1323 1029 1376 nulla
1076 1320 1232 1388 adjici
1279 1327 1460 1390 posset
1511 1317 1742 1378 affectio,
1786 1315 1886 1390 nisi
1933 1312 2126 1367 caritas

549 1414 769 1482 Christi,
792 1428 912 1483 qua:
939 1412 1052 1467 sola
1074 1425 1286 1465 omnem
1317 1425 1531 1466 sensum
1559 1408 1910 1473 aﬁ'ectumque
1937 1418 2126 1472 super-

550 1506 766 1560 eminet.
797 1503 854 1558 ln
884 1503 1066 1558 seculo
1091 1503 1253 1556 etiam
1289 1512 1311 1539 ε
1337 1500 1592 1554 Sanctum
1622 1505 1844 1551 noverat
1880 1494 2130 1548 Paulinus

549 1611 610 1650 ac
648 1594 939 1657 dilexerat;
980 1600 1036 1646 et
1081 1607 1148 1646 ex
1189 1599 1316 1645 tunc
1354 1596 1692 1660 processerat
1725 1586 1840 1654 ejus
1862 1600 1978 1656 qum
2007 1600 2124 1639 cum

548 1685 700 1740 Iovio
733 1692 786 1739 et
816 1684 961 1754 Apro
990 1681 1277 1736 intervenit
1307 1677 1670 1734 necessitudo.

1169 1791 1392 1847 CAPUT
1431 1789 1519 1844 ιν.

552 1885 820 1950 Quomodo
845 1887 898 1939 in
920 1886 1088 1938 seculo
1112 1891 1438 1937 conversatus
1469 1880 1743 1933 Paulinus.
1784 1876 1956 1950 Variis
1979 1876 2125 1929 (alia-

622 1956 762 2010 ribus
790 1965 836 2009 et
864 1955 1129 2031 teruntur},
1157 1953 1234 2031 β.
1256 1951 1302 2003 F
1307 1951 1447 2005 elicis
1473 1965 1671 2031 quoque
1690 1957 1737 2002 et
1763 1947 1982 2001 aliorum
2005 1963 2124 1999 san-

620 2035 817 2079 ctorum
845 2023 1078 2095 precibus
1099 2023 1174 2075 ad
1191 2022 1353 2075 Deum
1375 2022 1700 2074 convertitur.

620 2139 678 2207 8
710 2135 761 2189 l.
792 2135 907 2188 Non
949 2134 1141 2187 mirum
1171 2132 1215 2186 si
1244 2132 1326 2185 vir
1352 2130 1487 2186 adeo
1509 2128 1784 2194 mirabilis,
1811 2136 1916 2183 tam
1946 2125 2125 2180 erudi-

553 2236 656 2291 tus,
685 2234 793 2279 tam
816 2224 983 2289 dives,
1009 2231 1089 2276 tot
1115 2221 1460 2290 dignitatibus
1496 2220 1811 2281 honoratus,
1838 2227 1943 2271 tam
1976 2232 2127 2286 egre-

554 2316 635 2384 gia
691 2315 868 2370 indole
914 2315 1194 2384 praeditus,
1243 2311 1569 2382 perindeque
1620 2310 1892 2374 amabilis,
1941 2316 2020 2362 tot
2066 2323 2129 2363 ac

554 2405 717 2460 tantis
761 2412 1148 2459 assectatorum
1199 2402 1367 2458 turbis
1409 2401 1695 2465 coleretur,
1739 2407 1943 2453 tantum
1989 2396 2129 2466 apud

556 2513 808 2571 proceres
835 2494 1266 2560 existimationis,
1307 2493 1450 2563 apud
1497 2491 1886 2546 multitudinem
1933 2488 2128 2543 favoris

555 2605 616 2643 ac
644 2589 865 2658 plausus
894 2587 1143 2641 haberet.
1168 2584 1294 2639 Haec
1323 2584 1465 2638 enim
1492 2580 1510 2620 τ
1542 2581 1845 2652 prudentia,
1883 2580 2000 2634 hmc
2038 2579 2131 2634 ho-

554 2689 730 2736 nestas
756 2691 990 2744 morum,
1012 2676 1099 2729 illa
1129 2675 1328 2744 eloquii
1352 2681 1621 2737 venustas,
1652 2680 1706 2727 et
1733 2671 1978 2725 amicitia:
1999 2668 2130 2723 ﬁdes

555 2772 608 2824 in
631 2785 696 2824 eo
721 2768 881 2838 paulo
911 2774 1033 2837 post
1060 2765 1466 2821 conversionem
1503 2761 1740 2826 laudata,
1760 2761 1870 2830 jam
1893 2769 2016 2815 ante
2044 2761 2126 2819 ἰη-

556 2869 724 2915 erant.
750 2859 872 2913 [nde
905 2868 928 2905 κ
954 2857 1219 2912 Ausonius
1244 2855 1405 2910 animi
1435 2855 1573 2909 illius
1608 2852 1975 2908 celsitudinem
2015 2852 2128 2905 lau-

558 2954 648 3007 dat
693 2959 749 3007 et
785 2950 1180 3012 liberalitatem,
1227 2963 1332 3016 qua
1385 2947 1568 3000 mallet
1612 2945 1798 3000 amicis
1842 2941 2130 3012 gratiﬁcari

559 3058 717 3112 quam
747 3041 903 3109 genio
933 3039 1208 3106 indulgere
1235 3052 1353 3100 suo,
1377 3045 1432 3090 et
1453 3037 1475 3072 δ
1509 3037 1816 3090 inveteratae
1845 3049 1909 3088 ac
1934 3040 2130 3086 mutua:

2221 522 2338 575 qua:
2365 505 2586 561 Paulino
2615 508 2706 562 lux
2733 508 2824 562 Dei
2853 507 3160 576 all'ulgebat,
3177 524 3280 578 qua
3301 516 3413 562 tam
3438 508 3712 565 humiliter
3729 509 3808 565 de

2223 613 2280 653 se
2304 598 2556 662 sentiret,
2579 597 2718 652 aliud
2748 597 3037 652 revelabat.
3070 597 3323 652 Seculum
3355 599 3642 664 dilexerat,
3666 599 3812 656 satis

2224 697 2340 744 erat
2377 689 2431 742 ei
2458 697 2516 742 ut
2541 704 2710 757 usque
2739 688 2806 743 ad
2835 689 3076 742 ultimum
3105 689 3226 743 vita:
3267 688 3512 758 spiritum
3540 688 3751 756 lugeret
3784 706 3803 741 :

2225 781 2367 848 quod
2395 779 2500 833 soli
2523 779 2635 833 Deo
2662 778 2897 833 debitum
2927 779 3220 834 tradiderat
3247 778 3483 844 diabolo,
3512 778 3665 847 cujus
3693 793 3810 834 ser-

2225 867 2447 922 vitutem
2489 867 2758 922 declinare
2798 883 2866 922 ex
2908 869 3084 938 seipso
3113 884 3219 923 non
3249 867 3494 922 valcbat.-
3512 867 3579 922 Et
3603 879 3630 917 ιι
3653 875 3810 923 tanta

2224 957 2448 1012 fortunae
2475 959 2756 1012 commoda
2803 966 2858 1012 et
2895 958 3140 1012 humana:
3183 958 3553 1028 prosperitatis
3591 958 3808 1014 blandi-

2226 1056 2426 1113 menta,
2457 1064 2563 1118 quo
2590 1048 2795 1118 majora
2819 1064 2882 1103 ac
2911 1049 3064 1118 plura
3089 1057 3266 1112 erant,
3291 1063 3357 1102 eo
3387 1047 3697 1102 fortioribus
3722 1057 3812 1102 at-

2225 1153 2330 1206 que
2355 1138 2713 1192 tenacioribus
2742 1138 2886 1192 illum
2928 1139 3029 1192 sibi
3070 1138 3372 1193 devinctum
3401 1138 3610 1193 catenis
3637 1139 3811 1194 seculi

2225 1229 2433 1282 vanitas
2461 1228 2753 1284 detinebat.
2800 1228 2923 1284 Haec
2971 1238 3147 1283 tamen
3195 1230 3426 1294 vincula,
3462 1228 3680 1284 Christo
3715 1229 3808 1298 ju-
3899 1267 3906 1278 .

2226 1329 2407 1384 vante,
2440 1320 2698 1390 disrupit;
2729 1328 2782 1375 et
2809 1321 2929 1376 inde
2957 1319 3154 1375 Christi
3183 1321 3352 1388 gloria
3373 1329 3523 1376 tanto
3548 1321 3811 1376 illustrius

2228 1409 2601 1479 triumphavit,
2632 1410 2977 1478 ejusdemque
3013 1411 3094 1466 vis
3128 1411 3311 1478 gratia:
3339 1413 3611 1479 potentior
3637 1427 3810 1480 appa-

2229 1499 2357 1566 ruit,
2394 1515 2515 1554 cum
2563 1508 2743 1578 tantus
2788 1506 3004 1554 senator
3041 1500 3288 1554 universa
3332 1501 3420 1554 illa
3460 1514 3579 1569 qua:
3622 1501 3714 1554 alii
3751 1511 3812 1558 ut

2229 1605 2535 1659 supremum
2568 1592 2881 1661 spectabant
2906 1591 3125 1656 bonum,
3155 1607 3255 1662 pro
3284 1592 3608 1654 det'énento
3633 1593 3810 1660 duxit,

2229 1688 2284 1734 et
2312 1680 2596 1736 arbitratus
2624 1689 2704 1735 est
2741 1691 2801 1736 ut
2845 1689 3111 1749 stercora,
3135 1699 3241 1752 quo
3279 1681 3549 1738 Christum
3587 1682 3809 1738 lucrifa-

2161 1771 2201 1828 B
2229 1779 2398 1826 ceret.

2298 1859 2353 1914 2.
2382 1860 2515 1914 Cum
2545 1862 2793 1916 :erumnis
2819 1877 2964 1930 satpe
2988 1861 3126 1916 Deus
3153 1863 3325 1917 soleat
3353 1863 3536 1932 gratiae
3564 1878 3674 1918 sua:
3701 1862 3811 1918 elﬁ-

2229 1954 2431 2007 caciam
2459 1962 2515 2008 et
2545 1954 2794 2008 virtutem
2822 1955 3102 2022 obtegere,
3138 1955 3219 2008 his
3247 1955 3435 2009 mediis
3463 1971 3592 2009 usus
3620 1963 3726 2022 est,
3752 1964 3811 2010 ut

2228 2042 2504 2100 Paulinum
2532 2044 2601 2097 ad
2626 2059 2683 2097 se
2712 2052 3072 2098 converteret.
3102 2043 3149 2098 ls
3172 2044 3345 2110 enim,
3365 2051 3424 2098 ut
3451 2044 3566 2114 ipse
3592 2054 3613 2081 ι’
3642 2051 3805 2099 testa-

2228 2143 2333 2200 tur,
2370 2135 2423 2188 in
2458 2133 2730 2188 laboribus
2758 2145 2812 2187 et
2838 2134 2893 2204 9
2911 2135 3162 2188 aerumnis
3191 2133 3288 2187 fuit
3313 2135 3622 2202 lrequenter
3650 2149 3807 2189 exer-

2227 2223 2384 2278 citus.
2433 2221 2500 2276 Et
2533 2222 2690 2288 forte,
2719 2221 2976 2278 Gratiano
3018 2224 3124 2277 vita
3171 2223 3376 2289 functo,
3414 2226 3610 2280 multas
3651 2241 3807 2295 pere-

2228 2315 2558 2383 grinationes
2595 2313 2919 2384 suscipiendi
2959 2315 3250 2370 necessitas
3289 2316 3338 2371 ei
3378 2314 3503 2382 fuit,
3535 2324 3595 2370 ut
3630 2332 3809 2371 rerum

2229 2404 2637 2473 inquietantium
2667 2404 2923 2458 malitiam
2948 2405 3260 2470 declinaret,
3284 2407 3476 2474 quibus
3497 2416 3557 2461 ut
3578 2408 3809 2472 videtur,

2229 2510 2369 2549 anno
2397 2494 2502 2548 587
2529 2495 2595 2549 ad
2621 2495 2976 2550 Valentiniani
3005 2496 3182 2550 aulam
3211 2497 3469 2552 accedere
3497 2499 3810 2569 compulsus

2229 2595 2328 2648 est,
2352 2601 2473 2640 cum
2491 2586 2680 2656 Alypio
2703 2586 2862 2641 fuerit
2883 2601 2948 2640 eo
2969 2595 3212 2656 tempore
3232 2589 3494 2656 cognitus,
3515 2603 3623 2656 quo
3648 2598 3680 2624 ι
3701 2589 3810 2645 Meo

2229 2677 2425 2731 diolani
2468 2678 2733 2748 baptismo
2768 2678 3005 2734 initiatus
3033 2687 3115 2733 est
3156 2679 3394 2750 Alypius.
3424 2680 3626 2736 Fundis
3666 2684 3687 2718 '
3719 2682 3811 2737 diu

2229 2778 2590 2824 commoratus
2624 2767 2721 2822 fuit
2760 2768 3031 2838 Paulinus,
3060 2769 3206 2839 quod
3237 2770 3491 2839 oppidum
3521 2772 3622 2826 sibi
3649 2773 3806 2826 fami-

2230 2864 2361 2918 liare
2381 2871 2436 2917 et
2458 2863 2702 2916 usitatius
2730 2861 2934 2916 habuit.
2957 2860 3112 2916 Curis
3140 2863 3302 2918 seculi
3326 2863 3502 2918 adhuc
3521 2864 3808 2933 implicitus

2231 2954 2451 3007 Viennae
2481 2962 2505 2988 ιι
2541 2951 2636 3006 SS.
2683 2952 2966 3022 episcopos
3018 2952 3299 3007 Martinum
3349 2953 3714 3008 Turonensem
3755 2964 3808 3010 et

2231 3043 2538 3097 \‘ictrieium
2577 3043 3027 3111 Rotomagensem
3072 3044 3222 3098 vidit.
3277 3044 3513 3099 Labores
3555 3047 3754 3100 multos
3784 3057 3808 3082 '

560 3134 862 3189 dilectionis
885 3132 1222 3196 suavitatem,
1255 3139 1309 3184 et
1337 3135 1717 3185 consummatae
1745 3126 1990 3181 amicitia:
2018 3139 2132 3194 spe-
2155 3133 2199 3192 c
2233 3141 2372 3188 terra
2421 3133 2661 3201 marique
2706 3140 2980 3202 expertus,
3021 3131 3224 3187 facilius
3251 3143 3274 3170 κ
3305 3134 3702 3203 procliviusqne
3745 3136 3809 3189 ad

560 3225 732 3281 cimen
778 3224 830 3278 in
872 3238 938 3276 eo
981 3219 1341 3276 commendat.
1386 3219 1526 3272 Mitis
1564 3221 1576 3254 ι
1611 3216 1709 3270 fuit
1754 3224 1810 3271 et
1852 3215 2130 3282 benignus,

561 3317 720 3369 etiam
751 3330 868 3370 cum
898 3314 949 3368 i‘n
979 3312 1228 3382 superbia
1253 3311 1416 3365 seculi
1448 3317 1766 3364 versaretur.
1798 3307 2132 3375 Singularem

563 3407 701 3460 hanc
726 3405 1110 3458 humanitatem
1156 3401 1602 3468 suavissimosquc
1630 3413 1808 3453 mores
1835 3397 2040 3467 spirant
2067 3395 2132 3449 il-

563 3496 664 3549 lius
693 3494 948 3564 epistolze.
983 3493 1053 3548 Se
1083 3493 1135 3546 in
1164 3492 1344 3546 seculo
1371 3495 1383 3541 l
1410 3493 1546 3546 bene
1571 3497 1834 3542 moratum
1862 3487 1928 3541 ab
1956 3486 2132 3540 homi-

564 3585 718 3640 nibus
745 3585 982 3638 habitum
1013 3584 1233 3637 innuere
1259 3581 1488 3636 videtur.
1517 3579 1582 3632 Et
1617 3579 1828 3648 quidem
1857 3578 1901 3633 si
1931 3577 2133 3631 crimen

565 3675 778 3744 aliquod
811 3675 863 3728 in
893 3675 1000 3728 vita
1045 3672 1364 3736 admisisset,
1394 3685 1535 3740 saepe
1559 3670 1752 3738 sacpius
1776 3669 1960 3736 lugens
1985 3683 2132 3722 com-

568 3772 918 3819 memorasset
939 3764 993 3817 in
1018 3763 1229 3832 scriptis
1249 3762 1378 3825 suis,
1403 3762 1455 3815 in
1475 3760 1666 3828 quibus
1686 3767 1766 3812 tot
1793 3767 2003 3812 exstant
2021 3758 2136 3826 ejus

566 3855 878 3908 humilitatis
919 3859 1250 3920 argumenta.
1290 3850 1632 3906 Consumtam
1663 3850 1714 3904 in
1749 3849 1982 3918 peccatis
2003 3856 2134 3901 mta-

567 3953 695 4008 tem,
713 3951 767 3999 et
793 3945 844 3997 in
871 3943 1052 3998 seculo
1079 3957 1138 3996 se
1164 3941 1459 3996 volutatum
1480 3938 1647 4006 dolet,
1669 3939 1720 3992 in
1746 3953 1852 4006 quo
1875 3938 2014 3991 inter
2033 3937 2135 3990 ini-

565 4035 750 4099 micos,
783 4043 840 4088 ut
862 4031 890 4084 ιι.
908 4031 1440 4100 ait,inveteraverat,
1469 4044 1533 4084 ac
1553 4029 1650 4084 sub
1678 4026 1692 4065 ¹
1719 4042 1912 4098 magno
1932 4029 2137 4082 honore

565 4133 903 4195 peccatorem
931 4125 1199 4193 etiamque
1224 4129 1535 4178 veteranum
1577 4137 1636 4178 se
1670 4121 1724 4176 in
1763 4136 1984 4176 numero
2013 4136 2137 4191 pee-

565 4227 833 4285 catorum,
861 4217 915 4271 in
943 4225 981 4253 ω
1005 4213 1252 4271 fluctibus
1277 4214 1438 4270 seculi
1461 4229 1520 4269 se
1546 4212 1712 4268 multa
1747 4212 1971 4268 subiisse
1999 4227 2135 4266 nau-

583 4309 730 4377 ragia
759 4322 979 4375 gemens
1006 4306 1221 4370 fatetur,
1247 4313 1302 4360 et
1339 4306 1430 4359 Dei
1465 4305 1663 4374 judicia
1693 4313 1926 4358 tremens
1956 4303 2136 4358 formi-

563 4399 682 4461 dat;
706 4406 733 4432 ιι
759 4396 810 4448 in
839 4393 1038 4448 inﬁdeli
1064 4395 1149 4447 via
1171 4393 1488 4458 ambulasse,
1509 4401 1532 4428 ο
1558 4391 1743 4446 mortis
1762 4390 1955 4459 pabula
1976 4390 2138 4443 vixis-

2234 3232 2562 3279 contemtum
2590 3225 2775 3279 mundi
2797 3224 3214 3291 comitatumque
3241 3221 3458 3288 Christi,
3488 3222 3751 3278 subducto
3779 3239 3809 3278 a

2233 3313 2561 3369 secularibus
2588 3313 2756 3368 turbis
2785 3312 2963 3366 animo
2992 3311 3375 3381 pncceptisque
3403 3310 3711 3365 carlestibus
3731 3326 3811 3365 ac~

2201 3468 2205 3472 ν
2234 3401 2591 3467 commodata,
2622 3403 2773 3471 quasi
2800 3401 2870 3456 de
2897 3399 3114 3455 ﬁnitima
3143 3402 3266 3456 huic
3295 3401 3571 3471 proposito
3601 3403 3685 3455 via
3715 3402 3812 3456 de-

2235 3493 2498 3560 migravit.
2542 3491 2806 3546 Prznterea
2845 3501 2873 3540 1
2913 3507 3108 3561 corpus
3149 3491 3408 3546 inﬁrmius
3450 3499 3504 3545 et
3537 3490 3813 3546 decoctior

2235 3599 2362 3637 caro
2408 3583 2690 3638 obterebat
2739 3583 2912 3637 studia
2967 3583 3318 3651 voluptatum.
3372 3582 3515 3637 lHius
3561 3598 3722 3650 uxor,
3758 3589 3816 3636 ut

2240 3685 2260 3710 '-
2292 3675 2532 3744 superius
2559 3675 2807 3741 diximus,
2839 3675 2906 3729 ad
2933 3676 3184 3746 pietatem
3215 3691 3336 3730 cum
3364 3675 3703 3730 hortabatur.

2305 3765 2358 3818 ‘5.
2400 3765 2480 3818 Ad
2511 3766 2622 3819 hzcc
2649 3765 2815 3818 adfuit
2847 3764 2919 3818 illi
2959 3773 3286 3830 sanctorum,
3318 3780 3545 3833 quorum
3571 3779 3807 3819 consue-

2239 3857 2419 3910 tudine
2448 3855 2716 3920 utebatur,
2749 3856 2935 3924 ingens
2963 3871 3214 3910 numerus
3242 3874 3253 3908 :
3285 3857 3425 3910 inter
3448 3870 3582 3925 quos
3609 3855 3669 3909 S.
3697 3855 3814 3908 Am—

2237 3946 2445 4002 brosius
2474 3954 2554 4012 ⁸⁸ν
2585 3945 2739 4014 cujus
2785 3945 3070 3999 dilectione
3096 3946 3163 3998 ad
3192 3943 3352 3998 ﬁdem
3384 3944 3615 3998 nutritus
3653 3952 3735 3997 est
3763 3951 3818 3997 et

2238 4035 2401 4102 fotus,
2430 4051 2586 4106 quem
2616 4035 2994 4105 mspiciendum
3025 4043 3221 4104 patrem
3262 4043 3316 4088 et
3356 4034 3531 4088 omnis
3579 4033 3706 4087 boni
3736 4032 3821 4086 sui

2238 4128 2414 4182 meriti
2444 4137 2671 4181 autorem
2702 4126 2952 4196 appellat.
2983 4125 3115 4180 Cum
3155 4125 3211 4179 S.
3247 4123 3509 4194 Delphino
3543 4123 3818 4193 Burdega-

2238 4219 2371 4274 lensi
2392 4219 2659 4288 episcopo,
2688 4233 2716 4270 a
2738 4232 2846 4286 quo
2868 4216 3160 4285 Burdigahc
3180 4217 3477 4286 baptizatus
3497 4225 3598 4280 est,
3622 4224 3677 4269 et
3699 4230 3818 4269 cum

2195 4375 2218 4398 .
2241 4308 2405 4376 ipsius
2428 4308 2673 4376 Delphini
2725 4321 3038 4362 successore
3083 4305 3139 4360 8.
3173 4305 3431 4367 Amando,
3465 4320 3494 4358 a
3521 4319 3629 4374 quo
3678 4304 3820 4358 salu~

2240 4397 2423 4450 bribus
2449 4396 2720 4462 religionis
2749 4394 3063 4450 Christianae
3107 4395 3399 4464 disciplinis
3443 4393 3615 4447 fuerat
3653 4393 3822 4447 infor-

565 4507 645 4556 εει,
676 4496 730 4543 et
765 4488 926 4542 stulta
959 4483 1072 4541 Deo
1101 4486 1338 4555 sapuisse
1367 4485 1586 4554 ingemit
1605 4491 1660 4537 et
1679 4498 1746 4536 ex
1768 4481 1852 4536 his
1881 4481 2136 4549 grandem
2168 4494 2219 4552 Ῑ)
2244 4495 2438 4553 matus,
2463 4487 2636 4542 adhuc
2665 4487 2719 4540 in
2748 4486 2930 4541 seculo
2959 4501 3122 4555 agens
3147 4486 3405 4554 singulari
3436 4485 3670 4539 amicitia
3694 4484 3822 4552 jun-

564 4587 747 4649 captat
785 4577 1094 4632 humilitatis
1139 4574 1435 4629 materiam.
1475 4571 1758 4626 Veleranus
1787 4581 1834 4637 ι’,
1865 4569 2054 4638 inquit,
2085 4571 2138 4622 in

567 4684 776 4721 numero
803 4674 1146 4736 peccatorum,
1172 4664 1478 4732 sapientiam
1505 4661 1683 4715 mundi
1710 4661 1864 4714 miser
1885 4659 2140 4730 hucusque

566 4759 782 4811 miratus
804 4774 936 4821 sum,
957 4763 1005 4809 et
1028 4772 1118 4826 per
1136 4753 1341 4808 mutiles
1364 4753 1562 4807 litteras
1582 4749 2000 4822 reprobatamque
2020 4765 2142 4821 pru-

567 4849 794 4901 dentiam
844 4847 951 4901 Deo
999 4846 1182 4900 stultus
1223 4853 1272 4899 et
1315 4853 1483 4896 mutus
1531 4843 1624 4912 fui.
1668 4841 1736 4895 At
1764 4840 1891 4894 nihil
1925 4841 2142 4898 sceleris

568 4937 883 4991 nominatim
921 4935 1183 5004 designat.
1218 4933 1402 5004 Itaque
1431 4933 1576 4986 illum
1604 4931 1654 4985 in
1679 4931 1860 4986 seculo
1885 4947 2004 4986 eam
2032 4939 2140 4986 tra-

566 5029 780 5083 duxisse
811 5029 971 5082 vitam
998 5027 1214 5083 credere
1244 5043 1338 5098 par
1358 5031 1459 5090 est,
1489 5039 1593 5094 qua
1620 5025 1806 5079 vivunt
1835 5032 1913 5079 tot
1939 5032 2140 5080 morta-

567 5121 663 5184 les,
689 5119 780 5188 qui
812 5117 1302 5188 irreprehensibiles
1329 5131 1448 5171 sese
1476 5115 1864 5182 existimantes,
1885 5115 1952 5170 de
1971 5117 2140 5171 salute

563 5211 785 5279 quidem
826 5224 922 5263 sua
963 5208 1179 5262 minime
1206 5207 1470 5273 dubitant,
1496 5204 1639 5275 quod
1668 5219 1763 5260 eos
1789 5205 2058 5260 sensibilia
2085 5215 2140 5262 et

638 5352 662 5378 α
694 5340 904 5396 Paulin.
934 5337 1194 5405 carm.lO,
1223 5353 1277 5392 v.
1309 5336 1361 5390 9.
1435 5334 1463 5374 δ
1493 5335 1671 5407 Carm.
1705 5333 1792 5407 ll.
1825 5403 1833 5407 _
1869 5345 1891 5373 ε
1923 5333 2130 5393 Paulin.

2232 5385 2247 5397 .
2279 5343 2364 5407 ll,
2396 5360 2449 5398 n.
2483 5343 2677 5399 5etn.
2712 5344 2760 5398 l.

571 5413 590 5449 ί
618 5411 835 5466 Hieron.
858 5407 1107 5479 ερροῒ).Δ
1177 5403 1423 5479 8A_uson.
1481 5403 1681 5479 ep:_‘21.
1737 5403 1784 5479 -ιι
1808 5403 2006 5479 Ausmi.
2040 5422 2125 5479 ep.
2156 5403 2244 5466 23.

566 5481 662 5543 ιθ.
687 5497 738 5533 n.
771 5480 821 5532 6.

905 5472 1050 5553 1_Ij3p.
1073 5476 1133 5553 ἑ.
1165 5475 1301 5553 ηρ,
1327 5485 1388 5553 et
1415 5472 1704 5553 ep."21,nn.
1868 5473 2027 5553 m_l§p.
2059 5472 2111 5542 4,
2141 5495 2209 5553 n,_
2241 5483 2294 5537 4,
2367 5493 2396 5553 νυ
2426 5482 2525 5553 Ep.

2246 4587 2365 4633 ctus
2381 4585 2499 4633 erat
2523 4575 2793 4644 Paulinus,
2818 4585 2876 4631 ut
2893 4593 2963 4632 ex
2980 4578 3094 4632 aliis
3118 4578 3340 4647 patebit.
3371 4577 3428 4631 S.
3451 4576 3736 4629 Martinum
3763 4573 3826 4613 ινδ

2247 4667 2447 4720 beatum
2475 4676 2674 4733 patrem
2702 4667 2970 4730 nominat,
2997 4675 3052 4720 et
3087 4667 3283 4734 ubique
3322 4667 3388 4720 de
3426 4681 3491 4720 eo
3529 4663 3828 4718 honoriﬁco

2245 4757 2475 4826 scripsit,
2518 4765 2578 4812 et
2622 4772 2859 4812 summes
2903 4757 3076 4811 eidem
3123 4757 3310 4811 detulit
3353 4756 3623 4810 honores:
3657 4768 3688 4806 a
3716 4767 3826 4821 quo

2249 4858 2303 4888 ιο
2335 4864 2392 4902 se
2422 4856 2656 4902 amatum
2687 4855 3072 4902 commemorat
3114 4856 3168 4902 et
3198 4848 3423 4901 ltetatur.
3468 4845 3534 4898 Et
3579 4843 3830 4913 profecto

2248 4940 2524 4995 Paulinum
2572 4941 2826 5011 singulari
2865 4941 3212 4995 veneratione
3262 4956 3385 4994 eum
3435 4938 3686 5010 prosequi
3728 4952 3828 5007 par

2244 5039 2391 5096 erat;
2424 5047 2544 5085 cum
2574 5031 2716 5085 enim
2737 5027 2791 5066 άά
2816 5031 2974 5084 oculo
2995 5029 3228 5096 graviter
3254 5029 3462 5083 doleret
3481 5027 3753 5090 Paulinus,
3771 5031 3828 5079 ct

2239 5121 2349 5190 jam
2378 5122 2632 5190 pupillam
2655 5119 2771 5188 ejus
2790 5120 3022 5175 crassior
3042 5119 3210 5173 nubes
3238 5117 3558 5188 superducta
3581 5115 3823 5178 texisset,

2244 5212 2460 5268 oculum
2487 5214 2535 5267 ei
2565 5211 2822 5266 Martinus
2850 5211 3098 5281 peniculo
3139 5211 3395 5279 contigit,
3438 5209 3830 5278 pristinamque

2836 5343 2861 5382 ά
2892 5343 3047 5413 lbid.,
3095 5358 3148 5397 n.
3200 5343 3254 5397 5.
3301 5354 3355 5413 γε
3390 5340 3622 5413 Εριρο,
3667 5338 3824 5413 n._2.

2328 5415 2343 5452 ί
2371 5413 2542 5536 ῃυὲθη.
2569 5413 2678 5536 iiii.
2757 5407 3346 5536 15Paucl’iiE'carmiolO,
3379 5407 3603 5535 ἐς)δὲ
3630 5407 3822 5536 Ek“

2472 5501 2525 5536 ι).
2641 5500 2734 5536 .η.
2829 5524 2838 5535 .
3019 5498 3152 5536 arm.
3257 5498 3346 5536 .v.
3487 5523 3500 5535 .
3715 5517 3727 5530 .
3807 5517 3822 5536 .

2605 5483 2655 5548 l,
2682 5500 2734 5537 η.
2791 5482 2838 5535 5.
2920 5491 2944 5518 ο
2975 5482 3152 5537 Carm.
3186 5483 3270 5548 10,
3295 5498 3346 5535 v.
3380 5481 3500 5535 155.
3575 5490 3603 5529 Ρ
3630 5478 3826 5548 Ep._§,

565 5565 619 5603 n.
778 5541 1180 5628 g§achin.__\_’it.
1211 5541 1522 5628 Paulina}.
1555 5543 1676 5628 6550.
1744 5552 1773 5628 ιτ
1800 5541 2141 5628 Pa_ul'i.n.‘ep._

2231 5600 2232 5603 η
2265 5552 2400 5628 ιι.
2474 5541 2517 5628 ’⁸.
2545 5541 2653 5623 Ερ.⁷
2685 5553 2741 5628 2'3,
2772 5553 2902 5628 n._4.
2983 5555 3012 5628 ‘_
3043 5541 3268 5628 Ep._5_2_,'
3289 5551 3460 5628 n_.‘l7.
3505 5561 3562 5628 ‘u
3602 5541 3700 5619 Ερῖ
3718 5541 3822 5628 18,

569 5635 620 5669 η.
653 5616 729 5670 9..
781 5626 808 5653 '~
830 5617 1007 5672 Carm.
1042 5616 1205 5680 15,.v.
1233 5615 1315 5667 10.
1397 5610 1542 5683 ἕξει).
1576 5611 1630 5677 5,
1653 5610 1783 5683 11.4.
1861 5620 1886 5660 .7
1916 5612 2047 5670 Ibid.

568 5684 660 5752 δε.
687 5701 740 5741 ν.
772 5685 858 5739 53.
935 5685 990 5723 ἀει
1022 5686 1222 5755 Stﬂpic.
1254 5684 1358 5739 vu.
1393 5680 1544 5738 Mart.
1586 5698 1636 5739 ς.
1666 5680 1749 5732 ai.

2128 5625 2148 5652 κ
2181 5619 2310 5692 Cap.
2342 5623 2392 5688 5,
2415 5640 2466 5677 n.
2499 5622 2545 5676 l.
2591 5614 2680 5660 ἀ·
2701 5614 2874 5693 Ερ.5,
2899 5637 2952 5676 n.
2986 5621 3034 5676 ι.
3091 5614 3172 5661 ἰνιτ
3196 5614 3291 5693 Ep.
3319 5621 3475 5690 18,n.
3501 5621 3552 5676 9.
3635 5614 3686 5660 τ’(
3718 5614 3824 5690 Ep.
