4056 6358
267 339 335 395 25
1641 330 2157 398 PROLEGOMENA.
3443 341 3515 396 18

254 451 336 504 illi
377 448 687 513 sanitatem,
715 444 926 500 sublato
971 445 1116 499 omni
1145 445 1349 508 dolore,
1382 444 1633 500 restituit.
1663 443 1839 497 Evan-
1870 447 1917 503 A
1945 447 2038 500 lini
2063 460 2305 500 secessus
2333 445 2388 499 in
2426 444 2676 516 Hispania
2704 447 2990 516 contigisse
3012 449 3240 518 videtur,
3263 451 3353 506 ubi
3382 467 3518 521 qua:

260 538 442 605 gelica:
485 536 812 606 paupertatis
859 545 966 588 tam
1011 535 1214 589 illustre
1256 535 1556 604 exemplum
1602 533 1834 588 nondum

260 628 482 682 dederat
529 624 812 690 Paulinus,
842 625 983 694 quod
1019 641 1140 680 cum
1191 625 1495 680 rescivisset
1524 634 1549 662 ⁸
1581 624 1837 679 Martinus

262 727 542 787 tantopere
571 717 982 772 commendavit.
1020 715 1113 772 Ubi
1146 725 1405 772 terrarum
1447 716 1572 771 illud
1603 719 1831 771 miracu-

261 811 368 862 lum
399 808 654 871 evenerit,
687 824 792 862 non
821 816 1152 877 compertum
1178 817 1279 862 est.
1310 807 1529 862 Vienna:
1554 807 1834 861 Martinu‘tn

259 908 312 953 et
343 897 652 952 Victricium
691 897 890 952 vidisse
921 896 1197 952 Paulinum
1227 897 1435 952 abunde
1467 905 1700 962 constat,
1723 901 1778 950 et
1806 895 1832 934 ιι

258 988 502 1056 superius
527 986 1025 1042 demonstravimus.
1063 985 1179 1040 Jam
1206 996 1331 1042 tunc
1358 1003 1425 1042 ex
1454 988 1836 1056 gloriosissimo

265 1089 285 1115 ε
317 1075 640 1131 Confessore
689 1078 971 1146 episcopus
1014 1075 1188 1130 fuerat
1233 1077 1452 1133 ellectus
1505 1077 1831 1132 Victricius:

260 1175 592 1235 quapropter
619 1167 882 1232 gaudebat
911 1165 1163 1220 Paulinus
1190 1167 1332 1236 quod
1372 1167 1476 1221 hoc
1505 1168 1693 1220 saltem
1721 1167 1838 1234 glo-

259 1257 387 1310 riari
416 1255 519 1310 sibi
549 1256 754 1319 liceret,
785 1256 907 1324 quia
939 1256 1126 1310 faciem
1157 1256 1296 1311 illius
1319 1257 1372 1310 in
1399 1271 1560 1311 carne
1591 1256 1834 1322 vidisset;

258 1347 474 1402 aliunde
501 1362 632 1401 vero
679 1347 894 1417 lugebat
919 1347 1244 1402 infelicitatis
1284 1363 1393 1402 sum
1436 1348 1832 1416 negligentiam,

257 1438 401 1508 quod
423 1440 766 1494 occasionem
794 1439 928 1492 tanti
955 1439 1080 1492 boni
1109 1439 1322 1505 ignarus
1345 1440 1627 1506 amisisset,
1657 1448 1839 1494 conte-

258 1531 611 1584 nebrantibus
639 1546 782 1595 eum,
833 1538 891 1583 ut
919 1530 1024 1594 ait,
1074 1530 1166 1584 illo
1216 1539 1456 1600 tempore
1510 1547 1615 1585 nou
1661 1531 1834 1585 solum

259 1619 500 1687 peccatis
544 1619 738 1686 quibus
784 1619 1146 1688 premebatur,
1192 1619 1286 1674 sed
1327 1626 1381 1674 et
1423 1621 1565 1674 curis
1617 1621 1781 1674 seculi
1817 1640 1830 1675 :

257 1718 460 1777 quanta
492 1715 669 1763 tamen
712 1708 862 1762 licuit
909 1709 1064 1778 copia
1092 1722 1214 1762 eum
1243 1717 1531 1763 veneratus
1568 1718 1672 1776 est,
1701 1718 1754 1763 et
1775 1726 1834 1765 se

257 1813 322 1852 ac
340 1812 469 1852 suos
496 1797 547 1850 in
569 1798 1095 1867 :eternumprecibus
1119 1796 1231 1864 ejus
1255 1799 1663 1853 commendavit.

331 1885 382 1938 4.
425 1888 494 1940 At
511 1886 834 1956 przecipuum
862 1887 1047 1941 habuit
1074 1898 1354 1956 patronum
1383 1888 1440 1942 S.
1473 1889 1702 1944 Felicem
1725 1890 1834 1946 No-

256 1976 394 2030 lana:
439 1976 689 2032 Ecclesia:
735 1977 1125 2048 presbyterum,
1175 1981 1266 2048 qui
1319 1981 1646 2050 temporibus
1691 1981 1837 2038 Decii

257 2070 496 2138 glorioso
525 2069 848 2124 confessoris
877 2071 1032 2125 titulo
1061 2070 1277 2125 illustris
1299 2069 1537 2139 effectus,
1561 2073 1730 2128 multo
1769 2074 1834 2127 il-

258 2160 481 2214 lustrior
510 2169 628 2218 erat
655 2161 946 2228 miraculis,
985 2177 1103 2230 qua:
1149 2162 1214 2216 ad
1261 2162 1376 2232 ejus
1417 2164 1673 2218 tumulum
1714 2180 1833 2220 cre-

255 2248 492 2305 berrime
520 2250 736 2315 fiebant,
769 2259 824 2304 et
851 2250 1000 2319 cujus
1022 2267 1215 2306 nomen
1247 2253 1298 2306 in
1321 2253 1558 2308 Ecclesia
1582 2255 1837 2310 latissime

257 2341 668 2396 celebrabatur:
704 2357 801 2397 nec
821 2351 999 2397 tamen
1021 2343 1181 2397 hodie
1207 2344 1306 2398 nisi
1327 2359 1396 2399 ex
1419 2345 1583 2414 ipsius
1611 2345 1667 2400 S.
1700 2345 1839 2402 Pau-

257 2429 354 2483 lini
384 2431 596 2500 scriptis
622 2433 927 2487 innotescit.
965 2429 991 2468 ά
1022 2432 1250 2501 Hujusce
1286 2435 1454 2488 sancti
1483 2436 1703 2491 servitio
1725 2435 1835 2504 jam

256 2537 286 2576 a
321 2524 509 2592 primis
532 2525 685 2578 annis
705 2540 763 2578 se
807 2540 836 2578 a
869 2523 1082 2580 Christo
1110 2527 1470 2594 mancipatum
1505 2528 1632 2582 dicit
1662 2527 1838 2583 Pauli-

256 2626 362 2668 nus
394 2632 406 2666 :
440 2615 581 2668 unde
603 2614 925 2683 conjectura:
955 2617 1105 2671 locus
1130 2626 1211 2672 est
1232 2618 1378 2671 illum
1405 2626 1605 2674 extunc
1627 2619 1839 2676 Christo

255 2719 462 2758 nomen
513 2703 745 2770 dedisse,
797 2705 848 2759 id
889 2715 971 2760 est
1013 2708 1080 2760 ab
1109 2706 1353 2776 infantia,
1398 2709 1440 2764 si
1487 2710 1569 2763 his
1597 2711 1841 2778 vocibus,

258 2796 446 2863 primis
474 2794 538 2848 ab
568 2797 739 2861 annis,
772 2796 823 2850 id
872 2797 1042 2851 voluit
1070 2797 1371 2866 designare.
1421 2797 1575 2864 Quod
1601 2799 1842 2867 profecto

258 2899 373 2937 non
403 2900 434 2937 a
464 2885 692 2938 veritate
721 2886 953 2940 alienum
989 2887 1108 2953 quis
1134 2889 1236 2955 ιο
1263 2887 1636 2956 suspicabitur,
1659 2889 1704 2942 si
1733 2887 1847 2955 ejus

260 2983 286 3010 ο
315 2981 570 3041 parentes
597 2974 931 3028 Christianos
959 2975 1120 3029 luisse
1143 2975 1446 3030 meminerit
1472 2994 1484 3028 :
1513 2991 1650 3044 quos
1677 2977 1728 3030 in
1753 2993 1845 3031 ca-

265 3063 716 3116 techumenorum
742 3079 964 3117 numero
991 3063 1223 3118 adscribi
1257 3062 1531 3118 Paulinum
1553 3067 1843 3133 curavisse,

1941 546 2062 589 tuor
2084 535 2272 589 saltem
2302 550 2472 590 annos
2501 537 2758 606 transegit
2784 534 2800 575 1
2827 553 2994 607 usque
3023 539 3088 593 ad
3124 555 3350 595 vernum
3378 541 3515 596 teuf-

1936 640 2035 694 pus
2058 625 2182 678 anni
2213 623 2318 679 594
2339 626 2522 694 sicque
2544 626 2666 681 illuc
2685 628 2974 682 accessisse
2988 644 3128 684 anno
3150 629 3254 684 589
3266 637 3358 684 aut
3384 628 3511 685 590.

2006 714 2060 768 2.
2103 714 2388 783 Hucusque
2415 715 2482 770 de
2511 712 2718 769 Paulini
2747 716 3012 786 baptismo
3048 719 3246 772 nullam
3293 719 3515 774 fecimus

1937 805 2286 868 mentionem,
2317 805 2443 872 quia
2473 805 2601 858 nihil
2624 804 2690 858 de
2718 806 2859 860 illius
2886 815 3044 861 astate
3069 816 3298 862 constat.
3330 809 3374 861 A
3398 808 3514 862 Del-

1936 894 2102 964 phino
2126 903 2162 936 ω
2193 893 2570 962 Burdegalensi
2594 894 2847 963 episcopo
2876 895 3141 964 baptismo
3168 897 3403 952 initiatus
3431 904 3514 952 est

1938 986 2260 1056 Burdigalae;
2308 1001 2408 1040 nec
2435 985 2770 1040 solummodo
2798 987 2983 1040 salutis
3028 996 3416 1042 sacramentum
3445 988 3514 1043 ab

1937 1094 2003 1133 eo
2031 1094 2088 1132 se
2118 1078 2384 1146 recepisse
2415 1077 2648 1132 insinuat
2684 1087 2709 1112 ιι
2746 1076 3020 1144 Paulinus,
3058 1078 3154 1132 sed
3181 1087 3235 1132 et
3257 1080 3441 1148 patris,
3463 1088 3514 1132 et

1938 1168 2104 1234 Petri,
2135 1177 2190 1224 et
2217 1168 2496 1238 piscatoris
2522 1183 2743 1222 munere
2766 1167 3001 1222 functum
3031 1167 3346 1236 Delphinum
3376 1180 3512 1236 pra:-

1937 1260 2098 1324 dicat,
2133 1269 2158 1296 ο
2206 1261 2292 1330 qui
2315 1260 2509 1312 miserit
2532 1259 2758 1319 hamum,
2786 1268 2839 1312 ut
2861 1260 2924 1312 de
2951 1260 3224 1330 profundis
3243 1269 3291 1312 et
3319 1261 3514 1313 amaris

1940 1350 2090 1419 hujus
2114 1349 2268 1403 seculi
2304 1348 2539 1416 ﬂuctibus
2565 1350 2728 1418 ipsum
2757 1349 3077 1416 extraheret,
3105 1359 3160 1402 ut
3180 1359 3394 1419 captura
3423 1365 3513 1402 sa-

1937 1438 2058 1491 lutis
2082 1438 2394 1507 efﬁceretur;
2435 1448 2482 1489 et
2523 1438 2604 1490 cui
2643 1435 2856 1501 vivebat,
2905 1447 3104 1491 natura:
3130 1447 3433 1502 moreretur,
3457 1444 3514 1490 ut

1937 1532 2017 1583 cui
2044 1539 2272 1582 mortuus
2301 1538 2430 1592 erat,
2453 1530 2636 1582 viveret
2666 1527 2910 1588 Domino.
2942 1527 3068 1584 llazc
3104 1529 3318 1597 quidem
3348 1529 3512 1582 verba

1938 1620 2214 1674 Paulinum
2245 1635 2366 1674 cum
2395 1626 2734 1672 sacramento
2762 1618 3016 1687 Baptismi
3043 1618 3213 1685 gratia
3247 1626 3302 1672 et
3320 1617 3514 1672 ell'ecttt

1937 1709 2190 1764 donatum
2217 1709 2346 1763 satis
2389 1715 2572 1777 aperte
2602 1706 2858 1770 indicant,
2899 1714 2954 1761 et
2979 1707 3078 1766 sub
3107 1706 3271 1773 idem,
3294 1721 3399 1774 quo
3428 1721 3512 1760 re

1860 1799 2088 1859 Bnatus
2122 1805 2225 1863 est,
2265 1808 2471 1866 tempus
2519 1813 2641 1851 eum
2693 1795 2874 1850 seculo
2920 1795 3282 1858 renuntiasse;
3331 1795 3514 1862 sicque

1939 1891 2100 1962 paulo
2130 1899 2255 1945 ante
2284 1905 2553 1944 secessum
2586 1889 2635 1941 in
2670 1887 2978 1956 Hispaniam
3004 1901 3101 1956 per
3127 1886 3314 1940 vitales
3343 1885 3515 1938 undas

1937 1991 2181 2038 renatum
2236 1981 2524 2036 admodum
2553 1977 2828 2048 probabile
2859 1984 2958 2031 est.
2992 1976 3059 2029 At
3087 1976 3130 2029 si
3180 1976 3357 2029 omnia
3389 1990 3514 2044 pec-

1937 2083 2056 2128 cata
2087 2088 2181 2127 sua
2229 2073 2280 2126 in
2332 2071 2606 2140 Baptismo
2659 2067 2914 2137 absorpta
2964 2066 3310 2130 credidisset,
3339 2079 3434 2119 cur
3461 2065 3513 2118 in

1936 2164 2148 2232 scriptis
2195 2163 2305 2216 suis
2333 2170 2440 2216 tam
2470 2174 2611 2228 stupe
2665 2158 2732 2212 de
2773 2158 3012 2228 peccatis
3051 2165 3106 2212 et
3150 2157 3420 2226 prmterita
3462 2155 3514 2212 in

1937 2255 2120 2310 seculo
2159 2254 2265 2308 vita
2293 2260 2596 2308 sermonem
2620 2243 2878 2308 haberet‘?
2903 2249 3036 2304 Cum
3071 2255 3248 2303 autem
3280 2255 3516 2300 mutato-

1937 2361 2054 2400 rum
2095 2345 2147 2398 in
2196 2343 2386 2398 lnelius
2425 2352 2632 2398 morum
2681 2343 2940 2400 rationes.
2959 2339 3195 2394 Ausonio
3244 2337 3517 2406 expendit,

1936 2435 2220 2490 sanctioris
2245 2435 2365 2487 vitae
2403 2433 2700 2488 institutum
2750 2431 3015 2500 baptis'mn
3043 2445 3148 2482 non
3199 2427 3402 2480 tribuit.
3435 2417 3517 2478 ld-

1938 2525 2081 2580 circo
2109 2536 2135 2574 r
2164 2523 2456 2579 Chillletius
2489 2538 2609 2578 eum
2635 2523 2744 2591 jam
2773 2522 2950 2576 divina
2981 2519 3254 2572 ablutione
3287 2519 3518 2570 renova-

1940 2624 2051 2668 tum
2078 2615 2226 2683 ponit
2255 2630 2396 2668 anno
2427 2613 2529 2667 379
2552 2629 2649 2666 seu
2679 2611 2804 2677 380,
2836 2627 2956 2665 cum
2984 2609 3040 2662 S.
3073 2607 3235 2662 Felici
3259 2622 3318 2660 se
3347 2613 3518 2659 totum

1940 2705 2158 2759 dicavit.
2189 2705 2297 2759 Nec
2323 2693 2450 2772 quis.
2493 2704 2710 2772 obiiciat
2756 2704 2859 2756 hoc
2891 2702 3069 2770 posito
3094 2707 3312 2768 peccata
3343 2713 3372 2750 a
3420 2698 3520 2750 Ba~
3614 2766 3633 2776 δ

1944 2797 2139 2864 ptismo
2159 2803 2406 2864 suscepto
2421 2795 2650 2848 admissa
2674 2793 2820 2846 illu'm
2837 2807 2865 2846 a
2879 2791 3280 2862 presbyteratus
3300 2805 3392 2843 seu
3417 2789 3520 2858 epi-

1945 2892 2197 2952 scopatus
2224 2884 2388 2952 gradu
2419 2883 2713 2937 reddidiSse
2754 2883 3006 2946 alienum,
3039 2879 3300 2948 siquidem
3343 2879 3519 2946 aliqua

1945 2990 2068 3028 eutn
2093 2974 2354 3028 canonica
2376 2973 2530 3041 culpa
2563 2973 2827 3027 irretitum
2868 2972 3051 3026 nullibi
3081 2971 3318 3040 reperire
3341 2980 3443 3035 est,
3467 2978 3521 3024 et

1944 3064 2314 3133 quadriennali
2343 3079 2556 3119 secessu
2587 3071 2641 3118 et
2684 3064 2945 3118 bonorum
2975 3062 3310 3116 abdicatione
3343 3059 3521 3129 profa-

259 3151 494 3206 omnino
521 3153 798 3220 probabile
826 3161 927 3208 est.
959 3153 1146 3208 Posset
1186 3164 1361 3208 tamen
1391 3163 1446 3208 et
1483 3155 1550 3209 ad
1598 3155 1728 3210 illud
1755 3167 1840 3214 re-
1867 3147 1910 3206 C
1944 3171 2066 3210 nam
2105 3164 2161 3209 et
2200 3154 2493 3209 secularem
2520 3155 2683 3207 vitam
2727 3168 2849 3208 eum
2879 3153 3053 3223 piasse
3101 3166 3258 3205 nemo
3287 3150 3519 3219 negabit.

259 3241 392 3296 ferri
421 3242 567 3310 quod
592 3242 738 3306 dicit,
785 3258 976 3311 nempe
1011 3258 1151 3298 anno
1192 3242 1340 3296 1594f
1373 3252 1498 3298 ante
1537 3244 1842 3312 quindecim

263 3348 461 3396 annos,
493 3331 544 3386 id
574 3341 658 3387 est
686 3333 826 3388 circa
858 3334 1166 3402 vigesimum
1213 3336 1497 3406 septimum
1540 3338 1716 3404 anatis
1743 3353 1846 3393 an-

261 3439 418 3489 num,
448 3420 648 3477 Christi
675 3429 854 3477 autem
893 3418 1028 3490 379,
1061 3441 1182 3480 cum
1229 3425 1416 3481 Nolam
1471 3427 1540 3482 ad
1582 3429 1843 3483 tumulum

264 3513 322 3568 S.
356 3512 551 3567 Felicis
579 3513 922 3581 accessisset,
963 3529 1022 3569 se
1051 3515 1104 3569 in
1129 3517 1376 3571 omnibus
1422 3524 1565 3571 terra
1605 3519 1844 3588 marique

267 3602 515 3658 toleratis
534 3603 828 3670 laboribus,
852 3620 947 3659 cor
971 3614 1026 3660 et
1047 3614 1170 3660 veta
1192 3606 1484 3673 dicavisse;
1507 3616 1563 3661 at
1584 3623 1844 3676 nusquam

267 3707 366 3761 per
395 3693 446 3746 id
471 3700 680 3762 tempus
720 3702 743 3740 tt
775 3691 996 3749 Paulino
1041 3697 1189 3751 licuit
1218 3697 1358 3751 illius
1383 3698 1550 3752 sancti
1574 3698 1847 3752 celebrare

271 3781 418 3838 Nola:
445 3781 636 3838 festum
665 3785 806 3840 diem
838 3785 903 3838 ll
931 3784 1188 3855 Januarii,
1217 3795 1273 3842 et
1299 3788 1386 3858 pia
1415 3803 1596 3842 coram
1626 3788 1848 3842 reddere

273 3881 397 3927 vota
432 3875 525 3929 :in
565 3890 695 3944 agro
723 3877 862 3930 enim
895 3874 920 3912 ιι
950 3875 1015 3930 ad
1065 3879 1382 3946 quingentos
1432 3879 1500 3932 ab
1540 3879 1670 3933 urbe
1714 3878 1845 3932 Nola

275 3979 461 4033 passus
510 3980 631 4020 ossa
659 3966 802 4021 beati
833 3967 1022 4022 Felicis
1049 3969 1400 4037 quiescebant
1442 3969 1708 4036 hodieque
1737 3985 1848 4024 ser-

277 4063 484 4110 vantur.
514 4055 672 4112 Hisce
697 4059 996 4125 quindecim
1042 4059 1194 4113 annis
1229 4059 1242 4096 ί
1273 4059 1511 4114 diversas
1537 4061 1840 4128 peregrina-

275 4147 448 4203 tiones
487 4149 721 4217 suscepit
771 4146 1040 4212 Paulinus,
1072 4150 1234 4202 variis
1278 4150 1529 4203 :erumnis
1571 4148 1849 4202 confectus

277 4244 374 4300 est,
407 4246 462 4291 et
483 4249 703 4294 vocatus
725 4241 777 4294 in
807 4239 1040 4309 pericula
1071 4239 1256 4292 multa.

893 4347 1120 4401 CAPUT
1157 4348 1224 4403 γ.
1276 4342 1282 4353 ’

282 4434 341 4488 In
369 4434 678 4505 Hispaniam
698 4437 882 4490 secedit
908 4435 1179 4500 Paulinus,
1202 4447 1257 4488 ut
1295 4437 1483 4489 mundo
1512 4435 1848 4490 abrenuntiet.

524 4504 636 4569 Quo
662 4516 884 4575 tempore
905 4507 1056 4577 fuerit
1083 4505 1335 4576 baptismo
1369 4507 1619 4560 initiatus.

351 4597 400 4648 l.
445 4595 680 4649 Tandem
706 4598 719 4645 l
757 4605 864 4648 uta
887 4595 1155 4649 calumniis
1182 4605 1230 4649 et
1254 4597 1748 4666 peregrinationibus
1773 4616 1854 4653 re-

282 4688 445 4756 quiem
469 4701 655 4754 capere
683 4687 816 4738 risus
837 4694 930 4750 est,
959 4702 1049 4738 nec
1070 4685 1219 4738 rebus
1247 4685 1460 4752 publicis
1489 4698 1784 4758 occupatus,
1809 4699 1856 4743 et

283 4793 311 4826 ιι
333 4776 435 4845 {ori
463 4777 678 4844 strepitu
707 4785 951 4836 remotus.
999 4777 1132 4828 ruris
1170 4777 1350 4842 otium,
1379 4787 1428 4830 et
1455 4776 1701 4832 Ecclesire
1745 4780 1856 4834 cul-

283 4877 409 4933 tum,
440 4866 632 4936 placita
660 4869 713 4920 in
743 4869 950 4922 secretis
978 4868 1270 4921 domesticis
1298 4869 1685 4941 tranquillitate,
1727 4872 1858 4925 cele-

283 4955 479 5010 brarit:
501 4966 556 5010 ut
578 4958 826 5027 paulatim
848 4958 1092 5011 subducto
1113 4975 1145 5010 a
1161 4959 1472 5014 secularibus
1494 4960 1654 5015 turbis
1685 4964 1857 5017 animo

283 5049 652 5118 pra'ceptisque
700 5047 978 5103 caelestibus
1025 5049 1444 5115 accommodato,
1476 5051 1747 5117 proclivius
1793 5054 1861 5105 ad

283 5146 593 5191 contemtum
622 5139 800 5192 mundi
826 5140 1217 5207 comitatumque
1255 5140 1465 5205 Christi,
1484 5142 1597 5211 jam
1619 5145 1766 5213 quasi
1799 5145 1863 5197 de

285 5230 509 5297 ﬁnitima
535 5231 654 5282 huic
679 5233 939 5300 proposito
963 5233 1045 5284 ria
1066 5231 1388 5302 demigravit.
1429 5231 1452 5267 ιι
1485 5233 1696 5287 Primus
1723 5232 1860 5289 Pau-

296 5471 315 5544 l
347 5471 554 5544 Paulin.
586 5483 742 5544 mart.
775 5475 862 5540 15,
891 5494 943 5531 v.
994 5479 1043 5531 7.
1121 5488 1146 5524 ις
1177 5475 1355 5531 Carm.
1399 5478 1483 5544 12,
1506 5497 1556 5534 v.
1587 5484 1672 5537 l5.
1750 5480 1776 5518 ιι

296 5612 376 5680 10,
407 5613 548 5685 ημ1.
581 5612 738 5685 ιιἘρ.
759 5615 845 5679 20,
873 5632 926 5669 n.
953 5615 1004 5668 6.
1055 5625 1107 5685 H0
1131 5616 1264 5670 Ibid.

294 5693 347 5738 et
383 5701 438 5740 n.
466 5684 502 5738 2
521 5696 578 5741 et
607 5683 752 5756 seqq.
835 5698 854 5724 ο
887 5685 986 5758 Ep.
1015 5683 1100 5738 55.

1344 5628 1372 5666 r
1401 5618 1573 5674 Chifll.

296 5483 314 5509 ι
348 5483 554 5528 Paulin.
586 5483 742 5528 mart.
775 5483 862 5540 15,
891 5494 943 5531 v.
994 5483 1043 5531 7.
1121 5488 1146 5524 ις
1177 5483 1355 5531 Carm.
1399 5483 1483 5544 12,
1506 5497 1556 5534 v.
1587 5484 1672 5537 l5.
1750 5483 1776 5518 ⁸³
1807 5483 1842 5537 S

295 5541 560 5620 iuPaulip.
590 5560 680 5620 ep_.
710 5543 850 5620 5,11.
879 5545 930 5599 4.
960 5615 982 5620 _
1010 5547 1032 5584 ¹ι
1065 5547 1258 5620 Sacch.
1277 5547 1384 5600 Vit.
1408 5546 1615 5620 Paulin.
1641 5567 1694 5620 p.
1722 5550 1824 5605 167

1946 5485 1998 5536 h.
2040 5483 2146 5538 Vit.
2173 5484 2380 5538 Paulin.

1942 5552 2050 5605 377.
2132 5553 2380 5620 1Chil'll.1

1184 5620 1264 5670 Μ.
1344 5628 1372 5666 r
1401 5620 1573 5674 Chil'll.
1607 5637 1660 5691 p.
1693 5620 1811 5674 140.
1891 5633 1916 5672 (ι
1946 5621 2044 5692 Ep.
2076 5622 2162 5689 20,
2199 5642 2250 5679 n.
2277 5625 2328 5678 6.

1184 5688 1197 5720 ¹
1238 5686 1350 5737 Em
1376 5687 1458 5737 17.
1483 5705 1535 5737 n.
1561 5690 1614 5737 5-
1690 5700 1714 5727 11
1750 5692 1846 5737 En
1880 5694 1962 5737 49-
1991 5694 2122 5737 η-1-

1265 5687 1350 5755 εν..
1376 5687 1458 5753 17,
1483 5705 1535 5742 η.
1561 5687 1624 5744 3:
1690 5700 1714 5727 ιι
1750 5692 1847 5761 Ep.
1880 5694 1964 5758 l9,
1991 5687 2042 5747 ἡ.
2076 5694 2124 5749 ι.

1948 3245 2078 3300 Utut
2123 3246 2214 3305 sit.
2248 3243 2527 3299 Paulinum
2571 3243 2683 3312 jam
2731 3253 2857 3297 ante
2904 3243 3179 3312 Baptismo
3235 3241 3522 3304 initiatum,

1944 3354 2102 3408 quam
2134 3339 2186 3391 in
2217 3337 2523 3407 Hispaniam
2567 3336 2863 3400 recederet,
2903 3333 3124 3404 perinde
3164 3336 3258 3403 ιι
3291 3339 3522 3394 constat,

1943 3429 2088 3499 quod
2142 3429 2338 3483 ibidem
2385 3437 2615 3497 quatuor
2663 3442 2834 3480 annos
2875 3431 3237 3479 commoratus
3263 3423 3455 3475 absens
3492 3433 3524 3472 a

1947 3522 2138 3592 patria,
2173 3522 2275 3574 hoc
2301 3519 2654 3588 quadriennio
2712 3518 2907 3587 pnbdia
2957 3515 3223 3578 vendidit,
3275 3521 3331 3566 et
3381 3511 3524 3564 bona

1946 3612 2274 3683 pauperibus
2295 3609 2553 3678 erogavit,
2585 3617 2744 3677 atque
2774 3607 3133 3674 evangelicam
3157 3609 3525 3674 paupertatem

1946 3701 2217 3772 professus
2242 3709 2323 3754 est
2350 3717 2362 3752 :
2386 3697 2531 3768 quod
2558 3700 2608 3752 in
2640 3697 2891 3767 Hispania
2934 3696 3127 3751 factum
3166 3693 3381 3761 negabit
3409 3691 3524 3744 nul-

1947 3792 2047 3846 lus.
2076 3791 2186 3847 Nec
2213 3790 2368 3845 facile
2395 3789 2515 3858 quis
2535 3789 2634 3844 sibi
2657 3788 2896 3843 suadebit
2927 3788 3038 3840 hmo
3059 3801 3177 3840 eum
3209 3785 3396 3838 fecisse
3426 3797 3524 3834 an-

1946 3891 2163 3951 tequam
2216 3879 2442 3950 spiritali
2473 3879 2688 3932 lavacro
2718 3877 2875 3932 fuerit
2907 3877 3189 3930 innovatus
3222 3893 3235 3927 :
3285 3881 3338 3927 et
3384 3871 3526 3939 quod

1949 3971 2138 4025 asserit
2165 3985 2224 4024 se
2244 3985 2273 4022 a
2305 3969 2567 4038 Delphino
2589 3979 2614 4017 (ι
2637 3969 2700 4021 de
2721 3967 2914 4020 amaris
2936 3967 3084 4035 hujus
3113 3965 3273 4017 seculi
3292 3961 3528 4031 ﬂuctibus

1949 4069 2256 4128 extractum,
2285 4059 2425 4112 haud
2466 4074 2654 4127 parum
2703 4065 2985 4125 repugnat.
3020 4055 3133 4108 Hoc
3172 4053 3526 4122 quadriennio

1950 4149 2247 4202 Barcinone
2269 4147 2336 4200 ad
2367 4146 2657 4200 Ausonium
2688 4145 2921 4212 scripsit,
2952 4151 3005 4195 et
3028 4143 3220 4195 ibidem
3263 4142 3451 4203 laicus,
3477 4146 3528 4193 et

1950 4247 2137 4309 postea
2163 4249 2184 4276 τ
2215 4237 2495 4308 presbyter
2514 4243 2730 4289 creatus
2758 4234 2822 4287 ad
2853 4231 3144 4300 Sulpicium
3174 4229 3431 4284 Severum
3457 4228 3528 4280 bi.

1951 4345 2048 4385 nas
2077 4329 2330 4400 epistolas
2359 4326 2524 4380 dedit.
2558 4324 2733 4379 Prima
2774 4322 3049 4378 intercidit
3081 4340 3094 4374 :
3138 4322 3191 4376 in
3241 4321 3409 4374 altera
3439 4319 3530 4373 ad-

1955 4429 2140 4474 monet
2167 4435 2235 4474 ne
2262 4417 2554 4503 prophanis
2581 4417 2712 4471 velit
2756 4415 2988 4484 suscepti
3013 4414 3238 4468 instituti
3266 4413 3530 4468 rationem

1881 4495 1928 4552 n
1956 4513 2195 4575 reddere,
2229 4495 2350 4566 cum
2375 4510 2442 4564 ad
2461 4509 2816 4565 constantiam
2845 4509 3092 4562 hortatur
3113 4506 3180 4560 ad
3203 4521 3366 4574 seque
3394 4505 3532 4558 invi-

1956 4610 2052 4656 tat.
2089 4601 2274 4655 b'ullus
2314 4601 2478 4666 igitur
2513 4597 2837 4666 conjectura:
2886 4596 3034 4650 locus
3083 4611 3226 4659 eum,
3278 4594 3534 4648 abdicatis

1956 4693 2111 4748 bonis
2134 4700 2189 4747 et
2230 4690 2577 4760 dignitatibus
2595 4729 2608 4754 ,
2634 4687 2982 4754 Burdeg‘alam
3008 4687 3235 4756 patriam
3265 4699 3413 4738 suam
3445 4699 3534 4738 ac~

1959 4785 2203 4846 cessisse,
2236 4789 2521 4849 antequam
2550 4780 2923 4850 presbyteratu
2943 4776 3101 4831 fuerit
3130 4777 3383 4830 initiatus.
3406 4775 3534 4829 Pau-

1961 4875 2052 4929 lini
2085 4883 2106 4909 ⁸
2139 4876 2305 4927 frater
2333 4887 2363 4925 a
2392 4871 2653 4940 Delphino
2684 4870 2886 4939 pariter
2922 4867 3223 4937 baptizatus
3255 4866 3446 4932 fuerat,
3480 4873 3535 4920 ut

1962 4975 2018 5022 et
2047 4967 2160 5036 ipse
2191 4965 2442 5018 Paulinus
2471 4963 2560 5032 qui
2587 4970 2785 5017 extunc
2820 4961 3213 5016 sanctissimum
3229 4961 3536 5030 episcopum

1965 5056 2279 5126 Delphinum
2315 5056 2329 5090 ί
2360 5054 2624 5107 dominum
2673 5061 2722 5107 et
2751 5062 2947 5122 patrem
2994 5067 3202 5107 summa
3230 5067 3352 5106 cum
3382 5047 3540 5101 laude

1964 5158 2018 5203 et
2040 5145 2347 5202 reverentia
2396 5144 2657 5199 nominat.
2687 5143 2744 5197 In
2787 5143 2925 5197 datis
2972 5142 3040 5196 ad
3084 5158 3203 5196 eum
3234 5150 3261 5177 ιι
3303 5135 3541 5208 epistolis

1967 5237 2058 5292 lilii
2088 5253 2213 5307 erga
2243 5243 2522 5306 parentem
2552 5233 2724 5303 pietas
2752 5240 2806 5288 et
2855 5233 3156 5288 reverentia
3205 5231 3277 5284 ita
3307 5228 3542 5293 elucent,

2203 5412 2227 5496 f‘
2258 5413 2435 5496 Carm.
2466 5414 2630 5496 29,1.
2662 5413 2732 5496 5.¹
2774 5423 2816 5496 ’ξ
2986 5425 3144 5480 supra
3175 5406 3542 5496 cap;i,_n.‘§.

2132 5523 2146 5538 .
2173 5484 2380 5538 Paulin.
2413 5500 2467 5554 p.
2514 5475 2637 5537 681.
2722 5485 2737 5520 ί
2774 5481 2980 5537 Paulin.
3029 5475 3195 5533 carm.
3242 5475 3331 5536 ⁷15,
3363 5492 3414 5529 v.
3456 5476 3542 5528 10.

2132 5553 2348 5609 1Chil'll.
2373 5571 2424 5625 p.
2460 5555 2580 5625 165,
2613 5571 2665 5625 n.
2692 5550 2742 5605 ι.
2780 5564 2856 5625 __'"
2889 5550 3094 5625 Paulin.
3119 5563 3204 5615 ep.
3231 5545 3542 5625 5,_n.4;_gt

2412 5635 2431 5661 "
2463 5615 2577 5693 Ep:
2607 5624 2656 5688 1,
2692 5641 2742 5676 n.
2775 5623 2870 5685 10;
2906 5618 3107 5672 Paulin.
3139 5632 3227 5688 ep.
3280 5618 3339 5685 1,
3368 5635 3420 5673 υ.
3457 5615 3543 5680 10,
