4056 6358
564 307 632 362 27
1584 312 1641 366 s.
1683 310 2024 366 ruimus
2065 309 2378 377 NOLANUS
2415 315 2802 380 EPISCOPUS.

3759 344 3843 400 9-8

566 429 625 475 ιιι
671 421 803 476 nihil
830 422 1061 491 gratius,
1094 423 1227 477 nihil
1273 422 1566 478 modestius
1611 423 1779 492 possit
1827 422 2142 490 excogitari.
2174 426 2224 481 A
2250 423 2520 500 raphrasis
2549 440 2873 507 evangelica,
2903 456 2965 497 se
2992 458 3096 498 non
3141 446 3211 500 ita
3241 448 3445 517 pridem
3467 448 3539 504 ad
3563 458 3835 511 attentio-

564 511 641 567 De
684 512 926 569 Amando
965 523 1020 569 et
1048 529 1145 585 per
1174 513 1471 569 Amandum
1494 524 1520 551 ⁸
1549 530 1607 569 se
1636 515 1686 569 in
1717 514 1931 569 Christo
1959 523 2143 569 natum

565 606 935 672 recognoscit;
968 605 1213 675 illiusque
1244 606 1593 675 opprobrium
1633 604 1887 672 futurum,
1916 607 1961 661 si
1991 615 2142 661 tanto

562 705 716 766 patre
736 698 806 753 sit
831 698 1108 767 indignus;
1132 706 1226 752 aut
1244 698 1515 766 gaudium,
1545 699 1589 754 si
1618 713 1683 753 cx
1707 698 1966 754 fructibus
1986 700 2142 755 bonis

560 786 678 856 ejus
706 788 911 843 arboris
940 804 1118 844 ramus
1148 803 1266 844 esse
1293 797 1574 856 noscatur;
1605 789 1745 845 illius
1770 789 1798 828 ι»
1829 789 1950 844 fidei
1978 790 2142 844 inter-

562 883 742 938 ventu,
762 892 857 946 per
869 878 1050 946 gratiae
1071 877 1401 948 baptismatis
1422 888 1835 944 sacramentum,
1858 880 2141 935 Dominum

560 966 614 1020 in
658 969 956 1024 naviculam
984 972 1163 1027 cordis
1190 973 1273 1027 sui
1314 972 1475 1028 fuisse
1503 972 1830 1043 impositum,
1857 981 1913 1028 et
1939 988 1997 1028 se
2025 973 2144 1043 ejus

557 1054 611 1109 in
641 1055 854 1113 Christo
882 1060 1271 1129 plantationem
1315 1062 1462 1119 dicit.
1497 1061 1649 1118 Unde
1694 1063 1947 1132 colligere
1988 1075 2072 1119 est
2113 1075 2143 1104 ον

556 1145 853 1203 Amandum
905 1159 1030 1207 tunc
1058 1154 1317 1223 temporis
1345 1152 1505 1209 fuisse
1525 1154 1931 1224 Burdegalensis
1956 1153 2139 1210 Ecele-

553 1236 647 1290 sia:
676 1240 1066 1311 presbyterum,
1097 1258 1197 1298 nec
1244 1244 1566 1300 mediocrem
1606 1244 1655 1299 ei
1701 1245 1884 1300 deberi
1911 1261 2137 1300 convcr—

552 1326 720 1382 sionis
743 1327 947 1385 Paulini
974 1333 1221 1402 gratiam,
1243 1350 1361 1389 cum
1385 1349 1507 1391 eum
1531 1334 1847 1391 Christiana:
1863 1336 2136 1403 religionis

552 1417 830 1476 elementis
857 1423 1125 1490 imbuerit,
1169 1430 1225 1480 et
1253 1426 1434 1482 forsan
1488 1426 1556 1483 de
1584 1442 1737 1483 sacro
1785 1426 1940 1482 fonte
1985 1428 2134 1482 leva-

551 1508 706 1562 verit.

1163 1602 1391 1659 CAPUT
1430 1606 1518 1659 VI.

549 1682 816 1748 Quomodo
838 1692 1011 1769 statim
1038 1701 1151 1769 post
1178 1710 1431 1769 secessum
1459 1695 1855 1769 inﬂispaniam
1880 1714 1934 1751 se
1962 1715 2131 1769 gesse-

830 1760 898 1812 rit
930 1759 1201 1816 Paulinus.
1233 1763 1307 1817 De
1340 1764 1450 1834 ﬁlio
1479 1765 1591 1835 ejus
1620 1759 1839 1822 mortuo.

616 1868 667 1922 l.
710 1868 961 1928 Paulinus
991 1874 1149 1942 igitur
1184 1891 1250 1931 ex
1281 1893 1419 1947 aqua
1459 1887 1689 1940 renatus.
1719 1889 1774 1936 et
1800 1882 2019 1952 Spiritu,
2054 1898 2122 1945 ac

542 1958 797 2029 perfecta:
811 1963 1021 2019 virtutis
1048 1981 1233 2022 amore
1261 1984 1568 2036 succensus,
1598 1980 1656 2026 ut
1677 1971 1700 2009 (³
1725 1974 1969 2044 superius
1987 1974 2125 2029 dixi-

518 2046 682 2114 "mus,
715 2051 957 2119 cogitare
1005 2070 1276 2111 secessum
1308 2059 1359 2112 in
1386 2056 1697 2130 Hispaniam
1726 2064 1911 2133 coepit,
1943 2073 2001 2118 ut
2029 2080 2123 2120 ac-

539 2146 749 2208 ceptam
772 2141 826 2195 in
853 2142 1120 2212 baptismo
1144 2146 1370 2214 gratiam
1392 2157 1629 2218 augeret,
1658 2158 1713 2205 et
1738 2166 1796 2207 se
1818 2159 1987 2208 totum
2008 2152 2122 2208 Deo

537 2227 761 2284 dicaret.
816 2241 838 2268 ε
870 2230 1084 2290 Homini
1132 2236 1275 2290 enim
1332 2239 1740 2296 necessitatibus
1785 2250 1893 2295 tam
1942 2243 2122 2297 multis

537 2319 816 2389 implicito,
838 2322 977 2377 inter
996 2327 1137 2379 suos'
1150 2326 1222 2380 ita
1250 2327 1417 2393 culto,
1434 2329 1589 2397 cujus
1617 2330 1844 2399 gratiam
1873 2333 2119 2387 certatim

535 2425 727 2465 omnes
773 2413 1059 2482 ambirent,
1117 2418 1338 2473 omnino
1390 2422 1694 2477 necessaria
1723 2419 1846 2492 fuga
1894 2432 2029 2479 erat.
2061 2423 2117 2480 In

533 2498 667 2556 locis
702 2500 720 2540 τ
751 2505 979 2560 excultis
1021 2516 1078 2562 et
1118 2510 1439 2577 gratissimis
1485 2530 1592 2569 non
1640 2516 1798 2586 longe
1826 2532 1857 2571 a
1888 2518 2023 2572 mari
2063 2526 2119 2573 et

508 2588 753 2648 urbibus
770 2593 1064 2663 habitabat,
1095 2599 1258 2654 vitam
1290 2610 1472 2658 tamen
1514 2605 1809 2661 solitariam
1834 2607 1947 2677 jam
1969 2625 2117 2664 ama-

428 2706 435 2709 ν
524 2676 639 2747 bat,
688 2690 743 2737 et
785 2692 999 2740 sanctos
1036 2689 1391 2746 anachoretas
1433 2694 1668 2750 maximo
1709 2676 2015 2766 jamrcultu
2060 2707 2117 2754 et

528 2783 715 2827 amore
742 2777 1193 2847 prosequebatur,
1223 2779 1316 2849 qui
1344 2788 1404 2835 ut
1425 2782 1521 2848 ait,

784 2960 821 2984 ..
867 2912 1264 2987 Spectanti-sque
1283 2918 1467 2987 Deum,
1494 2925 1698 2985 verique
1724 2926 1955 2987 profunda

651 2971 943 3034 Perspicer'e
970 2977 1145 3025 intenti
1170 2971 1233 3027 de
1259 2982 1393 3029 vanis
1412 2971 1570 3032 libera
1588 2971 1722 3034 cur—is

646 3031 756 3110 Qtia
781 3031 944 3110 amant
960 3039 1331 3110 ;_.strepitusque
1348 3041 1456 3102 fori,
1477 3031 1743 3110 rerumque
1773 3050 2026 3110 tumultus,

645 3091 1131 3165 Cunctaquedivinis
1154 3091 1343 3151 inimica
1370 3091 1569 3165 negotia
1588 3091 1746 3165 donis;

644 3154 704 3223 [lt
727 3157 1151 3223 Christijmperiis
1172 3166 1225 3211 et
1240 3173 1405 3213 amore
1429 3154 1620 3223 salutis,
1646 3154 1931 3220 abhorrent.

644 3214 1061 3293 §pequeifideque
1082 3220 1241 3293 Depm
1258 3235 1432 3293 spgnsa
1453 3214 1973 3293 mercede‘sequuiitur
1995 3235 2099 3284 5....

641 3276 1001 3351 Attameqhec
1022 3279 1053 3318 Ιι
1074 3283 1261 3351 sedisse
1280 3276 1377 3351 illis
1396 3290 1646 3351 sententia
1660 3276 1884 3351 iisi‘ési’,‘

639 3336 769 3414 gata
784 3340 965 3414 quibus
976 3341 1075 3401 jam
1096 3344 1179 3392 lux
1200 3348 1354 3414 patuit
1376 3336 1837 3414 veriqueiboniq‘ue,

642 3397 848 3471 Yentu'ri
868 3397 1109 3471 aeternum
1128 3397 1266 3471 secti,
1292 3416 1342 3456 et
1366 3421 1450 3471 pra
1467 3397 1626 3459 sentis
1646 3397 1812 3463 initia

634 3461 702 3509 At
724 3462 839 3512 mihi
866 3475 964 3513 non
988 3465 1163 3516 eadem
1187 3461 1538 3533 (nmicfgloria
1561 3472 1602 3522 ί.

582 3602 637 3658 2.
678 3602 846 3660 Paulo
875 3615 1009 3676 post.
1026 3624 1369 3679 progressum
1402 3614 1471 3669 ad
1496 3616 1659 3671 vitam
1684 3620 2012 3676 severiorem
2040 3630 2097 3680 et

512 3692 854 3764 Hispanicum
877 3712 1147 3755 secessum
1177 3711 1424 3771 poemata
1451 3707 1696 3774 quaedam
1729 3713 2097 3780 composuisse

515 3780 616 3855 ιε
636 3785 867 3853 videtur,
885 3804 1003 3858 qua:
1032 3806 1136 3845 non
1165 3806 1286 3846 eam
1306 3795 1651 3852 sanctitatem
1678 3800 1907 3869 spirant,
1933 3817 2093 3872 quam

508 3874 563 3929 in
588 3876 801 3946 scriptis
820 3887 1008 3947 postea
1036 3883 1359 3940 carminibus
1382 3894 1439 3942 et
1466 3890 1708 3958 epistolis
1731 3894 1967 3963 reperire
1988 3907 2088 3954 est.

505 3962 631 4029 Hinc
659 3966 801 4023 inter
842 3970 1168 4028 collocamus
1192 3978 1513 4032 matutinam
1537 3980 1604 4035 ad
1631 3962 1797 4037 Deum
1823 3989 2090 4054 precatio-

504 4072 648 4125 nem,
698 4060 752 4113 in
779 4077 884 4131 qua
923 4063 1185 4122 honestos
1227 4084 1408 4126 mores
1447 4074 1705 4130 secularis
1750 4077 1851 4132 viri
1898 4094 1930 4134 a
1977 4080 2088 4137 Deo

502 4149 659 4207 enixe
685 4152 943 4222 postulat,
975 4169 1043 4210 ex
1077 4159 1270 4227 quibus
1312 4170 1489 4220 tamen
1523 4163 1538 4215 i
1580 4172 1835 4223 aeternam
1859 4184 2087 4241 eamque

500 4240 713 4297 beatam
744 4243 843 4297 sibi
872 4246 1104 4314 spondet
1122 4249 1285 4304 vitam
1321 4268 1335 4304 :
1367 4253 1421 4305 in
1460 4270 1523 4307 ea
1549 4258 1793 4311 oratione
1823 4258 1849 4295 κ
1875 4240 2082 4316 felicem

499 4328 600 4385 tibi
630 4340 686 4384 et
713 4332 823 4386 suis
850 4333 1175 4404 deprecatur
1217 4342 1590 4408 posteritatem
1608 4386 1623 4409 ,
1655 4346 1796 4400 unde
1834 4354 1963 4403 tunc
1982 4350 2083 4404 sibi

498 4427 658 4479 natos
673 4419 783 4488 jam
805 4437 926 4477 esse
956 4422 1111 4497 ﬁlios,
1139 4434 1234 4480 aut
1256 4428 1447 4485 saltem
1469 4447 1566 4487 eos
1586 4433 1917 4491 desiderasse
1944 4453 2080 4492 con-

2246 535 2359 576 rem
2387 525 2661 593 religionis
2688 531 2891 586 cultum
2920 534 3218 603 addixisse,
3260 546 3314 593 et
3356 541 3643 598 arctiorem
3672 545 3835 600 insti-

2244 612 2410 667 tuisse
2430 615 2595 671 vitam
2642 619 2863 675 innuere
2895 623 3137 692 videtur;
3173 642 3293 682 cum
3321 641 3388 684 a'.)
3413 630 3669 688 historica
3702 636 3837 690 sim-

2242 704 2482 773 plicitate
2503 710 2775 777 paululum
2806 713 3099 783 digressus,
3126 718 3191 771 ad
3227 721 3550 777 narrationis
3578 724 3835 780 ondinena

2242 798 2548 866 revertitur,
2580 809 2635 855 et
2658 802 2805 857 addit
2834 822 2847 857 :

2338 908 2540 983 χερεῖ-ο
2560 914 2673 971 erit,
2700 921 2753 962 ut
2778 917 2950 983 possim
2969 915 3152 983 firmato
3177 920 3352 969 robore
3374 924 3621 983 quondam

2334 967 2436 1046 Hoc
2457 967 2997 1046 quoque’per'spatium
3030 979 3183 1046 fortes
3205 967 3701 1046 agitare'quadrigas.

2333 1029 2704 1097 lfuinc'cmptum
2727 1029 3011 1097 repetamus
3030 1041 3122 1089 iter
3143 1057 3154 1090 :
3176 1029 3395 1091 mortalia
3412 1029 3543 1095 dicat.

2336 1091 2514 1154 Pagina
2539 1097 2755 1147 mortalis
2780 1091 2797 1148 Ξ
2817 1098 3073 1150 Dominum
3094 1101 3254 1152 diiina
3276 1091 3552 1166 loquantur.

2308 1214 2657 1287 Paraphrasis
2685 1231 2713 1271 r
2738 1222 2897 1291 primi
2927 1224 3118 1293 psalmi
3146 1241 3213 1280 ex
3253 1227 3466 1298 hymnis
3490 1229 3691 1299 opinor
3713 1241 3829 1297 est,

2238 1319 2373 1372 quos
2414 1308 2653 1364 condidit
2679 1311 2974 1368 etiamnum
3020 1316 3447 1386 theologicorum
3494 1335 3827 1379 arcanorum

2236 1394 2407 1451 rudis.
2449 1398 2634 1469 Itaque
2662 1418 2767 1458 non
2816 1405 3009 1461 mirum
3035 1407 3082 1462 si
3110 1409 3353 1464 videatur
3392 1411 3500 1467 illic
3526 1413 3818 1481 signiﬁcari

2235 1498 2391 1539 error
2410 1502 2594 1543 eorum
2616 1492 2730 1560 qui,
2752 1508 2918 1562 prave
2938 1495 3295 1566 intelligentes
3322 1500 3498 1555 locum
3528 1502 3775 1573 Apostoli
3798 1505 3819 1562 Ι

2235 1572 2358 1629 Cor.
2392 1590 2468 1645 ιη,
2497 1579 2757 1647 putabant
2803 1580 3138 1641 Christianos
3165 1602 3372 1655 omnes,
3422 1572 3672 1660 quamvis
3698 1575 3817 1650 ma.-

2234 1664 2349 1731 los,
2406 1668 2565 1724 modo
2620 1671 2939 1728 incolumem
2978 1687 3285 1734 servassent
3338 1680 3532 1749 fidem,
3581 1685 3815 1743 salutem

2157 1787 2204 1846 Β
2233 1757 2515 1824 quamdam
2538 1772 2942 1832 consecuturos,
2971 1782 3072 1823 nec
3091 1768 3464 1827 damnatorum
3494 1774 3670 1844 pretiis
3694 1793 3815 1833 cru-

2228 1847 2468 1904 ciandos.

2298 1940 2349 1994 5.
2391 1942 2525 1997 Cum
2555 1943 2807 2002 Paulinus
2828 1959 2855 1998 (ι
2878 1949 3112 2004 nondum
3135 1955 3454 2022 evangelicae
3480 1961 3813 2027 paupertatis

2225 2032 2364 2086 viain
2395 2033 2576 2090 inierit
2601 2045 2889 2107 antequam
2930 2041 2981 2094 iu
3013 2041 3321 2112 Hispaniam
3371 2047 3688 2116 secederet,
3717 2066 3810 2120 per

2224 2122 2277 2177 id
2306 2125 2562 2193 temporis
2591 2134 2773 2182 natum
2817 2128 3043 2187 Paulino
3089 2131 3253 2188 filium
3285 2134 3440 2191 facile
3466 2139 3809 2205 crediderim,

2221 2226 2382 2281 quem
2430 2223 2451 2251 ι’
2482 2212 2752 2286 Compluti
2798 2221 3013 2289 sepeliri
3050 2221 3211 2291 jussit
3252 2224 3403 2292 juxta
3449 2242 3679 2298 corpora
3710 2230 3807 2287 SS.

2222 2309 2534 2374 martyrum,
2585 2306 2637 2360 id
2661 2315 2773 2375 est,
2803 2317 2861 2363 ut
2889 2311 3102 2379 opinor,
3150 2311 3247 2368 SS.
3276 2315 3558 2370 infantium
3586 2317 3727 2374 Iusti
3756 2331 3806 2377 et

2221 2390 2460 2450 Pastoris
2513 2406 2825 2469 martyrum,
2854 2417 3088 2471 quorum
3131 2407 3391 2461 memoria
3445 2410 3678 2466 celebris
3727 2422 3806 2470 est

2217 2484 2507 2557 Compluti,
2540 2492 2687 2559 quod
2712 2492 2904 2550 Samso
2944 2499 3284 2568 geugraphus
3313 2499 3595 2557 Madritum
3624 2515 3803 2561 vocat.

2218 2576 2493 2649 Baptismo
2520 2582 2696 2639 fuerat
2716 2587 2901 2656 procul
2931 2589 3093 2645 dubio
3118 2591 3360 2649 initiatus
3387 2595 3475 2649 ille
3496 2612 3649 2665 puer,
3684 2616 3803 2655 cum

2216 2685 2339 2725 eum
2367 2670 2645 2730 Paulinus
2683 2686 2703 2713 ³
2733 2680 3083 2748 posteritatem
3123 2685 3264 2752 piam
3309 2693 3481 2746 vocet,
3533 2702 3802 2759 quemque

2214 2761 2436 2817 alterius
2463 2764 2717 2834 baptizati
2746 2769 2897 2837 pueri
2944 2768 3086 2825 Celsi
3117 2773 3169 2826 in
3198 2774 3367 2843 gloria
3414 2775 3543 2831 facit
3585 2788 3801 2836 αξιοι-[ιω

2211 2851 2334 2906 vitae
2362 2855 2695 2925 participem.
2729 2856 2881 2914 Hanc
2927 2862 3198 2929 sanguinis
3252 2865 3336 2919 sui
3384 2865 3650 2933 guttulam
3701 2870 3799 2926 sibi

2211 2940 2313 3011 ipsi
2342 2947 2616 3011 peccatori
2647 2946 2947 3003 adfuturam
2970 2961 3170 3021 sperat,
3199 2961 3257 3007 ut
3288 2958 3527 3024 peccatis
3549 2959 3649 3013 sibi
3669 2976 3799 3016 con-

2211 3030 2423 3088 donatis
2464 3034 2755 3104 aliquando
2783 3038 2941 3093 detur
2991 3041 3180 3096 eadem
3213 3045 3414 3113 perfrui
3443 3049 3645 3117 requie.
3692 3049 3796 3106 Tu-

2130 3138 2178 3203 C
2210 3123 2413 3209 mulum
2442 3124 2583 3182 illius
2604 3126 2759 3196 juxta
2781 3128 2879 3184 SS.
2906 3137 3201 3203 martyrum
3227 3150 3452 3206 corpora
3475 3154 3796 3210 composue«

2206 3206 2312 3278 rat,
2335 3222 2414 3278 ut,
2455 3217 2471 3252 ί
2499 3216 2693 3286 inquit,
2722 3219 2789 3275 de
2812 3221 2991 3277 vicino
3017 3234 3325 3280 sanctorum
3347 3230 3610 3298 sanguine
3631 3241 3687 3289 et
3714 3249 3793 3288 orn

2205 3302 2332 3358 dine
2378 3321 2575 3364 novam
2620 3308 2843 3365 duceret
2870 3312 3142 3368 virtutem.
3177 3313 3257 3370 Eo
3302 3316 3609 3390 demortuo,
3650 3323 3791 3379 nulla

2204 3391 2430 3451 Paulino
2473 3397 2688 3455 soboles
2732 3404 3025 3469 remansit;
3068 3420 3168 3461 nec
3206 3406 3369 3461 alium
3410 3408 3665 3467 habuisse
3693 3429 3791 3469 un-

2199 3499 2362 3555 quam
2392 3487 2559 3544 tilium
2585 3503 2828 3547 asserere
2872 3493 3147 3561 audemus,
3181 3513 3303 3552 cum
3327 3499 3442 3569 ipse
3470 3501 3615 3558 hunc
3647 3520 3792 3561 mor«

2199 3583 2351 3631 tuum
2377 3586 2405 3615 ιι
2430 3588 2729 3658 exoptatam
2774 3583 2861 3637 diu
2890 3583 3113 3639 sobolem
3153 3587 3313 3642 dicat.
3347 3588 3425 3644 Ex
3461 3600 3736 3660 postrema
3759 3606 3787 3636 '

2197 3674 2459 3728 matutina
2497 3676 2811 3744 precatione
2840 3675 3045 3732 Paulini
3086 3679 3295 3735 videtur
3341 3682 3504 3736 lilium
3533 3684 3787 3744 habuisse

2197 3770 2326 3819 tunc
2366 3765 2545 3820 vivum
2585 3782 2708 3821 cum
2755 3782 2872 3823 eam
2902 3772 3222 3840 composuit.
3279 3758 3411 3828 Illud
3454 3783 3637 3830 autem
3683 3793 3785 3848 pro

2194 3858 2344 3907 certo
2370 3853 2699 3923 habendum,
2723 3871 2845 3911 eum
2870 3850 2895 3893 ί
2919 3856 3038 3913 filiis
3066 3857 3227 3916 fuisse
3254 3863 3501 3918 orbatum
3523 3880 3646 3920 cum
3674 3866 3785 3923 No-

2193 3941 2299 3996 lam
2344 3945 2601 4011 recessit;
2632 3954 2688 4000 et
2734 3947 2846 4002 haec
2898 3946 3124 4003 filiorum
3156 3949 3454 4008 fecunditas
3500 3957 3551 4010 ei
3588 3957 3777 4023 defuit,

2194 4048 2252 4088 ut
2280 4034 2345 4090 de
2367 4036 2653 4092 sterilitate
2679 4041 2985 4107 corporum,
3015 4039 3312 4097 fecunditas
3339 4055 3630 4114 augeretur
3656 4048 3774 4102 ani-

2189 4142 2423 4196 morum,
2471 4136 2527 4184 et
2578 4130 2856 4187 meliorem
2885 4140 3033 4187 recte
3081 4132 3341 4190 factorum
3377 4141 3691 4207 progeniem
3720 4151 3777 4198 et

2184 4219 2407 4276 minime
2450 4220 2705 4276 caducam
2741 4223 3057 4278 meritorum
3086 4227 3458 4294 posteritatem
3487 4230 3769 4287 desidera-

2185 4318 2291 4364 ret.
2320 4309 2431 4365 Sibi
2462 4319 2641 4365 autem
2672 4327 2702 4366 a
2731 4312 2844 4367 Deo
2883 4323 2912 4363 γ
2958 4324 3201 4384 ereptum
3232 4317 3396 4372 filium
3445 4319 3601 4387 dicit,
3645 4325 3773 4392 quia

2184 4405 2370 4451 sancta
2397 4399 2714 4467 posteritate
2740 4401 2975 4468 gaudere
2998 4404 3245 4473 indignus
3264 4417 3425 4463 esset.

495 4486 778 4578 iicies.'Ea
811 4509 829 4547 ι
858 4526 978 4580 quae
1021 4486 1281 4583 séduimr’
1329 4518 1457 4573 item
1505 4486 2078 4583 mamliuégé'bgu'l'n
2110 4505 2158 4565 ι)
2253 4487 2305 4542 4.
2347 4488 2573 4583 Quidam
2647 4493 2955 4583 existimant
3000 4497 3051 4550 in
3085 4486 3370 4568 Hispanico
3410 4516 3658 4574 secessu,
3680 4506 3771 4562 ubi

496 4599 759 4669 precatio,
790 4601 931 4657 circa
959 4602 1098 4658 idem
1123 4612 1334 4676 tempus
1379 4612 1689 4681 conscripta
1736 4614 1971 4683 videtur;
2004 4618 2077 4673 ibi

496 4694 680 4747 tamen
701 4690 874 4760 pietas
924 4692 1115 4761 major,
1147 4696 1463 4766 profundior
1490 4701 1791 4773 humilitas,
1823 4715 1876 4761 et
1903 4716 2078 4765 metus

493 4777 813 4848 iudiciorum
858 4784 953 4841 Dei
983 4787 1215 4845 elucent.
1248 4790 1399 4848 Tunc
1442 4793 1580 4851 ﬁlios
1619 4796 1721 4851 sibi
1762 4808 2076 4868 procreatos

493 4870 548 4929 in
575 4888 640 4930 ea
661 4875 899 4935 indicare
926 4880 1138 4937 videtur
1169 4900 1183 4936 :

1106 5018 1206 5067 Sim
1232 5033 1375 5069 carus
1396 5022 1577 5080 amicis,

610 5070 674 5123 Et
692 5086 890 5137 semper
906 5079 1100 5139 genitor
1123 5083 1232 5130 sine
1258 5084 1461 5135 vulnere
1487 5070 1690 5135 nominis
1710 5086 1850 5149 hujus
1867 5089 1923 5136 π’.

559 5197 616 5253 ln
645 5207 673 5236 ιι
701 5201 937 5257 carmine
965 5202 1031 5258 de
1054 5202 1109 5259 S.
1133 5204 1377 5264 Johanne
1405 5208 1664 5280 Baptista,
1691 5214 1835 5282 quod
1871 5223 1955 5271 est
1983 5232 2073 5287 pa-

559 5408 585 5436 ·
607 5398 704 5469 Ep.
730 5400 784 5467 Ξ,
808 5418 874 5488 rit;
889 5402 939 5456 4.
1000 5403 1139 5488 gap.
1159 5406 1210 5488 9,
1237 5406 1418 5488 ηλςὶηρι
1445 5409 1547 5488 5...
1575 5411 1933 5488 f_Chilllet_._p.
1956 5414 2077 5488 ιη,
2101 5486 2109 5488 _
2133 5414 2163 5488 f'
2180 5416 2292 5488 Cap

1158 5484 1213 5530 et
1241 5476 1383 5551 ⁸βιδ.
1425 5480 1668 5551 manu,
1702 5500 1751 5537 ν.
1788 5476 1911 5538 tot.
1988 5482 2193 5551 Μυῖα..
2235 5476 2288 5542 v'.
2329 5476 2449 5543 ηε.

486 5468 582 5522 lin.
611 5468 775 5525 carm.
811 5470 895 5536 10,
927 5490 979 5528 v.
1012 5473 1076 5528 18

488 5536 511 5575 ιι
534 5536 699 5613 _l_b_i(_l.,
726 5557 776 5593 ν.
816 5541 909 5613 ῃ,
984 5543 999 5584 ι
1033 5543 1211 5600 Carm.
1237 5544 1289 5600 5.
1369 5548 1577 5613 παθη,
1618 5536 1668 5603 νζ
1711 5552 1796 5607 66.
1836 5536 1841 5538 ⁷
1876 5536 2188 5611 ³³03νῆῖῖ

1011 5613 1303 5693 ξιδίαᾉγ.
1340 5617 1462 5693 602:
1546 5619 1922 5693 incussos.
2001 5633 2028 5660 ιι
2075 5626 2235 5693 imit,
2276 5613 2482 5683 v.60t'.

1376 5699 1397 5726 κ
1428 5688 1618 5745 Sacch.
1664 5691 1766 5747 Vit.
1805 5691 2007 5751 Pauliu.
2038 5709 2090 5766 ι).
2124 5688 2251 5753 608.

480 5598 510 5646 ’τ
532 5598 695 5671 ἰωὰ,
718 5626 765 5662 v.
811 5610 931 5666 605.

480 5685 510 5728 1
537 5675 744 5735 Paulin.
779 5695 942 5739 carm.
978 5684 1061 5747 32,
1095 5702 1144 5741 v.
1171 5675 1294 5742 601.

2179 4580 2365 4649 procul
2392 4581 2460 4635 ab
2502 4582 2689 4637 amicis
2716 4592 2770 4659 et
2812 4586 2955 4641 notis
3001 4598 3368 4646 commoratus
3414 4601 3497 4647 est
3527 4592 3546 4663 (
3575 4611 3687 4650 non
3718 4596 3772 4651 in

2178 4670 2403 4737 Nolano,
2437 4672 2527 4727 ubi
2555 4672 2789 4731 Nolanos
2811 4677 3003 4745 quibus
3030 4688 3145 4733 erat
3169 4682 3416 4750 cognitus
3445 4683 3617 4739 latere
3660 4702 3770 4740 non

2177 4760 2414 4832 potuit),
2447 4769 2559 4816 tum
2587 4764 2830 4820 evenisse
2864 4767 2963 4838 13
3004 4769 3147 4837 quod
3174 4780 3356 4826 narrat
3387 4781 3443 4809 ⁸³
3473 4771 3772 4842 Gregorius

2175 4849 2505 4910 Turonensis
2531 4854 2585 4909 in
2608 4855 2721 4911 hare
2748 4858 2909 4912 verba
2941 4876 2953 4911 :
2990 4858 3229 4915 Perrexit
3255 4880 3376 4934 ergo
3404 4880 3517 4917 cum
3548 4867 3772 4937 conjuge

2179 4946 2325 5015 quasi
2353 4950 2772 5019 peregrinaturus
2804 4950 2857 5003 in
2892 4951 3049 5005 aliam
3080 4955 3368 5023 regionem,
3410 4956 3542 5009 nihil
3571 4956 3771 5011 habens

2179 5048 2367 5104 praeter
2386 5046 2573 5092 statum
2596 5042 2878 5111 proprium.
2911 5041 3036 5097 Post
3061 5045 3275 5100 multum
3291 5049 3533 5117 temporis
3561 5064 3676 5102 cum
3701 5049 3767 5101 ab

2178 5124 2365 5180 incolis
2387 5143 2495 5181 sua:
2510 5130 2736 5201 regionis
2763 5134 3119 5204 requireretnr,
3138 5151 3232 5188 nec
3259 5146 3431 5206 posset
3451 5141 3655 5207 penitus
3684 5156 3769 5193 re-

2178 5219 2358 5287 periri,
2400 5223 2690 5292 negotiator
2717 5222 2779 5276 de
2806 5225 3013 5278 civitate
3034 5225 3126 5278 illa
3151 5226 3220 5278 ad
3245 5226 3380 5280 hanc
3406 5226 3581 5281 urbem
3612 5229 3767 5283 adve-

2298 5458 2312 5474 .
2334 5417 2555 5496 _5_,‘n.,2_.
2587 5492 2604 5496 _
2626 5431 2649 5496 ἲ
2673 5422 2920 5496 Sacchin.
2942 5423 3046 5479 Vit.
3066 5424 3275 5496 Paulin.
3309 5426 3500 5496 p.667.
3568 5427 3586 5467 τ
3622 5428 3763 5485 Pau-

2535 5490 2787 5565 il_d___est,
2833 5494 3108 5565 placuisse.
3188 5497 3200 5547 i
3241 5490 3424 5550 Carm.
3458 5496 3522 5561 ιι,
3570 5515 3621 5551 v.
3673 5500 3761 5555 18.

2267 5566 2292 5590 θ
2321 5558 2476 5625 Ibid.,
2510 5577 2559 5614 v.
2590 5559 2709 5615 175.
2772 5558 2813 5613 Ῥ
2833 5558 3021 5619 Carm.
3045 5567 3094 5619 7.
3172 5577 3198 5616 ιι
3228 5566 3406 5621 Carm.
3437 5558 3533 5633 52‘,
3559 5584 3609 5621 v.
3635 5568 3765 5624 599.

2276 5644 2329 5682 ν.
2361 5627 2482 5683 60L
2561 5640 2585 5667 ν
2620 5630 2798 5685 Carm.
2846 5632 2899 5695 5,
2935 5652 2985 5688 v.
3020 5634 3109 5689 67.
3189 5646 3214 5672 ι
3245 5630 3491 5691 Ambros.
3538 5652 3625 5697 en.
3670 5638 3758 5697 50.

2361 5630 2482 5683 60L
2561 5640 2585 5667 ν
2620 5630 2798 5685 Carm.
2846 5632 2899 5695 5,
2935 5652 2985 5688 v.
3020 5634 3109 5689 67.
3189 5646 3214 5672 ι
3245 5630 3491 5691 Ambros.
3520 5630 3625 5709 ep.

2331 5708 2387 5736 ἰιι
2416 5698 2576 5771 Grcg.
2610 5699 2736 5757 Tur.
2769 5703 2835 5761 de
2860 5704 2930 5773 gl.
2962 5704 3232 5772 Confess.,
3264 5721 3310 5762 c.
3342 5704 3460 5763 l07.
