4056 6358
1538 295 1542 299 ’
1587 314 2096 372 PROLEGOMENA

219 431 316 495 nit,
347 429 401 483 in
427 445 534 501 qua
559 429 635 483 vir
661 426 835 482 beatus
864 426 1054 481 ctelesti
1090 398 1315 482 Domino
1344 426 1627 493 serviebat;
1654 444 1797 481 cum-
1826 432 1871 488 Α
1899 440 2024 494 gere
2046 436 2083 462 ιιι
2110 424 2353 494 abjectus
2372 434 2427 480 et
2453 426 2666 481 ultimus
2694 425 2748 480 in
2775 424 2936 481 domo
2963 403 3209 493 D3mini;
3238 426 3491 482 ardenter

216 534 311 590 que
326 518 534 572 vidisset
560 533 672 571 eum
688 516 860 570 statim
881 515 1160 585 projiciens
1175 532 1229 570 se
1248 517 1377 582 solo,
1400 525 1449 571 et
1470 517 1621 587 pedes
1633 518 1798 572 sancti

215 606 527 676 amplectens
541 606 614 658 ait
642 621 659 658 :
690 603 786 658 llic
810 620 904 658 ssr
919 620 1118 659 anuus
1145 602 1408 660 PAULINUS
1430 621 1571 660 τοτο
1596 621 1797 663 ινιτιαλ-ι

217 714 316 753 τυε
343 713 502 765 onus,
532 697 619 767 qui
642 695 854 750 multum
878 713 911 748 a
940 696 1046 750 suis
1074 696 1265 750 civibus
1288 697 1551 767 qutesitus,
1583 713 1797 767 prorsus

214 807 318 843 non
345 789 509 860 potuit
529 788 776 851 inveniri;
799 796 847 840 et
868 794 1113 841 narrante
1128 805 1187 842 eo
1209 804 1383 842 omnes
1407 789 1636 843 actiones
1663 787 1796 858 ejus,

214 879 582 950 obstupuerunt
609 878 718 932 htec
741 878 1024 931 audientes.

808 965 1037 1022 CAPUT
1078 965 1183 1022 VII.

217 1055 473 1111 Paulinus
495 1064 661 1111 totum
686 1074 741 1111 se
759 1054 869 1110 Deo
892 1057 1030 1109 dicat
1051 1066 1099 1109 et
1138 1065 1426 1125 consecrat,
1455 1073 1518 1109 ac
1543 1058 1797 1111 monasti-

676 1142 788 1180 cam
810 1128 966 1181 vitam
993 1126 1336 1197 amplectitur.

284 1238 336 1291 l.
377 1235 495 1292 lam
526 1249 552 1277 ι
581 1238 827 1308 superius
861 1236 1141 1293 Paulinum
1185 1239 1238 1294 in
1276 1239 1581 1310 Hispaniam
1618 1254 1797 1296 seces-

210 1329 347 1384 sisse
374 1330 797 1395 observavimus,
826 1337 885 1384 ut
912 1331 1168 1401 paulatim
1189 1331 1451 1387 subducto
1478 1347 1508 1386 a
1536 1333 1797 1388 seculari-

210 1420 312 1475 bus
337 1419 508 1475 turbis
527 1420 727 1485 animo,
751 1421 1138 1490 praeceptisque
1165 1420 1472 1476 cmlestibus
1490 1435 1798 1476 accommo-

210 1510 373 1578 dato,
417 1511 707 1580 proclivius
753 1509 1066 1582 faciliusque
1116 1511 1183 1567 ad
1230 1520 1560 1567 contemtum
1610 1512 1795 1568 mundi

208 1598 634 1669 comitatumque
661 1598 857 1654 Christi
880 1599 1222 1668 demigraret.
1248 1598 1448 1655 Fidelis
1477 1599 1617 1657 Deus
1644 1615 1796 1669 qua:-

212 1689 456 1743 rentibus
481 1704 562 1757 se,
586 1697 641 1744 et
659 1688 749 1758 qui
778 1690 857 1745 eis
896 1688 1037 1745 ultro
1067 1688 1240 1759 adest,
1260 1704 1382 1745 eam
1408 1704 1570 1760 quam
1592 1689 1794 1747 famulo

1903 528 1928 553 ιι
1958 517 2102 571 enim
2142 516 2365 585 optabat
2388 515 2518 585 jugo
2556 514 2754 571 Christi
2782 515 2920 571 colla
2945 515 3189 583 subdere,
3213 515 3278 570 ad
3309 522 3488 570 tumu-

1875 607 2009 664 .lum
2039 606 2096 661 S.
2127 605 2323 662 Felicis
2350 606 2463 661 Deo
2502 608 2740 673 servire,
2783 605 2927 662 fores
2969 605 3210 662 ecclesia:
3253 606 3485 677 aperire,

1899 714 2056 754 mane
2072 699 2265 753 limina
2293 698 2557 753 munditie
2592 713 2815 767 curare,
2844 706 3004 754 nocte
3031 712 3151 754 eam
3191 698 3359 754 sacris
3386 713 3487 752 ex-

1899 790 2069 845 cubiis
2097 795 2346 851 'servare,
2380 796 2435 842 et
2480 788 2532 842 in
2578 788 2683 842 isto
2711 802 2935 843 munere
2980 786 3143 842 vitam
3190 786 3483 842 claudere:

1898 880 2095 936 etenim
2135 878 2327 933 saltem
2351 879 2420 933 ab
2442 888 2467 915 ο
2488 878 2669 933 aeditui
2696 879 2914 933 nomine
2946 886 3009 933 et
3045 878 3223 934 olllcio
3263 878 3486 948 optabat

1897 986 2107 1050 sngram
2128 970 2363 1040 incipere
2390 968 2725 1024 servitutem.
2751 966 2950 1023 Statuit
2970 968 3229 1038 insuperr
3250 967 3486 1022 animam

1896 1064 2144 1119 castitate
2171 1072 2228 1118 et
2253 1062 2583 1117 continentia
2609 1059 2841 1127 ﬁrmare,
2866 1077 3027 1132 quam
3056 1062 3219 1116 etiam
3240 1060 3486 1118 carnales

1898 1153 2115 1208 athleta“:
2141 1153 2425 1221 diligenter
2449 1159 2669 1207 tuentur
2701 1169 2713 1207 :
2746 1166 2907 1221 quam
2946 1150 3272 1221 impensiore
3301 1149 3481 1206 studio

1897 1243 1998 1299 sibi
2024 1242 2342 1298 servandam
2391 1242 2719 1298 existimavit
2761 1256 2861 1311 pro
2909 1241 3001 1295 illa
3044 1239 3484 1295 immarcessibili

1896 1349 2098 1391 corona
2143 1333 2388 1400 luctanti,
2440 1348 2562 1389 cum
2589 1332 2751 1388 etiam
2790 1346 2891 1401 pro
2913 1329 3198 1401 temporali
3225 1336 3280 1384 et
3310 1327 3484 1398 fragili

1897 1441 2097 1482 corona
2119 1423 2535 1480 decernentibus
2555 1422 2854 1477 excolatur.
2875 1420 3061 1489 Itaque
3082 1418 3335 1475 Therasia
3355 1429 3384 1468 ιι
3413 1432 3483 1473 ex

1896 1516 2124 1585 conjuge
2153 1514 2294 1569 illius
2338 1514 2475 1569 facta
2502 1520 2584 1568 est
2625 1526 2798 1566 soror.
2827 1509 3080 1564 Paulinus
3105 1524 3236 1564 vero
3268 1518 3291 1545 ι
3315 1506 3485 1562 musis

1896 1613 1951 1660 et
1967 1604 2193 1674 poeticis
2212 1602 2406 1657 fabulis
2421 1601 2663 1655 nuntium
2686 1599 2906 1654 omnino
2926 1598 3165 1667 remisit;
3196 1611 3318 1652 cum
3339 1596 3483 1651 enim

1866 1711 1992 1769 ,cor
2027 1693 2244 1749 Christo
2271 1692 2525 1758 dicassct,
2556 1698 2611 1745 et
2631 1689 2724 1744 uni
2755 1689 2866 1744 Deo
2895 1696 3041 1742 totus
3068 1687 3271 1743 servire
3298 1685 3483 1753 vellet,

208 1793 309 1834 suo
338 1778 456 1849 ipse
484 1779 837 1848 inspiraverat
866 1779 1061 1834 bonam
1089 1780 1421 1835 voluntatem
1440 1780 1717 1835 benedixit
1741 1788 1797 1836 et
1826 1798 1871 1859 Β
1899 1797 2235 1853 nequaquam
2256 1781 2407 1836 vanis
2425 1787 2481 1835 et
2509 1777 2764 1833 fabulosis
2782 1791 2975 1831 vacare
2995 1774 3300 1856 litterissibi
3322 1773 3485 1829 licere

207 1869 512 1924 coronavit.
546 1868 826 1941 Postquam
846 1911 860 1936 ,
884 1868 914 1907 ι»
943 1870 1017 1924 ait
1045 1868 1315 1935 Paulinus,
1358 1871 1636 1925 inveteravi
1663 1872 1798 1925 inter

206 1962 448 2015 inimicos
477 1976 636 2023 meos,
667 1969 715 2015 et
752 1962 936 2015 evanui
965 1961 1018 2014 in
1048 1960 1439 2031 cogitationibus
1462 1943 1797 2030 nteis,.levaci

207 2051 388 2105 oculos
430 2067 569 2105 meos
594 2052 647 2104 in
696 2059 894 2105 montes
940 2051 1009 2105 ad
1052 2059 1312 2122 pra'cepta
1358 2052 1504 2123 legis,
1533 2061 1584 2106 et
1610 2053 1798 2123 gratite

204 2141 351 2194 dona
381 2141 685 2211 suscipiens,
714 2141 853 2194 unde
879 2141 1004 2195 mihi
1029 2142 1283 2195 auxilium
1312 2143 1449 2195 venit
1469 2158 1502 2194 a
1540 2142 1796 2207 Domino;

205 2232 297 2301 qui
344 2248 448 2285 non
474 2233 750 2287 secundum
796 2234 1094 2304 iniquitates
1140 2233 1451 2303 retribuens,
1490 2233 1799 2287 illuminavit

203 2340 423 2389 necum,
445 2323 591 2378 solvit
619 2325 981 2395 compeditum,
1007 2324 1291 2378 humiliavit
1314 2332 1538 2378 erectum
1567 2325 1721 2390 male,
1742 2332 1798 2377 ut

205 2416 429 2484 erigeret
457 2414 779 2468 humiliatum
807 2415 908 2482 pie.
934 2414 1109 2468 Vitam
1128 2425 1151 2450 θ
1178 2415 1411 2485 priorem
1449 2429 1610 2483 quam
1632 2415 1687 2468 in
1707 2429 1796 2469 se-

204 2506 335 2560 culo
363 2514 548 2574 egerat
576 2507 796 2561 omnino
822 2506 1066 2571 mutavit,
1098 2505 1152 2560 in
1174 2521 1281 2577 quo
1306 2513 1486 2559 tamen
1513 2517 1798 2574 perversos

203 2612 319 2651 non
343 2597 673 2652 habebatur:
697 2594 791 2653 διά
811 2598 919 2653 Ιιιεο
937 2612 1063 2652 vere
1083 2584 1546 2651 mutatio’dexterte
1566 2594 1799 2660 Excelsi,

203 2703 375 2757 quam
401 2688 548 2745 solus
570 2688 713 2744 Dens
740 2688 953 2759 operari
982 2696 1213 2760 poterat.
1243 2687 1483 2743 Extremi
1513 2694 1570 2742 et
1590 2686 1802 2743 terribi—

199 2777 272 2833 lis
288 2779 481 2849 judicii
506 2788 683 2837 metus
701 2796 798 2837 cor
816 2781 957 2836 illius
976 2789 1289 2851 pervaserat
1320 2799 1333 2833 :
1361 2779 1711 2849 quamobrem
1732 2776 1801 2832 ad

201 2867 509 2924 Ausonium
539 2870 780 2925 scribens
796 2870 893 2937 ait,
929 2869 1099 2924 Deum
1126 2885 1185 2924 se
1214 2870 1404 2924 timere
1421 2868 1677 2937 judicem,
1707 2884 1800 2924 su-

199 2971 419 3028 prema:
447 2958 590 3014 illius
617 2960 758 3013 tuba:
785 2959 915 3013 cieri
944 2967 1179 3025 terrore;
1204 2958 1258 3014 id
1285 2957 1570 3029 pr0videre
1599 2973 1668 3013 ne
1696 2958 1801 3014 im-

196 3055 465 3117 paratum
514 3062 660 3102 mors
713 3048 1001 3118 opprimat,
1051 3056 1105 3105 et
1148 3057 1209 3104 ut
1230 3048 1376 3104 hunc
1419 3048 1801 3120 recognitionis

199 3136 357 3192 diem
386 3150 577 3191 securo
602 3136 703 3190 sibi
728 3137 889 3192 liceat
916 3137 1098 3193 animo
1125 3144 1458 3207 exspectare.

300 3243 465 3308 Hujus
485 3246 509 3274 ο
529 3246 576 3294 in
591 3243 855 3295 adventum
877 3247 1082 3308 trepidis
1094 3247 1207 3297 mibi
1236 3247 1431 3298 creduli
1458 3246 1594 3297 libris

297 3304 457 3371 Corda
482 3312 715 3364 tremunt,
740 3304 992 3368 gestitque
1010 3309 1186 3367 sninm,
1213 3310 1257 3357 id
1278 3310 1374 3370 jam
1397 3318 1537 3358 cauta
1559 3309 1727 3371 futuri,

300 3366 662 3432 Emmetnens,
689 3366 757 3415 ne
777 3366 930 3432 vincta
960 3371 1105 3431 nigris
1124 3366 1211 3432 pro
1229 3366 1434 3432 corpore
1455 3371 1602 3431 curis,

297 3426 712 3489 Ponderibusque
729 3430 892 3487 gravis
913 3426 1097 3488 ret-tim,
1121 3426 1161 3478 si
1180 3426 1522 3480 forte'recluso
1554 3443 1558 3448 ·

298 3487 575 3554 l_ncrepitet
597 3487 712 3538 tuba
731 3498 862 3554 vasta
890 3490 1016 3554 polo,
1036 3487 1130 3539 nun
1158 3493 1306 3554 possit
1325 3492 1375 3540 in
1399 3504 1546 3554 auras

301 3548 461 3613 ﬁegis
474 3550 534 3599 ad
557 3561 809 3613 occursum
829 3549 1022 3599 levibus
1037 3564 1094 3599 se
1113 3548 1289 3602 tollere
1312 3556 1488 3613 pennis

300 3608 398 3671 Hic
419 3619 578 3659 metus
602 3617 698 3669 est,
723 3610 857 3661 labor
881 3613 994 3671 iste,
1019 3613 1125 3661 dies
1147 3628 1211 3662 ne
1234 3608 1529 3664 me'ultimus
1550 3616 1669 3664 au'is

299 3670 525 3732 Sopitum
551 3672 776 3721 tenebris
796 3672 949 3721 sterili
973 3670 1248 3735 deprendet
1272 3676 1319 3723 in
1335 3682 1442 3726 atto
1468 3677 1513 3723 8.

277 3773 391 3829 Sed
416 3782 470 3829 et
490 3751 619 3829 illud
646 3772 713 3829 de
740 3774 908 3843 gratia
933 3772 1128 3832 Christi
1151 3785 1323 3833 totum
1350 3778 1663 3833 immolante
1688 3779 1789 3835 bo-

206 3866 412 3921 minem
441 3862 694 3930 ostendit,
725 3878 884 3934 quam
911 3865 1084 3937 ipsum
1112 3868 1213 3924 sibi
1253 3866 1534 3925 Paulinum
1581 3870 1793 3941 penitus

212 3955 547 4012 vendicasset
578 3972 591 4008 :

395 4046 626 4112 llicergo
648 4048 829 4112 nostris
848 4056 1065 4112 utsuum
1093 4052 1371 4112 praecordiis

458 4108 737 4162 Vibraverit
761 4112 885 4160 creto
898 4110 1066 4171 jubar,

395 4169 649 4234 Alistergit
673 4183 858 4234 aegrum
879 4169 1097 4234 corporis
1115 4173 1236 4233 pigri
1261 4175 1422 4233 situm,

458 4229 784 4294 Habitumque
807 4229 985 4294 mentis
1002 4229 1202 4294 Innova't
1229 4246 1243 4280 :

392 4288 627 4365 Extant“
639 4288 792 4365 omne
802 4293 929 4365 quod
949 4292 1154 4365 jnvsbst
1170 4304 1318 4344 antea

457 4351 610 4402 Castae
633 4351 894 4414 voluptatis
916 4351 1023 4414 vice
1047 4367 1061 4401 :
1351 4406 1357 4411 ,

394 4411 651 4477 'l‘o_l_usque
670 4411 828 4464 nostra
848 4414 960 4477 jure
984 4413 1175 4463 Domini
1200 4431 1215 4460 ι
1230 4415 1421 4467 endicat

463 4472 521 4522 Et
542 4472 706 4547 corda,
733 4472 909 4547 etor'g,
930 4483 1225 4547 _etteupora
1255 4492 1273 4547 ;_
1344 4512 1348 4516 Α

397 4534 709 4601 Se_cogit_ari,
738 4534 964 4601 intelligi,
982 4534 1145 4601 credi,
1173 4536 1296 4601 legi.

455 4595 524 4645 Se
549 4595 649 4645 iult
683 4595 844 4648 timeri
870 4595 921 4648 ei
945 4595 1079 4659 diligi
1105 4595 1153 4647 li.

272 4701 329 4754 2.
370 4698 576 4753 Eodem
602 4698 618 4737 ί
647 4707 888 4771 tempore
916 4711 971 4755 et
1011 4711 1216 4756 vestem
1238 4703 1483 4773 mutavit,
1512 4713 1567 4761 ct
1587 4721 1784 4761 novum

208 4789 379 4846 induit
403 4791 663 4845 animum.
693 4790 909 4859 Domni,
928 4778 956 4843 tl
996 4793 1200 4863 patriae,
1229 4795 1535 4863 cognationi
1572 4812 1787 4869 quoque

209 4882 506 4937 valedicere
534 4888 844 4937 constanter
863 4882 1049 4937 statuit
1068 4891 1122 4938 et
1142 4899 1173 4938 a
1194 4893 1379 4939 senatu
1408 4886 1655 4955 migrare,
1680 4901 1788 4957 quo

210 4972 504 5042 impensius
521 4970 635 5027 Deo
653 4972 901 5038 serviret,
920 4971 945 5010 ιι
966 4973 1134 5027 vitam
1153 4975 1505 5031 monasticam
1527 4975 1785 5046 proﬁteri,

209 5071 263 5118 et
290 5062 309 5100 ι
334 5056 600 5134 reliquum
627 5062 729 5135 ιά.
754 5064 874 5119 vita:
902 5064 1155 5134 spatium,
1186 5065 1448 5122 subducto
1476 5082 1506 5120 a
1530 5069 1788 5124 seculari-

210 5151 309 5210 bus
342 5153 517 5209 turbis
555 5154 734 5210 animo
778 5170 949 5227 pr0pc
978 5153 1166 5209 Nolam
1197 5155 1251 5210 in
1278 5157 1565 5214 solitudine
1594 5159 1789 5213 transi-

1816 3148 1868 3212 ο

1899 1875 2135 1947 putabat.
2169 1873 2247 1927 Ita
2277 1871 2421 1927 enim
2447 1869 2514 1926 ad
2543 1868 2839 1924 Ausonium
2867 1864 3089 1921 scribit:

2083 1987 2206 2049 Quid
2229 1986 2474 2037 abdicans
2499 1984 2547 2032 in
2565 1993 2728 2049 meam
2742 1990 2929 2049 curam,
2948 1977 3121 2036 Pater,

2147 2048 2327 2097 lledire
2353 2058 2513 2095 musas
2535 2042 2794 2106 praecipis?

2082 2111 2276 2171 Negant
2293 2097 2560 2171 (Immanis,
2582 2097 2871 2164 nee'patent‘
2893 2097 3108 2162 Apollini

2144 2169 2312 2221 Dicata
2336 2169 2525 2218 Christo
2549 2173 2851 2228 pectora.....

2083 2234 2271 2284 Vacare
2294 2231 2431 2279 vanis
2452 2225 2653 2277 otio—aut
2676 2225 2898 2286 negotio,

2149 2295 2209 2344 Et
2230 2293 2295 2341 fat
2311 2292 2459 2355 nlosis
2481 2288 2675 2355 litteris,
2926 2342 2941 2355 _
3015 2344 3027 2355 ο

2086 2342 2227 2406 Vetat
2245 2352 2417 2414 (Deus)
2442 2351 2543 2399 suis
2576 2356 2629 2399 ut
2651 2342 2907 2414 pareamus
2926 2342 3141 2406 legibus,

2144 2407 2428 2476 Lucemque
2449 2407 2709 2461 cernamus
2724 2419 2859 2455 suam
2878 2407 2922 2453 ³.

1967 2522 2037 2577 Ει
2054 2521 2269 2592 quidem
2297 2525 2422 2589 post
2440 2515 2714 2573 abdicatas
2741 2525 2921 2567 musas
2943 2508 3177 2565 carmina
3205 2521 3324 2576 qua:
3351 2506 3483 2564 scri~

1899 2614 2027 2686 psit,
2057 2614 2074 2649 ί
2109 2618 2164 2666 et
2191 2610 2308 2665 sine
2331 2606 2529 2672 'sludio,
2560 2612 2617 2659 et
2642 2619 2710 2658 ex
2732 2599 3038 2670 evangelica
3067 2597 3410 2667 simplicitate
3432 2603 3485 2651 et

1897 2705 2100 2775 pietate
2146 2696 2411 2764 'condidit;
2442 2703 2722 2767 poetarum
2751 2690 2888 2744 adeo
2936 2688 3135 2743 oblitus
3154 2729 3169 2753 ,
3200 2694 3259 2740 ut
3298 2700 3367 2739 ne
3393 2699 3485 2741 eos

1900 2791 2117 2863 quidem
2154 2788 2434 2843 nominare
2463 2783 2703 2847 auderet,
2733 2787 2790 2835 et
2809 2786 2838 2815 π
2860 2777 3080 2841 veniam
3103 2792 3133 2832 a
3162 2775 3365 2831 Severo
3384 2790 3484 2845 po-

1901 2877 2203 2943 stulaverit,
2225 2874 2373 2945 quod
2394 2872 2593 2944 aliquid
2623 2870 2692 2926 de
2721 2876 2881 2941 poeta
2908 2866 3131 2935 Virgilio
3159 2871 3486 2922 assumserat

1900 2988 1931 3028 a
1959 2970 2135 3029 studio
2160 2966 2410 3024 monachi
2439 2964 2693 3019 alienum.

2299 3049 2302 3054 ·
2497 3050 2728 3120 CAPUT
2765 3042 2899 3107 vtu.

2007 3150 2219 3207 Prtedia
2250 3145 2437 3214 vendit,
2461 3155 2510 3199 et
2541 3143 2811 3216 pecuniam
2838 3139 3148 3213 pauperibus
3177 3144 3378 3208 erogat.

1970 3241 2022 3295 l.
2066 3239 2217 3295 Nihil
2239 3246 2317 3293 est
2350 3234 2583 3309 grande;
2612 3243 2639 3271 τ
2670 3232 2844 3302 inquit
2871 3230 3250 3301 Hieronymus,
3281 3226 3415 3280 tristi
3436 3233 3486 3280 et

1893 3334 2063 3390 lurida
2085 3331 2219 3405 [acie
2247 3329 2324 3384 vel
2343 3326 2589 3383 simulare
2610 3323 2688 3380 vel
2716 3329 2978 3378 ostentare
2989 3318 3238 3391 jejunio;
3275 3330 3485 3387 posses-

1892 3428 2094 3481 sionum
2120 3422 2365 3478 reditibus
2394 3417 2679 3482 abundare,
2726 3424 2776 3469 et
2821 3412 2918 3468 cile
2939 3412 3146 3483 jactare
3192 3408 3483 3479 palliolum.

1893 3515 2073 3570 Crates
2095 3514 2182 3567 ille
2205 3512 2478 3566 Thebanus
2496 3525 2597 3563 non
2620 3506 2819 3579 putarit
2840 3521 2895 3558 se
2914 3503 3067 3557 simul
3086 3516 3237 3568 posse
3264 3508 3313 3552 et
3336 3499 3484 3552 virtu.

1895 3617 1967 3661 tes
2014 3615 2064 3661 et
2090 3605 2299 3672 diuitias
2329 3600 2591 3672 possidere
2612 3616 2630 3652 :
2661 3613 2756 3651 nos
2786 3593 3116 3664 suﬁ'arcinati
3154 3605 3283 3644 auro
3332 3587 3484 3644 Chri-

1890 3707 2025 3753 stum
2055 3670 2338 3767 pauperem
2354 3693 2639 3763 sequimur,
2658 3697 2708 3743 et
2735 3685 2827 3742 sub
2867 3693 3120 3758 praetextu
3149 3682 3483 3751 eleemosynat

1891 3787 2125 3860 pristinis
2145 3783 2325 3856 opibus
2370 3779 2697 3835 incubamus.
2724 3776 2784 3832 ιη
2812 3776 2917 3831 hoc
2942 3775 3133 3859 vitium
3162 3786 3271 3827 non
3302 3768 3483 3827 incidit

1892 3879 2173 3944 Paulinus;
2206 3875 2441 3930 tunicam
2465 3872 2608 3927 enim
2632 3883 2737 3925 una
2756 3882 2881 3923 cum
2906 3866 3085 3921 animo
3106 3862 3359 3918 mutavit:
3386 3870 3484 3916 nec

1891 3970 2053 4043 pleno
2082 3966 2358 4036 marsupio
2387 3963 2651 4031 gloriosas
2695 3957 2885 4013 sordes
2913 3954 3173 4027 appetiit,
3218 3951 3309 4007 sed
3336 3950 3483 4043 puris

1893 4042 2141 4117 inanibus
2193 4066 2249 4114 et
2303 4053 2532 4111 candido
2574 4058 2797 4122 pectore
2851 4059 3145 4120 pauperem
3174 4058 3234 4097 se
3285 4050 3341 4097 et
3384 4042 3484 4111 spi-

1892 4155 2000 4208 ritu
2047 4157 2102 4205 et
2160 4147 2414 4218 operibus
2459 4140 2680 4211 gloriari
2734 4145 2967 4208 poterat.
3000 4135 3119 4188 Non
3149 4131 3483 4199 exspectavit

1893 4244 2070 4299 donec
2110 4249 2136 4275 ι
2169 4231 2628 4292 turbulentissima
2657 4225 2997 4282 miseriarum
3041 4224 3332 4289 tempestas
3359 4231 3483 4274 eum

1891 4334 2131 4390 mitteret
2177 4330 2232 4385 in
2270 4331 2489 4397 portum
2516 4316 2867 4393 paupertatis,
2899 4322 2961 4370 ut
2986 4308 3305 4384 quibusdam
3332 4306 3482 4377 ejus-

1891 4429 2015 4483 dem
2043 4421 2275 4480 nominis
2302 4415 2536 4481 accidit;
2588 4411 2682 4468 sed
2720 4409 2913 4481 pelago
2958 4400 3332 4473 tranquilliore
3355 4413 3482 4469 per-

1815 4520 1865 4581 D
1892 4517 2110 4581 meavit,
2140 4513 2265 4586 quia
2288 4513 2340 4566 in
2364 4510 2479 4581 ipsa
2507 4503 2896 4574 tranquillitate
2915 4498 3214 4572 periculum
3237 4493 3479 4550 videbat.

1890 4610 2088 4666 Audita
2115 4617 2145 4658 γ
2175 4603 2443 4662 sententia
2469 4598 2766 4655 Salvatoris
2800 4614 2811 4649 :
2845 4595 2909 4651 Si
2945 4595 3019 4649 cis
3049 4591 3304 4663 perfectus
3344 4603 3480 4649 esse,

1888 4703 2035 4766 vade,
2052 4699 2211 4757 vende
2230 4696 2406 4753 omnia
2430 4709 2542 4766 qua:
2562 4690 2720 4745 habes
2737 4698 2786 4743 et
2814 4686 2883 4741 da
2899 4680 3229 4757 pauperibus,
3247 4686 3297 4733 et
3324 4676 3483 4731 habe.

1891 4795 1966 4851 bis
1988 4794 2280 4849 thesaurum
2305 4791 2358 4844 in
2387 4789 2550 4842 caelo:
2580 4794 2628 4840 et
2652 4783 2785 4845 veni,
2815 4789 2863 4835 et
2896 4794 3103 4850 sequere
3122 4792 3203 4830 me
3214 4792 3233 4841 ;
3258 4784 3280 4811 κ
3310 4772 3481 4827 Ενειηο

1892 4887 2062 4958 gelica
2088 4884 2253 4939 verba
2296 4880 2460 4936 vertit
2508 4878 2561 4933 in
2608 4888 2793 4945 opera.
2824 4871 2971 4936 llmc,
3020 4869 3259 4940 inquam,
3314 4864 3482 4958 verba

1893 4955 2105 5048 promta
2146 4971 2461 5040 ellicacique
2512 4966 2615 5021 llde
2652 4965 2705 5019 in
2732 4962 2943 5018 Paulini
2984 4966 3222 5014 mentem
3262 4955 3482 5026 penitus

1895 5065 2242 5129 descendere,
2262 5072 2317 5120 et
2345 5061 2524 5118 cordis
2544 5059 2660 5129 ejus
2680 5071 2838 5112 aures
2857 5052 3071 5109 assidue
3096 5056 3476 5121 personarum.

1894 5158 2049 5226 Quod
2076 5166 2133 5195 η
2155 5173 2222 5213 ex
2250 5169 2346 5210 ore
2374 5150 2584 5209 Domini
2613 5164 2735 5205 cum
2765 5145 2982 5200 tristitia
3008 5143 3158 5199 dives
3178 5139 3366 5204 audiit,
3390 5138 3479 5191 hic

281 5348 308 5375 ³
331 5338 467 5410 Cap.
499 5337 634 5410 in.
662 5338 711 5392 l.
775 5335 1046 5410 ‘bAPaulin.
1071 5350 1162 5410 _ep.
1194 5335 1332 5410 l,_n._
1353 5336 1407 5410 :2.
1486 5351 1507 5378 ο
1532 5337 1708 5410 Carm.
1737 5337 1795 5410 ll]

1892 5336 2054 5410 ._l52.
2127 5333 2282 5410 {_lilp.
2313 5332 2450 5410 9,__n.
2481 5331 2543 5398 2;
2574 5338 2630 5386 et
2667 5327 2807 5410 Psal.
2835 5320 3165 5410 ωειῖιτξτ-
3213 5315 3476 5410 {Scilicet

211 5404 431 5465 Christi:
511 5408 531 5448 ί
556 5407 734 5463 Carm.
766 5405 853 5472 10,
898 5421 953 5459 v.
988 5404 1124 5459 504.7
1188 5416 1214 5451 κ
1262 5406 1423 5474 lbid.,
1454 5424 1507 5463 v.

208 5476 239 5517 ι
264 5478 501 5548 Ηίεειηιιζ
525 5494 620 5548 ep.
651 5477 738 5548 l3.
820 5475 839 5548 ι
871 5476 1056 5548 Ambr_.
1085 5490 1171 5548 ep.
1215 5475 1303 5529 '50.

1565 5409 1686 5463 5l6.
1763 5407 1793 5447 ιι
1820 5407 1988 5473 lbid.,
2031 5422 2085 5461 v.

1380 5471 1418 5515 ιιί
1444 5478 1664 5552 Pauli".
1684 5496 1770 5552 ep.
1804 5478 1896 5552 ηε
1926 5471 1990 5552 __°
2013 5477 2193 5552 Car'l‘:
2225 5473 2312 5537 θ’
2342 5489 2395 5526 V'
2427 5471 2514 5552 δὶέ

2142 5384 2281 5458 57—."
2312 5384 2335 5440 ἱ
2354 5384 2543 5457 'n'iér.’
2571 5384 2681 5471 ep,
2716 5398 2803 5471 ιδ,
2884 5395 2899 5447 ι
2940 5384 3327 5471 Atitbrosz‘ep‘.
3378 5384 3471 5471 ξς).

2594 5453 2743 5539 δερ,
2776 5468 2923 5539 1,-ῃῖ
2957 5464 3146 5539 19."?
3375 5453 3471 5539 23,

206 5523 620 5607 nili-valda?
644 5523 1420 5616 etionic'.""?'p.;.jinieam.
1444 5523 1770 5616 ῙόξξῗῖιὸῨ
1809 5523 2393 5611 Τι’δίάηῖἷῖἐῦίὲιὲἶ
2434 5523 3235 5616 3’Barqpfangatt-ltiﬁzf;j‘
3260 5523 3469 5616 1"?“le-

212 5594 417 5689 ἓῇξέε,
442 5594 615 5689 ὲιῖξὶἷ
652 5594 934 5689 Vinciat.
961 5594 1044 5689 ep;
1062 5594 1533 5689 jts’."‘__-"A';.'-.;..'sif
1561 5594 1794 5689 ἐξιῖἷιθ

1891 5594 2027 5673 ῖέῖ.
2056 5594 2380 5686 "illius.
2426 5594 2512 5682 ep.
2534 5594 2678 5675 illi),
2707 5627 2761 5664 η.
2792 5606 2880 5659 5i.
2939 5594 3231 5654 'tvllieron.
3264 5611 3350 5679 ep.
3381 5594 3468 5652 l5.

216 5682 273 5727 ’ί
298 5682 462 5759 Greg.
494 5687 620 5743 Tur.
655 5695 709 5743 et
737 5686 868 5755 Aug.
898 5682 1105 5753 ep.i$l,
1130 5700 1180 5736 n-
1214 5683 1263 5738 5.
