4056 6358
550 336 613 393 31
1570 330 1628 386 S.
1670 325 2010 384 PAULINUS
2050 324 2368 382 NOLANUS
2407 324 2806 381 EPISCOPUS.
3738 327 3823 383 32

550 463 673 505 cum
699 448 881 502 laetitia
910 447 1035 504 fecit
1066 466 1078 501 :
1111 445 1255 518 quod
1277 455 1297 480 ⁸
1328 445 1426 508 sibi
1456 447 1814 501 necessarium
1847 446 2122 502 existima-
2153 450 2194 506 Α
2227 455 2472 512 moratos,
2494 447 2631 518 quod
2646 453 2759 499 orla
2781 454 3052 516 tempestas
3077 458 3232 499 unam
3259 446 3332 500 eis
3359 463 3475 501 cum
3495 449 3666 505 tritico
3686 450 3822 507 abs—

552 539 629 592 vit
656 545 715 592 ut
738 537 1071 593 advenientis
1090 534 1285 591 Christi
1306 534 1566 605 justitiam
1589 536 1927 605 praweniret.

681 668 782 739 15
812 677 902 726 Hic
919 683 1077 725 metus
1093 682 1185 735 est,
1205 674 1341 739 labor
1358 677 1475 739 iste,
1488 676 1596 739 dies
1614 687 1677 739 ne
1697 686 1777 721 me
1798 674 1994 724 ultimus
2007 678 2127 725 atris

677 736 897 799 Sopitum
922 739 1141 787 tenebris
1159 736 1312 799 sterili
1337 736 1610 799 deprendet
1635 737 1684 783 in
1706 741 1835 790 actu,

677 798 1031 860 :Ifeniporssub
1059 800 1218 860 vacuis
1239 797 1501 845 ducentem
1527 799 1711 856 perdita
1734 799 1880 860 curis.

677 858 934 921 Eaiii‘quid
960 858 1133 921 agam?
1158 859 1307 908 lentis
1322 859 1492 921 sidum
1517 870 1756 906 conniveo
1782 859 1926 915 votis,

677 920 976 985 gliristusgb
995 920 1200 985 aetheria
1218 922 1335 985 mibi
1357 920 1572 985 proditus
1591 931 1702 967 arce
1730 924 1973 980 coruscet,

675 980 734 1029 Et
751 980 921 1030 subitis
942 981 1131 1031 Domini
1153 980 1278 1032 cudo
1302 981 1545 1029 venientis
1562 987 1732 1037 aperto

674 1041 821 1090 Pra-si
832 1046 984 1091 rictus
1007 1045 1169 1103 radiis,
1194 1045 1397 1103 Obscura
1419 1048 1471 1089 et
1495 1041 1652 1089 tristia
1673 1047 1776 1090 noct
1786 1043 1826 1089 is

674 1104 911 1165 Sublugla
939 1104 1069 1153 illato
1089 1102 1317 1153 confusus
1340 1103 1523 1165 lumine
1536 1103 1790 1165 qmeram?

737 1161 874 1227 Quod
899 1166 1013 1212 mihi
1041 1179 1104 1215 ne
1130 1175 1328 1227 pareret
1349 1161 1423 1211 vel
1448 1162 1714 1211 diﬂidentia
1735 1163 1860 1227 veri,

680 1221 769 1289 Yel
798 1228 1052 1289 prmsentis
1075 1221 1365 1289 amocvitte,
1390 1236 1652 1284 rerumque
1678 1221 1911 1280 voluptas,

679 1285 974 1347 Cura’rumve
999 1287 1150 1347 labor,
1177 1287 1351 1347 placuit
1371 1293 1670 1347 prterertere
1687 1295 1826 1331 casus

683 1345 953 1409 Proposito.
980 1355 1031 1396 et
1047 1345 1188 1409 curas
1209 1348 1344 1394 linire
1367 1345 1789 1409 superstite_vita_:

677 1405 1049 1467 Conimissisque
1080 1408 1182 1455 Deo
1206 1416 1412 1455 ventura
1438 1409 1486 1454 in
1509 1405 1683 1454 saecula
1706 1406 1881 1467 rebus,

678 1463 980 1528 ExSpectat-e'
1000 1476 1189 1519 trucem
1214 1480 1388 1518 securo
1413 1474 1613 1530 pectore
1637 1473 1842 1516 mortem
1866 1463 1912 1517 1?.

554 1546 695 1605 Etv.
730 1549 832 1604 67:

678 1638 838 1704 istos
861 1639 1052 1704 inanes,
1078 1654 1203 1704 quos
1219 1648 1383 1690 movet
1404 1641 1517 1691 vita:
1540 1639 1683 1690 labor

739 1700 1005 1762 Prazsentis
1026 1700 1120 1752 aevi
1144 1703 1359 1762 tramite,

674 1759 852 1822 Abolet
871 1763 1046 1812 futurae
1067 1776 1175 1811 cum
1203 1762 1309 1811 Deo
1332 1759 1442 1811 vitae
1467 1762 1602 1822 lides,

739 1821 877 1883 Qum,
902 1836 1023 1884 quas
1046 1826 1264 1872 videmur
1284 1836 1543 1884 spernere,

678 1880 783 1930 Neu
808 1880 872 1946 ut
886 1880 1106 1946 profanas
1127 1884 1289 1943 abiicit
1309 1880 1397 1933 aut
1416 1880 1535 1934 viles
1557 1895 1697 1946 opes,

738 1943 835 1993 Sed
861 1943 913 1993 ut
938 1957 1093 2002 magns
1115 1958 1251 1993 caras
1270 1954 1436 1993 monet

678 2002 828 2054 Certis
853 2008 1026 2064 reponi
1042 2007 1252 2055 creditas
1274 2005 1461 2055 Christo
1480 2006 1607 2066 Deo,

737 2065 828 2124 Qui
858 2066 991 2127 plura
1014 2068 1234 2126 promisit
1250 2068 1378 2116 datis
1404 2082 1418 2117 :

674 2125 925 2189 Conuenite
949 2125 1166 2188 praesens
1191 2129 1268 2189 vel
1295 2140 1437 2188 mage
1460 2127 1679 2189 deposita
1695 2126 1790 2176 sibi

738 2187 889 2250 Multo
904 2187 957 2236 ut
978 2189 1221 2250 rependat
1244 2187 1436 2238 fenore.

678 2245 795 2295 Siue.
815 2248 982 2296 fraude
1001 2245 1163 2299 custos
1184 2258 1316 2298 aucta
1339 2249 1665 2300 creditoribus

741 2309 904 2357 Bonus
921 2323 1019 2357 tera
1050 2312 1227 2359 reddet
1248 2311 1445 2360 debitor
1472 2323 1485 2356 :

680 2367 931 2433 multaque
951 2381 1162 2429 spretam
1182 2370 1368 2433 largior
1393 2372 1646 2433 pecuniam

740 2428 987 2481 Restituet
1011 2446 1155 2480 usura
1179 2428 1331 2482 Deus.

625 2539 1000 2611 Paupertatem
1028 2542 1227 2598 divitiis
1266 2543 1502 2613 pmtulit
1534 2553 1556 2583 ε
1579 2558 1800 2599 securus
1846 2543 1913 2597 de
1938 2540 2135 2596 Christi

556 2645 823 2697 sermone,
849 2648 957 2702 quo
983 2634 1344 2703 qumrentibus
1372 2633 1425 2688 in
1460 2634 1683 2689 veritate
1712 2647 1931 2701 regnum
1959 2632 2052 2686 Dei
2082 2639 2137 2687 et

554 2720 808 2791 justitiam
838 2724 981 2792 ejus,
1014 2726 1245 2790 victum,
1284 2734 1339 2780 et
1366 2726 1615 2780 vestitum
1645 2726 1862 2795 insuper
1898 2740 1957 2780 se
1985 2724 2133 2792 adje-

554 2820 764 2866 cturum
793 2816 1051 2882 promisit.
1077 2811 1173 2869 An‘
1187 2817 1371 2886 magis,
1402 2815 1428 2852 ά
1458 2816 1649 2884 inquit,
1682 2815 1945 2869 abundare
1972 2814 2135 2870 credis

554 2900 699 2954 illum
728 2905 813 2972 qui
860 2912 1030 2969 terror,
1059 2922 1209 2975 quam
1238 2906 1324 2975 qui
1355 2904 1463 2959 Deo
1492 2906 1684 2969 credit;
1714 2914 1763 2957 et
1791 2906 1875 2975 qui
1904 2907 2132 2973 prapria,

555 3008 706 3060 quam
735 2994 820 3062 qui
846 2993 1019 3046 divina
1040 2986 1270 3062 pascitur
1298 2994 1460 3047 cura?
1483 2992 1618 3057 Quid
1637 2993 1725 3047 ille
1760 2995 1914 3047 miser
1927 2993 2133 3060 habeat,

554 3082 639 3152 qui
668 3099 724 3136 se
750 3100 852 3137 non
882 3083 1070 3136 habet?
1113 3082 1236 3137 Non
1266 3086 1399 3137 enim
1430 3100 1483 3138 se
1513 3084 1680 3148 habet,
1712 3085 1797 3154 qui
1823 3083 1936 3154 plus
1978 3084 2041 3137 de
2083 3100 2138 3138 se

2228 537 2400 591 tulerit
2425 555 2624 591 navem.
2675 536 2816 589 Tunc
2863 537 2939 589 vir
2966 534 3065 588 Dei
3101 552 3373 590 conversus
3418 539 3487 591 ad
3510 540 3816 609 mulierem,

2125 615 2146 698 θ
2226 629 2301 680 ait
2331 644 2348 681 :
2383 625 2623 696 Intellige
2651 636 2698 680 te
2726 642 2862 680 nunc
2891 628 3101 696 pauperi
3130 643 3288 680 unum
3312 645 3499 697 panem
3527 633 3688 701 fuisse
3729 636 3822 705 {u—

2225 730 2412 781 ratam,
2444 730 2494 772 et
2522 719 2635 773 ideo
2681 719 2815 772 hanc
2861 736 3039 773 navem
3081 738 3190 775 esse
3228 738 3469 783 mersam,
3508 722 3521 760 ί
3558 723 3821 785 Paulinus

2228 810 2389 877 igitur
2417 810 2711 863 innumeris
2741 810 2972 863 nummis
3000 818 3055 863 et
3082 811 3440 883 eleemosynis
3465 824 3686 883 peccata
3717 832 3820 872 sua

2227 902 2474 969 redemit,
2506 909 2561 956 et
2582 900 2863 955 facultates
2889 902 2942 956 in
2973 910 3116 957 terra
3138 918 3258 957 cum
3287 906 3592 973 sparsisset,
3624 908 3692 962 ad
3714 924 3825 965 cos-

2229 991 2311 1048 los
2333 993 2661 1062 migravere;
2692 993 2819 1063 quin
2849 994 3011 1049 etiam
3041 995 3095 1049 in
3125 997 3319 1051 coelum
3341 1004 3514 1053 terras
3557 998 3687 1055 fecit
3726 1016 3823 1057 as-

2229 1087 2483 1154 cendere,
2539 1094 2600 1141 ut
2637 1087 2709 1141 ibi
2749 1095 3009 1143 aeternam
3048 1088 3148 1143 sibi
3193 1098 3408 1158 pararet
3456 1071 3821 1148 mansionem.

2229 1176 2336 1233 Pro
2358 1178 2574 1233 Christo
2597 1179 2700 1234 sibi
2729 1177 2901 1236 lactus
2930 1187 3012 1235 est
3040 1195 3274 1250 pauper,
3302 1190 3356 1236 et
3385 1182 3497 1251 ipse
3529 1181 3633 1237 lide
3657 1182 3823 1239 ditior

2229 1282 2390 1337 quam
2413 1276 2596 1334 antea,
2629 1280 2642 1319 ι
2678 1268 3014 1325 Exoneratus
3042 1288 3073 1324 a
3101 1274 3296 1326 cunctis
3322 1273 3687 1343 cupiditatibus
3706 1275 3826 1331 Ha-

2230 1357 2446 1427 gistrum
2476 1357 2604 1412 liber
2633 1362 2882 1431 sequitur,
2911 1378 3003 1430 per
3030 1362 3141 1415 haec
3167 1377 3224 1415 se
3262 1372 3450 1432 putans
3476 1366 3712 1435 paradisi
3741 1368 3823 1422 di-

2230 1450 2368 1504 vitiis
2395 1447 2717 1521 locupletari,
2755 1453 2856 1522 ιε
2884 1454 2928 1505 si
2956 1453 3212 1507 videretur
3252 1455 3383 1508 nihil
3411 1456 3475 1508 de
3508 1458 3825 1512 transitoriis

2232 1542 2515 1612 possidere.
2533 1540 2555 1579 ¹ί
2578 1541 2699 1612 Ipse
2717 1560 2910 1613 pauper
2929 1561 2994 1597 ea:
3014 1543 3167 1597 divite
3187 1547 3356 1615 factus
3377 1555 3471 1612 est,
3488 1557 3543 1600 ut
3558 1556 3823 1620 tamquam

2234 1634 2542 1689 deoneratas
2570 1637 2714 1706 gravi
2742 1638 2950 1690 sarcina
2976 1635 3086 1690 Deo
3115 1638 3395 1708 impensius
3443 1641 3683 1705 serviret;
3717 1639 3734 1677 ι
3767 1650 3824 1695 ut

2236 1728 2427 1782 nudam
2481 1745 2681 1782 crucem
2727 1729 2895 1782 nudus
2947 1745 3193 1800 sequens,
3224 1730 3514 1799 expeditior
3567 1741 3617 1785 et
3668 1732 3826 1787 levior

2157 1800 2206 1861 Β
2230 1819 2501 1873 scanderet
2530 1819 2724 1873 scalam
2752 1817 2937 1874 Iacob.
2963 1829 3000 1856 π’
3027 1819 3621 1893 Praestantissimumque
3640 1823 3823 1878 horum

2234 1919 2517 1978 temporum
2547 1911 2644 1980 fuit
2669 1910 2884 1963 illustris
2907 1908 3120 1963 Paulini
3149 1911 3459 1980 exemplum,
3492 1913 3579 1982 qui
3607 1915 3823 1968 summis

2233 1997 2411 2066 Opibus
2439 1998 2654 2069 objectis
2698 1998 2956 2052 Christum
2985 2009 3210 2064 secutus,
3250 2002 3390 2055 solus
3419 2018 3546 2071 pene
3575 2002 3657 2055 his
3698 2012 3824 2055 tem-

2233 2088 2439 2160 poribus
2461 2088 2752 2159 evangelica
2774 2098 3031 2159 praecepta
3055 2091 3378 2159 complesset,
3402 2100 3429 2127 ιι
3459 2091 3687 2146 aliorum
3717 2108 3823 2147 non

2233 2187 2391 2234 utens
2438 2179 2685 2248 exemplo
2715 2179 2804 2248 qui
2834 2179 3151 2233 attentiores
3178 2178 3243 2233 ad
3271 2187 3671 2235 sacrosanctam
3700 2182 3826 2235 reli-

2234 2269 2447 2337 gionem
2495 2269 2665 2324 videri
2707 2269 3116 2324 erubescebant.
3144 2279 3169 2307 ο
3212 2270 3425 2324 Beatum
3454 2273 3549 2341 fuit
3600 2273 3826 2327 secutum

2170 2380 2173 2381 '
2236 2372 2473 2435 quartum
2493 2372 2653 2418 tanta:
2680 2362 2805 2434 ﬁdei
2846 2364 3144 2433 virtutisque
3173 2363 3478 2417 documento
3501 2381 3519 2417 :
3541 2374 3568 2414 P
3598 2363 3827 2443 Paulino

2234 2455 2644 2529 enim.majcstas
2674 2454 2848 2507 divina
2878 2452 3076 2518 tribuit,
3101 2463 3157 2506 ut
3179 2453 3316 2524 quod
3342 2454 3659 2524 impossibile
3688 2456 3828 2509 dixe-

2234 2555 2317 2599 rat
2346 2562 2437 2615 per
2483 2543 2845 2614 Evangelium,
2878 2543 2959 2596 hic
3007 2542 3317 2613 possibiliter
3346 2543 3629 2612 adimplere
3664 2561 3828 2599 mere-

2237 2644 2375 2688 retur
2412 2651 2504 2704 per
2533 2642 2725 2686 actum.
2758 2643 2783 2682 ιι
2816 2631 3134 2700 Piscatores,
3163 2642 3375 2686 vocante
3417 2631 3664 2701 Domino,
3692 2635 3829 2706 quod

2237 2726 2498 2778 naviculas
2528 2732 2577 2777 et
2623 2723 2755 2776 retia
2802 2722 3125 2788 dimiserunt,
3158 2722 3332 2776 omnia
3367 2738 3423 2777 se
3471 2723 3749 2788 dimisisse,
3781 2733 3828 2778 et

2236 2815 2517 2870 Dominum
2563 2824 2760 2869 secutos
2803 2830 2912 2868 esse
2965 2816 3120 2869 etiam
3166 2815 3611 2869 commemorando
3665 2816 3829 2869 laetati

2237 2917 2374 2963 sunt.
2410 2906 2477 2961 Et
2506 2923 2685 2962 revera
2712 2917 2868 2961 ausu
2899 2917 3222 2973 con'reum'r,
3242 2908 3325 2976 qui
3349 2922 3452 2959 non
3478 2906 3643 2960 solum
3670 2922 3829 2977 quatt-

2240 3007 2345 3052 tnm
2376 2999 2560 3061 potuit,
2596 2999 2686 3052 sed
2728 2999 2882 3050 etiam
2906 3005 3153 3068 quantum
3182 2998 3338 3051 voluit
3366 2996 3570 3062 habere,
3601 3008 3828 3053 contem-

2188 3140 2199 3151 ,
2239 3093 2335 3141 nit.
2370 3088 2478 3141 Sed
2518 3089 2570 3141 in
2616 3104 2674 3140 eo
2702 3090 2837 3159 quod
2869 3088 3182 3158 cupiebatur,
3209 3088 3344 3142 oculi
3373 3086 3475 3141 Dei
3498 3098 3647 3142 testes
3677 3098 3825 3157 sunt,

554 3186 707 3240 qua"!
735 3171 798 3225 άε
839 3170 950 3226 Deo
978 3183 1183 3241 ψει-αα
1223 3189 1427 3245 vereque
1454 3182 1530 3226 εδι
1575 3181 1820 3236 "torulus.
1853 3174 1939 3243 qui
1969 3185 1993 3212 ε
2036 3189 2139 3227 non
2167 3161 2212 3225 (ἶ
2241 3181 2295 3232 in
2325 3195 2384 3233 eo
2410 3179 2545 3250 quod
2572 3177 2869 3244 habebatur,
2914 3189 2963 3232 et
2991 3179 3273 3233 hominum.
3305 3175 3495 3231 Nescio
3536 3195 3634 3246 quo
3656 3187 3829 3233 autem

556 3259 719 3315 vivere
770 3264 930 3332 timet,
980 3266 1025 3318 si
1077 3274 1236 3318 totum
1275 3282 1331 3319 se
1378 3264 1487 3319 Deo
1536 3264 1741 3332 credat,
1772 3264 1979 3338 Deoque
2023 3283 2139 3338 per-

558 3357 745 3415 mittat.

625 3447 678 3503 2.
731 3448 963 3504 Venditis
985 3449 1004 3488 τ
1028 3452 1183 3522 igitur
1204 3450 1533 3523 facultatibus
1560 3462 1664 3506 tam
1686 3455 1792 3507 suis
1812 3470 1965 3525 quam
1985 3454 2140 3506 etiam

554 3542 930 3613 conjugalibus,
978 3562 1039 3598 ea
1083 3546 1134 3599 in
1178 3561 1429 3615 pauperes
1475 3546 1690 3599 contulit
1726 3562 1840 3617 qua:
1868 3546 2059 3616 redegit
2086 3546 2140 3599 in

555 3633 843 3698 pecuniam.
872 3642 897 3680 8
923 3636 1134 3705 Aperuit
1173 3635 1357 3688 horrea
1387 3652 1480 3688 sua
1509 3635 1835 3707 pauperibus,
1865 3637 2139 3707 apothecas

558 3736 682 3774 suas
710 3721 1092 3778 advenientibus
1121 3727 1361 3795 patefecit
1384 3742 1401 3778 :
1423 3740 1545 3778 nam
1565 3743 1746 3797 parum
1767 3728 1812 3779 ei
1840 3736 1951 3780 erat
1971 3727 2141 3797 proxi-

557 3824 668 3861 mos
688 3810 845 3875 alere,
872 3813 973 3866 nisi
1001 3815 1157 3866 etiam
1201 3815 1425 3887 undique
1463 3826 1693 3870 evocaret
1739 3833 1865 3888 quos
1909 3829 2140 3888 pasceret

557 3907 712 3970 atque
739 3902 960 3955 vestiret.
995 3901 1229 3966 Quantos
1273 3908 1497 3975 captivos
1541 3907 1792 3962 redemit!
1814 3919 2029 3979 quantos
2058 3912 2139 3965 in-

559 3989 827 4044 tricalores
872 3990 1031 4045 debiti
1066 4009 1099 4046 a
1136 3994 1470 4049 creditoribus
1518 3998 1656 4059 suis,
1687 3999 1889 4053 reddita
1922 4001 2139 4069 pecunia

556 4079 827 4135 liberavit!
853 4099 958 4137 una
987 4085 1180 4139 scilicet
1207 4087 1415 4157 pietatis
1449 4090 1792 4161 negotiatione
1825 4100 1875 4144 et
1901 4091 2136 4162 planctus

554 4171 836 4229 debitorum
887 4180 1119 4245 extersit,
1170 4188 1219 4233 et
1265 4181 1573 4236 creditorum
1617 4184 1815 4254 gaudia
1858 4186 2132 4255 reparavit.

559 4263 797 4328 Quadam
818 4284 934 4323 vero
962 4271 1065 4335 die,
1091 4272 1259 4340 inquit
1277 4270 1301 4309 δ
1319 4273 1609 4342 Gregorius
1629 4274 1974 4341 Turonensis,
2000 4277 2136 4329 venit

553 4355 623 4407 ad
651 4373 767 4409 eum
793 4360 880 4428 qui
909 4362 1092 4429 stipem
1120 4372 1328 4431 peteret,
1350 4373 1399 4416 et
1427 4366 1500 4417 ait
1523 4366 1726 4434 conjugi
1753 4381 1769 4417 :
1809 4365 1971 4427 Vade,
1996 4375 2044 4418 et
2066 4365 2134 4418 da

551 4446 597 4499 ei
629 4448 765 4516 quod
793 4448 944 4502 habet
990 4453 1355 4507 necessarium.
1400 4452 1527 4517 Qua:
1555 4456 1819 4525 respondit
1861 4473 1878 4509 :
1911 4456 2029 4510 Non
2059 4467 2134 4511 est

2239 3269 2415 3335 modo,
2458 3285 2571 3322 cum
2622 3270 2884 3339 super/luo
2936 3278 2987 3322 et
3034 3279 3235 3323 terrena
3286 3268 3596 3339 diliguntur,
3633 3271 3830 3324 arctius

2236 3361 2428 3428 adepta
2455 3376 2606 3430 quam
2632 3361 2903 3428 concupita
2926 3360 3350 3430 constringunt...
3382 3360 3537 3412 Aliud
3562 3368 3640 3413 est
3668 3363 3827 3427 enim,

2240 3452 2377 3503 nolle
2398 3450 2730 3520 incorporarr
2754 3466 2869 3518 quia
2912 3449 3132 3513 desunt;
3166 3449 3328 3510 aliud,
3353 3450 3467 3518 jam
3494 3450 3829 3520 incorporata

2240 3541 2496 3595 divellere.
2525 3539 2612 3595 Illi
2642 3541 2775 3594 velut
2803 3540 2901 3594 cibi
2928 3540 3287 3610 repudiantur,
3316 3539 3408 3593 illa
3436 3541 3570 3594 velut
3599 3542 3831 3595 membra

2239 3631 2607 3702 praciduntur.
3535 3646 3539 3650 '

2310 3722 2362 3775 ὅ.
2404 3720 2655 3776 Paulinus
2677 3731 2699 3758 τ
2730 3721 2908 3775 omnia
2935 3721 3075 3775 bona
3105 3737 3213 3775 uuo
3235 3721 3531 3791 eodemque
3550 3734 3831 3781 momento

2240 3830 2346 3868 non
2376 3813 2661 3878 abdicavit,
2695 3811 2747 3866 id
2793 3813 2937 3866 enim
2986 3813 3314 3883 impossibile
3354 3823 3489 3880 erat,
3536 3832 3659 3870 cum
3708 3833 3829 3874 eam

2238 3918 2396 3973 quam
2419 3918 2487 3957 ex
2516 3902 2598 3957 his
2622 3900 2854 3957 venditis
2882 3902 3165 3971 redegerat
3189 3907 3466 3973 pecuniam
3498 3909 3831 3977 pauperibus

2238 4003 2517 4064 erogaret,
2543 4002 2598 4049 et
2628 3994 2825 4065 praedia
2854 3994 3110 4064 paulatim
3134 4004 3189 4049 et
3216 4006 3335 4049 cum
3365 3996 3590 4064 quadam
3613 4000 3836 4056 cautela

2239 4103 2362 4143 eum
2382 4085 2693 4141 vendidisse
2740 4084 2963 4141 credere
2992 4101 3089 4156 par
3116 4094 3218 4151 est,
3251 4094 3309 4140 ut
3338 4085 3541 4142 facilius
3560 4103 3832 4158 pauperes

2237 4179 2425 4234 aleret.
2453 4177 2532 4232 Ex
2561 4178 2677 4247 ejus
2702 4188 2722 4214 ⁸
2755 4177 2946 4231 litteris
2970 4193 3036 4232 ex
3064 4176 3316 4247 Hispania
3346 4178 3520 4233 missis
3542 4178 3691 4233 illum
3716 4180 3832 4249 jam

2237 4279 2444 4341 partem
2468 4271 2733 4325 bonorum
2756 4269 2808 4322 in
2826 4284 2954 4323 usus
2974 4284 3267 4338 pauperum
3283 4268 3587 4323 vendidisse
3613 4279 3831 4325 constat

2239 4370 2523 4431 antequam
2549 4378 2616 4416 ex
2638 4362 2740 4416 hac
2760 4361 2979 4428 regione
2995 4361 3314 4428 migraretet
3331 4360 3701 4430 presbyteratu
3725 4362 3832 4416 ini-

2240 4453 2483 4506 tiaretur.
2509 4451 2797 4507 [inchoasse
2818 4451 2922 4506 hoc
2950 4466 3091 4505 anno
3112 4466 3179 4505 ex
3198 4466 3264 4505 eo
3283 4451 3632 4520 probabiliter
3651 4451 3841 4508 admm

555 4533 705 4588 nobis
734 4537 956 4607 amplius
993 4557 1149 4611 quam
1183 4558 1314 4596 unus
1353 4546 1522 4614 panis.
1552 4544 1645 4597 Cui
1688 4546 1775 4599 ille
1805 4561 1822 4599 :
1853 4545 2017 4611 Vade,
2050 4547 2132 4600 in-
2161 4525 2211 4585 Ῑ)
2241 4544 2366 4599 dum
2383 4543 2681 4610 coniicitur,
2702 4542 2845 4613 quod
2871 4544 2888 4579 ί
2916 4543 2968 4597 in
2993 4542 3221 4613 epistola
3240 4548 3428 4611 quarta
3450 4557 3589 4615 anno
3609 4540 3716 4595 594
3732 4558 3836 4597 ex-

556 4628 683 4696 quit,
707 4630 920 4698 porrige
943 4646 1097 4699 eum;
1123 4633 1381 4690 Dominus
1402 4637 1542 4691 enim
1565 4637 1712 4691 dabit
1734 4639 1886 4693 nobis
1913 4639 2131 4693 victum.

558 4715 668 4769 Sed
676 4718 767 4771 illa
783 4723 929 4790 quasi
953 4732 1186 4792 strenua,
1201 4728 1451 4780 reservari
1465 4730 1674 4797 cupiens
1695 4745 1758 4782 ne
1780 4728 1975 4800 aliquid
1996 4728 2140 4783 dees-

559 4814 653 4870 set,
680 4811 942 4881 porrigere
968 4812 1150 4867 noluit.
1181 4813 1288 4868 Sed
1315 4815 1450 4869 brevi
1470 4817 1565 4871 illa
1592 4818 1772 4872 didicit
1799 4828 1988 4888 quanto
2008 4830 2141 4873 esset

557 4898 861 4969 locupletior
886 4901 1098 4957 Pauli:.i
1134 4905 1283 4975 ﬁdes,
1314 4925 1464 4980 quam
1495 4910 1675 4963 timida
1696 4926 1802 4965 sua:
1829 4926 1967 4964 cura:
1993 4910 2140 4965 solli-

556 4990 750 5044 citudo.
783 4990 989 5048 Interea
1019 4996 1332 5052 advenerunt
1373 4999 1582 5072 quidam
1624 5001 1848 5055 dicentes
1878 5002 2060 5055 missos
2089 5018 2144 5055 se

555 5094 587 5129 a
620 5080 842 5137 dominis
863 5086 970 5139 suis
998 5085 1159 5158 (forte
1183 5085 1391 5143 Paulini
1412 5091 1676 5146 bonorum
1698 5090 2136 5161 conductoribus)

558 5180 613 5225 ut
635 5173 715 5227 illi
744 5191 967 5245 azmorna
995 5196 1055 5232 ac
1084 5181 1187 5234 vini
1214 5182 1475 5253 deferrent
1519 5184 1769 5253 speciem,
1802 5182 1893 5236 sed
1921 5201 2012 5253 per
2038 5182 2134 5236 hoc

627 5386 653 5449 tl
684 5377 893 5432 Paulin.
925 5393 1090 5433 carm.
1125 5380 1226 5449 10,
1254 5397 1307 5449 v.
1337 5382 1461 5437 516.
1532 5383 1562 5420 ὶι
1590 5382 1723 5437 ibid.

1803 5392 1825 5421 ε
1857 5380 2065 5434 Paulin.
2116 5377 2337 5449 epuli“,
2386 5393 2441 5449 ll:
2496 5375 2580 5431 13.
2657 5373 2845 5449 flbid.

560 5445 856 5522 {Ambrom
903 5449 1121 5522 ep._50.
1176 5445 1225 5522 _e
1264 5448 1426 5522 lirari.
1474 5451 1505 5522 ᾗ
1544 5450 1595 5506 5.
1672 5451 1697 5489 ιι
1727 5445 2166 5522 ϐνρεκτωοηᾱέ
2193 5448 2264 5515 gl.
2295 5445 2617 5522 gonfess:_c.
2652 5445 2775 5497 107.

558 5513 680 5588 29L
759 5513 971 5588 i_Greg'.
1005 5518 1127 5574 Tur.
1158 5520 1225 5576 de
1252 5519 1336 5575 Gl.
1369 5513 1677 5577 Conless.c.
1709 5513 1865 5576 107:
1909 5519 1933 5558 κ
1964 5519 2147 5574 Ambr.
2179 5513 2265 5587 ep.
2298 5516 2387 5571 '50.

2241 4642 2402 4689 eunte
2428 4633 2570 4698 data,
2589 4642 2651 4689 ut
2673 4635 2806 4688 alias
2827 4633 3141 4699 videbimus,
3157 4633 3287 4687 dicit
3309 4631 3597 4687 secundum
3613 4646 3836 4689 carnem

2241 4724 2342 4780 sibi
2386 4740 2503 4780 eam
2521 4725 2631 4794 jam
2654 4740 2772 4780 esse
2803 4732 3015 4779 aetatem
3039 4738 3144 4792 qua
3165 4722 3262 4775 fuit
3287 4722 3375 4775 ille
3396 4721 3462 4775 ab
3490 4721 3749 4790 apostolis
3779 4722 3837 4778 in

2244 4824 2399 4889 porta
2429 4808 2685 4889 Speciosa
2736 4816 2889 4871 verbi
2913 4822 3179 4887 potestate
3209 4822 3456 4878 sanatus,
3488 4812 3537 4866 id
3560 4820 3662 4877 est,
3693 4828 3840 4882 qua-

2246 4909 2489 4978 draginta
2518 4925 2779 4964 annorum
2830 4916 2885 4962 et
2913 4908 3139 4976 amplius
3170 4914 3230 4972 “;
3259 4906 3312 4959 in
3342 4904 3605 4958 natalibus
3651 4910 3839 4962 autem

2249 5002 2459 5065 animm,
2485 4999 2626 5054 illius
2669 4998 2846 5053 adhuc
2888 4996 2987 5051 sibi
3019 5010 3137 5050 esse
3183 5002 3393 5063 tempus
3432 4992 3683 5057 infanti-.e,
3715 5008 3849 5062 qum

2247 5091 2521 5144 intentatis
2549 5088 2765 5144 Christo
2812 5086 3123 5142 vulneribus
3170 5083 3439 5138 immolata
3461 5125 3475 5149 ,
3506 5083 3668 5150 digno
3709 5098 3846 5137 san.

2241 5182 2400 5252 guine
2432 5181 2565 5251 Agni
2597 5180 2868 5235 victimam
2899 5177 3264 5250 praecucurrit,
3302 5186 3356 5230 et
3383 5174 3707 5229 dominicam
3739 5191 3845 5229 an-

2929 5384 2951 5412 ε
2982 5372 3144 5439 Quasi
3174 5372 3277 5438 leg.
3314 5374 3456 5427 timet
3500 5389 3601 5426 non
3649 5374 3840 5432 vivere.

2861 5444 2885 5514 ri,
2911 5442 3501 5514 Fortunatt.7Vit.__Mar_t.
3537 5451 3578 5496 t.
3609 5442 3748 5514 VII],
3779 5462 3839 5514 p.

2470 5516 2485 5554 ι
2522 5514 2669 5569 Hier.
2700 5529 2785 5582 ep.
2823 5512 2909 5567 15.
2985 5522 3023 5550 ω
3059 5510 3259 5582 Sulpic.
3287 5511 3580 5582 Vit._Mart.
3607 5511 3752 5582 c.7271
3783 5510 3841 5570 et

721 5580 958 5661 "ullme.
983 5590 1184 5661 epLSO.
1251 5600 1288 5661 ξ
1317 5591 1464 5661 Sulp.
1493 5592 1599 5646 Vit.
1635 5592 1788 5646 Mart.
1819 5607 1867 5647 c.
1892 5590 1954 5644 Ἦ
1992 5599 2051 5661 et
2070 5580 2268 5661 se}
2296 5588 2457 5661 (Ξῖ-βε.
2489 5585 2619 5661 Tur.
2643 5580 2814 5661 (leg.
2847 5582 3089 5661 Confess.
3134 5581 3254 5661 «οἵ.
3288 5658 3293 5661 Δ
3332 5592 3359 5632 (ι
3388 5580 3754 5661 Αιιιςλςιι.“ἵξ42
3778 5600 3839 5637 η..

557 5651 609 5707 s.
693 5655 962 5713 'Hierou.
996 5647 1117 5714 res.
1194 5669 1215 5696 -
1249 5647 1452 5715 Paulin.
1487 5647 2492 5728 carm.to,v.81etsestapisi.ﬁn.
2530 5654 2581 5707 7.
2658 5647 2679 5689 ἰ
2719 5653 2817 5724 Ep.
2850 5652 2900 5719 ιι,
2935 5669 2991 5707 η.
3012 5652 3065 5706 3.

557 5738 808 5781 annorum
828 5728 1049 5798 aMplius
1068 5747 1219 5801 quam
1239 5731 1600 5800 quadraginta.

3145 5662 3168 5688 υ
3201 5652 3383 5708 Actor.
3412 5667 3483 5717 tv,
3506 5650 3595 5704 22.
3630 5650 3841 5706 Dicitur
