4056 6358
197 345 271 403 33

1583 325 2109 384 PROLEGOMENA.

3314 380 3320 386 .
3376 326 3451 385 δι

192 455 507 530 spicatfest
527 451 855 524 passionem;
887 458 913 488 ⁸
935 448 987 505 id
1005 458 1091 507 est
1102 448 1358 505 bimatum
1371 443 1736 515 innocentium
1756 458 1769 495 :
1801 448 1852 502 Α
1877 441 2045 495 ritiis?
2065 451 2103 478 ω
2125 440 2264 496 Alibi
2285 442 2509 497 miratur
2524 442 2671 512 quod
2688 457 2773 498 res
2799 456 2990 511 magna
3012 414 3450 514 putaretur,‘quiu

204 544 343 619 quod
364 559 485 600 cum
513 541 580 597 de
620 540 737 610 ejus
764 540 1028 611 baptismo
1065 537 1406 610 interpretari
1446 551 1555 590 non
1583 535 1774 606 possit,

207 637 271 693 ad
296 634 580 691 strictioris
616 634 738 688 vitm
768 632 1069 688 institutum
1096 639 1152 686 et
1190 630 1354 686 seculi
1385 627 1563 696 fugam
1590 625 1777 681 referri

208 742 426 785 necesse
471 733 573 781 est.
607 723 740 779 Nam
769 725 868 780 etsi
892 722 1194 787 Paulinum,
1227 723 1319 777 illo
1341 728 1574 776 exeunte
1611 734 1774 783 anno,

207 818 565 875 sacerdotium
609 816 906 886 suscepisse
941 828 1280 885 poneremus,
1303 813 1417 867 haec
1436 811 1576 866 dicta
1604 809 1670 864 de
1695 824 1783 862 sa-

209 906 449 964 cerdotio
479 904 823 973 intelligenda
845 919 1023 968 nemo,
1057 911 1117 958 ut
1141 902 1357 973 opinor,
1379 901 1593 956 dixerit.
1623 898 1680 952 ln
1705 898 1783 951 al-

208 1007 324 1054 tera
352 996 601 1068 epistola,
628 996 788 1051 etiam
826 1011 969 1050 anno
993 994 1099 1049 394
1126 994 1271 1059 data,
1301 992 1329 1031 ιι
1359 993 1433 1046 ait
1463 1009 1475 1043 :
1511 991 1661 1046 Scias
1691 1006 1788 1043 an-

211 1090 551 1161 tiquissimum
591 1097 937 1158 peccatorem,
970 1102 1063 1139 nec
1092 1088 1167 1140 ita
1214 1084 1339 1139 olim
1385 1084 1448 1138 de
1494 1080 1710 1136 tenebris
1739 1088 1788 1134 et

210 1180 394 1234 umbra
416 1180 595 1233 mortis
625 1178 882 1243 eductum,
913 1178 1149 1247 spiritum
1175 1193 1318 1230 aura:
1338 1174 1507 1228 vitalis
1536 1173 1787 1235 hausisse,

211 1287 307 1325 nec
334 1271 410 1323 ita
436 1271 561 1323 olim
583 1270 816 1339 posuisse
844 1270 896 1321 in
927 1276 1104 1321 aratro
1127 1282 1355 1328 manum,
1386 1274 1434 1318 et
1460 1280 1659 1318 crucem
1682 1262 1794 1316 Do-

212 1362 340 1416 mini
377 1360 661 1415 sustulisse.
690 1358 757 1412 Et
782 1359 906 1413 alibi
954 1371 975 1396 α
1008 1374 1065 1413 se
1100 1359 1265 1412 adhuc
1287 1360 1536 1429 infantem
1562 1358 1618 1410 in
1646 1354 1792 1409 verbo

214 1449 335 1519 Dei,
356 1460 405 1505 et
428 1451 654 1522 spiritali
674 1460 824 1505 aetate
851 1450 1117 1504 lactentem
1139 1450 1434 1517 Augustino
1460 1446 1792 1503 educandum

215 1542 380 1597 tradit
408 1542 702 1597 humiliter.

828 1609 1056 1665 CAPUT
1092 1607 1186 1662 1X.

389 1703 457 1757 In
487 1703 733 1757 bonorum
759 1702 1084 1756 abdicatione
1105 1700 1313 1753 Paulini
1345 1699 1626 1753 humilitas.

1878 533 1945 589 de
1973 548 2033 588 re
2052 543 2311 603 pereunte
2334 534 2563 590 salutem
2584 543 2851 591 mercatus
2878 534 3066 589 luisset
3090 542 3365 600 aeternam,
3396 542 3453 590 et

1878 626 2151 695 perpetuis
2177 625 2377 681 caduca
2405 635 2691 693 mutasset;
2731 628 2874 697 quod
2903 637 3103 683 terram
3123 628 3453 683 vendidisset

1882 727 1938 772 ut
1968 719 2161 774 emtum
2190 726 2414 790 emeret,
2456 735 2578 774 cum
2605 720 2747 776 Deus
2774 722 3003 791 imagine
3048 722 3186 777 servi
3214 722 3454 789 dejectus

1882 816 2111 862 mortem
2157 809 2330 864 crucis
2356 824 2549 879 passus
2595 811 2767 880 ipsum
2807 812 2978 867 multo
3005 813 3181 867 carius
3217 813 3454 869 emisset.

1887 897 1930 952 ο
1961 899 2135 952 miseri
2162 899 2414 963 homines,
2444 900 2617 970 inquit
2658 909 2684 937 ιι
2728 901 2873 964 alibi,
2917 903 3097 973 largiri
3140 919 3236 957 nos
3265 903 3459 973 aliquid

1885 990 2136 1043 credimus
2160 1007 2177 1044 :
2208 992 2551 1061 negotiantur,
2581 1000 2629 1044 et
2657 991 2893 1046 liberales
2933 992 3197 1057 habemur,
3222 995 3307 1065 qui
3333 1009 3458 1046 ava-

1887 1079 2077 1132 rissimi
2118 1096 2229 1133 esse
2264 1082 2643 1145 convincimur;
2681 1090 2730 1134 et
2770 1082 2972 1152 quidem
3020 1091 3162 1137 tanto
3201 1069 3462 1137 abariores

1889 1169 2234 1239 cupidissimis
2280 1179 2430 1224 terra:
2466 1172 2872 1241 feneratoribus,
2904 1183 3095 1245 quanto
3121 1176 3341 1241 amplius
3386 1183 3464 1228 est

1889 1257 2117 1311 caelestia
2145 1257 2208 1311 de
2230 1260 2467 1324 terrenis,
2494 1270 2545 1313 et
2564 1260 2712 1315 beata
2733 1262 2797 1315 de
2817 1264 3017 1317 miseris
3039 1266 3168 1317 seris
3195 1266 3465 1336 egenisque

1892 1350 2041 1403 rebus
2067 1366 2251 1417 emere,
2284 1368 2438 1422 quam
2467 1363 2670 1407 terrena
2712 1355 2951 1421 terrenis,
2982 1363 3031 1407 et
3069 1355 3352 1409 labentibus
3382 1356 3464 1409 la-

1891 1456 2050 1509 psura
2078 1442 2330 1508 mercari,
2356 1451 2407 1495 et
2428 1442 2707 1498 Dominum
2731 1461 2882 1517 quam
2913 1445 3167 1500 hominem
3206 1449 3461 1519 fenerare.

1897 1531 2009 1588 lloc
2038 1532 2138 1586 sibi
2158 1532 2226 1587 ad
2244 1534 2471 1588 salutem
2501 1538 2860 1591 necessarium
2887 1538 3049 1594 fuisse
3069 1538 3215 1593 dicit.

1963 1621 2016 1676 2.
2056 1622 2114 1677 In
2143 1623 2368 1692 publicis
2396 1633 2421 1660 ο
2450 1624 2887 1695 inscriptionibus
2914 1628 2967 1683 in
3014 1629 3318 1699 exemplum
3365 1632 3470 1687 reis

1897 1724 1953 1769 et
1979 1716 2352 1785 peccatoribus
2392 1732 2451 1771 se
2478 1718 2751 1788 supponit,
2782 1719 2872 1788 qui
2920 1720 3048 1775 tusis
3091 1723 3324 1777 nummis
3362 1724 3469 1779 cri-

283 1814 421 1870 Tam
440 1813 467 1852 ἀ
490 1814 748 1885 praeclara
777 1823 832 1869 et
861 1813 1080 1868 illustris
1108 1811 1175 1866 ab
1204 1812 1409 1881 origine
1428 1812 1598 1866 virtus
1626 1810 1792 1878 gloria
1826 1796 1871 1857 Β
1896 1807 2041 1861 mina
2070 1821 2164 1860 sua
2194 1806 2539 1874 redimerem,
2570 1808 2697 1864 dum
2722 1819 2750 1858 ι)
2774 1811 2864 1864 alii
2909 1809 3208 1880 perfectum
3238 1827 3360 1867 eum
3389 1814 3473 1869 di-

217 1906 418 1962 Christi
445 1914 585 1972 erat,
603 1904 855 1960 Ecclesiae
876 1904 1126 1974 gaudium
1147 1912 1201 1959 et
1220 1903 1552 1973 exemplum;
1576 1910 1631 1955 at
1651 1901 1795 1955 inani

215 1997 403 2066 gloria:
431 1994 584 2049 valde
604 1993 866 2063 subjecta,
890 2010 1008 2065 qua:
1035 1995 1213 2049 omnia
1234 1993 1348 2062 ejus
1375 1994 1564 2046 merita
1594 1991 1797 2046 labefa-

215 2093 458 2143 Ctasset:
495 2085 685 2140 Utilius
720 2087 884 2151 enim,
935 2070 1165 2156 inquit.e
1196 2084 1538 2154 Augustinus,
1596 2093 1798 2137 terrena

216 2174 485 2245 opulentia
512 2183 711 2228 tenetur
740 2174 1020 2241 humiliter,
1047 2190 1196 2246 quam
1225 2172 1439 2244 superbe
1477 2172 1796 2242 relinquitur.

216 2262 453 2318 Tantum
476 2278 612 2332 opus
639 2278 746 2317 non
777 2264 875 2337 17
898 2263 1009 2317 suis
1035 2262 1255 2328 viribus,
1281 2260 1374 2316 sed
1401 2261 1576 2316 divina
1606 2260 1803 2323 virtute

215 2367 275 2409 et
297 2353 666 2409 misericordia
696 2352 861 2407 fretus
882 2353 1120 2424 arripere
1142 2367 1302 2407 ausus
1329 2350 1502 2406 fuerat
1530 2349 1801 2413 Paulinus;

215 2452 275 2499 et
303 2444 395 2499 ille
422 2443 475 2497 in
504 2460 612 2515 quo
641 2444 911 2513 sperabat,
944 2452 1136 2514 potens
1174 2451 1292 2497 erat
1335 2440 1592 2513 perlicere
1646 2441 1698 2495 in
1740 2456 1805 2495 eo

213 2550 360 2605 opus
388 2535 732 2605 perfectionis
755 2551 884 2601 sum,
909 2546 964 2596 et
988 2535 1132 2604 quod
1157 2533 1379 2593 fundare
1395 2532 1506 2602 jam
1533 2547 1597 2586 ac
1618 2532 1807 2602 primis

211 2627 491 2682 machinis
518 2628 726 2695 erigere
742 2626 988 2695 dignatus
1015 2625 1205 2691 fuerat,
1230 2624 1340 2679 suis
1367 2632 1575 2678 struere
1594 2638 1811 2677 mensu-

210 2718 294 2773 ris
319 2724 377 2772 et
406 2732 781 2772 consummare
828 2716 1059 2786 fastigio.
1093 2715 1389 2770 Humanam
1433 2714 1658 2781 gloriam
1689 2724 1747 2766 ut
1789 2710 1807 2750 ί

210 2809 502 2864 inimicum
531 2809 840 2865 cautissime
869 2809 1176 2864 intuebatur
1205 2808 1477 2873 Paulinus,
1519 2814 1576 2861 et
1622 2814 1815 2861 cuncta

208 2901 423 2969 agebat
450 2900 588 2953 sicut
610 2899 901 2969 discipulus
923 2882 1120 2954 Christi
1149 2898 1367 2952 humilis
1387 2912 1451 2951 ac
1469 2896 1612 2950 mitis
1631 2894 1813 2960 corde;

206 3000 275 3046 et
309 2989 611 3059 prudenter
639 3004 703 3043 ac
723 2989 808 3057 pie
834 2988 1165 3057 intelligebat
1188 2988 1344 3044 istam
1373 3003 1482 3042 non
1504 3002 1623 3042 esse
1643 3001 1813 3051 suam,

206 3081 336 3135 hoc
368 3086 453 3134 est
481 3078 791 3143 humanam,
818 3078 909 3133 sed
940 3080 992 3133 in
1021 3078 1308 3147 semetipso
1338 3077 1546 3132 Domini
1568 3077 1812 3145 gloriam.

205 3167 362 3224 Illud
387 3167 532 3222 enim
557 3168 923 3221 testimonium
946 3167 1061 3236 ejus
1076 3146 1255 3222 virtuti
1277 3165 1807 3235 redditAugustinus.
1837 3146 1882 3209 Ο

210 3258 290 3313 At
316 3260 438 3327 ipse
467 3255 723 3312 Paulinus
774 3255 906 3312 ﬁdus
929 3266 1011 3312 est
1041 3258 1219 3322 testis;
1269 3256 1385 3324 ejus
1424 3257 1567 3311 enim
1612 3258 1844 3328 scripta‘

212 3350 511 3406 caritatem
551 3355 605 3401 et
652 3347 1004 3401 humilitatem
1047 3347 1267 3402 omnino
1314 3346 1573 3402 indicant.
1608 3346 1756 3403 lianc
1786 3357 1811 3396 ις

214 3439 547 3497 humilitatis
576 3439 831 3508 pietatem
859 3439 1037 3493 omnia
1066 3439 1290 3509 spirant,
1312 3455 1417 3510 qua
1443 3455 1476 3495 a
1504 3440 1615 3495 Deo
1643 3440 1813 3509 gemi-

216 3531 373 3584 tibus
399 3536 457 3583 et
483 3528 727 3597 suspiriis
756 3528 970 3583 assidue
1015 3526 1290 3596 ﬂagitabat
1334 3544 1402 3584 ne
1449 3529 1734 3584 inlerretur
1761 3530 1814 3585 in

222 3620 613 3675 teutationem.
644 3618 749 3672 Sed
781 3618 832 3672 in
858 3634 925 3673 eo
949 3619 1214 3689 praecipue
1242 3619 1383 3675 illius
1407 3621 1585 3675 elucet
1611 3621 1818 3676 humili-

222 3717 313 3765 tas
341 3725 468 3764 cum
509 3709 578 3764 de
620 3708 849 3763 venditis
885 3709 1227 3765 lacullatibus
1275 3725 1578 3778 sermonem
1631 3712 1811 3766 habet.

224 3798 251 3837 δ
268 3800 580 3857 Conﬁtetur
597 3801 838 3856 hilariter
852 3801 1250 3857 misericordias
1265 3802 1498 3869 Domini,
1515 3814 1569 3857 et
1586 3810 1818 3857 tantum-

1857 1944 1869 1954 .
1897 1906 2114 1964 cerent,
2145 1914 2266 1952 cum
2294 1899 2364 1953 ad
2392 1911 2417 1950 ει
2442 1900 2736 1969 ingressum
2774 1911 2829 1957 et
2864 1904 3084 1972 januam
3132 1905 3473 1962 solummodo

1897 2002 1957 2043 se
1986 1988 2312 2057 pervenisse,
2343 2004 2450 2044 non
2488 1989 2554 2043 ad
2602 1999 2830 2057 metam,
2860 1993 3212 2049 existimaret.
3256 1995 3473 2067 Tempo-

1898 2077 2106 2140 ralium,
2140 2078 2331 2146 inquit,
2366 2088 2385 2115 τ
2411 2095 2525 2151 qua:
2553 2081 2607 2134 in
2635 2080 2731 2135 hoc
2757 2084 2926 2136 seculo
2955 2084 3205 2137 habentur
3224 2084 3473 2142 bonorum

1901 2169 2098 2221 relictio
2128 2168 2231 2221 sive
2268 2169 2570 2236 distractio,
2618 2187 2722 2224 non
2751 2172 2993 2227 decursus
3033 2175 3210 2240 stadii,
3251 2175 3342 2229 sed
3390 2177 3476 2230 in-

1903 2274 2138 2327 gressus;
2170 2275 2261 2311 nec
2285 2267 2341 2311 ut
2365 2268 2522 2327 meta,
2548 2260 2639 2313 sed
2656 2261 2825 2331 janua
2852 2272 2947 2316 est.
2981 2261 3102 2317 Non
3126 2266 3259 2318 enim
3281 2266 3477 2320 athleta

1906 2360 2010 2403 tum
2040 2349 2196 2404 rincit
2231 2367 2344 2405 cum
2372 2353 2598 2419 exuitur,
2639 2354 2728 2424 qui
2764 2353 2877 2408 ideo
2916 2355 3140 2415 nudatur
3186 2366 3242 2410 ut
3266 2358 3479 2425 incipiat

1906 2440 2184 2505 dimicare,
2211 2458 2326 2494 cum
2351 2441 2572 2513 legitime
2607 2445 2876 2497 certaverit
2908 2446 3256 2500 coronandus.
3290 2446 3358 2500 Et
3385 2465 3481 2501 na-

1907 2540 2046 2603 tator
2065 2549 2268 2586 amnem
2289 2535 2640 2603 interpositum
2661 2544 2991 2605 superaturus
3011 2539 3243 2601 exuitur;
3285 2556 3377 2593 nec
3400 2548 3485 2594 ta-

1910 2636 2024 2673 men
2055 2620 2148 2674 hoc
2177 2630 2318 2676 tanto
2340 2633 2594 2691 apparatu
2618 2624 2753 2693 quod
2780 2640 2835 2678 se
2876 2626 3226 2694 dispoliarerit
3245 2635 3484 2681 transna-

1913 2708 2062 2776 tabit,
2092 2712 2193 2763 nisi
2217 2713 2368 2764 totius
2398 2715 2626 2781 corporis
2655 2715 2792 2780 nisu,
2821 2721 2872 2767 et
2900 2717 3128 2768 omnium
3162 2718 3293 2771 scita
3323 2718 3486 2773 mobi-

1914 2800 2060 2854 litate
2088 2801 2459 2865 membrorum,
2488 2804 2732 2873 propulsu
2765 2805 2983 2875 pedum,
3030 2816 3079 2861 et
3108 2810 3319 2881 remigio
3364 2810 3487 2865 bra~

1916 2889 2169 2957 chiorum,
2200 2902 2247 2945 et
2287 2892 2464 2947 lateris
2491 2894 2680 2964 illapsu
2710 2898 2950 2950 torrentis
2976 2898 3218 2969 impetum
3248 2902 3484 2969 scindat,

1915 2993 1965 3036 et
1985 2983 2211 3039 laborem
2251 2985 2534 3038 natationis
2574 2986 2869 3041 exhauriat.
2900 2986 3099 3043 Eodem
3129 3004 3289 3045 sensu
3321 3001 3343 3028 ³
3374 3009 3487 3063 per.

1916 3076 2178 3144 sequitur,
2210 3076 2495 3145 allegorice
2522 3085 2797 3148 exponens
2822 3079 3166 3138 luctationem
3195 3086 3296 3156 ιε
3322 3083 3488 3143 Jacoh

1914 3165 1981 3221 de
2002 3176 2160 3221 nocte
2196 3181 2316 3221 cum
2357 3168 2566 3236 angelo,
2600 3177 2839 3225 torrente
2881 3180 3039 3226 antea
3072 3174 3405 3239 transmisso,
3435 3184 3489 3235 et

1912 3259 2199 3329 praemissis
2226 3275 2471 3315 curarum
2495 3276 2713 3317 suarum
2742 3263 3010 3318 oneribus.
3037 3263 3118 3319 Ad
3141 3264 3490 3333 Augustinum

1912 3348 2151 3404 scribens
2172 3349 2431 3404 assimilat
2450 3365 2509 3406 se
2529 3351 2753 3419 homini,
2771 3352 2862 3420 qui
2893 3354 3225 3408 vestimentis
3255 3369 3488 3411 oneran-

1916 3438 2055 3493 tibus
2080 3455 2138 3494 se
2166 3440 2314 3495 exuit
2340 3448 2400 3495 ut
2426 3439 2642 3494 fluvium
2672 3440 2922 3509 trajiciat.
2974 3441 3206 3507 Idcirco,
3239 3444 3407 3513 inquit
3441 3447 3489 3513 ί,

1914 3546 2006 3600 ego
2029 3530 2196 3585 levare
2216 3547 2295 3584 me
2305 3532 2542 3595 sarcinis,
2557 3539 2605 3585 et
2626 3533 2938 3586 uestimentis
2964 3535 3293 3589 onerantibus
3306 3552 3492 3592 eruere

1916 3618 2113 3689 curari,
2136 3629 2192 3674 ut
2228 3621 2481 3675 undosum
2509 3621 2604 3675 hoc
2646 3622 2782 3693 quod
2807 3623 2943 3676 inter
2982 3640 3075 3677 nos
3104 3632 3154 3678 et
3182 3623 3346 3680 Deum
3375 3644 3494 3696 pec-

1917 3717 2046 3770 catis
2085 3714 2529 3771 interlatrantibus
2578 3724 2825 3785 separat,
2869 3718 3137 3786 prtesentis
3174 3718 3290 3772 vita:
3326 3719 3492 3773 salum

1919 3810 2059 3867 omni
2096 3809 2285 3862 amictu
2311 3808 2485 3862 carnis
2514 3817 2563 3862 et
2602 3825 2725 3861 cura
2763 3808 2867 3861 diei
2890 3811 3166 3879 sequentis,
3194 3809 3405 3880 jubente
3445 3820 3496 3866 et

227 3892 399 3948 modo
424 3893 688 3962 gloriatur
712 3894 763 3947 in
785 3893 943 3949 laude
970 3894 1107 3964 ejus,
1124 3897 1378 3965 quoniam
1407 3897 1452 3951 si
1472 3897 1598 3968 quid
1619 3898 1819 3953 bonum
1920 3901 2197 3970 adjuvante
2235 3900 2455 3965 Christo,
2487 3901 2751 3971 expeditus
2779 3911 2999 3955 enatem.
3043 3902 3187 3955 Alias
3232 3913 3491 3972 prmterea

231 3984 296 4039 in
342 3985 457 4053 illo,
486 3987 554 4040 ab
584 3985 700 4055 ipso
728 3993 842 4052 est;
894 3993 950 4040 et
992 3988 1038 4041 si
1065 3986 1194 4056 quid
1232 3988 1510 4057 optimum,
1558 3988 1627 4043 ab
1654 3988 1821 4056 ipsius
1920 3988 2159 4059 ejusdem
2203 3990 2415 4059 generis
2461 3988 2640 4043 subdit
2681 3988 3071 4043 similitudines.
3106 3988 3235 4043 Hac
3262 3999 3339 4044 est
3378 3990 3493 4056 illa,

234 4075 523 4145 majestate
557 4085 659 4132 est.
690 4068 842 4131 Unde
878 4076 892 4113 ί
931 4077 1004 4132 illi
1027 4076 1140 4145 jam
1168 4078 1312 4133 leves
1342 4076 1540 4132 ﬁebant
1566 4080 1823 4146 angustia:
1923 4080 2095 4148 inquit
2118 4090 2166 4143 ιι,
2189 4082 2477 4151 profligatis
2499 4082 2713 4133 emenda
2738 4082 3062 4147 patrimoniis
3080 4086 3386 4152 margarita,
3407 4085 3499 4138 sed

232 4168 455 4238 quando
477 4169 797 4225 laudabatur
822 4187 835 4221 :
868 4169 999 4222 nihil
1027 4168 1170 4223 enim
1191 4168 1293 4223 sibi
1320 4168 1419 4237 ipsi
1440 4170 1690 4232 conscius
1708 4176 1827 4223 erat
1924 4186 2029 4223 non
2054 4171 2229 4222 statim
2249 4170 2434 4222 emitur
2457 4184 2571 4220 cum
2600 4170 2713 4237 ejus
2748 4170 2968 4238 pretium
2994 4179 3343 4239 prwparatur,
3373 4174 3498 4242 quia

235 4258 307 4314 de
333 4260 561 4330 proprio
598 4259 760 4323 bono,
795 4266 854 4313 ut
892 4267 1164 4329 tamquam
1200 4257 1540 4327 agnoscentis
1567 4257 1824 4327 pudorem
1925 4258 2162 4326 plurima:
2189 4258 2530 4312 interveniunt
2559 4258 2675 4310 huic
2702 4260 3003 4313 commercio
3032 4260 3355 4330 diﬂicultates
3373 4304 3389 4331 ,
3410 4270 3501 4317 aut

235 4346 495 4403 laudator
513 4357 861 4419 perurgeret;
894 4348 1017 4417 quia
1058 4363 1166 4403 non
1213 4348 1468 4416 seipsum,
1516 4346 1611 4401 sed
1636 4346 1827 4401 divina:
1926 4350 2065 4403 enim
2091 4364 2233 4403 mare
2274 4348 2565 4418 interjacet,
2597 4359 2688 4402 aut
2715 4350 2890 4419 prcedo
2916 4352 3195 4423 intercipit,
3229 4361 3318 4407 aut
3357 4355 3502 4426 cupi-

235 4439 499 4496 bonitatis
526 4457 747 4496 munera
770 4450 929 4510 atque
951 4455 1115 4510 opera
1145 4439 1421 4508 prmdicari
1445 4439 1822 4508 cognoscebat.
1857 4506 1894 4513 _
1928 4441 2045 4494 dior
2064 4442 2326 4510 pravenit,
2373 4448 2462 4493 aut
2490 4443 2764 4513 prtefertnr
2789 4443 3096 4509 opulentior.
3131 4442 3259 4499 Ideo
3284 4462 3348 4499 ne
3387 4447 3500 4500 exi-

235 4531 376 4587 Cum
408 4541 590 4587 tamen
619 4532 765 4587 hisee
793 4531 1042 4586 laudibus
1069 4538 1364 4585 tentaretur
1388 4531 1402 4582 ι
1440 4531 1643 4586 amicos
1670 4529 1828 4584 enixe
1857 4506 1904 4566 θ
1929 4534 2105 4586 stimes
2126 4531 2239 4601 jam
2266 4539 2316 4585 et
2354 4548 2679 4601 comparasse
2700 4549 2793 4586 nos
2814 4535 3060 4600 omnium,
3083 4536 3203 4606 quia
3228 4537 3365 4591 vides
3384 4555 3503 4609 pre-

236 4631 399 4692 rogat
427 4631 490 4677 ut
517 4622 601 4676 his
629 4621 964 4689 abstineant,
1016 4636 1085 4675 ne
1134 4629 1359 4690 peccent
1385 4621 1453 4675 de
1498 4620 1724 4675 caritate
1771 4620 1826 4675 in
1930 4624 2055 4677 tium
2083 4639 2438 4694 preparusse,
2476 4639 2639 4694 neque
2680 4624 2969 4695 wdiﬁcasse
3006 4627 3120 4697 jam
3145 4627 3371 4694 domum,
3422 4645 3505 4684 cus

238 4717 548 4782 caritatem,
577 4725 923 4786 peccatorum
955 4716 1096 4770 illius
1124 4715 1387 4769 sarcinam
1418 4713 1653 4784 pondere
1676 4713 1826 4768 inde-
1928 4711 2254 4782 atdiﬁcandw
2270 4712 2439 4766 locum
2456 4712 2687 4783 fecimus,
2710 4728 2825 4766 eum
2846 4714 3067 4767 visibiles
3082 4715 3309 4785 divitias,
3332 4718 3505 4787 supel-

239 4806 369 4862 biltc
396 4805 579 4861 laudis
605 4806 1025 4861 accumulantes.
1060 4804 1203 4860 Nam
1242 4814 1290 4859 et
1329 4805 1592 4859 inimicum
1636 4805 1827 4858 cautis-
1927 4805 2140 4868 lectites,
2169 4805 2457 4874 pecuniam,
2495 4805 2812 4876 patrimonia
2850 4806 2983 4859 velut
3021 4807 3259 4861 sordidos
3287 4825 3503 4880 aggeres

239 4898 372 4951 sime
402 4896 716 4961 intuebatur,
740 4904 799 4950 ut
827 4894 852 4934 ¹ι
884 4894 1163 4966 Augustini
1192 4895 1369 4950 verbis
1397 4903 1536 4961 utar,
1559 4902 1613 4949 et
1637 4893 1706 4948 ad
1731 4910 1826 4949 va-
1926 4902 1975 4948 et
2000 4896 2346 4965 importunum
2373 4894 2531 4948 rudus
2568 4896 2879 4965 egessimus,
2924 4903 2980 4949 ut
3005 4897 3058 4950 in
3085 4898 3237 4951 corde
3263 4909 3503 4971 purgato,

241 4988 432 5045 uitatis
461 4989 711 5043 obtutum
750 4988 1034 5043 tremebat.
1078 4985 1199 5040 Nisi
1245 4996 1381 5040 certo
1427 4996 1564 5039 statu
1611 4984 1624 5023 ¹
1662 4986 1835 5054 inquit
1934 4987 2083 5058 quasi
2104 4987 2158 5040 in
2198 4997 2335 5043 terra
2363 4988 2498 5053 viva,
2537 4987 2740 5056 firmius
2775 4987 3059 5042 stabilioris
3087 4989 3295 5058 aediﬁcii
3323 4991 3507 5060 funda-

240 5075 525 5144 Paulinus,
558 5078 833 5149 dirigentes
859 5078 1020 5131 animi
1050 5086 1307 5131 momenta
1342 5076 1602 5143 libremus,
1634 5075 1697 5130 de
1718 5078 1833 5147 ipsa
1934 5085 2106 5129 menta
2129 5074 2443 5145 jaceremus.
2468 5074 2759 5129 Vendendo
2781 5076 2939 5143 igitur
2959 5077 3139 5131 omnia
3160 5085 3215 5133 et
3232 5078 3505 5146 eroganda

243 5167 541 5222 humilitate
585 5169 846 5239 capiemus
888 5166 1208 5238 superbiam;
1249 5173 1298 5219 et
1338 5174 1601 5219 evanescet
1641 5166 1834 5236 species
1937 5164 2261 5237 pauperibus
2286 5181 2346 5221 se
2369 5165 2705 5222 solummodo
2728 5165 2954 5235 primam
2993 5168 3244 5237 prmcepti
3275 5181 3506 5234 evange—

241 5259 479 5329 pietatis,
509 5258 554 5312 si
583 5275 675 5327 per
702 5256 906 5311 laudem
925 5257 1243 5328 paupertatis
1272 5254 1481 5322 obrepat
1510 5256 1732 5324 inﬂatio.
1765 5254 1834 5310 Et
1933 5257 2023 5312 lici
2068 5263 2276 5327 partem
2316 5254 2691 5325 adimplevisse
2730 5255 2984 5326 putabat;
3033 5264 3088 5310 et
3133 5271 3253 5310 cum
3301 5269 3507 5321 magnze

242 5347 372 5420 quid
415 5347 648 5418 proderit
695 5348 926 5401 caruisse
969 5346 1183 5415 divitiis,
1213 5349 1256 5401 si
1290 5363 1611 5400 remanemus
1656 5347 1834 5402 divites
1935 5346 2096 5402 molis
2137 5359 2418 5416 superesse
2443 5344 2663 5399 verbum
2712 5352 2977 5409 cerneret,
3018 5342 3167 5412 Veni,
3209 5353 3258 5397 et
3296 5359 3507 5410 sequere

323 5517 348 5545 ⁸
374 5506 569 5563 Sacch.
604 5505 713 5560 Vit.
748 5503 954 5559 Paulin.
1003 5520 1056 5573 p.
1087 5502 1210 5573 664.
1287 5503 1547 5573 δίΡριιΙίη.
1589 5517 1676 5571 ep.
1720 5504 1772 5569 5,

1906 5504 1960 5557 5.
2041 5512 2061 5542 ε
2087 5501 2355 5573 Ερηιηη.
2389 5501 2485 5573 5.-
2516 5500 2543 5539 δ
2575 5500 2805 5573 august.
2828 5515 2922 5573 ep._
2961 5499 3049 5573 3i,
3098 5514 3152 5552 n.
3182 5496 3339 5573 6.“,
3367 5495 3503 5573 Ibid.

246 5577 269 5616 ι
305 5577 438 5632 Ibid,
517 5585 541 5622 ιι
576 5574 708 5642 Aug.
755 5589 840 5644 ep.
895 5565 1021 5644 l86,
1055 5590 1109 5626 n.
1134 5572 1237 5644 μ.
1313 5572 1351 5644 λιν
1378 5565 1702 5644 Paulin.ep.
1744 5565 1803 5627 $0

1900 5594 1925 5627 |.
1962 5574 2047 5644 il).
2134 5565 2314 5644 iibid.
2394 5565 2833 5644 i_Ep.}4,'n._i.
2861 5565 2877 5571 ’
2911 5569 2945 5644 ι.
2977 5567 3223 5644 Aug._ep.
3372 5582 3424 5620 n.

247 5648 264 5684 1
316 5646 524 5701 Paulin.
560 5635 765 5714 ep.v40,
789 5635 846 5700 ᾖ.
888 5643 968 5697 ll.
1001 5635 1011 5639 ’
1046 5652 1093 5714 ξιι-
1122 5641 1300 5714 Carm.
1331 5643 1418 5714 2d,
1450 5659 1500 5695 ν.
1545 5635 1666 5714 5οΚ
1747 5654 1777 5714 ft

1900 5682 1910 5698 .
1956 5643 2044 5709 5’2,
2077 5660 2130 5714 ῃ.
2170 5641 2298 5714 l9.__
2330 5650 2354 5677 θ
2542 5640 2714 5714 δέεὲη.
2764 5640 2797 5691 5
2837 5647 2891 5693 et
2920 5636 2970 5691 4.
3050 5648 3075 5686 ιι
3258 5635 3349 5703 24,
3382 5652 3435 5692 n.
3465 5635 3505 5692 3

238 5717 376 5773 eis.
454 5728 481 5767 «ι
521 5709 679 5780 Ibid,
711 5732 761 5769 η.
793 5715 843 5767 7.
925 5724 943 5755 r
986 5712 1115 5768 Ibid.
1196 5720 1216 5747 -
1256 5711 1414 5778 lbid.,
1450 5728 1503 5766 n.
1546 5713 1597 5766 8.
1684 5715 1695 5747 ι
1747 5711 1803 5782 ει

1900 5744 1919 5781 ι,
1968 5730 2019 5767 n.
2066 5711 2115 5765 4.
2195 5721 2219 5749 “
2260 5709 2355 5780 Ep.
2398 5709 2566 5778 2i,.n.
2599 5709 2684 5763 20.
