4056 6358
516 286 590 344 35
1536 283 1593 338 S.
1633 278 1972 337 PAULINUS
2009 279 2326 337 AOLANUS
2365 278 2754 337 EPISCOPUS.
3708 285 3786 345 δε

517 415 600 456 me
626 395 840 470 (Matth.
864 410 986 463 xxx,
1017 394 1130 467 2|),
1162 394 1316 450 istam
1345 393 1592 450 altiorem
1612 394 1981 451 difﬁcultatem
2011 402 2094 449 at—
2121 398 2173 460 Α
2197 395 2312 451 dete
2340 397 2589 467 quoniam
2639 411 2732 466 ego
2782 408 2896 447 sum
2936 390 3189 449 Dominus
3225 394 3243 466 (
3273 392 3424 451 Psal.
3459 413 3585 464 ιιν,
3638 396 3698 454 ll
3740 400 3786 472 ).

519 488 767 557 tendens,
792 487 1081 544 verebatur
1121 501 1189 543 ne
1230 487 1523 542 secundam
1573 503 1680 542 non
1711 494 1894 558 posset
1937 485 2100 557 perli-

518 594 663 635 cere.
694 578 820 634 Cum
840 577 1035 643 videas,
1059 577 1231 647 inquit
1252 587 1276 615 ει
1300 576 1369 631 ad
1397 577 1644 632 eumdem
1672 576 1931 633 Severum
1945 591 2101 631 suum

519 669 777 733 scribens,
829 678 1035 740 quanta:
1084 668 1235 722 molis
1282 669 1489 723 verbum
1539 668 1785 738 supersit,
1831 683 1945 720 cum
1992 669 2103 737 ipse

521 757 774 813 Dominus
821 758 1115 828 majestatis
1158 758 1424 828 adjiciat:
1461 755 1531 809 Et
1578 755 1710 829 veni,
1764 772 1972 827 sequere
2023 772 2104 810 me

524 845 714 918 (Ibid.)
747 863 761 900 :
795 845 960 901 Istam
1004 848 1175 918 potius
1220 846 1575 916 difficultatem
1624 844 1917 912 considera,
1947 854 1997 899 et
2028 840 2106 899 di-

523 934 688 989 latato
707 935 862 990 corde
889 937 1085 1002 metire,
1110 944 1232 989 tunc
1258 935 1512 1008 intelliges
1533 934 1763 1004 majores
1801 935 1892 988 tibi
1919 950 2103 988 causas

523 1042 619 1097 pro
648 1027 795 1082 nobis
827 1043 1097 1099 superesse
1121 1026 1506 1092 sollicitudinis,
1529 1043 1685 1099 quam
1728 1041 1838 1080 esse
1866 1026 2104 1098 gratula-

527 1118 702 1172 tionis.
737 1116 920 1172 Facile
940 1119 1077 1171 enim
1105 1116 1251 1172 nobis
1273 1116 1408 1171 bona
1427 1116 1501 1172 vel
1530 1132 1689 1171 onera
1721 1117 1960 1186 apposita
1986 1114 2104 1186 pal-

526 1209 655 1264 lium
681 1209 1052 1264 remittentibus
1083 1208 1384 1265 exciderunt
1430 1223 1449 1262 :
1486 1216 1536 1263 et
1560 1224 1672 1280 quas
1712 1207 1975 1262 nobiscum
2002 1223 2107 1261 non

529 1301 870 1356 intuleramus
906 1303 958 1356 in
989 1301 1123 1356 hunc
1162 1300 1440 1366 mundum,
1469 1316 1565 1354 nec
1601 1310 1894 1371 poteramus
1924 1299 2109 1368 eﬂ'erre

530 1393 815 1459 nobiscum,
859 1395 1007 1464 quasi
1042 1401 1277 1446 mutuata
1304 1392 1654 1455 reddidimus,
1679 1407 1770 1445 nec
1799 1399 1857 1443 ut
1884 1399 2047 1444 cutem
2073 1404 2107 1443 a

530 1498 686 1536 carne
706 1482 1062 1546 distraximus,
1085 1481 1177 1535 sed
1190 1489 1244 1534 ut
1264 1490 1455 1535 vestem
1475 1498 1507 1535 a
1527 1496 1742 1551 corpore
1761 1479 2104 1551 deposuimus.

599 1572 654 1626 '5.
695 1571 895 1627 Solerti
940 1572 1245 1627 humilitate
1290 1571 1513 1642 exponit
1555 1586 1616 1627 se
1661 1570 1900 1626 nondum
1927 1570 2108 1625 omnia

529 1661 853 1718 vendidisse.
884 1659 1012 1715 Non
1033 1662 1171 1714 enim
1198 1662 1471 1731 pecuniam
1502 1669 1733 1726 tantum,
1776 1660 1948 1729 inquit
1976 1657 2027 1727 δ,
2058 1666 2108 1729 et

2200 485 2392 540 Nonne
2429 494 2477 540 et
2504 486 2587 539 hic
2617 485 2811 540 videtur
2837 484 3006 539 dicere
3033 500 3049 539 :
3075 482 3200 539 Non
3222 486 3435 555 potestis
3461 486 3659 544 duobus
3686 490 3792 545 do-

2202 577 2355 630 minis
2381 577 2572 630 servire
2597 574 2809 645 (Matth.
2839 591 2910 640 vt,
2943 573 3031 644 ει)
3050 577 3072 629 ?
3092 572 3217 629 Non
3247 577 3387 631 enim
3410 580 3571 632 otium
3597 581 3791 635 suadet

2202 667 2297 721 hoc
2335 666 2504 741 verba,
2546 667 2632 737 qui
2670 669 2937 721 instanter.
2957 683 3110 721 orare
3135 677 3185 721 et
3210 667 3431 738 vigilare
3465 687 3559 724 nos
3609 682 3791 727 monet

2203 773 2269 811 ne
2294 759 2541 811 intremus
2569 758 2623 809 in
2653 758 2987 811 tentationem
3012 756 3225 827 (Matth.
3250 774 3393 825 xxvi,
3426 758 3551 829 4|);
3584 762 3678 815 sed
3697 780 3793 816 va-

2204 865 2371 902 carea
2396 848 2568 902 seculo
2591 856 2648 901 ut
2674 864 2981 916 occupemur
3006 847 3123 912 sibi,
3150 864 3332 902 vacare
3360 847 3424 902 ab
3452 850 3535 904 his
3566 853 3792 922 negotiis

2203 937 2382 1009 quibus
2404 937 2656 1006 implicati
2677 937 2901 991 otiamar
2922 936 3052 992 Deo.
3078 936 3263 1006 Itaque
3292 938 3573 1011 novitatem
3601 943 3719 996 vita:
3733 942 3791 995 in

2203 1024 2353 1080 nobis
2377 1026 2694 1095 aedificantes
2715 1042 2920 1080 necesse
2938 1036 3032 1091 est,
3050 1036 3105 1079 ut
3127 1035 3430 1082 vetustatem
3459 1028 3792 1085 destruamus

2207 1116 2384 1189 (Rom.
2414 1133 2486 1183 v1,
2518 1116 2603 1188 6);
2647 1126 2695 1171 et
2725 1119 2848 1187 quia
2884 1119 3082 1173 nullum
3114 1119 3336 1186 tenebris
3366 1137 3482 1174 cum
3511 1122 3708 1177 lumine
3740 1134 3792 1177 et

2206 1227 2512 1266 mammona:
2556 1226 2673 1265 cum
2712 1210 2916 1265 Christo
2961 1220 3129 1282 potest
3172 1229 3283 1267 esse
3321 1214 3686 1269 commercium
3714 1214 3793 1286 (ll

2209 1304 2329 1359 Cor.
2351 1320 2425 1372 v1,
2451 1303 2559 1373 15),
2585 1313 2783 1376 oportet
2802 1312 2858 1356 ut
2893 1305 3035 1357 novis
3058 1313 3228 1358 vetera
3256 1313 3539 1371 mutemus;
3569 1316 3623 1360 et
3649 1323 3792 1360 occu-

2207 1397 2432 1468 pationis
2451 1397 2647 1466 pariter
2677 1410 2739 1447 ac
2758 1395 3042 1449 vacationis
3067 1411 3251 1466 genere
3271 1413 3534 1462 converso,
3560 1399 3792 1468 implice-

2208 1502 2343 1550 mur,
2381 1485 2560 1555 quibus
2598 1485 2920 1551 vacavimus,
2968 1494 3018 1538 et
3062 1485 3287 1540 vicissim
3312 1503 3580 1554 vacemus,
3611 1489 3793 1560 quibus

2210 1577 2400 1649 fuimus
2426 1577 2679 1645 implicati
2706 1591 2723 1630 :
2756 1576 3040 1629 moriamur
3059 1575 3241 1647 quibus
3268 1564 3537 1641 ‘viximus,
3583 1585 3636 1632 et
3661 1578 3794 1632 viva-

2211 1684 2323 1721 mus
2344 1667 2569 1721 vicissim
2591 1667 2672 1721 his
2693 1665 2934 1730 operibus
2955 1681 3016 1719 ac
3049 1666 3237 1720 studiis
3272 1664 3452 1736 quibus
3476 1668 3672 1721 mortui
3696 1667 3791 1738 fui-

533 1754 743 1827 fundos,
773 1763 820 1807 et
846 1762 1122 1809 extraneas
1149 1753 1444 1824 facultates,
1468 1752 1561 1806 sed
1583 1753 1741 1806 etiam
1759 1752 1922 1805 animi
1950 1752 2113 1804 nostri

2224 1776 2330 1813 mus
2361 1776 2379 1814 :
2410 1775 2526 1813 cum
2563 1757 2679 1822 vivi,
2711 1771 2936 1811 essemus
2964 1758 3176 1822 mortui,
3198 1765 3248 1811 et
3284 1758 3663 1827 mortificantia
3706 1774 3794 1829 ge-

532 1850 769 1903 internas
808 1863 950 1918 opes,
981 1861 1095 1919 quae
1121 1861 1235 1900 vere
1274 1855 1454 1900 nostra
1480 1844 1773 1899 substantia
1817 1851 1922 1908 est,
1952 1841 2143 1914 possi-.

532 1937 712 1992 demus
737 1953 756 1991 :
785 1936 919 1990 hanc
948 1936 1180 2001 vendere,
1213 1935 1311 1990 hoc
1339 1943 1414 1989 est
1448 1934 1690 2009 alienare
1717 1950 1749 1987 a
1770 1932 1937 1996 nobis,
1968 1940 2113 1986 tanto

533 2030 707 2101 major
728 2028 983 2093 victoria,
1037 2035 1230 2099 quanto
1252 2027 1408 2081 altior
1452 2024 1724 2096 difﬁcultas
1764 2033 1843 2078 est
1887 2024 2115 2094 ingenita

536 2137 690 2192 quam
716 2121 953 2191 apposita
973 2136 1235 2191 separare,
1260 2127 1311 2173 et
1330 2120 1468 2173 intus
1486 2117 1653 2187 inﬁxa
1681 2115 1939 2181 divellere,
1962 2130 2115 2186 quam

537 2211 696 2280 afﬁxa
733 2213 1050 2264 extrinsecus
1072 2211 1321 2281 rrejicere.
1351 2209 1417 2264 Et
1449 2209 1575 2263 alibi
1608 2219 1653 2275 ο,
1706 2206 1863 2261 Nunc
1889 2221 2015 2276 opus
2040 2214 2118 2259 est

537 2310 595 2354 ut
613 2317 726 2372 qute
748 2317 859 2355 vere
899 2310 1078 2355 nostra
1107 2308 1226 2354 sunt
1264 2299 1617 2371 dependamus
1646 2297 1776 2364 Deo,
1802 2298 1897 2352 hoc
1924 2305 2002 2351 est
2030 2312 2119 2350 cor

540 2399 590 2447 et
617 2392 847 2446 animam
866 2401 916 2447 et
942 2409 1164 2464 corpora
1192 2402 1373 2447 nostra
1393 2391 1695 2446 exhibentes
1724 2391 1780 2445 in
1802 2390 2025 2444 hostiam
2045 2388 2121 2443 vi-

541 2500 686 2550 vam,
710 2492 766 2537 ut
784 2485 1031 2554 scriptum
1052 2492 1129 2537 est
1155 2481 1349 2553 (Rom.
1382 2498 1476 2549 xu,
1508 2481 1529 2534 Ι
1560 2481 1606 2552 ),
1638 2479 1886 2546 Domino,
1930 2493 2122 2548 nosque

541 2573 683 2649 ipsos
707 2574 1029 2646 aediﬁcantes
1047 2575 1097 2628 ei
1133 2574 1187 2628 in
1226 2572 1473 2645 templum
1499 2577 1755 2625 sanctum.
1800 2567 1962 2623 Orate
1985 2569 2126 2623 solli-

542 2669 652 2734 citi,
684 2667 857 2737 inquit
885 2666 1010 2721 alibi
1031 2662 1080 2729 ά,
1111 2674 1168 2719 ut
1186 2673 1331 2720 tanto
1350 2681 1440 2720 ore
1466 2662 1543 2719 vel
1561 2678 1773 2717 munere
1791 2660 1889 2715 Dei
1909 2660 2123 2732 dignum

434 2790 441 2799 ι
543 2773 635 2812 cor
671 2758 985 2827 accipiamus
1009 2798 1024 2823 ,
1061 2764 1110 2809 et
1157 2756 1245 2827 qui
1280 2756 1570 2825 accepimus
1614 2761 1923 2808 contemtum
1966 2751 2127 2820 patri-

545 2849 724 2914 monii,
756 2848 1068 2918 accipiamus
1088 2849 1243 2901 etiam
1271 2849 1436 2901 nostri
1463 2856 1792 2902 contemtum.
1824 2842 2017 2903 SetLet
2041 2858 2125 2897 su-

2216 1859 2405 1915 rentes,
2436 1866 2490 1903 in
2519 1850 2733 1903 mortuis
2754 1849 3048 1902 viveremus.

2284 1940 2337 1996 4.
2379 1940 2510 1995 Tam
2541 1939 2814 1994 humiliter
2831 1938 2898 1993 de
2926 1952 2985 1993 se
3032 1938 3276 1994 sentiens
3327 1937 3603 2005 Paulinus,
3637 1940 3690 1995 in
3721 1941 3794 1996 ni~

2216 2032 2330 2088 hilo
2356 2046 2416 2087 se
2435 2030 2554 2085 aliis
2582 2028 2930 2100 praaponebat
2960 2028 3052 2097 qui
3080 2042 3178 2084 sua
3220 2037 3590 2083 reservassent
3625 2030 3794 2098 bona;

2218 2133 2245 2171 κ
2272 2122 2542 2195 cogitabat
2565 2121 2708 2177 enim
2745 2119 3037 2175 divisiones
3071 2133 3190 2174 esse
3217 2118 3513 2187 gratiarum
3550 2127 3608 2174 et
3644 2136 3796 2176 men-

2217 2229 2372 2270 suras
2396 2212 2772 2278 donationum,
2802 2224 2937 2279 quas
2962 2218 3022 2264 ut
3050 2209 3102 2264 in
3149 2211 3394 2281 corporis
3415 2210 3498 2265 sui
3538 2213 3798 2271 membris

2218 2320 2356 2361 unus
2382 2311 2543 2373 atque
2571 2302 2712 2358 idem
2740 2302 3080 2371 dispensator
3107 2309 3365 2370 operatur
3411 2300 3691 2368 Dominus,
3720 2300 3797 2359 di.

2220 2409 2378 2450 versa
2417 2394 2471 2449 in
2516 2409 2614 2448 suo
2667 2392 2898 2462 carpare
2927 2391 3261 2461 distinguens
3303 2391 3512 2463 placitis
3558 2394 3797 2451 membra

2220 2484 2567 2549 muneribus;
2593 2481 2689 2538 sed
2709 2489 2765 2537 et
2784 2495 2984 2550 corpus
3011 2495 3176 2535 unum
3199 2494 3270 2534 ex
3295 2479 3607 2537 diversitate
3632 2492 3800 2537 mem-

2220 2575 2443 2631 brorum
2463 2581 2700 2638 struens,
2732 2579 2792 2627 ut
2812 2572 2937 2627 hinc
2958 2586 3174 2642 quoque
3195 2571 3364 2640 gratia
3378 2564 3530 2628 sacri
3558 2573 3799 2643 corporis

2223 2673 2500 2735 augeatur,
2524 2664 2571 2720 si
2597 2664 2877 2734 multiplex
2900 2664 3070 2719 virtus
3096 2664 3147 2717 in
3178 2677 3283 2718 una
3303 2678 3565 2735 compage
3604 2682 3794 2723 nume-

2222 2764 2391 2812 retur.
2421 2754 2689 2824 Sulpicius
2717 2752 2967 2819 Severus,
2993 2767 3155 2822 quem
3175 2762 3299 2807 cum
3327 2751 3555 2812 Paulino
3574 2755 3789 2826 junctis-

2224 2849 2358 2904 sima
2380 2847 2579 2919 prioris
2625 2846 2747 2902 vita:
2795 2845 3031 2901 amicitia
3077 2846 3403 2916 signaverat,
3454 2847 3649 2906 eodem
3690 2866 3800 2923 quo

548 2954 649 3011 pra
673 2939 806 2994 satis
837 2954 905 2994 ex
934 2937 1260 3009 Hieronymo
1288 2936 1769 2992 demonstravimus
1797 2945 1821 2972 ο
1847 2934 1989 2988 hunc
2016 2933 2124 2988 ler-
2226 2936 2482 2995 Paulinus
2517 2946 2761 3008 tempore
2801 2952 2862 2992 se
2906 2936 3017 2992 Deo
3058 2935 3285 3003 dicavit;
3315 2937 3411 2993 sed
3456 2941 3662 3010 praedia
3706 2958 3803 2998 sua

548 3028 874 3084 ventissimte
912 3026 1035 3083 lidei
1066 3028 1239 3083 virum
1276 3042 1386 3082 non
1429 3027 1605 3083 solum
1649 3024 1861 3082 divitias
1884 3066 1900 3093 ,
1948 3025 2041 3081 sed
2072 3031 2130 3079 et
2227 3028 2512 3086 conferens
2535 3028 2808 3095 Ecclesiae,
2830 3027 2919 3096 jus
2944 3027 3128 3083 utendi
3158 3027 3476 3099 lruendique
3494 3030 3597 3087 sibi
3624 3048 3802 3090 reser-

548 3118 785 3189 seipsum
813 3117 1043 3174 Domino
1068 3117 1355 3183 obtulisse;
1397 3117 1490 3186 qui
1516 3124 1706 3172 contra
1733 3115 1931 3171 diaboli
1960 3115 2124 3184 tergi-

2228 3121 2394 3177 vavit.
2436 3116 2663 3174 Omnem
2710 3117 2908 3186 ingenii
2950 3117 3032 3172 sui
3075 3117 3351 3173 solertiam
3395 3128 3453 3175 et
3488 3121 3805 3179 industriam

549 3209 910 3291 versationem
947 3223 1286 3279 nequaquam
1314 3208 1512 3279 pellem
1540 3224 1641 3278 pro
1667 3208 1840 3278 pelle;
1886 3207 1982 3263 sed
2009 3223 2129 3263 car—
2230 3213 2493 3270 adhibens
2520 3210 2777 3266 Paulinus
2796 3210 2847 3264 ei
2875 3208 3110 3279 palmam
3127 3208 3404 3277 adscribit,
3431 3211 3621 3267 dicens
3642 3212 3673 3250 ιι
3693 3214 3805 3269 for-

549 3315 666 3366 nes,
687 3316 784 3357 cor
800 3308 857 3356 et
885 3316 1029 3369 ossa,
1076 3303 1310 3357 animam
1358 3316 1511 3357 suam
1559 3308 1616 3356 et
1660 3300 1903 3355 membra
1948 3299 2128 3354 omnia

550 3390 663 3448 Deo
682 3392 1034 3448 consecravit.
1067 3390 1243 3453 Etiam
1263 3391 1389 3447 alibi
1416 3389 1574 3446 docet
1605 3388 1623 3428 ι
1648 3389 1939 3445 Paulinus:
1978 3387 2130 3442 Viam

550 3484 665 3539 vitae
688 3482 834 3538 nobis
856 3483 1157 3554 (Dominus
1180 3484 1199 3554 )
1234 3486 1700 3556 perfectionemque
1724 3483 1923 3537 virtutis
1946 3497 2048 3535 non
2073 3481 2131 3535 in

552 3571 828 3626 vendendis
858 3580 1055 3626 tantum
1082 3571 1291 3642 praediis
1329 3581 1380 3625 et
1416 3573 1593 3642 pretiis
1632 3571 1929 3642 erogandis,
1960 3569 2051 3623 sed
2076 3571 2130 3622 in

554 3664 635 3717 sui
672 3664 951 3718 sectatione
988 3666 1281 3736 proposuit,
1313 3673 1361 3717 et
1401 3665 1523 3736 quia
1558 3665 1802 3718 dixerat:
1835 3663 1961 3717 Cum
1986 3662 2133 3716 exal-

553 3763 695 3809 tatus
733 3755 878 3826 fuero
909 3757 1087 3809 omnia
1123 3756 1193 3809 ad
1229 3772 1311 3810 me
1339 3757 1543 3810 traham
1580 3755 1812 3826 (lohan.
1848 3770 1950 3819 xu,
1986 3752 2130 3823 32),

555 3847 671 3901 ideo
700 3846 864 3901 dicit:
896 3846 1046 3913 Veni,
1076 3864 1282 3919 sequere
1310 3853 1391 3901 me
1415 3846 1632 3919 (Matth.
1664 3862 1774 3911 nx,
1797 3844 1910 3915 2|).
1947 3844 2134 3898 Beatus

556 3940 643 4011 qui
664 3948 771 3993 tam
789 3941 1028 4009 proximo
1049 3939 1321 3994 intervallo
1354 3940 1584 4009 sequitur
1619 3947 1676 3991 ut
1700 3937 1838 3991 dicat
1864 3952 1880 3990 :
1904 3935 2137 3991 Adhtesit

556 4029 736 4083 anima
755 4046 870 4084 mea
904 4040 1021 4101 post
1046 4040 1095 4084 te
1115 4031 1133 4102 (
1156 4030 1304 4084 Psal.
1334 4042 1472 4097 Lxu;
1492 4027 1587 4098 9).
1620 4028 1770 4093 Quod
1807 4028 1900 4083 illa
1934 4036 2137 4081 tantum

557 4123 751 4176 caritas
780 4122 949 4176 dicere
985 4131 1171 4192 potest,
1199 4138 1314 4194 qua:
1358 4122 1483 4192 ﬁnis
1521 4104 1840 4192 prcecepti'et
1872 4120 2136 4193 plenitudo

557 4212 688 4283 legis
712 4221 790 4266 est
817 4210 994 4285 (Rom.
1025 4224 1146 4278 nu,
1180 4212 1302 4282 l0);
1333 4213 1388 4266 td
1407 4222 1483 4267 est
1512 4213 1575 4267 de
1594 4213 1747 4267 corde
1774 4230 1903 4283 puro
1932 4223 1981 4267 et
2001 4212 2138 4266 bona

561 4302 901 4369 conscientia,
923 4312 971 4355 et
999 4302 1103 4371 ﬁde
1132 4317 1237 4355 non
1274 4302 1440 4372 ﬁcta(
1468 4303 1494 4353 1
1527 4301 1659 4355 Tim.
1692 4318 1710 4355 ι
1730 4342 1746 4367 ,
1780 4300 1844 4370 5)
1874 4317 1928 4355 se
1950 4302 2025 4354 ita
2063 4302 2141 4354 in-

561 4392 688 4445 serit
714 4400 764 4445 et
791 4393 953 4462 afﬁgit
979 4390 1109 4460 Deo,
1141 4400 1197 4444 ut
1217 4392 1349 4467 nihil
1374 4401 1525 4467 extra
1553 4392 1717 4447 Deum
1739 4408 1922 4449 amans
1952 4392 2090 4445 dicat
2119 4407 2137 4445 :

2230 3307 2341 3362 tius
2366 3318 2491 3361 esse
2522 3301 2869 3358 manentibus
2905 3314 3065 3369 quam
3106 3301 3353 3356 alienatis
3381 3302 3540 3358 rebus
3578 3320 3807 3370 eam;

2231 3403 2290 3452 et
2313 3407 2575 3466 spernere
2613 3392 2763 3462 quod
2804 3391 3048 3456 habetur,
3080 3405 3240 3460 quam
3273 3407 3380 3446 non
3427 3392 3625 3449 habere
3664 3396 3810 3466 quod

2230 3487 2301 3543 sit
2325 3483 2719 3557 spernendum;
2770 3482 2950 3553 itaque
2977 3482 3175 3536 nullam
3206 3482 3259 3537 in
3287 3498 3346 3538 se
3376 3497 3493 3539 esse
3519 3485 3810 3554 perfectio-

2231 3594 2356 3634 nem
2393 3591 2511 3648 qua:
2554 3574 2818 3639 laudetur,
2861 3572 2957 3628 sed
3003 3572 3368 3628 inﬁrmitatem
3416 3588 3535 3644 qua:
3578 3590 3808 3631 excusa-

2238 3670 2385 3724 tione
2406 3675 2639 3736 tegatur.
2670 3663 2726 3719 In
2773 3663 3018 3718 laudibus
3046 3663 3145 3717 sibi
3170 3678 3199 3716 a
3228 3663 3430 3719 Severo
3461 3664 3619 3731 datis,
3644 3669 3813 3722 variis

2233 3758 2405 3814 modis
2433 3758 2594 3812 etiam
2615 3756 2849 3825 seipsum
2869 3754 3112 3825 despicit.
3142 3753 3264 3808 Nisi
3293 3757 3444 3826 forte,
3475 3755 3649 3825 inquit
3683 3758 3729 3827 ί,
3759 3760 3813 3813 id

2234 3864 2428 3921 quoque
2471 3848 2657 3902 altiore
2689 3846 2894 3917 pietatis
2933 3845 3146 3904 consilio
3187 3846 3370 3916 facias,
3401 3854 3456 3897 ut
3484 3846 3609 3899 dum
3642 3849 3816 3902 aliena

2233 3939 2381 3995 nobis
2408 3940 2543 3993 bona
2571 3935 2732 3992 verbis
2752 3936 3282 4008 indulges,stimulum
3308 3936 3521 4007 pudoris
3542 3953 3814 4009 suggeras,

2236 4041 2293 4086 ut
2318 4031 2543 4103 legentes
2573 4029 2708 4100 quod
2737 4044 2850 4082 esse
2881 4027 3118 4081 debemus
3140 4026 3261 4081 boni
3294 4043 3403 4081 esse
3434 4027 3714 4094 discamus,
3739 4032 3817 4082 iii-

2239 4132 2504 4194 tamurque
2525 4137 2619 4175 nos
2642 4120 2800 4191 juxta
2825 4135 3109 4173 sermonem
3129 4135 3276 4172 suum
3301 4136 3563 4189 promere;
3585 4129 3636 4173 et
3661 4122 3819 4190 [οι-δί-

2239 4223 2327 4269 tan
2354 4213 2608 4284 possimus
2629 4211 2761 4281 effici
2790 4209 2927 4281 quod
2958 4225 3059 4263 non
3093 4209 3309 4263 sumus?
3333 4209 3453 4262 dum
3476 4207 3821 4264 erubescimus

2239 4321 2343 4359 non
2363 4318 2473 4358 esse
2500 4302 2637 4374 quod
2657 4302 2895 4355 dicimur.
2929 4298 3147 4354 Interim
3174 4309 3342 4353 tamen
3363 4300 3483 4353 dum
3506 4302 3823 4354 conscientia

2240 4413 2343 4450 non
2370 4394 2604 4465 agnoscit
2627 4391 2787 4462 ﬁdem
2815 4392 3063 4445 sermonis
3086 4391 3178 4453 tui,
3204 4389 3616 4444 blandimentum
3645 4407 3824 4462 asper-

564 4478 636 4533 Et
662 4495 754 4550 ego
775 4496 975 4552 semper
1003 4489 1167 4534 tecum
1196 4480 1367 4550 (Psal.
1398 4466 1560 4547 nixu,
1587 4480 1701 4552 25).
1732 4483 1834 4551 19
1859 4480 2033 4544 Quare
2070 4490 2142 4534 to-
2171 4503 2216 4564 υ
2242 4494 2397 4539 natur
2416 4482 2739 4538 verecundia.
2772 4480 2937 4535 Extra
2964 4480 3176 4550 culpam
3204 4495 3312 4535 non
3344 4488 3521 4535 essent
3548 4479 3823 4549 plerique,

566 4578 646 4623 tus
672 4567 817 4623 labor
836 4579 885 4623 et
903 4569 1111 4641 plenum
1132 4586 1260 4639 opus
1289 4569 1435 4625 nobis
1464 4572 1518 4625 in
1538 4569 1861 4626 observantia
1887 4579 1935 4624 et
1966 4570 2019 4623 in
2050 4586 2141 4623 ea:-

566 4659 875 4730 spoliatione
907 4661 1074 4715 cordis
1110 4662 1275 4715 nostri
1311 4670 1422 4728 est,
1468 4662 1614 4732 cujus
1646 4661 1905 4729 tenebras,
1934 4663 2010 4715 vel
2049 4658 2142 4712 ab-

567 4758 767 4805 strusas
786 4752 838 4804 in
860 4767 919 4805 eo
948 4751 1146 4804 inimici
1165 4751 1389 4807 latebras
1412 4752 1583 4807 videre
1597 4770 1701 4807 non
1720 4768 2011 4824 possumus,
2042 4750 2144 4806 nisi

567 4838 818 4910 defwcato
841 4838 904 4893 ab
932 4849 1260 4894 externarum
1285 4858 1455 4897 rerum
1481 4844 1617 4897 curis
1637 4844 1810 4897 animo
1835 4852 1884 4897 et
1913 4845 2052 4897 intus
2075 4843 2145 4896 ad

567 4934 895 5002 semetipsum
917 4950 1179 4990 converso.
1227 4933 1611 5006 zEdiﬁcaturus
1637 4951 1731 4990 nos
1760 4935 1946 5007 (Deus)
1975 4951 2035 4989 eo
2054 4936 2144 4988 iti-

570 5040 694 5078 nere
713 5041 812 5097 quo
840 5035 957 5093 post
982 5043 1039 5081 se
1058 5036 1224 5093 vocat,
1257 5029 1357 5083 isto
1386 5043 1540 5096 opere
1570 5037 1834 5099 praeparat
1871 5045 1990 5101 quo,
2014 5044 2141 5082 ven-

568 5114 694 5170 ditis
733 5116 881 5171 rebus
903 5156 920 5182 ,
973 5118 1169 5173 absolvi
1211 5120 1354 5185 prius
1392 5118 1574 5172 suadet
1602 5134 1621 5172 :
1650 5136 1870 5190 quarum
1904 5136 2030 5173 cura
2066 5119 2147 5174 vel

570 5224 740 5275 amor,
761 5210 1005 5281 quoniam
1027 5210 1211 5263 mentis
1237 5210 1399 5278 ipsius
1420 5210 1722 5280 perstringit
1749 5212 1932 5272 aciem,
1958 5219 2010 5263 et
2037 5212 2148 5263 ani-

572 5315 710 5353 mam
731 5298 799 5353 ab
816 5298 1145 5355 interioribus
1163 5300 1269 5353 suis
1297 5296 1573 5353 abductam
1595 5299 1664 5352 ad
1698 5300 1958 5354 exteriora
1997 5298 2143 5352 solli-

572 5390 714 5457 citat,
746 5391 872 5445 dicit
890 5393 1045 5446 etiam
1084 5392 1226 5446 nobis
1265 5408 1354 5463 per
1395 5390 1710 5461 Prop/telam
1737 5408 1754 5446 :
1786 5391 1980 5445 Vacate
1999 5399 2047 5445 et
2070 5391 2145 5445 vi-

650 5622 675 5651 ³
713 5612 1009 5687 Ερκῖῂη.
1040 5617 1090 5671 5.
1164 5617 1193 5658 ιι
1226 5616 1323 5687 Ep.
1365 5618 1452 5683 40,
1519 5634 1574 5673 n.
1607 5619 1691 5672 ll.

575 5682 663 5749 ει,
703 5682 773 5737 ιι(
807 5682 864 5753 9,
894 5686 951 5739 ll
984 5695 1039 5741 et
1079 5687 1163 5741 12.
1239 5682 1286 5737 δ’
1309 5682 1509 5744 Paulin.
1536 5705 1623 5759 ep.
1650 5688 1739 5756 24,
1768 5704 1821 5744 η.
1855 5682 1908 5740 Ξ.

1773 5628 1795 5657 e
1821 5615 1920 5684 Ep.
1950 5615 2037 5680 at,
2066 5631 2119 5669 η.
2150 5616 2202 5671 6.
2277 5611 2302 5651 ά
2334 5612 2429 5684 Ep.
2455 5611 2553 5684 to,
2576 5628 2635 5684 n_.
2666 5609 2753 5666 tt.

1986 5687 2011 5724 ιι
2051 5685 2207 5756 lbid.,
2238 5701 2288 5739 n.
2323 5683 2375 5737 4.

2240 4576 2333 4645 qui
2361 4582 2524 4630 tanta:
2551 4572 2897 4644 perfectionis
2921 4571 3217 4626 institutum
3240 4571 3570 4640 arriperent;
3602 4570 3649 4623 si
3679 4570 3845 4624 enim;

2242 4668 2531 4725 fortissima
2559 4667 2691 4723 tides
2720 4681 2829 4721 non
2855 4665 3058 4733 vigeat,
3084 4665 3306 4719 accedat
3339 4670 3521 4716 autem
3549 4660 3828 4731 quoddam

2247 4759 2668 4823 incommodum,
2701 4756 2917 4827 plurimi
2945 4754 3138 4810 animis
3166 4754 3341 4809 solent
3368 4751 3585 4819 cadere,
3623 4759 3679 4805 et
3699 4766 3828 4805 ero-

2243 4858 2491 4921 gatorum
2532 4848 2799 4903 bonorum
2837 4845 3106 4901 desiderio
3157 4843 3350 4899 teneri.
3381 4839 3487 4897 Sed
3536 4841 3589 4895 in
3639 4855 3831 4895 amore

2246 4939 2578 5011 paupertatis
2623 4946 2679 4993 et
2723 4937 3029 4993 divitiarum
3057 4943 3333 4991 contemtu
3357 4947 3572 5004 semper
3596 4945 3783 5003 parem
3813 4974 3832 4999 ,

2242 5045 2563 5101 generosum
2591 5037 2647 5087 et
2675 5036 3010 5085 constantem
3039 5043 3098 5083 se
3138 5026 3366 5097 przebuit
3393 5024 3669 5079 Paulinus.
3691 5021 3834 5078 Cum

2244 5123 2495 5190 Severus,
2528 5136 2689 5192 quem
2713 5120 2919 5191 jamdiu
2940 5119 3007 5174 ad
3036 5135 3095 5175 se
3119 5119 3381 5174 invitabat
3408 5117 3557 5173 Nol:e
3583 5116 3789 5186 degens
3813 5155 3831 5179 ,

2244 5212 2311 5268 ad
2338 5229 2461 5269 eum
2489 5212 2794 5282 scripsisset
2820 5226 2879 5266 se
2922 5210 3143 5266 credere
3172 5209 3247 5264 ita
3276 5223 3398 5264 eum
3428 5206 3665 5263 futurum
3709 5220 3836 5261 esse

2245 5306 2396 5362 brevi
2424 5319 2739 5377 pauperem,
2773 5312 2831 5357 ut
2855 5302 3079 5361 ulterius
3117 5319 3224 5358 non
3269 5301 3492 5356 auderet
3511 5300 3659 5354 illum
3690 5298 3836 5353 invi-

2249 5405 2367 5453 tare
2412 5415 2425 5449 :
2478 5395 2732 5450 Paulinus
2775 5393 3065 5463 respondet
3104 5393 3119 5443 i
3172 5394 3286 5449 haec
3332 5391 3603 5448 comitatis
3645 5390 3837 5460 iocum

2833 5619 2857 5647 ε
2896 5607 3115 5663 Hieron.
3148 5621 3235 5675 ep.
3267 5604 3355 5659 δι.
3379 5602 3453 5675 __f
3499 5594 3709 5658 Pauﬁ'n.
3742 5616 3838 5672 ep.

2462 5682 2474 5720 ι
2521 5673 2673 5749 tua,
2699 5680 2827 5736 11.1.
2908 5681 2920 5729 s
2969 5676 3139 5748 Epist.
3166 5673 3335 5740 n,n.
3369 5673 3458 5728 ιδ.
