4056 6358
226 289 289 345 57
1194 286 1227 315 ⁸

1587 280 2112 341 νηῡιεαοΜΕΝΑ.
3409 292 3483 349 58

227 412 378 465 esse;
406 403 462 452 et
489 395 689 450 fatetur
716 393 848 451 nihil
891 408 949 449 se
985 399 1284 463 pneoptare
1333 399 1495 445 tanta:
1543 378 1879 457 libertatis]
1911 400 1968 447 ut
1994 392 2131 447 sciat
2152 400 2410 462 quantum
2441 393 2511 448 ibi
2553 392 2806 465 diligatur
2833 403 2889 452 et
2917 396 3271 456 desideretur.
3301 400 3360 456 In
3392 418 3485 460 se-

227 496 405 558 bono,
437 504 559 545 cum
594 492 703 542 tam
740 488 925 542 intima
958 486 1297 542 circumcis’o
1321 485 1476 555 plena
1508 493 1650 539 esset
1683 500 1806 554 per-

229 584 407 640 fectio.
444 580 596 636 Nihil
632 580 872 634 habemus
909 581 1016 652 20
1044 578 1214 649 inquit
1240 587 1286 644 ⁸,
1322 580 1422 632 nisi
1444 579 1807 644 Christum;et

230 674 342 728 uide
361 673 408 727 si
435 671 567 725 nihil
580 671 877 737 habeamus,
900 671 985 740 qui
1005 670 1180 723 omnia
1206 667 1473 723 habentem
1494 668 1804 722 habemus...

231 771 279 817 et
293 770 502 834 propter
524 777 669 831 quem
697 760 741 813 si
772 759 901 813 nihil
933 759 1227 824 habeamus,
1258 760 1312 812 in
1341 759 1453 829 ipso
1481 760 1657 813 omnia
1685 773 1802 829 pos-

235 848 586 921 sidemus(11
613 846 732 914 Cor.
765 865 836 914 vt,
870 847 980 918 10).
1025 846 1182 902 Nunc
1219 850 1273 902 in
1306 850 1409 902 ista
1450 850 1715 919 spinarum
1760 856 1810 902 et

232 937 465 992 laborum
486 938 660 1004 humo,
693 953 754 990 ne
787 938 841 990 in
867 937 1057 991 hortuli
1088 936 1293 1009 quidem
1321 937 1524 1009 glebula
1545 955 1637 992 nos
1660 947 1811 994 terra:

232 1032 385 1085 limus
417 1038 585 1084 tenet:
617 1031 709 1082 sed
732 1031 930 1083 utinam
950 1031 1024 1083 ita
1048 1029 1218 1084 nullus
1239 1047 1271 1083 a
1291 1039 1500 1101 peccato
1528 1030 1674 1084 nobis
1698 1029 1813 1101 pul-

232 1123 311 1175 uis
337 1121 589 1174 htereret!
615 1118 681 1173 In
711 1119 988 1174 Dominum
1016 1122 1185 1187 ipsum
1206 1123 1477 1176 committis
1499 1121 1548 1184 ιτς
1582 1123 1625 1175 si
1661 1132 1813 1193 putas

237 1198 355 1265 tnui
376 1211 577 1264 demum
608 1211 899 1282 defuturam
924 1210 1071 1266 nobis
1091 1213 1209 1267 vita:
1228 1213 1460 1267 mortalis
1489 1214 1812 1279 alintoniam,

233 1317 350 1354 cum
379 1299 524 1355 nobis
560 1301 766 1367 coeperit
799 1300 938 1354 Deus
964 1318 1076 1355 esse
1102 1303 1360 1373 possessio
1381 1301 1565 1372 (Psal.
1605 1318 1694 1366 xv,
1723 1300 1810 1371 5).

860 1411 1087 1468 CAPUT
1124 1412 1193 1469 X.

234 1499 317 1556 De
329 1474 542 1556 Paulini
564 1504 896 1559 conversione
914 1513 963 1557 et
983 1511 1285 1573 paupertate
1312 1503 1420 1559 SS.
1439 1502 1688 1559 Ecclesia:
1712 1503 1818 1558 Pa-

841 1572 1048 1626 trumE
1051 1572 1208 1644 logia.

307 1661 361 1719 1.
402 1662 539 1718 Toto
572 1673 594 1703 ο
625 1662 899 1719 laudatum
928 1665 1061 1720 orbe
1098 1663 1380 1720 Paulinum
1420 1666 1714 1722 celebravit
1740 1667 1817 1722 la-

1905 482 2078 538 cunda
2099 483 2328 554 epistola
2362 498 2483 538 eum
2525 485 2593 540 ad
2623 500 2683 541 se
2722 487 2959 545 inritans
2986 489 3291 547 obtestatur
3318 499 3482 562 atque
3584 516 3597 525 ο

1907 574 2157 629 obsecrat
2181 574 2235 628 in
2258 574 2400 630 hunc
2426 576 2641 631 modum
2670 596 2683 630 :
2708 579 2727 630 ἰ
2759 577 2883 634 Non
2904 580 3225 654 impudenter
3242 588 3336 655 ego
3356 602 3483 657 rogo

1907 682 2013 731 vos,
2037 677 2085 718 et
2105 667 2328 735 postulo,
2355 675 2403 720 et
2430 667 2611 738 flagito
2635 679 2692 723 ut
2730 672 2785 725 in
2809 672 3060 744 Africam,
3086 675 3284 746 majore
3305 676 3485 732 talium

1909 755 2171 810 hominum
2198 757 2287 810 siti
2311 773 2466 827 quam
2506 759 2753 815 siccitatis
2782 763 3068 828 nobilitate,
3099 766 3202 837 21
3242 765 3488 821 laboran-

1911 852 2010 898 tem
2038 846 2206 899 venire
2227 845 2528 918 dignemini.
2563 848 2676 903 Scit
2704 849 2844 904 Deus
2868 854 2989 923 quia
3033 871 3137 908 non
3167 855 3336 909 solum
3367 872 3490 926 pro-

1910 946 2022 1005 pter
2048 935 2356 991 desiderium
2371 954 2558 1006 meum,
2581 955 2743 1011 neque
2761 941 2928 996 solum
2944 952 3157 1015 propter
3182 962 3269 1000 eos
3297 947 3384 1011 qui
3412 946 3489 1001 vel

1912 1042 2003 1096 per
2043 1042 2138 1080 nos
2178 1035 2399 1081 uestrum
2441 1030 2759 1100 propositum
2782 1071 2797 1096 ,
2828 1032 2907 1085 vel
2932 1033 3314 1106 undecumque,
3347 1037 3490 1107 fama

1912 1117 2226 1187 prtedicante
2257 1118 2574 1185 didicerunt;
2613 1120 2704 1175 sed
2748 1123 2905 1177 etiam
2933 1133 3144 1194 propter
3180 1135 3377 1182 ceteros
3404 1128 3490 1196 qui

1912 1208 2102 1277 partim
2122 1223 2224 1262 non
2249 1208 2484 1273 audiunt,
2512 1212 2703 1279 partim
2732 1212 2910 1266 audita
2932 1230 3034 1268 non
3064 1217 3298 1282 credunt,
3322 1224 3491 1269 tamen

1913 1306 2127 1368 possunt
2157 1308 2416 1369 comperta
2438 1301 2670 1371 diligere,
2702 1318 2790 1356 vos
2817 1304 2930 1357 istis
2964 1305 3116 1359 terris
3143 1305 3299 1359 etiam
3318 1322 3493 1376 corpo-

1915 1389 2095 1442 raliter
2123 1390 2304 1444 adesse
2323 1392 2574 1460 cupimus.
2594 1391 2729 1447 Tum
2751 1392 2818 1447 ad
2848 1391 3147 1449 Licentium
3174 1410 3329 1450 suum
3357 1395 3493 1451 scri-

1914 1480 2048 1535 bens
2068 1477 2095 1516 ¹ι
2116 1480 2219 1532 ait:
2247 1479 2391 1533 Vade
2418 1482 2472 1533 in
2494 1479 2855 1552 Campaniam,
2887 1483 3026 1538 disce
3055 1484 3331 1539 Paulinum
3351 1501 3496 1556 egre~

1913 1571 2056 1642 gium
2093 1580 2142 1623 et
2186 1580 2423 1624 sanctum
2464 1570 2563 1625 Dei
2592 1589 2813 1639 sentum,
2836 1588 2990 1645 quam
3027 1574 3281 1645 grandem
3306 1578 3496 1647 fastum

1915 1661 2073 1714 seculi
2097 1659 2250 1731 hujus
2279 1669 2421 1715 tanto
2449 1663 2794 1733 generosiore,
2840 1672 3030 1735 quanto
3069 1664 3344 1719 humiliore
3380 1681 3497 1719 cer-

234 1761 382 1808 ctum
411 1761 521 1807 tam
553 1753 760 1809 illustre
798 1763 854 1810 et
882 1756 1195 1825 gloriosum.
1237 1754 1667 1814 Prmstantissimi
1693 1757 1827 1827 quis
1845 1767 1892 1829 Β
1918 1751 2026 1805 vice
2058 1752 2416 1806 incunctanter
2453 1753 2762 1818 excusserit,
2792 1761 2848 1805 ut
2889 1769 3007 1807 eam
3043 1752 3281 1807 subderet
3306 1752 3498 1808 Christi

232 1857 342 1912 (lue
376 1844 631 1901 Ecclesia:
659 1846 757 1900 viri
784 1848 875 1916 qui
906 1856 1031 1903 tunc
1059 1848 1312 1903 vivebant
1340 1850 1467 1905 illud
1492 1850 1667 1904 mirati
1692 1855 1816 1904 sunt

233 1953 381 2008 pene
411 1938 664 2004 universi,
693 1946 748 1993 et
778 1939 959 1993 multis
986 1937 1236 1994 laudibus
1262 1940 1625 1996 celebrarunt.
1663 1938 1819 2006 Quod

233 2027 328 2084 ubi
357 2023 657 2096 cognovit“
688 2026 1027 2096 Ambrosius,
1075 2027 1332 2085 Sabinum
1378 2029 1663 2085 Placentia:
1703 2030 1818 2100 epi-

225 2132 463 2187 scopum
490 2118 670 2187 gaudii
700 2121 781 2173 sui
808 2120 1123 2190 participem
1153 2136 1275 2176 esse
1303 2122 1487 2187 voluit,
1513 2137 1674 2191 quem
1704 2122 1818 2192 plu-

231 2208 361 2262 rimi
401 2208 667 2265 l'acturum
721 2219 929 2266 tantum
976 2213 1289 2268 miraculum
1321 2212 1565 2284 profecto
1593 2214 1816 2270 sciebat.

226 2295 533 2366 Conjugem
563 2313 594 2352 a
622 2299 723 2353 viri
763 2302 1043 2370 proposito
1087 2317 1195 2358 non
1237 2303 1515 2358 discedere
1565 2311 1817 2371 testatur,

225 2394 291 2442 et
318 2389 591 2459 prmcipue
613 2389 666 2443 in
686 2405 755 2446 eo
783 2399 1046 2458 versatur,
1063 2401 1122 2447 ut
1148 2394 1361 2462 generis
1380 2394 1665 2465 splendore
1686 2396 1820 2452 adeo

232 2477 435 2532 nobilis
460 2477 562 2532 viri
596 2479 833 2535 animum
862 2490 917 2536 et
944 2482 1196 2538 virtutem
1223 2484 1593 2553 commendet,
1616 2486 1707 2555 qui
1730 2501 1824 2541 co-

226 2580 354 2620 ram
386 2566 694 2624 hominibus
730 2568 999 2625 Christum
1038 2579 1148 2627 tam
1184 2580 1500 2629 constanter
1531 2573 1820 2630 conﬁtere-

227 2665 348 2726 tur,
374 2665 432 2713 et
458 2666 657 2714 sancta:
683 2660 959 2730 religionis
987 2677 1052 2718 ac
1072 2664 1363 2720 severioris
1389 2665 1683 2735 disciplinae
1706 2666 1822 2720 cul-

154 2796 163 2805 .
228 2755 356 2802 tum
401 2756 593 2819 aperte
630 2750 993 2820 proﬁteretur.
1046 2751 1283 2823 Hujusce
1331 2755 1531 2824 egregii
1572 2755 1826 2811 facinoris

222 2839 665 2907 magnitudinem
696 2850 752 2897 et
783 2844 1033 2897 meritum
1060 2844 1254 2896 mirum
1283 2844 1337 2897 in
1366 2844 1585 2898 modum
1616 2845 1826 2900 extollit

222 2926 573 2995 Augustinus
599 2939 622 2967 ε
652 2930 797 2999 quod
828 2931 1022 2985 Christi
1058 2932 1276 3002 gloriam
1315 2933 1574 3004 appellat,
1607 2943 1661 2990 et
1687 2935 1827 2990 cari-

220 3026 409 3073 tatem
439 3019 669 3074 mirabili
708 3021 903 3090 gaudio
934 3037 1057 3077 eum
1082 3023 1246 3078 verba
1274 3023 1485 3079 Domini
1522 3025 1823 3095 adimplen-

1910 1844 2061 1913 jugo.
2085 1840 2153 1895 Et
2171 1842 2297 1898 alibi
2325 1857 2758 1898 commemorans
2791 1840 2810 1880 ι
2833 1857 2995 1912 quam
3018 1857 3208 1899 secure
3242 1842 3499 1912 gauderet

1919 1931 2174 1988 Paulinus
2200 1932 2415 2002 quando
2441 1932 2632 1987 Nolam
2657 1931 2821 1987 Gothi
2842 1940 3209 2000 vastaverunt,
3240 1932 3373 1987 nihil
3393 1933 3494 1988 ha-

1918 2024 2054 2080 bens
2091 2024 2236 2095 quod
2276 2025 2573 2092 amitteret,
2623 2039 2749 2081 eum
2786 2033 2967 2092 vocat,
3012 2041 3078 2079 ex
3108 2026 3498 2096 opulentissimo

1921 2117 2105 2183 divite,
2138 2117 2396 2171 voluntate
2433 2118 2855 2187 pauperrimum,
2897 2126 2948 2171 et
2992 2118 3343 2187 copiosissime
3370 2133 3498 2171 sau-

1919 2219 2076 2265 ctum.
2108 2220 2147 2248 ω
2169 2209 2322 2266 Hanc
2342 2210 2611 2265 bonorum
2633 2211 3029 2267 abdicationem
3053 2211 3206 2266 miris
3231 2218 3287 2266 et
3307 2210 3501 2268 debitis

1920 2301 2167 2357 laudibus
2176 2301 2758 2374 extulitﬂieronymus,
2777 2311 2836 2359 et
2846 2301 3091 2358 adhibuit
3105 2302 3263 2373 plena
3278 2301 3501 2372 prudelv

1922 2392 2009 2447 tia:
2040 2393 2262 2448 consilia
2290 2380 2484 2462 quibus
2503 2393 2783 2448 caritatem
2807 2393 2945 2448 illius
2963 2392 3335 2448 moderaretur
3358 2391 3502 2461 :jam

1925 2484 2171 2552 quaedam
2201 2484 2759 2551 commemoravimus,
2789 2485 2857 2540 de
2883 2485 2990 2540 alio
3016 2500 3116 2541 suo
3143 2484 3266 2540 loco
3293 2498 3502 2540 sermo-

1922 2589 2047 2630 nem
2077 2575 2355 2632 faciemus.
2386 2587 2413 2614 ι²
2439 2576 2653 2632 Juliano
2674 2578 3007 2634 nobilissimo
3028 2579 3145 2631 viro
3165 2572 3261 2631 SS.
3294 2576 3503 2631 Paulini

1924 2666 1979 2714 et
2016 2656 2345 2714 Pammachii
2388 2660 2637 2729 exempla
2675 2660 2961 2729 proponit,
3008 2662 3063 2713 et
3103 2674 3227 2713 cum
3277 2658 3504 2713 dixisset

1924 2747 2046 2803 illos
2075 2746 2325 2817 exemplo
2355 2754 2411 2803 et
2440 2747 2657 2817 eloquio
2681 2789 2697 2816 ,
2746 2748 2799 2802 id
2824 2752 2906 2804 est
2935 2762 3102 2818 opere
3143 2756 3199 2803 et
3226 2761 3498 2811 sermone,

1924 2852 2084 2908 posse
2111 2837 2177 2892 ad
2205 2838 2411 2907 majora
2448 2854 2571 2894 eum
2598 2837 2924 2909 perducere,
2952 2838 3138 2893 addit:
3172 2836 3381 2893 Nobilis
3408 2838 3504 2892 es?

1926 2938 1976 2982 et
2000 2926 2097 2993 illi,
2133 2927 2225 2982 sed
2262 2929 2314 2983 in
2344 2927 2549 2983 Christo
2578 2929 2887 2994 nobiliores;
2918 2928 3072 2983 Diues
3103 2936 3153 2983 et
3182 2928 3505 2983 honoratus?

1924 3026 1973 3071 et
1995 3017 2074 3071 illi
2104 3034 2122 3072 :
2152 3018 2309 3072 immo
2336 3034 2401 3072 ea:
2438 3017 2681 3073 divitibus
2705 3027 2755 3074 et
2783 3019 3049 3073 honoratis
3070 3010 3325 3091 pauperes
3350 3028 3401 3073 et
3420 3020 3502 3073 in-

224 3116 354 3161 tem
393 3107 711 3178 cou5picere
740 3109 890 3165 dicit.
925 3108 1178 3178 Gaudent,
1210 3111 1383 3181 inquit
1414 3110 1468 3180 τ,
1512 3115 1821 3185 infatigabi-
1847 3131 1892 3193 ο
1924 3108 2109 3178 glorii,
2140 3117 2193 3162 et
2235 3109 2429 3164 idcirco
2455 3108 2670 3163 ditiores
2710 3118 2761 3163 et
2802 3109 2970 3178 magis
2998 3108 3216 3179 inclyti,
3247 3109 3369 3179 quia
3406 3125 3503 3180 pro

227 3206 362 3250 διιεῖ
375 3206 427 3250 et
455 3196 785 3265 ine/I'abiliter
817 3201 1008 3267 fratres
1037 3210 1140 3253 tam
1168 3199 1404 3255 uberibus
1442 3213 1492 3256 et
1516 3212 1619 3256 tam
1647 3204 1819 3258 excel-

224 3286 458 3343 sentibus
481 3287 633 3342 donis
664 3287 779 3357 Dei,
805 3287 950 3344 bonis
982 3292 1098 3344 tuis.
1126 3301 1150 3335 κ
1172 3290 1388 3346 Fratres
1417 3310 1521 3347 non
1549 3294 1715 3348 solum
1734 3296 1820 3367 qui

227 3378 507 3433 nobiscum
529 3376 781 3445 habitant,
807 3387 856 3433 et
878 3379 963 3450 qui
984 3378 1192 3433 ubilibet
1211 3380 1501 3435 habitantes
1535 3380 1644 3437 Deo
1674 3384 1821 3453 pari-

228 3478 314 3522 ter
341 3469 599 3533 serviunt;
622 3468 713 3521 sed
736 3484 894 3539 prope
915 3485 1091 3523 omnes
1118 3471 1201 3539 qui
1227 3485 1322 3525 nos
1343 3472 1395 3524 in
1419 3469 1623 3527 Christo
1652 3472 1818 3526 liben-

230 3568 314 3611 ter
333 3566 601 3621 noverunt,
628 3557 875 3625 salutant,
901 3569 1227 3627 venerantur,
1259 3560 1571 3627 desiderant,
1613 3580 1819 3635 germa-

231 3649 476 3713 nitatem,
509 3648 893 3715 beatitudinem,
926 3650 1297 3705 humanitatem
1320 3660 1482 3706 tuam.
1501 3651 1525 3688 δ
1551 3650 1821 3708 Laudatur

232 3746 285 3790 et
312 3738 633 3792 benedicitur
659 3736 829 3805 Deus,
862 3738 1009 3809 cujus
1038 3742 1207 3812 gratia
1233 3751 1284 3794 tu
1316 3743 1433 3795 talis
1457 3760 1529 3796 es.
1564 3741 1645 3796 Ibi
1674 3745 1817 3799 exci-

235 3834 378 3880 tatur
407 3827 664 3893 Christus,
694 3836 750 3881 ut
772 3840 947 3883 ventos
974 3839 1022 3883 et
1047 3831 1216 3884 maria
1239 3830 1328 3885 tibi
1354 3832 1563 3904 placare
1584 3833 1820 3905 dignetur

237 3917 469 3971 tendenti
512 3919 582 3971 ad
619 3919 953 3976 stabilitatem
991 3937 1157 3977 suam.
1212 3922 1426 3977 Videtur
1465 3942 1497 3978 a
1537 3925 1820 3996 legentibus

241 4003 315 4058 ibi
342 4007 532 4077 conjua:
560 4024 665 4063 non
694 4010 807 4063 dua:
835 4011 903 4064 ad
934 4012 1201 4066 mollitiem
1227 4015 1335 4067 viro
1364 4031 1456 4069 suo
1485 4016 1577 4069 sed
1604 4016 1673 4068 ad
1711 4020 1820 4087 for-

241 4094 514 4153 titudinem
535 4101 697 4155 redux
730 4103 784 4156 in
818 4119 935 4157 ossa
956 4106 1051 4157 viri
1079 4107 1227 4159 sui...
1263 4105 1346 4159 Ibi
1372 4110 1511 4161 cedri
1544 4108 1731 4163 Libani
1753 4111 1822 4163 ad

240 4195 435 4241 terram
455 4189 718 4259 deposita,
748 4202 798 4246 et
826 4193 879 4246 in
908 4207 1045 4248 arca:
1066 4194 1318 4266 fabricam
1352 4200 1657 4268 compagine
1681 4201 1818 4252 cari-

239 4280 364 4332 tatis
392 4291 593 4345 erectte,
621 4284 799 4337 mundi
823 4284 972 4355 hujus
1001 4287 1186 4355 ﬂuctus
1216 4288 1596 4357 imputribiliter
1622 4300 1820 4346 secant.

238 4367 326 4422 Ibi
352 4370 526 4441 gloria
550 4380 608 4425 ut
645 4375 962 4445 acquiratur,
986 4380 1328 4432 contemnitur
1364 4396 1382 4433 :
1418 4389 1467 4433 et
1508 4381 1726 4435 mundus
1766 4389 1822 4436 ut

236 4460 560 4553 obtineatur,
598 4465 925 4553 relinquitur.
956 4466 1037 4521 Ibi
1077 4470 1304 4539 parvuli,
1337 4472 1441 4524 sive
1477 4473 1631 4525 etiam
1669 4491 1821 4544 gran-
1853 4493 1898 4553 υ

233 4549 463 4605 diusculi
488 4550 587 4622 ﬁlii
622 4552 903 4626 Babylonis
930 4557 1191 4612 eliduntur
1210 4561 1279 4613 ad
1315 4578 1493 4630 peram
1516 4602 1530 4629 ,
1563 4563 1683 4616 vitia
1718 4566 1821 4619 sci-

234 4642 359 4698 licet
394 4646 718 4716 confusionis
746 4648 1092 4721 superbiaeque
1111 4652 1376 4706 secularis.

307 4733 364 4788 2.
407 4735 479 4790 At
515 4737 712 4793 ardens
750 4738 1031 4809 Augustini
1068 4742 1121 4796 in
1151 4740 1431 4798 Paulinum
1462 4761 1631 4813 amor,
1662 4761 1823 4816 quem

236 4824 299 4880 in
331 4827 349 4865 ί
385 4828 563 4898 prima
591 4845 690 4885 sua
717 4832 784 4887 ad
806 4846 929 4888 eum
952 4849 1094 4890 anno
1123 4833 1229 4889 595
1245 4836 1368 4891 data
1392 4838 1618 4908 epistola
1646 4840 1825 4895 videre

236 4927 357 4985 est,
393 4920 597 4976 nullum
628 4929 833 4999 .potest
881 4924 1275 4981 incrementum
1316 4929 1589 4997 recipere,
1632 4936 1687 4983 et
1724 4928 1826 4984 sibi

236 5016 554 5070 carissimos
579 5025 779 5072 extunc
807 5019 857 5073 ei
886 5020 1289 5075 commendavit
1307 5063 1321 5087 ,
1355 5038 1579 5092 sperans
1607 5038 1730 5077 eum
1770 5030 1826 5077 et

236 5106 586 5160 sermonibus
609 5115 663 5161 et
685 5109 934 5177 precibus
956 5111 1185 5166 salutem
1210 5111 1421 5167 illorum
1442 5120 1822 5183 operaturum;

237 5194 396 5248 illum
418 5205 573 5266 rogat
602 5205 657 5252 et
687 5196 891 5267 ﬂagitat
915 5209 972 5253 ut
997 5201 1051 5255 in
1080 5201 1313 5257 Africam
1338 5205 1524 5258 venire
1551 5203 1822 5270 dignetur,

1925 3195 2127 3251 Christo
2148 3214 2401 3269 pauperes
2428 3209 2476 3253 et
2497 3200 2815 3256 inhonorati.

1993 3287 2044 3341 5.
2077 3287 2236 3344 Hisce
2265 3288 2435 3344 tribus
2460 3287 2715 3344 Ecclesiae
2761 3288 2967 3344 Latina:
3011 3288 3326 3344 doctoribus
3370 3288 3503 3343 sub-

1916 3377 2218 3448 iungendus
2246 3388 2329 3435 est
2357 3378 2593 3436 miriﬁca!
2611 3380 2913 3435 sanctitatis
2934 3378 3261 3434 Turonensis
3282 3378 3506 3433 antistes

1923 3481 1948 3508 ο
1978 3470 2255 3539 Martinus,
2282 3471 2375 3540 qui
2407 3471 2626 3527 beatum
2654 3471 2996 3525 existimabat
3021 3469 3261 3524 seculum
3287 3469 3374 3523 cui
3400 3466 3507 3522 tale

1922 3560 2045 3617 Iidei
2075 3571 2130 3617 et
2159 3561 2366 3616 virtutis
2391 3561 2697 3632 exemplum
2725 3560 3062 3629 contigisset,
3084 3558 3265 3628 illique
3288 3558 3508 3614 videbao

1922 3660 2008 3707 tur
2028 3651 2300 3715 Paulinus,
2323 3651 2544 3706 summis
2570 3650 2761 3721 opibus
2785 3650 3027 3721 abjectis,
3056 3648 3328 3705 Christum
3355 3665 3507 3706 secu~

1882 3788 1887 3793 .
1920 3752 2038 3809 tus,
2068 3743 2214 3799 solus
2242 3758 2381 3815 pene
2421 3743 2503 3798 his
2544 3743 2875 3813 temporibus
2902 3741 3210 3811 evangelica
3239 3749 3508 3811 prmcepta

1921 3836 2290 3907 complevisse.
2334 3833 2440 3891 Eos
2478 3836 2569 3906 qui
2597 3849 2656 3889 se
2683 3833 2920 3900 adirent,
2948 3840 3003 3887 ct
3030 3833 3296 3903 pnecipue
3339 3830 3508 3886 Seve-

1921 3943 2059 3992 rum,
2108 3928 2398 3983 autoritale
2434 3936 2603 3996 atque
2647 3926 3001 3981 admiratione
3042 3923 3249 3978 Paulini
3292 3936 3508 3991 semper

1924 4021 2242 4085 lacessebat,
2274 4020 2423 4075 illum
2449 4018 2802 4087 sequendum,
2831 4017 2978 4073 illum
3002 4016 3269 4070 clamabat
3297 4014 3509 4067 imitan-

1923 4108 2082 4174 dum;
2114 4108 2336 4178 ejusque
2384 4108 2690 4176 exemplum
2739 4106 3020 4174 ingerens,
3065 4104 3277 4157 dicebat
3322 4102 3509 4155 mundi

1922 4200 2082 4268 hujus
2104 4199 2383 4253 illecebras
2403 4206 2458 4253 et
2480 4197 2644 4252 seculi
2667 4211 2830 4250 onera
2852 4193 3218 4264 relinquenda,
3247 4201 3306 4247 ut
3323 4191 3506 4250 Jesum

1925 4287 2078 4344 liberi
2108 4288 2451 4359 expeditique
2477 4292 2847 4356 sequerentur.
2876 4282 3010 4339 Cum
3052 4282 3240 4338 Nolam
3267 4298 3327 4338 se
3355 4297 3508 4337 rece-

1926 4378 2090 4448 pisset
2119 4388 2146 4428 P
2176 4393 2311 4448 opus
2338 4376 2433 4432 Dei
2476 4377 2529 4431 in
2555 4390 2622 4431 eo
2660 4373 2950 4446 Campania
2981 4380 3093 4428 tota
3122 4380 3377 4427 venerata
3407 4382 3509 4428 est.

1924 4468 2069 4524 Inter
2096 4468 2405 4539 Hieronymi
2436 4482 2599 4538 opera
2628 4474 2804 4522 exstat
2833 4464 3087 4535 epistola,
3120 4476 3238 4533 qua:
3267 4462 3367 4532 ipsi
3394 4477 3511 4516 me-

1927 4563 2032 4618 rito
2061 4560 2414 4631 abjudicatur.
2445 4558 2512 4613 Et
2539 4558 2755 4628 quidem
2781 4572 2844 4611 ea
2872 4557 3072 4626 scripta
3098 4562 3180 4610 est
3206 4554 3332 4609 dum
3375 4551 3512 4608 Pau-

1929 4654 2068 4709 linus
2087 4654 2338 4723 illiusque
2357 4667 2494 4706 uxor
2508 4649 2681 4704 adhuc
2701 4649 2863 4703 vitam
2885 4654 3138 4715 agerent:
3161 4646 3300 4700 hanc
3320 4655 3348 4694 ιι
3370 4644 3513 4699 Gen-

1929 4744 2120 4800 nadius
2149 4742 2404 4797 adscribit
2433 4739 2692 4810 EutrOpio
2718 4739 3033 4810 presbytero
3053 4752 3214 4806 quem
3243 4736 3299 4789 in
3326 4735 3514 4791 ordine

1929 4832 2172 4901 Catalogi
2202 4831 2427 4886 Paulino
2456 4829 2746 4899 subjungit.
2775 4840 2796 4866 τ
2832 4827 3001 4882 Autor
3027 4828 3115 4881 ille
3144 4841 3264 4881 cum
3292 4825 3516 4882 dixisset

1930 4925 2125 4995 duplex
2156 4922 2459 4993 sepulcrum
2489 4921 2632 4991 quod
2679 4920 2780 4976 sibi
2808 4920 3045 4991 providit
3088 4919 3376 4984 Abraham,
3404 4932 3515 4974 non

1929 5016 2102 5071 solum
2132 5010 2497 5084 prmiigurasSe
2525 5011 2830 5082 sepulcrum
2860 5010 2914 5065 in
2961 5024 3069 5080 quo
3109 5025 3337 5080 corpora
3365 5024 3513 5064 mor-

1931 5114 2145 5161 tuorum
2192 5104 2466 5159 hominum
2514 5102 2887 5173 sepelirentur,
2941 5100 3035 5157 sed
3088 5088 3247 5154 etiam
3277 5101 3515 5168 signasse

1930 5201 2166 5271 quietem
2196 5212 2357 5268 quam
2384 5194 2485 5251 sibi
2512 5193 2614 5251 lide
2643 5210 2739 5249 sua
2768 5205 2824 5250 et
2851 5209 3014 5264 opum
3059 5200 3333 5249 contemtu
3361 5204 3511 5245 com-

320 5379 353 5446 I_
376 5368 546 5446 Epist.
568 5370 654 5437 ll,
685 5386 740 5425 n.
766 5370 852 5426 M.
872 5372 955 5446 Hb
986 5372 1042 5429 I-J
1067 5384 1175 5446 est,
1199 5393 1403 5446 peccas.
1484 5387 1504 5416 ε
1546 5336 1759 5446 Sulpic.
1796 5376 1991 5446 dialog.
2038 5377 2090 5438 5,
2122 5390 2171 5429 c.
2193 5372 2281 5426 20.
2358 5369 2669 5446 “Ambros.
2702 5386 2787 5441 ep.
2824 5369 2940 5446 30_._
2993 5380 3015 5407 ε
3046 5371 3268 5446 August.
3301 5366 3508 5446 ep._5l,

238 5457 303 5495 ιι.
323 5439 475 5515 6η]
506 5442 841 5515 Αυξςιιέῐεθι).
865 5442 954 5508 27,
981 5444 1109 5515 η.’2.
1162 5439 1382 5515 ίΗὺὶιΙ..
1410 5464 1463 5500 n.
1493 5447 1545 5499 6.
1624 5439 1831 5515 ιιἸὺὶά.,
1855 5462 1908 5500 n.
1941 5439 1994 5501 ἒ.

2076 5436 2092 5483 ί
2124 5447 2372 5529 Λευίς-,ενι
2397 5440 2579 5529 93-...9
2612 5436 2750 5529 ᾼυεῖ
2768 5456 2855 5529 ςερ-
2881 5441 2970 5529 at»
2995 5436 3347 5529 "-393-22-.-"
3372 5436 3508 5529 Aes-

236 5525 337 5633 ἵε).
383 5509 469 5574 36,
500 5526 554 5564 n.
588 5506 641 5564 5.
723 5506 908 5581 lAug.
937 5506 1029 5596 lib.
1062 5515 1129 5570 de
1156 5514 1314 5570 Civit.
1368 5506 1484 5581 Dei,
1514 5531 1564 5572 c.
1600 5515 1683 5603 Il).
1763 5506 2072 5571 m'IIieron.
2125 5506 2235 5584 ep:
2263 5506 2349 5566 I5.
2428 5520 2454 5546 ιι
2486 5506 2719 5567 Hieroni
2748 5506 2845 5593 .ep.
2897 5506 2984 5564 54.
3063 5517 3086 5543 ο
3143 5506 3343 5575 Sulpic.
3402 5506 3507 5563 Vit.

301 5589 408 5633 art.
460 5597 509 5633 c.
566 5580 655 5633 26.
730 5591 759 5633 P
803 5581 1005 5633 Pauhn.
1042 5598 1127 5633 en.
1177 5585 1229 5633 5-
1285 5602 1337 5633 η.
1383 5586 1471 5633 13-
1550 5586 1848 5633 «luennaci-
1892 5587 2062 5633 CalaL
2123 5585 2212 5633 49-
2291 5593 2313 5622 ν
2345 5582 2506 5633 Inter.
2558 5597 2646 5633 en.
2699 5579 2843 5633 "ICI‘.
2903 5588 3031 5633 tom.
3083 5575 3172 5633 IX.
3222 5592 3307 5633 en.
3360 5577 3394 5631 5
3445 5576 3507 5631 ad

301 5589 408 5635 art.
460 5580 655 5655 ego.
730 5591 759 5633 P
803 5575 1005 5639 Paulin.
1042 5598 1127 5654 ep.
1177 5585 1230 5653 5,
1284 5602 1337 5640 n.
1383 5575 1481 5642 15(
1550 5586 1819 5643 qtieunad

1919 5587 2062 5647 latal.
2123 5575 2212 5643 49.
2291 5593 2313 5622 τ
2345 5582 2506 5637 Inter.
2558 5597 2646 5654 ep.
2699 5575 2843 5635 Ilic'r.
2903 5588 3031 5634 tom.
3083 5575 3172 5641 IX,
3222 5592 3307 5646 ep.
3360 5577 3394 5631 5
3445 5576 3523 5631 ad

242 5648 496 5707 Geruntii
524 5648 670 5715 tilias,
