4056 6358
524 318 597 377 39
1541 306 1601 364 s.
1640 304 1979 364 pauuuus
2016 307 2332 366 somnus
2369 306 2764 367 Episcopus.
3721 308 3801 367 to

522 429 832 507 paravisse,
876 427 1062 485 addit:
1093 437 1118 467 ι
1146 424 1294 481 lstud
1320 422 1418 479 sibi
1456 425 1745 493 sepulcrum
1773 433 1824 478 et
1865 422 2117 477 Paulinus
2146 426 2196 488 Α
2224 440 2321 494 na,
2352 432 2413 480 ut
2441 425 2514 480 ita
2540 425 2735 492 dicam,
2768 422 2853 481 vel
2898 422 3059 480 stulta
3087 423 3248 479 verba
3294 421 3801 484 circumlatrabant.

525 537 702 583 noster
728 540 890 595 nuper
914 524 1024 594 ipse
1061 519 1254 575 divitiis
1281 533 1396 571 cum
1422 532 1517 569 sua
1544 514 1942 587 matrefamilias
1971 530 2115 569 com-

527 616 752 687 paravit,
775 614 860 686 qui
882 610 1259 668 conuersationi
1283 608 1443 662 seculi
1469 608 1749 660 morientes
1771 621 1804 659 a
1830 604 2116 659 mundiali-

529 706 622 761 bus
649 706 886 777 operibus
905 705 1021 775 jam
1047 701 1311 774 quiescunt
1330 740 1344 764 ,
1369 698 1573 752 dicente
1600 695 1847 767 Apostolo
1871 711 1890 748 :
1920 693 2115 750 Mortui

527 798 666 851 enim
695 797 850 860 estis,
880 802 929 848 et
956 794 1059 847 vita
1086 799 1254 845 vestra
1282 786 1587 843 abscondita
1634 795 1711 840 est
1752 802 1866 839 cum
1912 783 2116 838 Christo

529 890 587 942 in
614 888 723 942 Deo
748 885 882 957 (Col.
907 901 980 949 ιιι,
1006 883 1155 953 5)....
1190 881 1305 937 Hoc
1346 889 1421 934 est
1449 879 1581 934 illud
1609 878 1799 950 duplex
1828 876 2117 948 sepulcrum

527 977 799 1033 exterioris
847 975 1072 1030 hominis
1122 980 1171 1027 et
1219 972 1516 1037 interioris,
1568 971 1709 1041 quies
1755 985 1951 1022 una....
2002 966 2118 1021 Hoc

527 1069 818 1141 sepulcrum
844 1066 942 1122 sibi
971 1067 1164 1130 duplex
1206 1064 1610 1136 patresfamilias
1651 1063 1739 1116 isti
1765 1061 2115 1132 providerunt,

527 1161 615 1232 qui
634 1169 889 1224 senatum,
908 1158 1145 1222 honores,
1171 1155 1376 1213 divitias
1397 1153 1746 1225 relinquendo,
1771 1152 1956 1206 mortui
1981 1151 2121 1205 vide-

529 1254 833 1307 bantur.....
876 1249 1009 1303 Ecce
1038 1265 1198 1303 unum
1224 1246 1513 1318 sepulcrum
1557 1246 1612 1299 in
1659 1261 1756 1317 quo
1801 1242 2119 1298 conversatio

530 1342 715 1397 ueteris
739 1341 960 1395 hominis
985 1356 1099 1393 cum
1124 1337 1414 1407 crepundiis
1442 1352 1551 1391 sua:
1588 1334 1870 1390 nobilitatis
1905 1333 2122 1387 abscon-

532 1432 690 1486 ditur.
723 1430 952 1485 Sanctus
979 1428 1271 1483 Eucherius
1308 1426 1337 1465 δ
1367 1426 1435 1481 de
1463 1424 1780 1496 quibusdam
1829 1423 2124 1477 illustribus

531 1522 660 1577 viris
680 1535 985 1576 sermonem
998 1505 1230 1583 habens,
1249 1518 1339 1586 qui
1364 1515 1653 1572 contemtis
1674 1514 1864 1583 opibus
1883 1520 1939 1567 et
1959 1511 2126 1579 digni-

530 1611 729 1667 tatibus
751 1610 933 1666 omnia
964 1625 1061 1678 pro
1079 1608 1298 1663 Christo
1325 1605 1691 1674 reliquissent,
1718 1604 1795 1657 ait
1820 1620 1835 1655 :
1867 1600 2122 1655 Paulinus

530 1719 728 1775 quoque
746 1744 760 1769 ,
790 1700 1050 1770 peculiare
1090 1708 1138 1753 et
1169 1698 1373 1752 beatum
1401 1695 1590 1751 Galliae
1628 1703 1823 1750 nostra:
1849 1709 2127 1748 ornamen-

2217 514 2478 572 Pietatem
2501 516 2780 572 stultitiam
2804 516 3085 587 putabant.
3117 514 3174 569 In
3215 515 3467 587 operibus
3491 517 3631 572 servi
3661 534 3803 588 opus

2218 606 2314 662 Dei
2341 607 2692 672 lacessebant,
2716 607 2840 677 quia
2861 621 2983 663 eum
3004 606 3057 661 in
3079 607 3191 663 suis
3209 607 3415 663 actibus
3438 608 3801 679 spernebant;

2218 704 2373 751 erant
2399 696 2539 751 enim
2569 695 2829 763 inﬁdeles,
2862 702 2954 751 aut
2980 711 3047 752 ex
3074 697 3138 753 iis
3171 697 3262 767 qui
3284 695 3552 753 Christum
3578 699 3804 753 nomine

2218 786 2536 844 conﬁtentes
2564 796 2686 843 actu
2712 788 2997 857 negabant.

2289 880 2343 934 2.
2372 880 2505 935 Cum
2535 881 2587 935 in
2608 880 2895 935 solitudine
2923 876 3177 934 Paulinus
3201 876 3421 947 degeret
3448 878 3626 934 minus
3653 879 3804 934 hisce

2220 970 2731 1027 contradictionibus
2764 976 2878 1024 erat
2911 969 3193 1024 obnoxius.
3226 968 3296 1023 At
3322 967 3593 1038 Sulpicius
3635 968 3806 1023 Seve-

2220 1077 2332 1126 rus,
2361 1060 2537 1130 quiin
2580 1059 2933 1115 conversione
2979 1074 3101 1114 eum
3140 1067 3357 1113 secutus
3403 1058 3531 1113 licet
3558 1058 3803 1114 inferiori

2220 1150 2407 1220 gradu,
2447 1149 2461 1188 ι
2495 1149 2562 1204 de
2590 1150 2761 1220 patria
2790 1165 2896 1204 non
2926 1150 3267 1217 migraverat,
3297 1149 3575 1217 laborabat
3604 1160 3645 1187 ω
3664 1153 3803 1206 mul-

2219 1251 2335 1296 tum
2365 1249 2423 1297 ut
2447 1257 2545 1313 pro
2573 1257 2671 1297 suo
2700 1256 2764 1297 ac
2804 1241 3004 1295 Paulini
3034 1240 3175 1297 facto
3214 1243 3479 1297 rationem
3526 1242 3802 1299 redderet.

2222 1333 2299 1388 De
2328 1334 2411 1388 bis
2439 1333 2784 1403 conqueritur
2806 1333 2858 1387 in
2889 1332 3113 1403 epistola
3140 1333 3208 1387 ad
3235 1331 3515 1387 Paulinum
3543 1333 3694 1399 data,
3716 1335 3806 1405 qui

2225 1425 2275 1480 ei
2294 1424 2624 1496 respondens
2644 1440 2708 1479 ex
2731 1424 2898 1479 sacris
2917 1423 3132 1479 Litteris
3153 1424 3385 1479 ostendit
3404 1433 3431 1461 ιι
3451 1440 3614 1494 quam
3644 1438 3808 1492 grave

2224 1515 2296 1570 sit
2315 1530 2500 1570 eorum
2524 1516 2746 1579 crimen,
2774 1522 2829 1569 et
2856 1515 3074 1584 insuper
3100 1514 3283 1569 addit:
3312 1512 3532 1569 Obstrue
3562 1517 3734 1586 frater
3760 1525 3808 1569 et

2224 1605 2333 1674 sepi
2354 1620 2503 1658 aures
2524 1612 2639 1657 tuas
2658 1605 2821 1675 spinis
2843 1603 3030 1676 (Eccli.
3052 1621 3232 1671 xxvm,
3252 1603 3342 1675 28)
3369 1605 3438 1658 ad
3457 1605 3609 1659 verba
3631 1622 3808 1659 eorum

2226 1709 2340 1764 quce
2367 1703 2485 1748 sunt
2503 1696 2668 1761 spinte
2685 1704 2735 1748 et
2754 1697 2957 1766 sagitta:
2982 1693 3169 1759 sabuli,
3196 1698 3281 1767 qui
3302 1696 3356 1749 in
3374 1712 3551 1749 eorum
3575 1712 3808 1766 priscor-

533 1801 663 1857 tum,
687 1792 884 1861 ingenti
912 1790 1170 1860 quondam
1193 1788 1487 1842 divitiarum
1510 1802 1696 1850 censu;
1726 1784 1985 1839 uberrimo
2016 1782 2125 1836 elo-
2154 1796 2201 1856 Β
2227 1786 2328 1841 diis
2357 1787 2521 1841 latens
2561 1787 2839 1841 insidiatur
2887 1788 2941 1840 in
2970 1788 3167 1841 occulto
3213 1796 3269 1840 ut
3314 1789 3486 1857 rapiat
3533 1803 3809 1857 pauperem

532 1884 753 1957 quentia:
775 1884 916 1953 fonte
944 1882 1019 1934 ita
1046 1881 1101 1934 in
1128 1881 1441 1933 sententiam
1462 1887 1693 1933 nostram
1711 1877 2126 1947 propositumque

534 1974 793 2045 migravit,
824 1980 881 2024 ut
908 1971 1063 2025 etiam
1092 1979 1304 2024 cunctas
1323 1968 1603 2023 admodum
1627 1968 1806 2021 mundi
1829 1969 1932 2037 22
1953 1977 2126 2035 partes

535 2063 737 2135 eloquio
763 2060 1099 2132 operibusque
1127 2059 1445 2129 resperserit.
1468 2056 1668 2111 ldatius
1690 2057 1745 2111 in
1763 2053 2032 2110 Chronico
2061 2053 2129 2108 ad

536 2155 749 2210 Annum
777 2152 881 2206 423
905 2153 981 2206 ait
1003 2161 1026 2190 ο
1054 2170 1066 2204 :
1097 2150 1349 2204 Paulinus
1374 2148 1719 2203 nobilissimus
1748 2157 1797 2202 et
1822 2148 2128 2219 eloquentis—

536 2248 724 2312 simus,
757 2243 947 2299 dudum
976 2243 1304 2316 conversione
1344 2242 1400 2294 in
1451 2239 1617 2294 Deum
1663 2238 1886 2293 nobilior
1934 2241 2122 2309 factus.

540 2338 683 2410 Tyro
701 2336 932 2406 Prosper
945 2335 1012 2390 de
1032 2333 1222 2389 eodem
1238 2331 1463 2386 Paulino
1486 2338 1713 2386 testatur
1733 2330 1786 2384 in
1804 2330 1917 2385 haec
1930 2329 2091 2384 verba
2110 2347 2122 2381 :

538 2425 569 2464 ά
596 2424 904 2480 Admirabili
947 2424 1177 2494 exemplo
1211 2420 1428 2476 venditis
1457 2419 1708 2486 omnibus,
1736 2436 1851 2473 cum
1877 2430 2007 2473 esset
2033 2418 2129 2473 do-

539 2520 707 2573 minus
728 2514 1178 2572 innumerabilium
1199 2514 1531 2585 praediorum,
1549 2512 1846 2584 religionem
1861 2511 2128 2584 expeditus

539 2608 715 2680 elegit.

1163 2690 1393 2747 CAPUT
1431 2691 1523 2746 XI.

540 2769 788 2842 Proceres
836 2795 887 2840 et
938 2785 1196 2840 seculares
1255 2783 1353 2838 viri
1411 2781 1691 2836 Paulinum
1750 2780 2128 2851 imprudentem

608 2855 939 2937 dicunt._Ille
963 2856 1187 2926 reposita
1207 2853 1305 2909 sibi
1325 2852 1549 2907 ludibria
1577 2861 1874 2907 constanter
1898 2860 1949 2905 et
1977 2851 2128 2922 forti-

612 2936 690 2981 τοι*
713 2935 949 2981 sustinet.

570 3048 583 3065 ⁸
612 3060 667 3114 1.
700 3060 768 3114 At
792 3059 837 3114 si
860 3074 929 3114 ex
949 3073 1056 3114 una
1075 3065 1229 3129 parte
1248 3056 1701 3130 praestantissimis
1723 3055 1976 3113 Ecclesia:
2003 3056 2127 3111 viris

2228 1876 2512 1933 Christi....
2542 1886 2566 1911 ⁰
2594 1877 2636 1930 Τ
2636 1895 2668 1931 u
2698 1888 2867 1931 autem
2906 1878 3055 1933 homo
3078 1877 3178 1932 Dei
3206 1879 3325 1949 fuge
3364 1878 3426 1930 ab
3448 1879 3562 1932 istis
3585 1876 3642 1949 (1
3673 1876 3805 1932 Tim.

2226 1985 2297 2035 Vl,
2323 1969 2441 2037 ii);
2474 1985 2633 2040 neque
2660 1979 2716 2021 ut
2736 1968 3132 2038 sapientioribus
3159 1971 3408 2023 rationem
3429 1969 3642 2023 reddere
3662 1968 3809 2023 labo-

2228 2077 2331 2128 res,
2373 2076 2488 2113 cum
2514 2062 2648 2114 scias
2673 2078 2825 2131 penes
2855 2068 2903 2113 te
2943 2060 3256 2131 principium
3294 2077 3404 2114 esse
3428 2061 3699 2129 sapientia:
3726 2061 3810 2131 qui

2230 2152 2374 2203 times
2414 2148 2695 2204 Dominum
2726 2148 2895 2218 (Psal.
2921 2165 2969 2214 c,
3008 2145 3117 2218 i0).
3151 2150 3211 2204 Si
3239 2149 3450 2202 stultum
3489 2159 3675 2218 putant
3701 2165 3809 2203 esse

2227 2240 2363 2313 quod
2384 2243 2623 2311 gerimus,
2649 2240 2911 2313 gratulare
2937 2242 3172 2294 conscius
3195 2238 3286 2293 tibi
3313 2241 3432 2311 quia
3461 2257 3590 2311 opus
3632 2239 3730 2293 Dei
3764 2249 3810 2292 et

2227 2340 2536 2404 praeceptum
2559 2329 2750 2386 Christi
2770 2332 2938 2403 geris;
2967 2340 3018 2385 el
3046 2333 3369 2386 reminiscere
3388 2333 3631 2401 quoniam
3651 2333 3809 2386 stulta

2227 2423 2407 2477 mundi
2435 2423 2588 2493 elegit
2625 2422 2784 2489 Deus,
2827 2431 2883 2475 ut
2910 2423 3195 2494 confundat
3232 2423 3489 2491 sapientia
3535 2421 3591 2492 (Ι
3618 2421 3739 2476 Cor.
3773 2439 3807 2484 ι,

2226 2513 2295 2566 27
2314 2516 2352 2584 ),
2385 2523 2434 2568 et
2463 2516 2706 2584 quoniam
2729 2514 2865 2583 quod
2894 2515 3105 2568 stultum
3132 2524 3207 2568 est
3241 2515 3355 2576 L‘ei,
3390 2516 3675 2585 sapientius
3703 2514 3809 2586 23

2227 2615 2305 2660 est
2331 2604 2640 2660 hominibus.
2675 2604 2884 2659 Talibus
2915 2616 3084 2660 autem
3112 2606 3237 2661 uelle
3279 2607 3522 2676 purgari,
3569 2606 3705 2659 idem
3733 2616 3808 2659 est

2228 2696 2364 2767 quod
2389 2713 2540 2766 posse
2567 2693 2821 2771 Christum
2869 2698 3035 2765 ipsum
3081 2714 3286 2769 negare,
3334 2698 3419 2768 qui
3465 2695 3810 2750 erubescentes

2230 2805 2414 2843 nomen
2436 2804 2584 2844 suum
2612 2805 2787 2842 coram
2815 2787 2910 2842 hoc
2935 2788 3146 2853 mundo,
3172 2786 3428 2842 erubescet
3470 2789 3685 2841 invicem
3722 2803 3811 2840 co-
3866 2772 3873 2781 ’

2229 2898 2345 2935 ram
2378 2880 2540 2935 Patre
2571 2880 2806 2951 conﬁteri
2831 2895 2952 2933 suos
2975 2878 3189 2948 (Matth.
3214 2895 3266 2944 ι,
3292 2878 3405 2949 35).
3439 2877 3514 2931 Tu
3542 2879 3700 2949 igitur
3727 2878 3811 2946 qui

2229 2970 2455 3038 laboras,
2486 2981 2541 3025 ut
2569 2970 2748 3026 scribis
2779 2972 3031 3024 rationem
3060 2987 3154 3038 pro
3183 2987 3293 3024 meo
3322 2986 3383 3023 ac
3402 2966 3668 3043 rtuo’facto
3697 2968 3813 3022 red-

2232 3063 2370 3129 dere,
2401 3061 2523 3135 quid
2550 3065 2707 3135 facies
2734 3063 2779 3117 si
2809 3073 2911 3117 non
2932 3060 3249 3133 persuaseris
3277 3061 3589 3128 hominibus,
3619 3077 3723 3114 non
3746 3058 3812 3111 ad

542 3160 662 3208 erat
679 3150 1020 3206 admirationi
1041 3158 1095 3205 et
1114 3148 1307 3218 gaudio
1322 3146 1528 3203 Paulini
1549 3148 1854 3215 conversio,
1871 3162 1937 3201 ex
1958 3146 2126 3201 altera
2153 3166 2198 3227 ρ
2231 3155 2627 3225 (adflictationem
2655 3172 2819 3221 suam,
2848 3155 2937 3209 sed
2965 3154 3035 3207 ad
3054 3154 3450 3208 destructionem
3480 3163 3621 3206 suam
3650 3162 3811 3205 tecum

543 3242 857 3315 proceribus
876 3250 933 3298 et
950 3240 1281 3296 secularibus
1300 3240 1429 3295 viris
1449 3240 1785 3296 intoleranda
1822 3240 2121 3295 videbatur.

531 3335 677 3409 ,Ηιεσ
722 3335 809 3389 ubi
848 3334 1108 3388 audierint
1145 3348 1383 3403 proceres
1426 3334 1543 3396 viri,
1576 3333 1754 3405 aiebat
1792 3332 2125 3398 Ambrosius,

545 3434 571 3463 ⁸
600 3442 714 3497 qua:
743 3423 1048 3497 loquentur?
1073 3421 1161 3476 Ex
1188 3422 1281 3477 illa
1322 3423 1542 3493 familia,
1589 3422 1682 3477 illa
1725 3423 1989 3494 prosapia,
2036 3422 2130 3476 illa

512 3519 733 3584 indole,
757 3527 901 3573 tanta
939 3518 1214 3589 prazditum
1249 3516 1539 3590 eloquentia
1579 3518 1831 3589 migrasse
1858 3536 1890 3572 a
1918 3528 2129 3584 senatu;

542 3611 876 3679 interceptam
899 3611 1113 3682 familiae
1133 3609 1317 3663 nobilis
1339 3611 1708 3663 successionem
1725 3626 1743 3663 :
1766 3611 1890 3681 ferri
1911 3610 2007 3663 hoc
2027 3626 2131 3663 non

543 3719 711 3772 posse.
729 3701 983 3757 Paulinus
996 3702 1127 3757 dicit
1146 3700 1163 3738 τ
1188 3702 1242 3756 in
1262 3717 1321 3756 se
1341 3703 1651 3771 congruisse
1666 3701 1796 3756 illud
1813 3700 2127 3772 Scriptum:

545 3792 757 3850 Inimici
786 3793 1007 3847 hominis
1038 3792 1303 3847 domestici
1327 3792 1442 3862 ejus
1473 3791 1687 3863 (Matth.
1714 3808 1769 3857 x,
1793 3792 1904 3863 ⁷56).
1935 3789 2133 3846 Omnes

544 3885 690 3939 enim
735 3884 949 3948 divites,
984 3894 1009 3932 κ
1046 3884 1256 3950 fratres,
1301 3883 1492 3953 amici,
1530 3883 1781 3953 proximi,
1829 3882 2036 3949 liberti,
2080 3891 2135 3937 et

548 3976 712 4040 servi,
745 3976 813 4031 ab
841 3991 907 4032 eo
936 3974 1254 4030 defecerunt
1281 3982 1337 4030 et
1361 3975 1541 4030 debita
1569 3972 1740 4031 ofﬁcia
1772 3975 2131 4044 dcnegarunt;

546 4067 836 4122 multorum
866 4080 1096 4136 quoque,
1147 4080 1272 4120 cum
1321 4064 1348 4103 ιι
1387 4066 1579 4136 quibus
1625 4064 1700 4120 illi
1746 4064 2051 4120 dulcissima
2080 4073 2136 4119 et

543 4157 874 4228 iunctissima
903 4160 1280 4214 intercesserat
1299 4160 1660 4226 necessitudo,
1685 4175 1781 4231 per
1800 4159 1905 4215 hoc
1926 4158 2135 4214 Paulini

544 4252 879 4322 propositum
909 4251 1047 4309 facta
1078 4262 1161 4309 est
1188 4254 1400 4322 divisio,
1442 4263 1499 4311 et
1519 4256 1712 4310 itinere
1741 4262 1947 4310 mutato
1974 4256 2040 4308 ab
2068 4269 2135 4309 eo

545 4342 789 4397 diSsoluti
835 4351 977 4397 Sunt.
1030 4342 1109 4397 Ex
1154 4359 1221 4399 eo
1267 4346 1427 4414 plane
1473 4345 1737 4400 intellexit
1781 4359 1941 4413 quam
1981 4343 2135 4398 facile

546 4432 723 4487 carnis
751 4439 807 4486 et
833 4433 1103 4501 sanguinis
1147 4434 1360 4487 vincula
1406 4441 1801 4504 rumpereutur.
1837 4431 1934 4486 Ubi
1977 4433 2133 4494 enim,

2233 3247 2296 3300 de
2336 3264 2489 3317 opere
2532 3245 2630 3300 Dei
2677 3247 3092 3317 disputantibus?
3135 3246 3256 3300 Jam
3299 3247 3563 3301 erubesces
3601 3248 3811 3318 jamque

2231 3335 2448 3407 pallebis
2474 3345 2530 3389 ut
2557 3353 2729 3392 causa
2757 3337 2948 3407 pejoris
2969 3346 3223 3403 assertor,
3242 3345 3291 3391 et
3311 3346 3479 3391 motus
3498 3337 3666 3408 gradu
3689 3338 3813 3391 titu-

2232 3426 2376 3482 babis
2403 3428 2456 3480 in
2478 3428 2559 3481 via
2599 3425 2830 3493 Domini,
2861 3437 2911 3481 et
2939 3428 3001 3482 de
3039 3428 3162 3481 caelo
3191 3427 3246 3501 in
3286 3436 3473 3481 terram
3504 3426 3748 3482 relaberis
3769 3430 3814 3482 si

2231 3536 2346 3590 qua:
2373 3519 2645 3590 xdiﬁcasti
2675 3520 2914 3574 destruis.
2966 3518 3186 3574 Multum
3233 3522 3444 3575 interest
3481 3522 3693 3591 quinam
3731 3524 3814 3577 isti

2230 3614 2337 3666 sint
2355 3611 2533 3684 quibus
2546 3610 2588 3662 Ῥ
2610 3614 2742 3667 ratio
2763 3613 3027 3667 reddenda
3044 3614 3129 3667 sit.
3156 3612 3217 3669 Si
3238 3614 3468 3668 discendi
3489 3614 3659 3669 {tudio
3682 3617 3815 3669 venit

2231 3712 2282 3754 et
2310 3701 2657 3773 ignorantiam
2696 3702 2987 3773 confitetur,
3030 3716 3215 3775 sparge
3240 3705 3295 3758 in
3323 3720 3436 3758 eum
3476 3722 3652 3760 semen
3693 3706 3816 3776 ﬁdei

2232 3802 2282 3846 et
2300 3803 2604 3865 prmeeptum
2632 3795 2804 3865 pande
2831 3794 3076 3848 divinum.
3100 3794 3160 3850 Si
3181 3797 3319 3867 capit
3339 3796 3564 3862 verbum,
3586 3797 3817 3851 lucratus

2235 3902 2289 3941 es
2319 3884 2568 3940 Ecclesiae
2595 3888 2827 3958 fratrem,
2859 3894 2909 3940 et
2936 3902 3077 3941 ovem
3106 3886 3326 3941 Christo.
3358 3886 3419 3941 Si
3440 3903 3556 3941 vero
3586 3904 3692 3942 non
3722 3889 3818 3942 erit

2234 3994 2417 4047 purum
2439 3976 2559 4031 boni
2584 3979 2796 4031 seminis
2816 3982 3041 4049 germen,
3071 3987 3121 4032 et
3144 3995 3177 4032 a
3206 3988 3457 4032 nocturno
3484 3979 3815 4049 patrisfami-

2234 4068 2334 4122 lias
2380 4069 2593 4122 caelestis
2639 4069 2849 4122 inimico
2907 4070 3110 4123 zizania
3158 4070 3492 4135 interserente
3543 4069 3818 4139 frumentis

2238 4156 2452 4229 (Matth.
2478 4175 2590 4226 xm,
2611 4157 2723 4226 25'),
2748 4174 2934 4213 nocens
2953 4175 3254 4230 gramen....
3280 4160 3384 4212 suis
3405 4159 3611 4212 interim
3631 4160 3819 4219 crescit

2237 4249 2524 4309 incendiis;
2570 4250 2747 4320 refuge
2790 4256 2838 4301 et
2885 4248 3071 4318 repelle
3118 4248 3369 4320 colloquio
3401 4258 3484 4302 tuo
3513 4257 3665 4319 atque
3693 4265 3827 4303 con-

2238 4350 2433 4411 spectu,
2461 4351 2516 4394 ut
2536 4343 2580 4395 si
2606 4351 2692 4394 tua
2719 4340 2823 4410 ﬁde
2844 4342 3023 4395 sanari
3048 4358 3153 4396 non
3179 4350 3363 4412 potest,
3396 4350 3446 4395 te
3469 4351 3564 4396 sud
3592 4343 3824 4411 infideli-

2243 4441 2345 4485 tate
2373 4449 2476 4486 non
2505 4434 2757 4498 vulneret;
2788 4444 2815 4483 (ι
2852 4432 2936 4488 Sit
2963 4434 3079 4487 licet
3105 4436 3270 4505 frater
3292 4443 3340 4488 el
3378 4436 3573 4489 amicus
3591 4434 3825 4504 junctior

548 4522 741 4591 inquit,
774 4531 789 4558 ι
822 4538 955 4575 nunc
984 4522 1106 4576 mihi
1128 4525 1508 4595 consanguinea
1529 4524 1876 4594 germanitas?
1904 4522 1991 4576 ubi
2018 4523 2144 4576 ami—
2166 4535 2220 4596 ι)
2247 4519 2334 4573 tibi
2355 4520 2570 4575 dextera
2600 4531 2717 4586 tua,
2741 4532 2789 4576 et
2816 4523 2987 4577 carior
3005 4523 3285 4578 lumine....
3310 4522 3423 4577 Nec
3452 4525 3727 4585 metuenda
3749 4534 3828 4581 est

548 4613 675 4666 cilia
704 4612 883 4665 uetus?
911 4610 997 4665 ubi
1035 4613 1260 4682 pristina
1302 4613 1676 4667 contubernia?
1718 4612 1917 4667 Evanui
1959 4630 2135 4668 coram

549 4703 654 4756 illis
680 4702 917 4756 omnibus
936 4742 951 4769 ,
991 4711 1137 4757 exter
1163 4704 1413 4774 fratribus
1442 4706 1567 4758 meis
1595 4712 1643 4758 et
1684 4706 1982 4776 peregrinus
2010 4705 2134 4775 ﬁliis

550 4796 731 4849 matris
767 4811 912 4850 meae.
943 4797 1109 4849 Amici
1137 4797 1236 4850 mei
1263 4806 1311 4850 et
1339 4800 1563 4867 proximi
1589 4799 1847 4872 quondam
1873 4800 1974 4853 mei
2001 4817 2135 4853 nunc

549 4885 755 4956 alonge
773 4894 1020 4940 steterunt
1043 4885 1216 4959 (Psal.
1241 4886 1424 4956 vam,
1447 4888 1511 4955 9;
1536 4896 1590 4944 et
1614 4905 1811 4957 xxxvn,
1836 4888 1921 4955 12,
1946 4904 2138 4944 secun-

549 4975 679 5029 dum
708 4974 935 5031 Psalter.
967 4972 1175 5049 Rom.),
1206 4987 1256 5032 et
1281 4978 1414 5032 sicut
1454 4979 1638 5049 ﬂuvius
1679 4980 1974 5046 decurrens,
2006 4990 2135 5035 etut

550 5068 737 5138 ﬂuctus
765 5068 1116 5134 pertransiens
1143 5071 1217 5124 sic
1246 5079 1512 5125 transeunt
1531 5089 1628 5138 me,
1651 5082 1700 5126 et
1725 5075 1779 5127 in
1805 5090 1884 5127 me
1912 5075 2133 5145 forsitan

551 5159 956 5240 confunduntur,
980 5168 1029 5214 et
1056 5161 1376 5228 erubescunt,
1400 5172 1455 5217 ut
1475 5165 1721 5235 scriptum
1743 5175 1839 5232 est,
1870 5167 2040 5219 venire
2066 5166 2135 5219 ad

550 5264 647 5307 me.
681 5248 869 5304 Frater
900 5249 913 5300 i
951 5249 1093 5305 illius
1112 5252 1389 5322 negligens
1413 5261 1547 5308 erat.
1573 5252 1686 5309 Viri
1714 5254 1983 5311 seculares
2011 5270 2136 5311 eum

551 5355 661 5395 non
689 5341 850 5397 modo
876 5341 1244 5414 despiciebant
1268 5352 1323 5399 et
1350 5344 1697 5413 deserebant;
1721 5347 1815 5403 sed
1845 5346 1870 5385 ιι
1902 5348 2137 5419 propba—

627 5505 667 5567 Ἀ
679 5495 775 5567 Ep.
797 5498 834 5567 3
859 5496 926 5552 ad
946 5496 1189 5553 Geruntii
1211 5498 1363 5555 tilias.
1440 5496 1468 5536 ι)
1499 5497 1630 5553 ldat.
1654 5498 1852 5553 Chron.
1875 5516 1961 5554 an.
1995 5498 2118 5553 425.
2198 5510 2220 5539 ε

557 5581 612 5619 ιι.
642 5564 728 5618 2i.

809 5566 1065 5639 rrpaulin,
1091 5584 1179 5639 ep.
1214 5567 1301 5639 ‘Il,
1332 5584 1385 5639 ιι.
1415 5567 1527 5639 {fiet
1555 5568 1606 5623 4.
1686 5580 1709 5618 ε
1740 5568 1894 5635 lbid.,
1926 5586 1981 5623 ιι.
2012 5569 2064 5623 5.
2142 5567 2168 5607 ιι
2191 5568 2269 5639 Ibi

557 5633 695 5707 ac.
745 5634 979 5707 ,klbid.,
1009 5655 1063 5693 ιι.
1094 5633 1210 5707 δίει
1241 5633 1295 5692 7.
1374 5637 1781 5703 Ilbid.,n.10.
1862 5633 2129 5707 "ilbidqi

2230 5638 2253 5692 ι
2282 5633 2343 5693 et
2362 5637 2413 5692 6.
2492 5649 2515 5675 η
2545 5639 2701 5705 lbid.,
2744 5656 2796 5693 ιι.
2829 5639 2881 5694 9..

556 5703 707 5759 Scin.
738 5706 831 5757 istc
856 5708 920 5759 sit
948 5711 1049 5766 cui.
1081 5720 1107 5758 σι
1131 5703 1293 5766 ibid“
1326 5726 1377 5764 ιι.
1411 5708 1461 5764 ὃ.
1542 5721 1560 5748 τ
1595 5710 1747 5777 lbid.,
1780 5728 1831 5765 η.
1859 5711 1910 5765 (5.
1992 5721 2012 5749 ⁸
2045 5703 2200 5776 Ibid”
2234 5726 2285 5764 It.
2314 5709 2365 5762 7.

2239 4611 2457 4680 offensio
2485 4612 2685 4679 talium,
2710 4630 2821 4685 quae
2847 4614 3052 4686 quidem
3079 4625 3128 4668 et
3149 4614 3378 4685 optanda
3397 4614 3545 4668 nobis
3569 4624 3664 4679 est,
3696 4633 3828 4685 quo-

2239 4704 2378 4757 niam
2407 4704 2471 4758 de
2497 4721 2671 4760 eorum
2711 4706 2999 4777 opprobriis
3038 4708 3270 4761 nascitur
3296 4709 3388 4760 illa
3424 4722 3635 4773 merces,
3668 4723 3829 4779 quam

2239 4795 2497 4865 capiosam
2526 4794 2667 4849 Deus
2698 4798 2931 4867 promisit
2959 4798 3012 4851 in
3034 4797 3172 4851 caelis
3194 4796 3406 4868 (Matth.
3437 4814 3487 4859 v,
3522 4796 3680 4867 12)...
3708 4795 3830 4860 Quo

2238 4884 2386 4941 nobis
2407 4888 2625 4957 gratiam
2650 4887 2849 4956 mundi,
2879 4904 2993 4959 qua:
3018 4896 3093 4942 est
3122 4889 3294 4949 odium
3325 4887 3549 4942 Christi?
3573 4898 3594 4925 ι’
3623 4886 3830 4958 Displi-

2241 4996 2445 5034 ceamus
2485 4997 2605 5052 ergo
2634 4980 2746 5048 his,
2776 4988 2825 5035 et
2852 4981 3166 5053 gratulemur
3194 4981 3375 5035 iisdem
3403 4970 3498 5034 nos
3526 4980 3828 5050 displicere,

2236 5072 2416 5144 quibus
2437 5082 2487 5126 et
2505 5071 2644 5127 Deus
2666 5073 2965 5144 displicet...
2990 5083 3009 5109 '
3035 5072 3303 5127 Fruantur
3322 5074 3526 5127 interim
3547 5071 3833 5140 voluptati—

2239 5164 2350 5231 bus,
2383 5164 2746 5236 dignitatibus,
2793 5165 2969 5237 opibas
2999 5168 3136 5232 suis,
3167 5168 3213 5220 si
3262 5175 3433 5220 tamen
3480 5180 3657 5218 eorum
3702 5172 3832 5217 sunt

2239 5275 2366 5330 quas
2390 5260 2505 5312 istic
2527 5258 2713 5313 habere
2739 5260 2938 5313 malunt
2964 5258 3048 5311 ubi
3074 5244 3188 5312 esse
3206 5258 3507 5323 desinimus,
3532 5272 3685 5325 quam
3716 5256 3832 5309 illic

2240 5347 2326 5402 ubi
2351 5365 2462 5403 esse
2484 5351 2823 5420 persistimus.
2852 5349 2965 5404 Sibi
2997 5349 3219 5402 habeant
3246 5348 3575 5419 sapientiam,
3592 5344 3691 5400 sibi
3708 5347 3834 5417 feli-

2246 5499 2385 5623 TJro
2414 5498 2661 5570 Prosper.
2736 5498 2762 5536 δ
2788 5499 3039 5581 ῥιιιῑιιοε.
3065 5515 3151 5570 ep.
3183 5499 3272 5553 30.
3341 5510 3376 5578 ,ε
3409 5498 3615 5553 Paulin.
3648 5513 3737 5568 ep.
3769 5466 3827 5565 5,

2246 5586 2269 5623 >1
2312 5609 2349 5623 ..
2381 5585 2438 5623 ιι.
2466 5570 2519 5623 5.
2600 5569 2614 5607 ί
2652 5568 2858 5623 Paulm.
2893 5584 2979 5623 en.
3013 5569 3098 5623 il.
3130 5586 3183 5623 η.
3216 5568 3267 5623 4.
3349 5582 3362 5619 ι
3403 5568 3500 5623 Ει).
3539 5568 3590 5623 1.
3621 5584 3676 5622 ιι.
3706 5567 3745 5621 2
3772 5583 3827 5623 οι

2312 5609 2349 5634 .,
2374 5585 2438 5640 ιι.
2466 5570 2519 5624 5.
2548 5567 2564 5570 “
2600 5569 2614 5607 ί
2652 5568 2858 5624 Paulin.
2893 5584 2979 5640 ep.
3013 5567 3183 5635 il,_n.
3216 5568 3267 5623 4.
3349 5571 3362 5619 ι
3403 5568 3590 5640 Ep._i,
3621 5584 3676 5622 ιι.
3706 5567 3745 5621 2
3772 5583 3831 5627 et

2962 5654 2986 5676 υ
3018 5640 3172 5708 lbid.,
3202 5659 3255 5696 ι).
3285 5640 3337 5694 '5.
3416 5651 3442 5689 P
3473 5638 3660 5694 Melius
3689 5642 3824 5695 edit.
