4056 6358
253 309 307 362 υ
1592 312 1817 366 ΡΞὶΟῐΕι

1918 312 2110 366 ΗΕΝΑ.
3419 325 3491 374 η

250 428 454 481 citatem
477 440 646 486 suam,
695 422 837 478 nobis
877 423 1102 492 inopiam
1149 430 1396 484 nostram,
1432 432 1484 474 ut
1516 434 1715 492 putant,
1762 433 1810 477 et
1843 429 1884 482 Α
1911 424 2165 487 datorem,
2193 423 2364 493 diligit
2394 422 2547 487 Deus,
2575 423 2791 493 promde
2818 423 3030 479 stabiles
3056 428 3106 479 in
3130 426 3233 496 ﬁde
3263 429 3490 481 veritatis

249 516 518 571 stultitiam
543 524 772 566 nostram
801 513 1109 583 relinquant.
1143 512 1260 567 Sint
1297 513 1672 582 prudentiores,
1700 513 1818 565 dum

248 623 348 660 non
370 607 471 658 sint
493 605 593 674 filii
620 605 766 657 lucis.
793 604 911 658 Sint
932 605 986 656 in
1015 603 1110 656 hac
1137 619 1231 656 sua
1260 604 1585 673 generatione
1612 604 1818 672 sapien-

248 707 341 759 tes,
363 696 483 748 dum
507 696 559 748 in
590 695 682 748 illa
704 695 1084 764 regeneratione
1105 701 1282 746 nostra
1303 694 1622 746 inveniantur
1641 709 1822 744 excor-

246 789 353 839 des.
387 785 505 840 Sint
534 801 667 838 nunc
696 784 828 838 beati
875 785 950 838 vel
991 785 1156 855 magis
1203 787 1469 856 fortunati,
1519 802 1610 854 per
1648 785 1821 837 omnia

246 892 508 946 prospera,
528 873 820 928 blandiente
839 875 1024 937 seculo,
1043 876 1334 944 deﬂuentes,
1353 876 1586 929 mollibus
1607 878 1824 929 vestian-

245 978 347 1029 tur,
371 968 421 1019 in
451 965 685 1019 domibus
715 983 885 1036 regum
907 966 1028 1029 sint,
1052 966 1172 1018 dum
1195 968 1246 1018 in
1269 965 1523 1019 laboribus
1552 965 1814 1018 hominum

244 1074 346 1110 non
369 1059 471 1109 sint
492 1065 540 1107 et
560 1072 671 1109 cum
693 1055 979 1108 hominibus
1007 1072 1106 1109 non
1128 1057 1470 1127 flagellentur.
1500 1055 1618 1109 Sint
1638 1056 1814 1110 divites

243 1146 434 1210 seculo,
467 1148 582 1216 quia
611 1156 730 1198 sunt
755 1155 957 1216 egentes
989 1145 1173 1200 Dei....
1209 1156 1231 1182 ⁸
1261 1146 1304 1199 [Γ
1311 1148 1498 1212 tinam,
1530 1149 1597 1200 mi
1628 1149 1812 1218 frater,

246 1238 396 1307 digni
424 1237 700 1289 habeantur
730 1239 814 1308 qui
853 1238 1240 1304 maledicamur,
1268 1248 1316 1290 et
1344 1248 1591 1301 notemur,
1622 1247 1671 1291 et
1697 1254 1822 1291 con-

243 1340 491 1392 teramur,
537 1338 684 1396 atque
727 1331 882 1381 etiam
929 1329 1301 1398 interficiamur
1348 1330 1402 1382 in
1449 1329 1652 1381 nomine
1696 1329 1820 1381 Jesn

240 1420 453 1484 Christi,
479 1421 599 1474 dum
626 1439 725 1474 non
752 1422 859 1489 ipse
880 1421 1144 1474 occidatur
1163 1419 1392 1474 Christus
1415 1422 1468 1474 in
1493 1420 1658 1474 nobis.
1694 1419 1818 1473 Tant

240 1511 443 1562 demum
473 1527 622 1579 super
649 1511 876 1581 aspidem
923 1521 972 1564 et
1001 1510 1296 1564 basiliscum
1343 1511 1737 1568 ambularemus.
1770 1521 1820 1564 et

239 1602 652 1656 conculcaremus
680 1612 833 1671 caput
877 1603 1117 1656 draconis
1155 1599 1351 1674 antiqui
1382 1601 1550 1671 (Psal.
1584 1618 1668 1663 xc,
1708 1601 1813 1669 15).

239 1693 349 1748 Sed
378 1693 542 1746 adhuc
571 1692 757 1758 amico,
789 1693 921 1764 quod
965 1694 1108 1763 pejus
1137 1703 1232 1756 est,
1275 1694 1443 1748 seculo
1470 1693 1733 1754 solvimur,
1766 1703 1816 1745 et

1921 523 1971 566 et
2012 515 2304 582 operatione
2339 513 2587 582 justitiam
2630 515 2809 568 talium
2851 503 2926 568 vel
2970 517 3089 568 odia
3145 518 3221 570 vel
3269 519 3488 574 convitia

1921 603 2147 667 vivendo,
2173 604 2350 656 melius
2377 621 2528 674 quam
2553 606 2823 676 loquendo,
2857 609 3137 679 arguimus.

2518 718 2743 773 CAPle
2784 721 2873 775 Xll

1921 805 2206 860 Paulinum
2244 816 2500 878 tamquam
2529 810 2704 863 leviter
2728 814 3051 868 immutatum
3086 818 3289 872 incusat
3315 820 3484 874 Auso-

1992 880 2137 938 nius,
2168 889 2217 930 et
2254 881 2541 947 expostulat
2569 895 2684 933 cum
2708 899 2765 936 eo
2793 884 2856 936 de
2882 886 3257 941 intermissione
3293 890 3489 944 littera-

1990 963 2124 999 rum.
2141 948 2375 1001 Amorem
2393 959 2440 1001 et
2456 952 2787 1004 reverentiam
2807 955 2853 1006 ei
2875 965 3191 1010 contestatur
3211 956 3486 1014 Paulinus.

1995 1037 2046 1091 i.
2077 1037 2208 1092 Cum
2237 1040 2288 1092 in
2314 1040 2600 1095 solitudine
2627 1041 2844 1110 degeret
2866 1041 3137 1115 Paulinus,
3162 1049 3327 1103 seculi
3355 1051 3489 1104 ami—

1922 1141 2107 1182 eorum
2137 1130 2645 1185 contradictionibus
2685 1133 2859 1190 minus
2896 1135 3142 1204 patebat;
3175 1147 3407 1193 attamen
3437 1141 3490 1194 in

1924 1235 2046 1274 eum
2086 1220 2320 1274 carmine
2363 1222 2571 1290 scriptis
2600 1225 2838 1293 epistolis
2877 1226 3162 1283 oblatravit
3205 1230 3489 1298 Ausonius,

1922 1325 2080 1378 quem
2105 1319 2160 1364 ut
2190 1320 2393 1380 patrem
2421 1310 2670 1368 Paulinus
2699 1317 3084 1372 venerabatur:
3108 1321 3198 1389 qui
3229 1321 3492 1378 Ausonius

1923 1411 1948 1448 κ
1970 1402 2093 1456 licet
2111 1400 2460 1467 Christianus,
2481 1416 2595 1457 erat
2615 1406 2842 1460 carnalis
2863 1407 3034 1463 adhuc
3050 1410 3230 1477 homo,
3251 1414 3492 1469 nesciens

1920 1509 2038 1562 qum
2066 1504 2190 1549 sunt
2216 1497 2450 1564 spiritus.
2481 1496 2694 1553 Crebris
2722 1510 2876 1555 antea
2909 1501 2933 1539 ιι
2963 1503 3154 1559 litteris
3181 1523 3238 1561 se
3267 1508 3492 1564 invicem

1919 1588 2220 1641 salutabant
2244 1588 2510 1643 Ausonius
2538 1599 2589 1644 et
2621 1590 2896 1658 Paulinus;
2928 1604 2982 1649 at
3005 1606 3137 1667 post
3155 1597 3492 1668 Hispanicum

1919 1693 2188 1732 secessum
2234 1678 2363 1731 nihil
2407 1680 2646 1734 scribens
2693 1680 2944 1737 Paulinus
2990 1695 3190 1751 noster,
3235 1698 3328 1742 aut
3372 1707 3493 1745 cum

237 1787 295 1838 in
325 1784 529 1838 Christo
559 1785 1102 1848 deliciamurlaudari,
1129 1795 1323 1837 tantum
1341 1785 1395 1837 in
1423 1785 1630 1837 nomine
1656 1785 1816 1852 ipsius

1920 1770 2109 1823 littera:
2139 1787 2242 1825 non
2265 1769 2629 1833 redderentur,
2655 1780 2707 1825 ct
2721 1773 2830 1840 jam
2863 1771 2877 1810 ⁸
2915 1773 3052 1829 fama
3073 1777 3494 1836 increbresceret

236 1888 505 1941 amantes;
534 1878 834 1932 contristari
853 1889 901 1931 et
923 1876 1180 1944 tribulari,
1204 1877 1338 1948 quod
1355 1887 1431 1930 est
1454 1876 1648 1939 utilius,
1675 1893 1819 1928 recu-

234 1977 435 2022 santes.
460 1968 717 2023 Memento
738 1985 957 2040 granum
978 1970 1194 2039 sinapis,
1215 1969 1278 2022 de
1299 1985 1396 2040 quo
1419 1970 1608 2021 semine
1627 1984 1818 2030 sumus,

234 2060 281 2113 si
313 2068 630 2126 conteratur,
675 2060 886 2114 accendi
932 2061 1129 2130 magis,
1178 2068 1227 2113 et
1261 2067 1367 2113 tum
1416 2059 1616 2113 demum
1644 2062 1694 2113 in
1724 2063 1819 2114 vim

231 2164 387 2201 suam
446 2151 684 2203 excitari.
737 2146 1072 2212 Quamobrem
1132 2150 1368 2204 debemus
1414 2152 1560 2222 quasi
1615 2162 1817 2204 naturtv

229 2248 430 2292 nostra’
451 2241 500 2292 in
523 2239 618 2292 hoc
634 2241 953 2308 respondere,
972 2251 1026 2293 ut
1040 2241 1266 2295 adversis
1286 2241 1597 2295 sermonibus
1618 2243 1821 2295 contriti

229 2317 622 2381 3nardescamus
649 2329 718 2381 ad
743 2330 916 2392 (dem;
940 2340 987 2382 et
1007 2347 1094 2384 eos
1112 2333 1252 2401 ipsos
1273 2332 1356 2402 qui
1380 2348 1470 2384 nos
1498 2339 1550 2382 ut
1579 2332 1820 2384 minimos

229 2417 521 2484 hominum,
543 2420 732 2471 scilicet
752 2422 896 2490 quasi
921 2438 1140 2492 granum
1162 2424 1381 2491 sinapis,
1405 2422 1538 2492 quod
1559 2423 1821 2474 minimum

229 2521 311 2562 est
335 2511 606 2576 seminum,
631 2514 872 2582 frangere
897 2524 1168 2575 conantur,
1198 2530 1431 2567 aramus.
1459 2515 1516 2568 Si
1546 2531 1659 2567 vero
1681 2516 1716 2568 ii
1737 2517 1820 2584 qui

231 2601 429 2669 deforis
459 2611 578 2654 sunt
618 2603 869 2656 rationem
908 2620 939 2656 a
971 2613 1016 2656 te
1043 2605 1210 2657 sancti
1251 2607 1421 2674 operis
1462 2605 1742 2674 inquirunt,
1773 2614 1822 2657 et

227 2700 512 2744 venenatas
533 2691 595 2744 de
615 2698 766 2745 corde
789 2694 1010 2762 viperino
1031 2694 1236 2764 linguas
1257 2695 1308 2747 in
1333 2710 1420 2747 cor
1443 2705 1580 2747 tuum
1600 2695 1820 2757 vibrant;

229 2779 342 2832 noli
370 2779 498 2833 dare
523 2790 758 2834 sanctum
803 2782 1044 2845 canibus,
1094 2793 1142 2836 et
1193 2785 1503 2854 margaritas
1554 2793 1667 2835 tuas
1718 2800 1821 2836 non

228 2870 481 2939 projicias
509 2879 629 2922 ante
657 2887 834 2940 porcos
856 2871 1066 2941 (Matth.
1107 2889 1198 2936 vn,
1223 2873 1299 2942 6).
1330 2873 1395 2926 Et
1425 2873 1476 2926 in
1507 2875 1672 2927 altera
1702 2873 1726 2911 ι’
1757 2874 1823 2928 ad

226 2961 488 3014 eumdem
517 2962 772 3014 Severum
799 2962 1028 3030 epistola
1073 2981 1085 3014 :
1131 2963 1354 3016 Mundus
1383 2981 1474 3017 nos
1505 2981 1605 3017 non
1657 2975 1818 3032 amat,

230 3049 328 3102 sed
357 3059 498 3102 amat
545 3049 986 3106 Christus:homo
1027 3053 1256 3123 negligit,
1308 3053 1396 3107 sed
1442 3053 1580 3106 Deus
1627 3055 1833 3124 diligit.,

1924 1875 2044 1913 eum
2073 1861 2323 1915 abdicare
2367 1863 2605 1916 seculum
2653 1872 2707 1916 et
2753 1864 3068 1932 patrimonia
3101 1867 3329 1923 vendere
3357 1887 3492 1925 con-

1920 1957 2126 2004 stanter
2150 1952 2417 2015 statuisse,
2448 1959 2503 2004 et
2533 1950 2664 2004 falso
2684 1968 2751 2006 ex
2773 1969 2983 2008 rumore
3013 1956 3319 2010 crederetur
3349 1958 3363 2008 i
3403 1975 3493 2012 va-

1920 2054 2030 2098 stas
2077 2044 2330 2112 quasdam
2387 2045 2684 2098 inhabitare
2733 2045 3044 2101 solitudines
3097 2049 3164 2102 ab
3216 2049 3491 2105 hominum

1921 2135 2180 2188 societate
2211 2135 2610 2199 remotissimas,
2633 2135 2698 2188 ad
2716 2150 2838 2189 eum
2859 2135 3112 2204 grandem
3141 2136 3263 2192 fecit
3289 2140 3492 2209 episto-

1923 2225 2026 2280 lam
2058 2223 2102 2291 ¹ί,
2137 2226 2186 2278 ἰη
2217 2240 2319 2294 qua
2348 2241 2497 2281 suam
2520 2228 2759 2296 queritur
2786 2225 3091 2282 labefactari
3119 2229 3400 2284 amicitiam
3428 2248 3494 2288 ac

1921 2318 2159 2381 dissolvi,
2192 2327 2245 2372 et
2274 2334 2394 2372 cum
2421 2319 2550 2372 dicit
2578 2319 2814 2389 impium.
2849 2318 2982 2373 Tum
3014 2321 3157 2374 illum
3193 2322 3490 2378 obtestatur

1920 2423 2082 2480 atque
2110 2414 2354 2468 obsecrat
2380 2421 2433 2466 ut
2471 2413 2608 2467 illius
2635 2413 2870 2468 criminis
2899 2430 3002 2469 non
3035 2413 3126 2468 tiat
3152 2417 3414 2478 conscius,
3437 2428 3494 2472 et

1920 2504 2160 2570 queritur
2186 2504 2328 2572 quod
2359 2504 2410 2557 in
2437 2503 2687 2573 Hispania
2711 2513 2816 2557 tam
2847 2504 3084 2560 remot’ud
3105 2515 3304 2572 ageret.
3329 2507 3491 2572 Quic-

1922 2603 2030 2644 tem
2057 2602 2109 2645 et
2137 2593 2354 2648 delicias
2382 2593 2520 2645 villa:
2565 2610 2672 2646 sua:
2699 2594 2836 2658 apud
2865 2596 3127 2649 Santones
3155 2596 3406 2651 describit
3437 2600 3489 2652 in

1921 2680 2150 2742 Novem,
2179 2683 2269 2749 qui
2297 2681 2310 2718 ¹
2348 2678 2658 2735 Novalarius
2685 2697 2853 2751 pagus
2872 2699 2989 2737 esse
3015 2685 3268 2748 creditur,
3291 2685 3493 2742 Gallice

1921 2773 1994 2823 les
2026 2769 2290 2835 Nouliers,
2315 2787 2482 2842 prope
2509 2771 2564 2825 S.
2593 2771 2888 2827 Johannem
2910 2774 2976 2830 de
3005 2774 3316 2844 Angeriaco.
3351 2779 3494 2834 Inter

1923 2863 2142 2932 hujusce
2164 2865 2298 2918 villze
2319 2865 2598 2919 ceinmoda
2622 2867 2863 2920 ecclesia:
2885 2869 3206 2924 vicinitatem
3229 2875 3489 2939 enuntiat,

1920 2953 2015 3008 sed
2047 2955 2128 3008 his
2155 2954 2399 3008 omnibus
2427 2956 2656 3010 amicum
2701 2973 2853 3012 suum
2881 2959 3130 3028 pneferre
3170 2977 3228 3015 se
3272 2966 3484 3027 asserit,

1917 3060 2075 3113 quem
2100 3045 2233 3099 votis
2257 3046 2606 3114 precibusque
2629 3056 2800 3102 vocat.
2826 3047 3010 3105 lslhmc
3027 3052 3307 3120 epistolam
3329 3069 3487 3122 quar-

228 3137 452 3192 Inimici
505 3141 727 3194 hominis
788 3143 1053 3196 domestici
1091 3146 1240 3214 ejus,
1299 3147 1388 3198 sed
1436 3159 1611 3200 rursus
1661 3149 1812 3201 amici

1918 3144 2026 3189 tum
2051 3134 2163 3202 jam
2193 3151 2388 3189 annum
2419 3136 2470 3189 in
2500 3151 2712 3192 secessu
2741 3137 3027 3209 Hispanico
3048 3144 3224 3208 agenti
3268 3142 3487 3198 Paulino

230 3228 463 3282 hominis
521 3231 785 3284 domestici
837 3233 954 3287 Dei.
1013 3234 1164 3300 Quod
1209 3236 1295 3290 hic
1342 3236 1540 3291 Severo
1592 3238 1810 3302 scribit,

229 3317 463 3385 idipsum
494 3321 687 3388 repetit
710 3323 944 3378 scribens
966 3324 1029 3377 ad
1052 3327 1273 3394 Aprum,
1298 3327 1386 3396 qui
1413 3329 1462 3380 in
1485 3329 1669 3382 eadem
1694 3344 1814 3398 per-

233 3408 519 3462 secutione
549 3411 752 3478 positus
779 3414 956 3466 omnia
988 3414 1196 3469 lortitt-r
1225 3417 1504 3471 tolerabat.
1533 3417 1650 3470 Jam
1681 3420 1811 3471 hanc

226 3499 474 3567 gratiam,
510 3499 679 3568 inquit
710 3510 734 3537 θ
761 3542 774 3565 ,
821 3505 1030 3557 mereris
1077 3522 1108 3558 a
1157 3505 1378 3560 Domino
1422 3519 1477 3561 ut
1525 3520 1571 3561 te
1611 3512 1814 3566 oderint

232 3607 407 3644 omnes
431 3607 449 3642 :
473 3593 608 3658 quod
628 3609 728 3646 non
758 3595 903 3662 ﬁeret
932 3597 1032 3648 nisi
1062 3613 1204 3651 verus
1233 3599 1462 3652 imitator
1489 3599 1678 3654 Christi
1702 3619 1813 3656 esse

235 3683 512 3750 cepisses:
544 3701 644 3736 non
675 3685 808 3737 enim
841 3687 1026 3740 odisset
1050 3689 1130 3740 hic
1167 3689 1383 3740 mundus
1411 3690 1510 3742 nisi
1544 3692 1678 3760 quod
1698 3692 1810 3760 jam

237 3790 266 3823 a
287 3789 338 3824 se
354 3775 580 3827 alienum
600 3786 650 3828 et
671 3775 766 3830 sibi
789 3778 974 3831 videret
999 3779 1280 3833 adversum.
1313 3779 1491 3834 Gaude
1512 3792 1560 3834 et
1579 3787 1808 3836 exsutta:

239 3866 338 3927 iam
359 3867 412 3916 in
436 3867 740 3920 rudimentis
767 3870 864 3920 tuis
884 3870 1040 3921 virtus
1059 3870 1387 3940 perfectionis
1404 3882 1663 3940 operatur.
1687 3873 1812 3928 l‘er-

239 3954 462 4016 spiritum
492 3965 567 4007 est
594 3973 748 4026 quam
793 3959 994 4027 fortiter
1046 3959 1323 4012 credideris
1374 3963 1425 4012 in
1458 3961 1681 4023 Christo,
1728 3965 1811 4014 cui

245 4042 346 4106 iam
372 4044 619 4097 donatum
656 4057 730 4100 est
770 4065 862 4118 pro
905 4049 1105 4102 Christo
1127 4051 1334 4118 pati....
1369 4051 1412 4102 Ο
1443 4053 1590 4105 beata
1619 4055 1812 4122 injuria

235 4135 504 4212 displicere
531 4155 646 4192 cum
675 4139 784 4211 24
809 4139 1012 4194 Christo
1035 4143 1054 4194 .'
1082 4141 1227 4195 nobis
1255 4145 1420 4212 magis
1452 4144 1699 4196 timendus
1739 4155 1815 4196 est

239 4241 379 4279 amor
424 4209 603 4282 [alium
652 4209 832 4299 quibus
873 4231 985 4284 sine
1027 4230 1230 4284 Christo
1273 4209 1592 4302 placetur....
1623 4233 1645 4268 ά
1688 4233 1814 4286 Vide

237 4313 295 4364 ab
324 4315 477 4368 initio
507 4322 641 4370 unde
667 4319 1034 4382 ceciderimus,
1081 4331 1130 4372 et
1157 4322 1407 4391 intelliges
1447 4321 1584 4391 quod
1629 4322 1814 4376 divina?

233 4408 502 4474 sapientia!
550 4411 849 4480 pietatisque
893 4411 1109 4464 consilio
1153 4413 1493 4481 reformemur
1520 4411 1588 4464 ad
1616 4413 1768 4465 vitam
1789 4428 1809 4465 :

1915 3223 2117 3277 reddita
2147 3224 2242 3278 fuit
2280 3243 2291 3277 :
2326 3225 2504 3295 itaque
2529 3243 2648 3282 cum
2681 3228 2807 3281 nihil
2851 3230 3166 3286 rescriberet
3211 3231 3483 3298 Paulinus.

1913 3316 2070 3368 aliam
2104 3318 2228 3370 item
2251 3317 2313 3369 ad
2344 3333 2464 3370 eum
2495 3319 2636 3372 misit
2657 3319 2936 3388 epistolam
2963 3331 2985 3356 "
3016 3322 3282 3378 Ausonius
3313 3326 3486 3394 inqua

1913 3405 1978 3459 de
2030 3407 2167 3460 illius
2195 3407 2410 3462 silentio
2454 3418 2748 3477 conquestu
2796 3411 2983 3474 iterum
3015 3413 3237 3479 prodita:
3283 3417 3486 3470 crimen

1913 3498 2158 3550 amicitia:
2181 3499 2430 3566 nltjct'tat,
2459 3503 2738 3568 variosque
2761 3504 2993 3556 ostendit
3014 3505 3277 3558 scribendi
3303 3508 3487 3561 nimios

1912 3591 2105 3658 quibus
2130 3591 2208 3642 uti
2241 3600 2422 3659 posset
2449 3592 2490 3645 si
2523 3591 2672 3660 prodi
2708 3593 2945 3658 timeret;
2975 3603 3030 3646 at
3059 3603 3209 3662 rogat
3240 3606 3294 3648 ut
3325 3597 3488 3666 ipsius

1915 3693 1939 3716 ο
1969 3683 2234 3754 Tanaquil
2266 3683 2390 3737 illud
2435 3686 2656 3745 nesciat.
2701 3686 2780 3739 sic.
2823 3687 2967 3739 enim
3012 3684 3214 3741 Paulini
3266 3705 3486 3744 uxorem

1915 3780 2055 3834 man
2094 3780 2308 3834 nmnine
2339 3781 2581 3835 vocabat.
2625 3781 2809 3836 Nescio
2841 3758 2908 3836 an
2948 3783 3014 3835 ad
3050 3782 3360 3837 Therasiam
3404 3801 3487 3838 re-

1910 3871 2145 3937 Spexerit
2162 3869 2443 3931 Ausonius,
2461 3886 2526 3924 an
2548 3871 2612 3924 ad
2625 3869 2842 3937 Eugenii
2861 3872 3042 3927 turbas
3055 3873 3143 3940 qui
3159 3873 3484 3942 Hispaniam,

1915 3969 1970 4013 ut
1998 3960 2282 4020 credimus,
2334 3961 2564 4015 nondum
2615 3961 3020 4030 subjugaverat,
3053 3980 3172 4016 cum
3207 3963 3483 4018 Paulinum

1915 4059 2155 4102 metuere
2202 4050 2334 4104 dixit
2380 4068 2445 4105 ne
2505 4053 2948 4120 interciperentur
2993 4054 3198 4106 litterae.
3253 4054 3486 4108 Tertiam

1916 4150 1940 4187 ιι
1973 4141 2095 4191 item
2127 4141 2340 4207 scripsit
2368 4137 2646 4207 epistulam
2675 4153 2793 4206 qua:
2832 4140 3101 4192 intercidit
3128 4158 3140 4192 :
3185 4142 3236 4193 in
3267 4142 3396 4200 hac.
3431 4155 3489 4196 ut

1914 4239 2064 4300 puto,
2094 4231 2524 4297 conquerebatur
2553 4228 2818 4281 Ausonius
2845 4227 2988 4295 quod
3027 4228 3138 4296 jam
3183 4230 3414 4283 triennio
3455 4246 3484 4282 a

1914 4319 2083 4388 patria
2114 4319 2324 4372 abesset.
2355 4315 2627 4382 Paulinus,
2658 4326 2712 4372 et
2735 4317 2800 4370 ad
2838 4329 3016 4372 musas
3044 4317 3267 4372 reditum
3295 4332 3483 4386 preca-

1912 4410 2088 4464 batur.
2118 4407 2368 4474 Quartam
2400 4409 2505 4480 25
2535 4418 2560 4456 ιι
2592 4409 2807 4477 insuper
2826 4405 3070 4470 addidit,
3097 4408 3150 4462 in
3176 4424 3282 4476 qua
3316 4411 3488 4478 pergit

233 4497 284 4546 in
312 4497 481 4550 Adam
509 4500 694 4568 quippe
720 4500 960 4567 superbia
986 4501 1205 4567 ruimus,
1250 4510 1400 4572 atque
1427 4501 1542 4556 ideo
1571 4503 1812 4557 humilia-
1844 4516 1892 4575 ι)
1914 4500 2065 4570 queri
2095 4499 2162 4553 de
2183 4497 2318 4551 fastu
2347 4514 2453 4567 quo
2474 4497 2724 4551 Paulinus
2753 4497 3046 4552 rescribere
3074 4497 3448 4565 dedignaretur
3471 4521 3482 4553 :

233 4604 345 4640 mur
370 4591 422 4640 iu
451 4590 676 4653 Christo,
705 4599 760 4642 ut
797 4601 1057 4660 peccatum
1079 4593 1282 4647 sceleris
1318 4595 1514 4664 antiqui
1542 4595 1814 4648 contraria:

236 4678 432 4731 virtutis
459 4679 700 4749 obsequio
729 4680 1015 4746 diluamus;
1045 4691 1093 4735 et
1121 4685 1205 4751 qui
1231 4682 1567 4753 superbiendo
1595 4684 1815 4752 offendi-

235 4780 344 4816 mus
370 4806 387 4828 ,
439 4770 702 4824 serviendo
749 4773 1028 4842 placemus.
1086 4783 1109 4810 ο
1167 4772 1498 4828 Exsultemus
1547 4776 1718 4845 itaque
1765 4785 1816 4828 et

237 4855 518 4922 ςιοιὶεηιυν
563 4856 617 4908 in
663 4857 793 4925 ipso,
846 4864 930 4927 qui
985 4880 1080 4918 nos
1119 4873 1168 4918 et
1193 4881 1418 4935 pugnam
1459 4874 1509 4918 et
1553 4867 1816 4920 victoriam

239 4959 386 4996 suam
439 4946 646 5014 fecit....
698 4943 813 4999 Nos
864 4945 1023 5016 igitur
1077 4956 1334 5000 taceamus
1387 4955 1502 5008 istis
1557 4955 1818 5026 loquentes

238 5033 308 5084 ad
334 5031 614 5087 Dominum
635 5035 839 5090 silentio
866 5036 1190 5100 humilitatis,
1219 5047 1270 5092 et
1297 5055 1415 5092 voce
1441 5040 1742 5110 patientiae:
1771 5051 1822 5096 et

238 5135 356 5174 tunc
391 5125 494 5194 ipse
520 5125 605 5194 qui
633 5125 850 5180 invictus
877 5136 952 5180 est
979 5126 1225 5198 pugnabit
1261 5145 1354 5199 pro
1383 5127 1547 5194 nobis,
1572 5139 1622 5184 et
1661 5131 1824 5185 vincet

236 5199 290 5264 δη
321 5216 555 5269 nobis....
591 5212 609 5252 ¹
642 5213 1062 5288 lnconfusibilem
1087 5229 1426 5288 operatorem,
1450 5221 1580 5274 sicut
1609 5221 1822 5275 hilarem

215 5447 218 5451 ’
285 5408 328 5495 ,ι
361 5459 677 5538 p§9|i9,£p.
701 5463 751 5538 1Ρ
773 5480 826 5538 nA.
851 5465 903 5519 8.
980 5466 1006 5506 δ
1033 5466 1130 5538 Ep.
1152 5467 1239 5538 11,
1264 5478 1316 5524 n.
1346 5466 1397 5524 4.

242 5543 327 5608 an.
361 5527 484 5596 594,
511 5533 538 5601 ς
733 5532 761 5571 ἰ
787 5534 987 5608 t_\u_son.
1021 5527 1106 5608 ep:
1137 5537 1225 5593 ει.

242 5598 442 5668 Auson.
481 5598 533 5668 p2
564 5599 708 5668 7485.

241 5676 295 5719 et
317 5667 437 5722 Not.
469 5667 522 5738 p.
557 5667 678 5723 568.
757 5681 782 5721 ιι
815 5675 1014 5728 Auson.
1043 5692 1129 5745 ep.
1160 5676 1246 5728 23.

519 5761 788 5822 PnnoL.
840 5764 998 5827 LXI.

1311 5540 1321 5576 ί
1357 5540 1558 5596 Auson.
1576 5539 1673 5610 ep.
1705 5539 1794 5595 25.

1477 5481 1496 5508 ε
1527 5467 1624 5540 Ep.
1652 5469 1784 5540 8,7n.
1809 5467 1861 5524 2.
1937 5467 2134 5534 “ibid,
2156 5485 2209 5524 n.
2230 5468 2332 5540 3.L
2361 5467 2556 5540 eibid“
2579 5485 2630 5524 η.
2658 5468 2709 5523 ι.

787 5537 996 5656 ξυῧοη..
1021 5537 1106 5608 ep.
1137 5537 1225 5593 ει.
1291 5540 1321 5638 vi
1357 5537 1673 5610 Ausonﬁep.
1705 5539 1794 5595 25.

831 5675 840 5678 Α
895 5607 1057 5660 auhn.
1089 5624 1254 5678 carm.
1294 5609 1376 5676 10,
1408 5626 1456 5662 v.
1490 5611 1538 5663 1.
1617 5620 1642 5647 ιι
1674 5612 1816 5666 Auso

1931 5542 2130 5596 Auson.
2163 5553 2251 5610 ep.
2283 5537 2371 5593 25.
2451 5538 2473 5576 ¹ι
2505 5541 2704 5595 Anson.
2739 5555 2824 5622 ep.
2849 5540 2937 5594 23.
3022 5539 3035 5576 ι
3073 5539 3248 5594 Vinet.
3271 5539 3391 5595 Not.
3423 5543 3485 5597 ad

1918 5625 1988 5665 eo.
2019 5609 2105 5663 24.
2187 5619 2209 5646 °
2236 5609 2388 5671 lbid.,
2421 5624 2472 5660 v.
2508 5608 2596 5662 51.
2672 5620 2698 5657 ι’
2728 5608 2846 5662 Vid.
2878 5609 3078 5663 Auson.
3110 5623 3198 5678 ep.
3229 5607 3316 5675 25,
3347 5627 3398 5662 ν.
3437 5613 3485 5677 1,

1916 4600 2026 4644 tum
2053 4590 2265 4643 demum
2295 4589 2561 4658 subjungit
2593 4587 2856 4657 Hispania:
2885 4602 3066 4656 pagos,
3112 4589 3356 4656 ninguida
3387 4589 3486 4661 Py-

1917 4681 2074 4735 renaei
2107 4681 2221 4733 loca
2251 4687 2306 4731 et
2336 4694 2619 4732 vascnnmn
2646 4678 2813 4734 saltus
2854 4693 3031 4731 mores
3061 4677 3264 4732 Paulini
3292 4679 3488 4734 dulcis-

1917 4772 2080 4825 simos
2105 4771 2327 4823 vertisse
2351 4787 2362 4820 :
2393 4783 2620 4836 eumque
2648 4768 2843 4822 mentis
2871 4767 3104 4837 inopem,
3132 4777 3300 4824 cmtus
3319 4770 3492 4827 homi-

1920 4876 2046 4914 num
2074 4860 2349 4921 vitantem,
2374 4867 2430 4912 et
2455 4866 2585 4911 atra:
2614 4857 2734 4912 bilis
2763 4857 2952 4912 morbo
2981 4857 3312 4913 laborantem
3339 4859 3487 4924 dicit,

1923 4966 1984 5004 ac
2008 4949 2218 5004 laudent
2249 4947 2425 5003 Musas
2467 4956 2718 5017 precatur
2764 4955 2822 5002 ut
2873 4947 3147 5004 Paulinum
3195 4949 3260 5004 ad
3302 4953 3490 5022 poesin

1922 5047 2190 5092 I‘CVOCCIII.

2451 5142 2586 5181 anno
2611 5142 2814 5182 cmusn
2845 5125 2961 5181 393.

1997 5221 2048 5273 2.
2091 5218 2396 5288 ignoramus
2435 5232 2502 5271 an
2550 5218 2682 5272 alias
2726 5217 2793 5272 ad
2833 5217 2890 5272 S.
2934 5215 3211 5274 Paulinum
3236 5219 3489 5290 epistolas

2794 5469 2812 5509 ί
2839 5470 2992 5536 lbid.,
3019 5487 3071 5525 η.
3098 5470 3150 5523 5.
3229 5469 3480 5527 I'Baron.

2451 5538 2473 5576 ιι
2505 5541 2704 5622 gliscit.
2728 5555 2827 5622 ει).
3022 5539 3035 5576 ι
3073 5539 3391 5622 νίηειλμοι.
3423 5543 3489 5622 ad

3172 5773 3223 5835 2.
