4056 6358
552 318 623 376 13

1562 310 1617 365 S.
1662 308 2000 366 PAULINUS
2038 308 2358 366 NOLANUS
2394 309 2783 367 EPISCOPUS.

3738 297 3809 350 ιι

548 447 821 519 scripserit
866 444 1131 501 Ausonius
1156 483 1171 509 ,
1211 449 1270 498 ut
1315 457 1346 496 a
1391 440 1676 497 strictioris
1721 442 1846 496 vita:
1872 442 2121 496 instituto

2243 419 2531 478 I‘herasiam
2561 437 2679 480 esse
2706 420 3051 490 Tanaquilam
3074 462 3088 485 ,
3134 430 3199 476 ut
3241 418 3806 492 exprobraverat‘Au-

550 556 674 597 eum
702 542 979 594 revocaret
1004 554 1016 587 :
1048 543 1104 590 at
1130 548 1250 604 qum
1287 532 1512 589 diversis
1549 535 1705 587 annis
1729 533 2000 598 carmina,
2029 549 2126 587 seu

551 633 729 704 potius
772 630 1167 684 incantamenta
1193 668 1209 692 ,
1254 624 1467 679 fuerunt
1512 623 1674 679 missa
1698 664 1713 690 ,
1739 623 1873 679 fecit
1900 622 2043 678 Deus
2069 631 2129 677 ut

552 737 675 778 sero
715 718 1001 775 admodum
1046 714 1427 780 redderentur,
1463 722 1489 753 ι
1515 721 1708 784 quarto
1747 713 1953 768 scilicet
1989 728 2130 766 anno

553 827 619 866 ex
648 825 755 880 quo
782 806 913 861 nihil
941 805 1008 859 ab
1032 818 1098 859 eo
1120 804 1423 859 litterarum
1453 810 1740 873 acceperat
1770 801 2041 867 Paulinus,
2073 811 2132 856 ut

553 914 683 954 sane
710 896 935 951 validior
973 894 1144 948 factus
1173 892 1433 946 latitantis
1478 891 1677 946 diaboli
1704 891 1910 946 insidiis
1935 900 1989 945 et
2019 884 2132 945 ten-

556 988 847 1043 tationibus
895 984 1201 1067 obsisteret.
1269 981 1508 1037 Tandem
1553 981 1581 1020 ὶ»
1611 980 1966 1051 quadriennio
2013 992 2135 1050 post

555 1067 665 1135 tres
694 1077 852 1133 simul
899 1076 1101 1144 recepit
1146 1074 1432 1143 epistolas,
1485 1089 1601 1127 eam
1632 1088 1826 1142 nempe
1857 1071 2008 1140 cujus
2036 1071 2134 1125 ini-

459 1194 465 1201 -
559 1170 688 1223 tium
734 1176 836 1232 est,
875 1176 892 1204 δ
928 1165 1176 1219 Proxima
1221 1180 1334 1234 qua:
1378 1173 1597 1227 nostra,
1643 1170 1702 1216 ut
1743 1161 1877 1215 infra
1908 1160 2132 1231 patebit,

558 1275 676 1313 eam
724 1272 937 1326 quoque
979 1271 1095 1325 qua:
1142 1256 1219 1307 sic
1270 1253 1566 1315 inchoatur,
1599 1249 1625 1288 ά
1659 1249 1859 1315 Quarta
1888 1249 1979 1303 tibi
2005 1251 2132 1310 hinc,

561 1366 683 1406 cum
732 1350 899 1401 altera
947 1360 1063 1415 qua:
1113 1344 1399 1398 intercidit.
1468 1342 1623 1397 Ilisce
1683 1342 1853 1395 tribus
1897 1341 2138 1410 epistolis

560 1441 722 1495 etiam
766 1437 987 1491 metrica
1034 1433 1261 1504 epistola
1286 1417 1308 1469 έ
1337 1430 1611 1501 respondit
1654 1428 1908 1484 Paulinus
1932 1470 1947 1494 ,
1988 1428 2139 1496 cujus

561 1531 767 1585 initium
812 1528 980 1594 elegia
1006 1567 1021 1591 ,
1072 1533 1155 1579 est
1202 1516 1364 1577 veluti
1410 1523 1653 1590 qumdam
1684 1520 1947 1590 pnefatio,
1978 1534 2137 1588 quam

557 1629 853 1691 sequuntur
880 1635 1068 1673 versus
1097 1616 1307 1671 iambici
1338 1615 1566 1669 trimetri
1595 1622 1650 1669 et
1674 1614 1915 1679 dimetri,
1947 1613 2000 1667 in
2026 1613 2142 1681 qui-
2234 1634 2237 1637 λ

556 1714 657 1769 bus
701 1713 752 1767 ei
804 1709 981 1765 reddit
1024 1709 1261 1763 rationes
1305 1723 1401 1761 cur
1446 1707 1610 1760 musis
1652 1705 2057 1769 renuntiaverit,
2088 1713 2142 1758 et

556 1808 697 1861 bona
742 1802 1018 1858 abdicarit.
1069 1786 1206 1854 Tum
1252 1799 1487 1852 ostendit
1529 1813 1687 1866 quam
1729 1797 1899 1865 gratia
1936 1795 2134 1850 Christi
2172 1789 2212 1845 Β

560 1907 732 1952 totum
761 1896 1049 1949 immutans
1078 1891 1352 1947 hominem
1386 1890 1557 1959 ipsum
1581 1889 1681 1943 sibi
1707 1889 1918 1958 penitus
1947 1888 2135 1941 vendi-
2229 1897 2233 1901 '

559 1994 753 2047 casset.
786 1988 1005 2043 Fatetur
1047 2001 1109 2041 se
1136 1984 1373 2043 Ausonio
1412 1982 1589 2035 omnia
1618 1981 1846 2045 debere,
1875 1988 1930 2034 et
1959 1990 2139 2049 proto-

559 2093 729 2138 statur
756 2097 816 2136 se
842 2094 1056 2149 semper
1082 2093 1204 2132 eum
1234 2076 1494 2139 coluisse,
1526 2073 1703 2128 colere
1720 2111 1737 2137 ,
1766 2072 2139 2139 culturumque

561 2176 720 2229 etiam
767 2175 968 2244 pietate
1022 2185 1269 2226 mansura
1317 2175 1435 2239 post
1486 2174 1715 2221 mortem
1754 2182 1765 2211 :
1817 2163 2139 2231 tandemque

564 2265 696 2317 alias
726 2261 942 2316 Ausonii
965 2259 1210 2330 querelas
1232 2258 1318 2312 his
1338 2254 1577 2312 confutat
1608 2253 1845 2308 versibus
1873 2251 1889 2289 τ
1920 2269 1932 2303 :

699 2373 817 2419 huic
845 2373 867 2408 ιε
897 2378 1077 2418 ναρδηιο
1099 2383 1167 2427 m,
1195 2369 1270 2415 vel
1293 2369 1587 2423 studentem,
1612 2375 1664 2414 et
1682 2363 1923 2425 deditum,

756 2431 807 2480 1.ι
836 2434 925 2479 hoc
949 2436 1271 2493 remittentem
1290 2431 1466 2485 omnia,

689 2493 760 2541 διε
779 2505 943 2556 quaeso
957 2491 1183 2552 segnem,
1209 2502 1338 2556 neve
1361 2498 1645 2556 perversum
1671 2491 1868 2556 putes...

749 2548 846 2604 Séd
864 2567 949 2602 cur
968 2548 1103 2600 reTuo
1127 2548 1183 2600 us
1200 2548 1377 2599 lanulin
1400 2551 1576 2609 degatn
1599 2548 1783 2609 arguis,

752 2617 943 2677 l'ioque‘
955 2620 1083 2677 motu
1109 2616 1331 2660 irasceris
1355 2624 1369 2659 :

686 2669 916 2725 Cundncit
933 2675 1081 2729 istud,
1107 2681 1190 2723 aut
1207 2685 1414 2721 necesse
1442 2677 1540 2732 est,
1558 2677 1642 2719 aut
1664 2669 1826 2731 placet
1851 2679 1863 2714 :

752 2739 773 2782 \
790 2737 949 2785 enialc
974 2737 1201 2796 quidquid
1225 2736 1396 2783 horum
1421 2737 1533 2796 erit.

691 2799 892 2860 Ignosce
913 2790 1122 2860 amanti;
1136 2797 1174 2842 si
1201 2808 1369 2860 geram
1392 2794 1518 2860 quod
1537 2790 1742 2855 expedit

749 2860 976 2918 Gratare,
996 2858 1038 2905 si
1060 2852 1290 2920 vivrpint
1304 2852 1427 2904 libet
1450 2852 1494 2902 ιι.

1151 2957 1377 3013 CAPUT
1415 2956 1549 3011 XIII.

738 3053 959 3106 Ausonii
988 3050 1220 3123 querelas
1251 3051 1454 3120 fortiter
1479 3052 1668 3117 refutat
1690 3047 1946 3101 Paulinus

2229 517 2429 579 senius,
2458 516 2550 569 sed
2582 515 2899 568 Lucretiam.
2931 513 3066 567 llinc
3091 514 3221 568 ditit
3248 512 3503 569 Paulinus
3530 524 3589 567 II:

2666 624 2855 672 Utinam
2872 624 3024 685 justus
3048 639 3127 673 me
3145 635 3350 685 carpere
3373 624 3499 673 livor

2354 687 2572 747 Incqiiat,
2596 686 2771 735 Christi
2794 688 2884 733 sub
2901 699 3094 734 nomine
3117 689 3287 747 probra
3310 685 3589 746 placebunt.

2357 750 2460 797 bon
2488 751 2663 809 patitur
2682 760 2907 796 tenerum
2928 761 3066 795 mens
3087 747 3291 794 humine
3312 747 3443 809 firma
3460 748 3693 807 pudorem

2358 811 2417 858 Iit
2438 807 2538 857 laus
2559 812 2634 857 hic
2653 816 2929 869 contempta
2946 822 2999 857 re
3021 809 3066 855 .it
3097 809 3208 855 mini
3227 809 3393 869 judice
3413 807 3620 857 Christo.

2235 911 2383 965 Tunc
2412 910 2584 964 locant
2615 921 2635 946 τ
2667 910 3023 978 gratissimum
3052 925 3159 963 non
3191 909 3347 975 longe
3382 925 3413 962 a
3443 913 3577 963 mari
3608 910 3814 965 incole—

2234 1005 2326 1059 bat
2355 1002 2632 1067 Paulinus,
2666 1009 2719 1056 et
2748 1001 3130 1067 Barcinonem,
3163 1011 3219 1055 ut
3248 1003 3473 1068 videtur,
3504 1002 3591 1055 tibi
3625 1002 3728 1056 hoc
3757 1016 3811 1055 et

2236 1094 2536 1163 insequenti
2565 1110 2705 1148 anno
2728 1094 2983 1147 mansisse
3012 1092 3144 1146 alias
3171 1101 3191 1127 ε
3214 1091 3682 1146 deinonstrabitur.
3703 1092 3810 1147 Sed

2235 1195 2289 1240 et
2335 1188 2379 1241 si
2433 1184 2714 1254 ninguidos
2769 1181 3052 1253 Pyrenzeos
3091 1191 3332 1249 montes,
3380 1192 3435 1237 et
3482 1184 3814 1236 vastissimas

2239 1284 2388 1351 (tunc
2417 1280 2467 1332 in
2501 1278 2773 1347 Hispania)
2800 1276 3099 1331 Vasconum
3118 1277 3283 1330 saltus
3304 1276 3613 1337 habitasset,
3652 1279 3660 1311 '
3693 1276 3813 1329 bar-

2238 1371 2454 1424 baricos
2501 1386 2611 1423 non
2656 1368 2917 1424 induisset
2960 1384 3156 1421 mores.
3217 1366 3326 1421 Hos
3365 1366 3465 1420 sibi
3508 1350 3665 1434 jocds
3708 1383 3811 1418 nun

2239 1465 2476 1534 placere,
2524 1461 2851 1530 eosdemque
2881 1461 2980 1515 sibi
3009 1461 3185 1515 licitos
3216 1457 3377 1513 fuisse
3406 1458 3589 1513 scribit
3610 1460 3678 1512 ad
3707 1458 3813 1511 Au.

2239 1575 2450 1616 SOlllllm
2470 1578 2482 1611 ξ

2363 1654 2510 1702 Multa
2530 1654 2649 1712 jocis
2671 1658 2896 1713 pateant;
2922 1651 3068 1696 liceat
3091 1641 3629 1713 quoquehlgderelictis.

2368 1716 2466 1762 Sed
2487 1706 2645 1773 lingua
2670 1706 2910 1760 mulcente
2932 1706 3129 1772 gravem
3154 1706 3676 1773 interlideredmtem,

2365 1766 2562 1825 Ludere
2574 1766 2819 1823 blanditiis
2839 1766 3112 1821 urer'mbns.
3147 1776 3199 1816 et
3223 1769 3349 1814 male
3374 1766 3543 1812 cule-es

2365 1840 2683 1888 Fet-nientare
2701 1838 2834 1893 jovos
2853 1837 3009 1881 satirae
3031 1830 3266 1879 nuerdacis
3287 1836 3442 1874 ιιι-νισι.

2361 1887 2503 1962 Same
2530 1887 2799 1961 poetarum,
2821 1908 2920 1942 nun
2940 1906 3061 1951 gnam
3085 1893 3228 1940 decet
3247 1903 3356 1938 case
3383 1892 3637 1949 parentum
3654 1887 3703 1935 ι’.

2313 2004 2503 2060 Uxoris
2533 2012 2556 2038 ν
2584 2003 2846 2055 honorem
2872 1995 3140 2058 defendit,
3172 2002 3227 2049 et
3256 1992 3469 2047 tandem
3498 1989 3812 2046 conversio:

2242 2097 2323 2150 nis
2351 2111 2459 2150 sum
2480 2108 2667 2149 causas
2695 2088 2932 2144 Ausonio
2960 2086 3197 2155 exponit,
3229 2083 3414 2138 dicens
3445 2091 3467 2118 ι
3497 2096 3557 2134 se
3580 2080 3814 2134 seculnm

2239 2189 2423 2256 lugere
2447 2196 2501 2241 et
2538 2186 2676 2239 bona
2708 2182 2956 2236 abdicare
2978 2179 3141 2239 velle,
3192 2183 3250 2230 ut
3279 2174 3489 2229 Christo
3523 2172 3688 2241 judici
3728 2181 3813 2224 se;

2244 2295 2400 2334 curus
2427 2276 2602 2347 possit
2628 2286 2931 2329 occurrere.
2959 2268 3110 2335 Quod
3138 2268 3182 2322 si
3213 2266 3332 2336 quis
3361 2265 3553 2319 tuentis
3579 2276 3814 2318 errorem

2243 2384 2362 2424 esse
2385 2366 2586 2436 judicet
2612 2364 2690 2419 sic
2712 2362 2862 2432 juxta
2892 2358 3088 2414 Christi
3118 2358 3263 2425 leges
3292 2355 3475 2409 vivere
3499 2372 3511 2406 :
3543 2404 3551 2413 ,

2641 2473 2784 2521 Juvat
2802 2474 2913 2533 hoc,
2951 2482 3041 2518 nec
3066 2466 3431 2533 paniitctbnjns

2368 2537 2559 2586 Erroris
2586 2548 2599 2580 :
2627 2536 2802 2583 stultus
2822 2530 3017 2581 diversa
3053 2530 3380 2589 sequentibus
3400 2531 3509 2573 esse

2369 2601 2442 2648 lVil
2465 2611 2643 2655 niuror,
2668 2608 2853 2645 :eierno
2876 2607 2985 2643 mea
3011 2586 3324 2641 dum—semen
3349 2590 3392 2636 ia
3420 2586 3544 2647 llegi

2370 2667 2443 2709 NL
2475 2660 2670 2721 sapiens
2692 2659 2742 2705 Υ.

2319 2763 2556 2831 Denique
2583 2759 2893 2829 prmelaram
2921 2754 3116 2815 Chri~ti
3154 2750 3544 2808 confessionem
3575 2749 3648 2803 ita
3672 2748 3795 2803 clau

2243 2857 2340 2917 dit,
2369 2865 2425 2910 et
2451 2854 2604 2923 quasi
2627 2850 2815 2904 trabali
2846 2848 2997 2903 clavo
3023 2846 3163 2914 figit:
3256 2862 3260 2866 δ

2371 2965 2423 3012 Si
2445 2963 2602 3024 [Iacet
2624 2962 2734 3016 hoc,
2760 2969 2952 3024 gratare
2978 2958 3046 3005 tui
3069 2967 3158 3016 spe
3174 2955 3325 3024 divite
3343 2953 3511 3011 amici;

2367 3028 2416 3074 Si
2442 3012 2604 3073 contra
2629 3012 2932 3082 est,'Cln'isto
2957 3012 3139 3068 tantum
3165 3029 3243 3062 me
3269 3016 3432 3071 linque
3462 3014 3658 3074 probari
3683 3012 3707 3039 ⁸

641 3144 690 3197 1.
736 3142 932 3197 Versus
970 3116 1229 3195 iambicos
1251 3116 1637 3208 sequebantur
1672 3136 1688 3174 ί
1741 3135 2038 3191 hexametri
2084 3135 2135 3188 in
2166 3151 2210 3208 ε
2317 3130 2368 3184 2.
2402 3128 2637 3183 Ausonio
2662 3127 2882 3194 insuper
2902 3120 3178 3191 respondit
3201 3119 3306 3173 alio
3340 3118 3578 3174 cat-mine
3600 3127 3658 3153 ει·
3689 3116 3812 3171 Con-

569 3235 765 3304 quibus
790 3247 980 3303 aspera
1028 3230 1251 3286 Ausonii
1279 3232 1422 3284 dicta
1460 3230 1669 3284 fortiter
1695 3226 1892 3283 refutat
1927 3228 2146 3287 heroico

574 3328 588 3376 l
626 3325 830 3381 scilicet
874 3324 1129 3386 carmine,
1175 3321 1368 3393 Before
1412 3338 1493 3375 me
1535 3321 1745 3391 patriis,
1795 3334 1902 3388 quo
1947 3325 2148 3388 quarta:

572 3417 857 3487 respondet
902 3415 1123 3470 Ausonii
1170 3414 1430 3484 epistolae,
1467 3412 1491 3450 κ
1524 3411 1721 3476 Quarta
1771 3412 1859 3465 tibi
1908 3411 2043 3473 haec,
2094 3418 2149 3464 et

573 3510 744 3564 tertia:
788 3494 929 3579 quasi
954 3507 1154 3561 excidit
1198 3507 1251 3560 in
1289 3519 1394 3578 qua
1436 3505 1703 3559 Ausonius
1732 3502 2012 3557 Paulinum
2033 3501 2145 3570 jam

578 3599 594 3638 ι
628 3601 858 3656 triennio
901 3599 1177 3653 absentem
1223 3597 1565 3666 querebatur,
1612 3612 1713 3653 nec
1756 3611 1863 3651 non
1901 3594 2148 3651 secunda:

574 3702 613 3730 ω
646 3690 899 3745 Proxima
935 3684 1047 3761 quae
1072 3697 1284 3748 nostra.
1328 3688 1381 3742 in
1409 3702 1515 3762 qua
1541 3687 1851 3741 Therasiam
1883 3685 2150 3741 Ausonius

576 3778 915 3853 Ttinaquilam
960 3778 1205 3834 vocabat.
1256 3777 1497 3848 Cumque
1525 3778 1777 3833 Paulinus
1801 3786 1827 3815 ι·
1857 3778 2001 3833 dicat
2041 3778 2149 3831 Λυα-

575 3870 784 3929 senium
812 3869 1078 3941 Hispania:
1107 3868 1361 3939 oppidula
1388 3869 1668 3924 nominare
1686 3907 1701 3932 ,
1726 3869 1901 3924 tacitis
1938 3869 2150 3923 urbium

576 3961 883 4017 nominibus
929 3960 1186 4015 Cresarea:
1216 3962 1494 4028 Angustm,
1541 3960 1858 4016 Tarraconis
1894 3968 1948 4015 et
1970 3961 2151 4016 Barci-

573 4051 747 4115 nonis,
778 4065 897 4120 qua:
924 4064 1045 4103 cum
1075 4049 1375 4103 habeantur
1402 4049 1454 4103 in
1482 4049 1710 4118 epistola
1751 4049 2014 4104 Ausonii°
2043 4050 2148 4120 pri-

572 4159 698 4208 ma,
745 4142 886 4197 hanc
927 4140 1165 4197 nondum
1213 4139 1493 4196 Paulinum
1541 4151 1666 4197 Iunc
1715 4143 1982 4212 recepisse
2029 4142 2150 4196 imle

571 4230 910 4287 manifestum
934 4239 1037 4285 est.
1072 4228 1358 4299 Postquam
1384 4231 1554 4299 igitur
1575 4241 1602 4281 ιι
1630 4232 1802 4300 primo
1828 4239 2153 4302 conquestus

573 4328 656 4376 est
684 4318 936 4374 Paulinus
979 4319 1123 4387 quod
1171 4321 1436 4374 Ausonius
1473 4338 1580 4376 non
1609 4322 1877 4376 Christum
1904 4325 2027 4376 vita:
2056 4336 2153 4376 no-

573 4419 697 4466 atra:
725 4418 966 4465 antorem
985 4448 1001 4471 ,
1031 4402 1323 4464 sed'Musas
1348 4412 1663 4480 deprecatus
1689 4412 1860 4466 fuerat
1888 4421 1947 4466 ut
1972 4412 2150 4466 Pauli-

2232 3223 2449 3285 ,tinuata
2477 3235 2620 3281 mete,
2651 3219 2704 3271 in
2725 3231 2833 3286 quo
2862 3229 2967 3269 non
2989 3212 3100 3282 jam
3131 3209 3365 3277 suscepti
3395 3208 3627 3262 instituti
3651 3208 3815 3262 reddii

2250 3312 2519 3373 rationes;
2569 3307 2662 3364 sed
2707 3307 3034 3377 protestatur
3074 3316 3133 3355 se
3179 3314 3388 3367 semper
3425 3308 3547 3351 cum
3578 3296 3817 3351 omnibm

2249 3401 2438 3458 officiis
2466 3398 2797 3459 excoluisse,
2839 3396 3047 3458 coiere,
3090 3391 3462 3458 culturumque
3496 3388 3660 3441 etiam
3704 3388 3815 3456 pic-

2251 3500 2361 3546 tate
2387 3505 2634 3545 mansura
2660 3496 2780 3557 post
2808 3493 3065 3547 mortem,
3105 3482 3321 3549 easdem
3351 3481 3403 3533 in
3433 3479 3624 3532 animis
3652 3493 3683 3532 a
3712 3492 3821 3535 cor-

2250 3597 2381 3653 pore
2404 3580 2665 3651 separatis
2692 3576 3001 3631 affectiones
3030 3586 3304 3626 mansuras
3328 3568 3662 3637 existimans.
3692 3566 3824 3623 Illud

2250 3689 2440 3745 poema
2455 3672 2512 3710 ινδ
2530 3672 2713 3740 primm
2740 3668 2957 3722 Ausonii
2984 3665 3221 3735 epistolae
3240 3662 3549 3731 res’pondct,
3578 3669 3636 3714 et
3656 3662 3823 3715 c'uii'is

2252 3764 2403 3818 alteri
2433 3762 2484 3816 in
2509 3777 2613 3831 qua
2644 3760 2781 3813 idem
2805 3757 3070 3810 Ausonius
3092 3754 3398 3808 Thcrasiam
3428 3752 3624 3805 marito
3655 3750 3825 3819 impe-

2250 3854 2413 3908 ritare
2442 3850 2721 3907 incusabat
2744 3868 2756 3900 :
2787 3845 3068 3916 aliquando
3092 3853 3210 3915 post
3237 3855 3346 3897 tres
3372 3841 3674 3909 alias,duas
3702 3841 3826 3894 has'

2249 3961 2313 4001 ce
2341 3944 2497 4000 simul
2526 3944 2735 4005 litteras
2755 3938 2932 3994 forsan
2964 3938 3165 4006 recepit
3188 3935 3456 3990 Paulinus.

2833 4060 3059 4127 CAPUT
3095 4069 3233 4125 XIV.

2392 4190 2729 4245 lunctissima
2756 4185 2965 4240 Paulini
2986 4202 3098 4238 cum
3129 4183 3313 4238 Severo
3337 4182 3679 4236 necessitudo.

2326 4325 2376 4377 1.
2395 4323 2511 4377 lam
2539 4335 2699 4391 supra
2729 4330 2781 4358 ετ
2802 4321 3203 4373 observavimus
3224 4314 3614 4385 junctissimam
3644 4312 3829 4368 Pauli-

2229 4425 2237 4453 τ
2258 4431 2382 4469 num
2410 4415 2550 4468 inter
2569 4421 2624 4466 et
2648 4411 2907 4465 Severum
2928 4410 2995 4463 lin
3025 4408 3207 4463 secqu
3248 4405 3613 4461 intercessisse
3638 4405 3825 4458 amici-

576 4516 703 4557 num
745 4500 814 4554 ad
852 4500 1040 4570 poesin
1070 4510 1418 4563 revocarent,
1460 4502 1536 4554 ait
1562 4502 1969 4556 conversionem
1998 4505 2149 4555 suam
2181 4514 2226 4571 υ
2255 4502 2381 4559 tiam
2404 4544 2419 4569 ,
2468 4517 2626 4573 quam
2669 4509 2857 4571 postea
2904 4510 3095 4554 neuter
3130 4512 3363 4567 unquam
3391 4495 3671 4561 dissolvit,
3703 4494 3834 4562 quia

576 4610 694 4651 esse
722 4598 845 4648 vere
874 4592 1226 4647 mutationem
1255 4591 1464 4647 Excelsi
1492 4607 1652 4660 quam
1680 4592 1827 4647 solus
1854 4592 1995 4647 Deus
2013 4607 2146 4662 ope-

575 4686 684 4740 rari
728 4692 979 4754 poterat:
1029 4694 1084 4738 et
1131 4684 1178 4737 si
1221 4684 1348 4752 quid
1394 4685 1449 4737 in
1495 4684 1710 4738 alumno
1746 4686 1854 4755 26
1881 4696 1963 4739 est
2003 4685 2148 4753 quod

575 4779 821 4834 Christus
849 4784 1012 4842 amet,
1041 4776 1208 4831 laetari
1236 4785 1290 4831 et
1317 4776 1487 4845 ipsum
1517 4782 1788 4844 oportere,
1818 4775 1885 4829 ad
1911 4790 2071 4844 quem
2094 4783 2148 4829 ut

573 4872 638 4923 al
673 4869 984 4937 magistrum
1014 4883 1139 4938 pars
1167 4849 1357 4921 laudis‘
1384 4877 1441 4921 et
1479 4867 1682 4936 prannii
1724 4867 2051 4936 pertineret,
2081 4881 2150 4919 ne

573 4957 809 5013 maxima
858 4957 1047 5026 perdat
1094 4957 1339 5026 prtemia,
1382 4955 1698 5010 detestanda
1727 4957 1867 5010 bona
1896 4956 2006 5009 suis
2029 4963 2148 5010 orta

575 5049 846 5103 fontibus:
879 5062 938 5102 se
968 5063 1071 5102 non
1092 5047 1344 5119 incolere
1370 5046 1606 5099 solitaria
1643 5045 1757 5099 loca
1798 5044 1993 5099 sanctis
2020 5057 2151 5098 ana-

575 5139 814 5194 choretis
859 5138 1053 5191 usitata
1096 5133 1325 5204 quorum
1366 5136 1549 5188 virtuti
1583 5134 1799 5189 minime
1837 5133 2144 5196 accedebat,

572 5245 677 5289 nec
706 5229 1154 5298 Bellerophontco
1206 5227 1334 5281 vitio
1381 5227 1653 5289 laborare,
1701 5226 1877 5294 neque
1922 5239 2144 5280 uxorem

649 5372 677 5401 ι
706 5360 912 5417 Paulin.
944 5373 1110 5415 carm.
1153 5356 1239 5427 10.
1315 5356 1341 5427 β
1370 5355 1504 5427 l_bid.
1585 5367 1606 5395 ε
1636 5358 1832 5427 Auson.
1865 5372 1951 5427 ep.
1983 5355 2071 5427 24.

578 5438 606 5480 I
636 5432 766 5488 Deo.
840 5427 870 5468 ιι
898 5427 1124 5488 Ibid.,v.
1149 5426 1239 5481 9'7.
1322 5426 1335 5464 ί
1371 5424 1576 5479 Paulin.
1605 5442 1771 5481 carm.
1794 5426 1876 5491 10,
1898 5424 1957 5481 v.
1992 5426 2078 5481 14.

575 5512 635 5556 v.
668 5500 785 5555 105.
861 5507 899 5536 ω
925 5500 1126 5552 Auson.
1149 5513 1235 5556 ep.
1255 5495 1343 5549 24.

579 5581 640 5625 ν.
668 5569 789 5622 185.
866 5562 1294 5629 rtbid.,v.232.
1369 5562 1552 5633 “Cap.
1588 5563 1652 5617 tt
1679 5572 1733 5619 et
1758 5564 1842 5617 15.

2149 5353 2173 5393 ἀ
2207 5356 2404 5411 Auson.
2447 5368 2534 5411 en.
2578 5350 2667 5404 25.

2158 5368 2173 5393 ι
2207 5368 2404 5437 Auson.
2447 5368 2534 5474 ep.
2578 5368 2667 5404 zu.

2158 5424 2443 5489 libid.,v.
2512 5419 2599 5474 05.
2677 5416 2702 5454 ¹ί

1418 5504 1443 5531 ιι
1470 5493 1674 5549 Paulin.
1697 5511 1861 5551 carm.
1894 5496 1978 5561 10,
1995 5513 2047 5549 v.
2071 5496 2175 5550 2‘22
2194 5504 2378 5561 etseq.

1924 5569 1941 5602 ί
1965 5556 2189 5619 Ῥειιιιὶιι.
2235 5579 2283 5617 c.
2327 5556 2413 5623 10,
2445 5577 2496 5613 v.
2527 5556 2648 5611 201.

583 5618 788 5691 ira};
856 5618 1289 5697 κῐιῖῑ“‹ἱζ,ἰὲ.ἒ95.
1354 5618 1568 5697 γιδίιὶη
1598 5618 1793 5689 1.285.
1872 5645 1892 5671 ι
1922 5618 2148 5699 Ibid.,v.

2243 5632 2317 5699 0.
2369 5618 2426 5665 ιλ
2452 5628 2656 5699 Paulini:
2676 5639 2839 5680 carm.
2869 5623 2952 5676 Il.
3030 5624 3086 5662 δῦ
3111 5618 3525 5697 Auson.ep.‘25.

2256 4591 2312 4632 ιιά
2338 4594 2495 4649 ambo
2520 4600 2720 4662 parur
2736 4590 2801 4645 ad
2829 4590 2993 4644 Deum
3015 4588 3285 4649 conversi,
3310 4587 3363 4640 in
3381 4584 3595 4640 Christo
3616 4599 3838 4654 semper

2255 4683 2620 4743 cohaeserunt,
2662 4680 2867 4749 pariter
2915 4681 2968 4732 in
3013 4679 3289 4735 caritatem
3328 4675 3443 4745 ejus
3469 4676 3693 4729 animati
3723 4686 3836 4725 uno

2256 4781 2310 4827 et
2337 4780 2525 4827 tenore
2562 4770 2820 4841 propositi
2862 4782 2918 4825 et
2948 4778 3188 4838 tempore
3213 4765 3606 4825 conversionis;
3640 4762 3715 4817 ita
3747 4769 3836 4829 ut,

2220 4900 2228 4906 -
2257 4882 2378 4922 cum
2420 4863 2686 4935 Sulpicius
2724 4863 2959 4918 Severus
2994 4863 3083 4923 qui
3110 4852 3455 4920 omugaudio
3483 4852 3746 4921 majorem
3778 4854 3838 4907 in

2259 4955 2482 5010 Paulino
2509 4954 2705 5017 gralim'
2728 4952 2949 5016 copiam
2975 4943 3419 5011 recognoscebat,
3436 4941 3515 4995 .ad
3546 4941 3838 4997 Paulinum

2248 5041 2544 5111 scripsisset
2567 5049 2623 5077 οε
2640 5053 2709 5092 ex
2732 5036 2941 5091 duobus
2960 5034 3051 5102 qui
3075 5034 3284 5087 Inerant
3311 5032 3364 5085 in
3390 5044 3522 5098 agro
3549 5046 3719 5084 unum
3742 5048 3837 5086 as-

2247 5138 2534 5199 sumptum,
2563 5128 2802 5182 relictum
2827 5126 3076 5189 alterum,
3091 5122 3343 5176 Paulinus
3363 5122 3440 5175 sic
3464 5121 3837 5189 respondeat:

2247 5224 2351 5278 Cur
2374 5225 2428 5278 in
2458 5238 2551 5275 nos
2584 5234 2823 5280 onerose,
2850 5228 2899 5271 et
2920 5217 2985 5268 de
3008 5225 3054 5269 te
3075 5214 3210 5285 [also
3238 5214 3485 5281 loqueris.
3504 5211 3553 5255 τί
3575 5211 3839 5279 Eramns,

2748 5358 2772 5385 ο
2803 5347 3012 5402 Paulin.
3056 5362 3222 5402 carm.
3256 5345 3341 5398 10.
3424 5344 3442 5383 τ
3474 5344 3631 5409 Ibid.,
3654 5362 3707 5399 γ.
3736 5344 3837 5409 _8I-

2733 5417 2933 5470 Auson.
2967 5432 3051 5484 ep.
3081 5415 3170 5469 25.
3250 5414 3265 5479 ι
3294 5415 3511 5484 Panlin.
3535 5407 3838 5484 carmfll).

2480 5484 2931 5608 (tggsionfpﬁﬁiil.
3002 5481 3543 5608 rogaulirtmcarm‘.
3608 5495 3650 5585 νει

2483 5600 2496 5608 .
2637 5600 2648 5608 .
2920 5571 2992 5608 ιη.
3087 5570 3187 5608 rm.
3283 5596 3296 5608 .
3329 5571 3377 5607 v.
3629 5588 3640 5598 .
3792 5574 3837 5602 ,ο

2920 5571 2992 5608 ιη.
3023 5570 3187 5609 carm.
3213 5570 3296 5618 ‘IU,
3329 5571 3377 5607 v.
3413 5570 3528 5603 τυυ.
3613 5570 3640 5598 ν.
3666 5570 3837 5618 unum

3610 5625 3665 5658 οε
3688 5616 3841 5674 Ca".

583 5705 639 5761 υ.
668 5721 722 5761 n.
754 5702 806 5757 Δ.
880 5704 934 5741 δά
965 5695 1169 5761 Paulini
1202 5719 1287 5760 en.
1318 5702 1404 5770 H,
1435 5719 1491 5757 n.
1519 5695 1574 5759 6.
1651 5714 1703 5742 ετ
1733 5702 1886 5770 Ibid.,
1920 5723 1970 5758 ιι.
2000 5695 2075 5757 6(
2134 5705 2148 5739 ¹

2243 5698 2367 5756 bid..
2399 5712 2453 5750 η.
2484 5697 2517 5750 5
2546 5704 2599 5748 et
2626 5695 2677 5747 6.
