4056 6358
221 354 280 412 l5
1569 358 2096 418 PROLEGOMEXA.
3395 375 3465 433 66

218 469 443 540 quidem,
472 474 523 522 et
544 468 847 540 singillatim
866 471 970 543 27
1000 471 1120 535 duo,
1160 488 1274 526 cum
1301 474 1355 526 in
1382 471 1527 526 nobis
1555 489 1676 528 caro
1702 489 1785 527 rc—
1813 479 1858 536 Α
1888 491 1919 530 a
1941 475 2135 533 Tolosa
2156 478 2436 535 duodecim
2463 480 2571 538 fere
2598 484 2776 541 leucas
2794 484 3100 551 distantem,
3125 493 3182 541 et
3203 485 3462 544 tredecim

216 563 352 616 bellis
380 578 413 614 a
434 562 619 630 spiritu
649 561 948 617 dissideret.
975 604 987 617 .
1017 605 1030 618 .
1068 562 1183 619 Duo
1211 565 1401 636 fuimus
1419 604 1434 628 ,
1465 566 1554 618 sed
1581 566 1785 635 quando

218 668 327 705 cum
346 651 451 704 illis
477 650 725 722 fratribus
748 653 1194 719 combinabamus;
1219 672 1432 726 quorum
1462 672 1495 708 a
1520 656 1664 710 nobis
1700 672 1790 711 uer

217 745 301 797 lioc
322 744 641 814 propositum
661 746 802 816 facta
823 746 1005 800 divisio
1026 756 1101 801 est
1123 787 1136 801 .
1166 788 1179 802 .
1201 787 1215 802 .
1252 746 1301 801 Ν
1307 764 1405 802 unc
1426 764 1540 802 vero
1570 750 1773 819 propitit

215 833 435 897 Christo,
465 836 551 904 qui
581 836 699 905 fecit
725 846 992 907 utrumque
1010 855 1188 903 unum,
1214 850 1264 893 et
1290 840 1391 894 duo
1415 856 1573 893 unum
1592 856 1788 905 smnus,

216 925 328 994 quia
356 941 487 977 unus
508 926 720 995 spiritus
755 927 808 980 in
838 926 1031 981 duobus
1051 968 1065 981 .
1085 967 1098 981 .
1126 969 1140 981 .
1183 927 1297 993 Quo
1332 931 1668 1000 impensiores
1696 930 1785 982 de.

217 1011 386 1066 bemus
406 1013 539 1068 bono
582 1013 804 1069 Domino
833 1019 1059 1088 gratias,
1110 1020 1244 1091 quod
1272 1021 1524 1090 respicere
1551 1020 1791 1091 dignatus

216 1104 263 1156 in
292 1103 635 1159 Itmrtilitatem
674 1117 936 1174 nostram,
979 1126 1092 1163 cum
1120 1112 1313 1179 pariter
1342 1113 1397 1164 in
1425 1128 1552 1181 agro
1580 1112 1795 1165 invenis-

215 1202 303 1255 set,
325 1196 523 1264 pariter
552 1207 606 1250 ut
634 1199 861 1267 geminos
883 1198 946 1251 ab
978 1210 1124 1255 utero
1149 1202 1323 1256 carnis
1340 1204 1565 1256 extraxit
1581 1243 1595 1265 ,
1628 1214 1677 1256 et
1699 1220 1792 1272 pu-

216 1286 340 1337 riter
369 1286 671 1355 assumpsit.
698 1286 814 1341 Duo
838 1289 975 1341 enim
995 1290 1185 1359 fuimus
1212 1292 1266 1344 in
1291 1307 1436 1362 agro,
1455 1290 1545 1344 sed
1571 1292 1797 1360 omnipo-

216 1374 372 1426 tentia
400 1373 511 1436 Dei.
539 1377 706 1429 ausim
727 1376 913 1441 dicere,
956 1380 1028 1430 ita
1061 1379 1123 1432 de
1155 1378 1299 1433 nobis
1333 1397 1462 1434 unus
1491 1392 1786 1449 assumptus

214 1472 305 1517 est.
337 1463 473 1532 quod
501 1474 679 1517 neuter
698 1477 773 1517 est
801 1467 1036 1520 relictus.
1061 1508 1073 1521 .
1095 1508 1109 1521 .
1144 1468 1267 1522 Non
1290 1472 1451 1523 simus
1471 1471 1659 1540 ingrati
1685 1468 1793 1524 Deo

214 1552 296 1620 qui
317 1569 418 1606 non
439 1569 593 1606 unum
614 1570 677 1607 ea:
702 1555 868 1617 nobis,
888 1557 978 1610 sed
997 1575 1153 1612 unum
1176 1563 1452 1627 assumpsit
1474 1562 1524 1614 in
1554 1559 1719 1614 nobis.

277 1641 333 1694 2.
376 1641 501 1697 "me
524 1645 770 1699 amicitiae
799 1655 823 1683 ι
854 1649 1188 1704 necessitudo
1210 1651 1456 1704 omnibus
1489 1666 1615 1705 vere
1636 1650 1792 1705 Chri-

213 1732 399 1785 stianis
425 1736 723 1789 communis
752 1744 861 1800 est,
896 1739 987 1791 sed
1013 1740 1064 1792 in
1094 1737 1317 1796 Paulino
1343 1750 1398 1796 et
1436 1742 1638 1797 Severo
1667 1758 1791 1811 spe-

1889 567 2077 621 saltem
2119 582 2152 621 a
2190 566 2518 626 Carcassona
2542 613 2562 639 ,
2604 574 2746 628 circa
2788 575 2973 629 urbem
3002 574 3225 630 Pedium
3248 575 3315 630 ad
3337 575 3469 634 Loro

1890 660 2042 722 tium,
2074 659 2129 713 in
2157 655 2348 715 ﬁnibus
2377 660 2661 718 Tolosantc
2688 664 2960 721 dimcesis.

2482 793 2709 851 CAPUT
2747 796 2859 854 XV.

1963 882 2249 939 Barcinone
2277 885 2525 941 Paulinus
2552 891 2900 960 presbyteratu
2925 893 3161 947 initiatur
3187 894 3373 949 invitus

1961 1015 2013 1070 1.
2054 1015 2111 1087 ιιι
2140 1018 2279 1072 votis
2318 1018 2577 1073 habuerat
2616 1017 2897 1087 Paulinus,
2923 1031 2984 1076 ut
3009 1026 3253 1093 superius
3277 1027 3466 1084 obser-

1890 1112 2075 1159 vatum
2119 1105 2279 1170 est“,
2310 1107 2553 1162 ultimum
2600 1107 2696 1162 lin
2743 1109 2979 1166 Ecclesia
3027 1125 3211 1171 tenere
3258 1116 3461 1183 locum,

1894 1191 2163 1260 indignum
2184 1209 2243 1249 se
2269 1205 2461 1265 putans
2488 1208 2523 1232 ιιι
2547 1198 2692 1253 inter
2717 1201 3023 1257 sacerdotes
3051 1207 3158 1275 28
3185 1206 3469 1276 collocari,

1894 1290 1956 1337 ut
1980 1284 2071 1353 qui
2100 1284 2152 1337 in
2202 1283 2365 1339 domo
2410 1286 2622 1341 Domini
2649 1289 2969 1346 domesticus
3001 1292 3113 1348 ﬁeri
3155 1311 3219 1351 ac
3247 1296 3456 1352 benedi-

1894 1386 2020 1426 cere
2077 1373 2389 1453 solemniter
2449 1374 2732 1432 Dominum
2777 1394 2884 1434 non
2935 1382 3157 1438 auderet
3199 1385 3465 1454 recipere.

1894 1460 2051 1527 Quod
2077 1450 2124 1516 si
2154 1464 2365 1519 tandem
2396 1465 2463 1519 ad
2495 1467 2851 1523 sacerdotium
2876 1470 3202 1540 adigeretur,
3231 1450 3352 1529 cum
3382 1475 3468 1531 in-

1893 1551 2111 1621 dignum
2138 1569 2196 1608 se
2227 1562 2332 1608 tam
2361 1562 2583 1623 augusta
2629 1560 2867 1614 muneris
2904 1563 3188 1619 sanctitate
3223 1564 3466 1633 duceret,

1894 1656 1992 1711 per
2018 1641 2214 1709 gradus
2242 1643 2495 1711 paulatim
2525 1646 2719 1711 evehi,
2763 1664 2963 1718 perque
2991 1651 3203 1720 longam
3242 1656 3467 1711 servitu—

1895 1739 2002 1785 tem
2030 1748 2088 1788 se
2117 1732 2339 1787 reddere
2367 1733 2661 1802 digniorem
2686 1737 2920 1800 volebat,
2950 1748 3007 1793 et
3025 1741 3093 1794 ad
3118 1743 3379 1797 tumulum
3406 1742 3446 1799 S

212 1822 364 1877 cialis
386 1839 503 1877 erat
529 1833 585 1879 et
612 1827 914 1893 peculiaris.
960 1827 1114 1883 Multi
1140 1831 1407 1899 spiritales
1430 1831 1552 1896 viri,
1576 1840 1632 1885 et
1655 1847 1783 1885 san-
1820 1826 1860 1884 Β
1890 1822 2078 1877 FCIiCiS
2110 1821 2221 1877 DCO
2249 1824 2449 1879 servire
2486 1833 2781 1892 ειδῑιιθηιν
2809 1838 2834 1864 ’³
2864 1827 3006 1884 ῖοτθε
3046 1831 3289 1886 eules“
3333 1848 3468 1904 390'

208 1914 280 1967 eti
316 1930 422 1967 non
451 1916 605 1984 pauci
629 1957 643 1980 ,
693 1918 765 1972 ob
790 1917 989 1973 Christi
1018 1921 1241 1988 gratiam
1280 1921 1559 1975 Paulinum
1602 1922 1790 1989 dilige-

213 2003 361 2067 bant,
389 2019 618 2073 quorum
646 1994 869 2062 allectus
897 2011 1115 2065 maximi
1144 2027 1242 2079 pro
1277 2012 1450 2081 patria
1468 2052 1483 2076 ,
1514 2021 1568 2066 et
1597 2028 1792 2083 paren-

208 2093 354 2148 tibus
378 2135 397 2158 ,
444 2103 499 2148 et
542 2095 881 2164 patrimoniis
911 2099 1009 2167 ipsi
1050 2108 1236 2164 erant,
1275 2116 1337 2155 ea
1370 2110 1545 2155 tamen
1576 2118 1694 2172 qua:
1724 2103 1792 2155 ab

208 2183 320 2239 illis
364 2194 649 2255 acceperat
693 2188 833 2242 bona
881 2190 1079 2257 largius
1117 2199 1279 2260 atque
1306 2193 1592 2260 pretiosius
1621 2193 1670 2246 in
1695 2210 1794 2248 suo

210 2274 417 2330 Severo
449 2286 796 2345 compensata
843 2281 1141 2349 reputabat.
1195 2280 1335 2335 Illud
1361 2284 1414 2336 in
1447 2294 1518 2346 te,
1554 2284 1723 2351 inquit
1744 2282 1792 2349 δ,

207 2365 435 2433 speciale
458 2365 602 2420 nobis
630 2367 820 2422 donum
853 2380 957 2434 est,
1004 2372 1140 2441 quod
1166 2374 1556 2443 praedestinatos
1587 2393 1679 2429 nos
1710 2376 1795 2429 iu-

210 2455 375 2507 ticent
399 2453 545 2509 nobis
567 2458 623 2509 in
653 2460 870 2512 caritate
895 2459 1086 2514 Christi
1108 2463 1440 2531 junctissima
1462 2467 1650 2534 prioris
1678 2482 1797 2535 quo-

206 2558 308 2612 que
358 2544 474 2598 citat
511 2547 742 2600 amicitia
792 2549 1071 2619 signavit”
1095 2589 1109 2603 .
1133 2590 1183 2604 ..
1244 2550 1385 2605 Nam
1427 2554 1482 2606 in
1524 2554 1655 2607 hanc
1694 2571 1796 2625 qua

210 2633 373 2687 modo
401 2635 685 2690 interventu
710 2636 808 2692 Dei
826 2642 1076 2695 nectitur
1103 2642 1337 2711 copulam
1354 2682 1370 2706 ,
1403 2661 1494 2711 per
1522 2655 1795 2698 consuetu-

201 2723 389 2777 dinem
412 2725 552 2779 illius
582 2728 950 2798 familiaritatis
991 2732 1287 2785 inolerimus
1308 2772 1322 2785 .
1342 2773 1353 2785 .
1373 2771 1385 2785 .
1405 2773 1417 2786 .
1449 2744 1473 2769 ο
1504 2732 1567 2785 In
1600 2744 1646 2786 te
1672 2751 1794 2795 uno,

200 2829 328 2883 quae
358 2817 643 2884 accepimus
669 2816 803 2871 bona
836 2819 887 2873 si
907 2831 1284 2890 computemus,
1318 2824 1490 2875 omnia
1531 2813 1800 2874 nobis'no-

202 2913 325 2957 stra
355 2908 410 2959 in
442 2917 488 2959 te
515 2907 715 2977 largius
742 2912 1192 2984 atqite'pretiasius
1224 2923 1550 2980 compensate
1591 2921 1799 2983 reputa-

197 2992 387 3047 bimus
407 3034 420 3047 .
442 3034 457 3047 .
480 3035 494 3047 .
513 2995 558 3048 .’¹
605 2996 713 3051 Pro
741 3001 1065 3067 parentibus,
1094 3010 1145 3054 et
1167 3002 1440 3072 fratribus,
1471 3012 1519 3057 et
1547 3005 1723 3057 amicis
1747 3014 1799 3057 tu

203 3084 370 3139 nobis
392 3087 559 3155 [hctus
587 3105 617 3140 a
639 3087 859 3143 Domino
886 3106 960 3157 es,
982 3092 1069 3162 qui
1087 3101 1136 3145 et
1154 3103 1423 3162 parentum
1443 3110 1564 3146 cura
1587 3094 1794 3156 anxius,

1895 1914 2022 1978 rire,
2054 1929 2211 1967 mane
2240 1914 2422 1968 limina
2450 1915 2722 1971 munditiis
2748 1933 2958 1979 curare.
2990 1927 3149 1975 nocte
3172 1921 3343 1976 sacris
3361 1936 3469 1976 sero

1894 2018 2022 2057 vare
2061 2000 2300 2057 excubiis
2328 2043 2343 2065 .
2394 2010 2449 2058 et
2496 2004 2549 2058 in
2601 2020 2823 2061 munere
2849 2006 2952 2062 isto
2987 2008 3236 2064 claudere
3262 2011 3466 2066 vitam:

1897 2091 2003 2146 Sed
2025 2092 2110 2144 cui
2147 2091 2338 2161 placuit
2384 2108 2650 2164 segregare
2693 2112 2791 2158 me,
2835 2096 3006 2167 inquit
3045 2096 3297 2159 Paulinus
3327 2108 3380 2162 °.
3405 2101 3471 2155 ab

1894 2192 2039 2236 utero
2069 2184 2247 2236 matris
2277 2199 2423 2249 ntere,
2451 2192 2498 2237 et
2518 2184 2581 2237 ab
2606 2185 2831 2240 amicitia
2856 2189 3027 2241 carnis
3047 2197 3095 2241 et
3114 2190 3382 2260 sanguinis
3400 2190 3471 2244 ad

1864 2273 2118 2342 .gratiam
2141 2289 2288 2325 suam
2326 2272 2526 2327 trahere
2555 2272 2695 2344 (Gal.
2727 2291 2764 2339 I,
2795 2274 2913 2344 15)..
2935 2277 3097 2331 eidem
3128 2279 3325 2348 placuit
3352 2281 3471 2334 ino-

1895 2379 2011 2433 pem
2031 2380 2111 2415 me
2138 2364 2306 2417 omnis
2334 2362 2453 2417 boni
2475 2366 2643 2418 meriti
2665 2367 2912 2420 suscitare
2932 2368 2995 2421 de
3015 2378 3175 2436 terra,
3197 2378 3247 2423 et
3266 2371 3331 2424 de
3349 2368 3471 2426 lacu

1895 2454 2218 2505 miseriarum
2257 2467 2318 2505 ac
2345 2453 2409 2506 de
2448 2452 2554 2507 luto
2582 2456 2723 2525 fiscis
2752 2456 2986 2522 educere,
3014 2468 3070 2511 ut
3089 2459 3364 2514 collocaret
3391 2475 3470 2514 me

1894 2558 2011 2594 cum
2049 2542 2364 2612 principibus
2401 2544 2577 2612 populi
2613 2546 2694 2597 sui
2733 2544 2904 2615 (Psal.
2928 2561 3055 2607 cm,
3080 2546 3158 2613 8),
3196 2557 3245 2601 et
3274 2555 3472 2615 partem

1895 2650 2063 2686 meum
2092 2633 2146 2686 in
2170 2632 2496 2686 sacerdotum
2517 2643 2654 2686 sorte
2680 2644 2922 2703 poneret:
2963 2646 2989 2683 Ρ
3018 2646 3071 2688 ιιι
3099 2636 3220 2689 dum
3240 2654 3390 2692 curro
3419 2639 3473 2691 in

1898 2723 2106 2776 odorem
2142 2728 2515 2791 unguentorum
2542 2722 2652 2791 ejus
2674 2763 2691 2789 ,
2720 2724 2895 2793 fierent
2927 2730 3071 2795 gutta
3094 2727 3209 2795 ejus
3228 2727 3473 2797 unguenti

1900 2812 2035 2883 quod
2073 2811 2337 2865 descendit
2381 2811 2436 2864 in
2483 2810 2695 2865 barbam
2732 2813 2907 2866 Aaron
2958 2813 3129 2881 (Psal.
3164 2831 3361 2880 cxxxu,
3393 2815 3470 2887 2).

1901 2902 2033 2956 Cum
2062 2901 2221 2969 igitur
2249 2912 2272 2951 ιι
2304 2901 2354 2955 in
2376 2900 2597 2955 ecclesia
2620 2900 3002 2957 Barcinonensi
3021 2902 3213 2959 divinis
3248 2904 3445 2960 interea

1900 2999 1982 3044 set
2009 2989 2198 3065 ciliciis
2220 2990 2304 3043 die
2329 2988 2536 3043 Domini
2573 3006 2669 3059 quo
2709 2993 2854 3044 nasci
2891 3008 3049 3046 carne
3092 2980 3335 3064 dignatus
3372 3002 3470 3057 est.

1899 3087 2177 3157 repentina
2201 3086 2304 3139 viin
2328 3082 2609 3139 ﬂammatae
2632 3083 2804 3154 plebis
2828 3095 3109 3154 correptus
3133 3095 3217 3141 est
3246 3094 3303 3140 ut
3325 3102 3473 3156 pres-

198 3185 257 3228 et
289 3177 534 3246 fraterna
550 3177 826 3234 dilectione
852 3182 1098 3235 sollicitus
1117 3224 1133 3247 ,
1165 3192 1212 3235 ει
1240 3193 1346 3237 (om
1370 3201 1471 3239 non
1492 3183 1628 3254 [iam
1658 3186 1791 3238 ami-
1819 3185 1863 3244 (ξ
1897 3179 2048 3250 byter
2075 3169 2374 3241 creareiur,
2406 3174 2545 3229 sicut
2571 3172 2815 3245 Hippone
2851 3183 2976 3230 ante
3014 3169 3123 3230 tres
3171 3170 3340 3231 annos
3367 3177 3473 3233 Au:-

205 3265 357 3319 citia:
376 3265 485 3334 [ide
515 3267 761 3335 sedulus,
793 3269 1121 3341 omnibusque
1146 3272 1200 3324 in
1239 3287 1333 3324 nos
1358 3271 1561 3341 pietatis
1597 3273 1797 3326 visceri-

206 3354 307 3408 bus
353 3355 578 3424 e/fusus,
609 3358 833 3411 assiduis
874 3375 969 3413 nos
1007 3360 1190 3414 litteris
1238 3361 1416 3425 adeas,
1445 3362 1796 3417 blandissimis

207 3445 423 3499 solatiis
450 3446 672 3500 mulceas
699 3463 719 3499 :
742 3455 767 3484 ο
793 3446 914 3501 Tuis
933 3464 1059 3519 erga
1083 3450 1416 3503 humilitatem
1437 3459 1668 3504 nostram
1695 3451 1800 3521 οω-

212 3537 311 3589 ciis
335 3536 469 3590 alios
489 3538 857 3604 anteverteras,
888 3538 1122 3592 omnibus
1150 3542 1362 3608 nostris,
1392 3549 1446 3592 ut
1471 3556 1607 3609 sirpe
1629 3540 1801 3597 testati

212 3644 416 3692 sumus,
438 3638 487 3682 et
515 3630 694 3683 amicis
716 3630 1012 3690 studiosior,
1042 3640 1091 3684 et
1124 3634 1372 3702 proximis
1403 3633 1710 3704 religiosior,
1751 3640 1799 3683 et

218 3720 472 3789 fratribus
495 3714 807 3791 diligentior;
838 3720 961 3776 Ideo
989 3737 1109 3775 eum
1140 3722 1369 3777 maxime
1398 3723 1631 3776 amabat.
1664 3720 1801 3785 Quid

214 3818 523 3880 extorques,
567 3809 740 3877 inquit
771 3809 838 3863 ad
868 3811 1114 3865 eumdem
1143 3809 1197 3875 τ,
1225 3821 1280 3864 ιιι
1311 3822 1356 3865 te
1386 3813 1501 3881 plus
1535 3814 1802 3867 amemus?

214 3912 455 3952 crescere
484 3914 686 3953 summa
719 3916 823 3953 non
864 3889 1074 3971 recipit.
1097 3940 1110 3952 .
1130 3940 1176 3955 ..
1210 3903 1402 3955 amoris
1430 3903 1505 3955 tui
1544 3903 1802 3955 cumulum

227 3988 397 4056 facere
421 4005 525 4043 non
545 4006 834 4059 possumus.
865 3989 926 4044 Si
951 4000 1117 4061 potest
1142 4008 1284 4044 mare
1311 3992 1617 4061 superﬂuere
1636 3990 1804 4043 obices

174 4106 182 4113 -
220 4092 349 4145 suos
394 4087 443 4131 et
485 4094 810 4151 quaecumque
857 4082 1145 4134 naturalem
1194 4082 1560 4151 plenitudinem
1606 4091 1805 4135 servant

221 4167 598 4223 incrementum
629 4170 913 4240 temporale
943 4173 1165 4234 sentire,
1194 4179 1356 4241 potest
1394 4181 1440 4223 et
1470 4172 1659 4223 caritas
1680 4171 1734 4223 in
1763 4180 1808 4222 te

229 4269 409 4315 nostra
450 4263 700 4316 cumulari
736 4278 754 4316 :
794 4274 946 4333 quam
977 4278 1068 4316 suo
1094 4263 1203 4332 [ine
1234 4262 1569 4331 complemus,
1607 4277 1723 4313 cum
1760 4269 1810 4312 te

222 4352 358 4406 sicut
385 4354 720 4426 nosmetipsos
750 4353 1048 4426 diligamus.
1082 4355 1286 4411 Idcirco
1311 4364 1334 4402 ε
1366 4368 1629 4408 summum
1658 4352 1711 4406 in
1741 4368 1808 4406 eo

216 4439 307 4510 ius
328 4445 496 4499 animi
519 4461 577 4501 se
593 4447 792 4501 habere
813 4430 1163 4517 prtesumebat
1183 4446 1451 4501 Paulinus.
1574 4430 1591 4449 ’

1894 3270 2105 3341 gustino
2150 3267 2470 3335 Contigerat.
2530 3265 2655 3322 "me
2699 3267 2880 3336 populi
2928 3269 3203 3329 contentio
3251 3269 3474 3327 multum

1895 3375 2024 3413 sane
2055 3357 2251 3426 negotii
2276 3356 2639 3424 molestiteque
2665 3353 2887 3410 Paulino
2918 3357 3175 3417 concivit,
3210 3357 3332 3424 quia
3364 3356 3474 3426 N9-

1897 3450 2001 3504 Iazu
2040 3448 2293 3503 secedere
2330 3454 2610 3510 statuerat,
2644 3448 2698 3500 et
2727 3444 2854 3499 illud
2885 3452 3133 3515 tanqttam
3165 3462 3359 3500 novum
3398 3422 3474 3499 τη-

1897 3546 2274 3610 speratumquc
2298 3536 2548 3605 placitum
2577 3534 2769 3589 divinte
2794 3534 3081 3589 voluntatis
3109 3538 3324 3606 expavit
3345 3547 3388 3591 ν.
3413 3535 3478 3592 Et

1898 3629 2022 3702 quia
2044 3629 2088 3683 si
2116 3627 2167 3681 in
2198 3625 2579 3682 Barcinonensi
2625 3624 2861 3681 Ecclesia
2899 3626 3269 3698 presbyterum
3308 3626 3478 3681 initia.

1900 3731 2067 3785 retur,
2116 3718 2289 3775 eidem
2337 3715 2588 3773 Ecclesia:
2612 3717 2763 3787 juxta
2808 3733 3043 3773 canones
3077 3734 3136 3774 se
3172 3718 3376 3788 alligari
3406 3720 3475 3773 in-

1902 3811 2175 3878 telligebat
2196 3851 2213 3873 ,
2260 3818 2315 3864 et
2359 3809 2485 3879 quia
2515 3808 2821 3864 monastica:
2853 3809 2972 3863 vita:
3002 3810 3283 3864 consilium
3315 3811 3478 3864 lixum

1900 3901 2137 3955 hzerebat
2164 3900 2369 3971 pectori
2394 3939 2409 3961 ,
2456 3899 2783 3970 promotioni
2813 3915 2920 3953 sum
2944 3901 3249 3954 consentire
3277 3900 3478 3964 noluit;

1902 3990 1996 4044 sed
2024 3991 2236 4043 tandem
2283 3988 2357 4044 illi
2396 4004 2709 4043 concessum
2744 3996 2765 4025 ³
2798 3998 2879 4041 est
2907 3988 3021 4055 ejus
3061 4004 3219 4056 quam
3250 3997 3480 4058 optaret,

1907 4078 2157 4133 Ecclesia:
2184 4077 2403 4131 servitio
2430 4092 2488 4130 se
2516 4077 2840 4144 mancipare.
2867 4075 3051 4142 Itaque
3080 4077 3323 4152 quamvis
3351 4082 3363 4111 ι
3397 4094 3484 4130 cna

1907 4174 2058 4235 peret
2100 4165 2321 4219 calicem
2381 4164 2540 4219 istum
2593 4178 2625 4217 a
2686 4178 2745 4217 se
2800 4163 3065 4225 transire,

1907 4255 2082 4310 sciens
2126 4252 2394 4307 Christum
2443 4250 2680 4307 dixisse:
2730 4248 2854 4306 Non
2895 4252 3008 4305 veni
3036 4253 3353 4315 ministrari,
3394 4254 3482 4305 sed

1908 4343 2204 4399 ministrare
2249 4339 2461 4410 (Matth.
2489 4357 2582 4405 xx,
2611 4338 2724 4411 28),
2766 4356 2990 4395 necesse
3020 4341 3120 4396 sibi
3160 4338 3319 4403 fuisse
3340 4339 3482 4411 jndi-
3582 4374 3583 4377 η

1910 4437 2051 4491 cavit
2077 4435 2255 4491 dicere
2291 4433 2519 4489 Domino
2562 4451 2576 4488 :
2617 4432 2804 4488 Verum
2833 4449 2937 4488 non
2971 4450 3083 4487 mea
3111 4433 3365 4497 voluntas,
3397 4433 3484 4487 sed

291 4534 346 4588 3.
389 4533 615 4591 Paulino
659 4536 687 4574 ιι
732 4547 787 4592 et
828 4536 1032 4593 Severo
1076 4537 1248 4592 fuerat
1293 4552 1576 4593 commune
1619 4545 1796 4592 votum

1912 4539 1997 4582 tua
2035 4529 2129 4598 fiat
2178 4525 2326 4599 (Luc.
2375 4541 2506 4590 χχιι,
2533 4523 2669 4597 42);
2710 4532 2767 4581 et
2799 4526 3014 4579 tandem
3042 4540 3100 4578 se
3127 4525 3426 4578 consecrari
3456 4534 3480 4561 υ

217 4636 341 4677 sese
371 4623 561 4678 Nolam
584 4625 893 4696 reeipiendi.
936 4625 1114 4682 Hocce
1142 4642 1283 4681 anno
1312 4626 1415 4680 595
1441 4627 1641 4681 Severo
1669 4627 1804 4681 scri-

220 4708 329 4777 psit
358 4709 614 4767 Paulinus
647 4713 663 4751 ί
693 4716 976 4785 epistolam
1003 4731 1122 4784 qua:
1148 4716 1366 4774 excidit.
1396 4718 1447 4770 in
1468 4732 1574 4785 qua
1594 4716 1806 4771 dicebat

221 4813 280 4851 se
312 4800 365 4853 in
398 4799 779 4859 Barcinonensi
816 4806 1035 4861 civitate
1078 4808 1400 4873 consistere;
1430 4808 1516 4862 ubi
1539 4808 1630 4862 diu
1656 4823 1804 4862 com-

219 4901 467 4947 moratus
497 4891 655 4947 fuerit
676 4910 799 4948 cum
828 4894 1093 4964 Sulpicius
1120 4898 1352 4952 Severus
1380 4898 1447 4953 ad
1475 4914 1597 4953 eum
1624 4898 1637 4947 ἱ
1670 4899 1806 4954 litte-

220 4996 312 5035 ras
359 4984 697 5054 rescripserit
738 4983 970 5039 Elusone
1023 5001 1119 5055 per
1162 4986 1434 5042 hominem
1477 5004 1663 5053 suum,
1710 4986 1802 5056 qui

218 5078 412 5126 octava
443 5073 531 5127 die
562 5072 914 5129 Barcinonem
957 5076 1197 5144 pervenit
1226 5078 1499 5143 octoginta
1529 5076 1660 5130 duas
1688 5077 1799 5131 cir-

216 5166 357 5219 citer
384 5165 566 5220 leucas
591 5167 659 5220 ab
683 5165 909 5220 Elusone
935 5166 1193 5221 dissitam.
1235 5165 1405 5233 Quam
1433 5165 1717 5221 Elusonem
1746 5167 1797 5221 in

211 5251 390 5309 Gallia
420 5255 754 5311 Narbonensi
783 5256 1117 5312 Itinerariuni
1148 5257 1539 5327 Burdegalense
1567 5257 1801 5312 collocat

1911 4619 2153 4692 permisit
2180 4633 2242 4672 ea
2264 4617 2384 4687 lege
2412 4625 2470 4671 ut
2499 4616 2717 4672 dimcesi
2746 4626 2907 4673 certe
2937 4632 3042 4671 non
3073 4615 3397 4682 alligaretur,
3430 4618 3482 4670 in

1908 4709 2248 4766 sacerdotium
2282 4716 2479 4761 tantum
2510 4705 2739 4769 Domini,
2783 4724 2886 4761 non
2923 4708 3078 4761 ctiam
3113 4707 3354 4759 inlocum
3382 4704 3478 4759 Ec—
3542 4704 3549 4713 ’

1907 4802 2076 4854 (ιεεὶιε
2123 4798 2408 4852 dedicatus.
2465 4795 2544 4850 Ita
2591 4797 2891 4851 Antiochia:
2940 4795 2996 4849 S.
3045 4795 3404 4867 Hieronymus
3453 4812 3481 4849 a

1909 4891 2130 4945 Paulino
2159 4888 2398 4958 ejusdem
2428 4887 2575 4943 urbis
2601 4887 2855 4957 episcopo
2894 4887 3178 4958 presbyter
3208 4886 3308 4941 fuit
3335 4903 3483 4942 crea-

1902 4989 1990 5033 tus
2018 4980 2159 5033 circa
2187 4993 2383 5031 annum
2413 4975 2537 5029 378.
2579 4976 2646 5030 At
2675 4986 2700 5013 ν
2732 4973 2983 5033 Paulinus
3008 4985 3192 5032 noster
3218 4993 3358 5047 anno
3382 4975 3485 5029 395

1905 5069 2186 5141 presbyter
2230 5066 2397 5121 factus
2446 5073 2556 5145 est,
2607 5065 2654 5119 si
2701 5065 2889 5119 Nolam
2921 5068 3002 5136 (ut
3030 5066 3302 5137 putamus)
3340 5080 3481 5119 anno

1899 5160 2012 5215 394
2036 5175 2093 5215 se
2122 5158 2423 5228 receperit;
2456 5165 2548 5210 aut
2575 5172 2716 5211 anno
2745 5155 2881 5221 392,
2912 5157 2957 5211 si
2987 5156 3174 5213 Nolam
3204 5173 3343 5212 anno
3379 5153 3481 5231 5ῼὸ

1902 5252 2205 5312 secesserit,
2229 5265 2297 5305 eo
2328 5258 2353 5286 ι
2375 5249 2580 5305 scilicet
2608 5264 2750 5304 anno
2777 5265 2885 5320 quo
2914 5266 2973 5306 se
3000 5249 3068 5306 ad
3097 5251 3199 5306 iter
3219 5233 3482 5337 Nolanum

292 5452 561 5525 {Paulim
592 5470 678 5525 ep.
712 5453 799 5525 I'l,
827 5471 881 5509 ιι.
914 5454 965 5509 5.
1039 5455 1222 5510 1³Ιὶιτιι.
1301 5468 1323 5494 σε
1357 5454 1514 5518 Ibid.,
1539 5474 1592 5511 ιι.
1625 5454 1677 5510 4.
1754 5449 2105 5525 ξίῐὶιίιιηιιῶ.
2139 5456 2209 5525 Αθ
2239 5444 2412 5525 Epist.
2547 5464 2599 5502 ιι.
2622 5448 2674 5502 2.
2757 5449 2776 5487 τ
2808 5449 2965 5525 Ibid,
2991 5450 3114 5525 “.1.
3144 5516 3155 5525 _
3192 5457 3217 5495 It
3238 5446 3405 5525 EApist.
3427 5440 3481 5525 ξ,

256 5519 372 5573 .22

276 5587 322 5642 Ε

303 5676 339 5712 ιι

319 5740 371 5783 ct
404 5729 487 5783 11.

377 5562 389 5573 .
419 5590 431 5594 Α
468 5525 493 5560 δ
525 5524 673 5594 Epist
718 5524 769 5585 I,
794 5542 846 5578 ιι.
874 5525 958 5579 11).
1042 5524 1055 5563 ί
1092 5526 1221 5580 Ibid.
1301 5527 1316 5576 i
1355 5525 1567 5594 Ibid.,n.
1596 5525 1677 5580 ll.

327 5590 463 5662 μ),
495 5607 548 5646 ιι.
569 5590 674 5654 ’1υ;
712 5603 767 5647 et
794 5611 958 5662 carm.
992 5594 1078 5662 l2,
1112 5612 1158 5647 v.
1191 5595 1278 5648 56.
1358 5609 1381 5631 υ

213 5594 246 5623 ΙΙ

211 5654 272 5719 2,

214 5737 272 5801 ιι

253 5733 292 5782 υ

1759 5523 1781 5560 ιι
1815 5525 1940 5587 tlap.
1972 5522 2027 5582 7,
2058 5536 2111 5572 ιι.
2138 5515 2191 5570 2.
2258 5514 2293 5587 Al
2331 5513 2539 5587 Paulin.
2572 5534 2659 5587 ep.
2690 5518 2745 5585 4,
2774 5518 2913 5587 n.74.

665 5610 674 5654 ;
712 5603 767 5647 et
794 5611 958 5649 carm.
992 5594 1078 5662 l2,
1112 5612 1158 5647 v.
1191 5595 1278 5648 56.
1358 5609 1381 5631 υ
1542 5594 1594 5656 4,
1624 5612 1677 5648 ιι.
1710 5593 1763 5647 4.

665 5662 747 5715 ist.
792 5661 840 5716 1.
881 5679 934 5716 ιι.
968 5664 1051 5716 Ill.
1128 5670 1147 5698 "
1181 5665 1311 5716 Ibid.
1391 5668 1409 5703 ί
1490 5662 1598 5716 0.2.
1632 5681 1684 5716 ιι.
1717 5663 1768 5715 2.

1898 5590 1991 5660 Ep.
2015 5591 2094 5655 ,2,
2149 5603 2201 5640 ιι.
2249 5590 2304 5637 2.
2384 5596 2408 5633 (ι
2440 5590 2605 5654 Epid.
2635 5590 2685 5641 l.
2716 5606 2771 5641 ιι.
2805 5590 2896 5651 10;
2928 5601 3013 5654 ep.
3046 5590 3097 5646 ι,
3133 5590 3281 5653 ml;
3312 5596 3366 5640 et
3393 5603 3479 5656 ep.

1903 5660 1998 5716 Eo.
2034 5662 2082 5716 ι,
2117 5677 2169 5714 n.
2203 5656 2287 5708 10.
2367 5663 2391 5690 ν
2423 5655 2598 5710 Chil'll.
2632 5671 2684 5716 p.
2722 5655 2842 5709 I58.
2921 5663 2947 5690 ι
2979 5653 3185 5710 Panlin.
3216 5670 3303 5716 ep.
3336 5655 3388 5716 l,
3425 5668 3495 5711 n.‘

524 5672 543 5698 τ
579 5653 747 5731 Epist.
792 5661 840 5724 1,
881 5679 934 5716 ιι.
968 5653 1076 5718 1οί
1128 5670 1147 5698 ’³
1181 5665 1311 5719 Ibid.
1391 5668 1409 5703 ί
1444 5653 1598 5734 Ep.2,
1632 5681 1684 5717 ιι.
1717 5663 1768 5715 2.

1903 5653 1998 5730 Ep.
2034 5653 2088 5724 I,
2117 5677 2169 5714 ιι.
2203 5656 2287 5708 10.
2367 5663 2391 5690 ν
2423 5653 2598 5710 Cliil'll.
2631 5671 2684 5725 p.
2722 5655 2842 5709 I58.
2921 5653 3185 5710 l(Palilia.
3216 5670 3303 5725 ep.
3336 5653 3401 5723 l,
3425 5653 3480 5711 ii.

2994 5529 3029 5553 ιη
3062 5516 3235 5586 Epist.
3260 5516 3315 5577 2,
3345 5533 3399 5571 ιι.
3425 5515 3480 5571 2.

2149 5603 2201 5640 ιι.
2249 5582 2304 5637 2.
2384 5596 2408 5633 (1
2440 5582 2685 5656 Epi~t.'l.
2716 5582 2771 5641 ιι.
2805 5586 2896 5651 10;
2928 5601 3013 5656 ep.
3046 5582 3281 5653 ﬁmi;
3312 5596 3366 5656 et
3393 5603 3479 5656 ep.

3142 4163 3482 4217 nihilominus
3572 4204 3578 4209 ‹
