4056 6358
3514 364 3549 382 δ

569 378 634 439 Π
761 417 765 421 ν
1578 379 1633 435 S.
1675 376 2011 435 PAULINUS
2050 377 2173 431 NOL

2253 376 2359 431 ms
2400 373 2779 435 EPISCOPUS
2791 415 2803 434 .
3190 412 3197 415 -
3514 373 3549 382 “
3757 382 3835 436 38

572 496 792 569 parabat
811 488 910 549 sub
935 494 1236 565 proximat
1260 490 1484 548 Pascha.
1513 493 1667 561 Quod
1686 496 1732 550 si
1761 507 1785 532 ⁸
1809 495 1916 549 dies
1946 490 2151 548 Domitii
2183 500 2223 554 Α
2256 500 2436 555 terra.
2473 503 2523 547 et
2540 502 2691 546 'scuto
2714 472 2978 547 catholico‘
2997 468 3118 561 ﬁdei
3148 490 3320 546 omnia
3345 494 3523 565 jacula
3548 494 3833 550 audentia

573 603 682 656 quo
705 585 986 657 presbyter
1010 594 1222 640 creatus
1247 593 1333 640 est
1359 585 1500 639 diem
1530 582 1853 639 dominicam
1880 583 2139 651 designet,

2246 579 2542 657 nequissimi
2570 588 2893 656 exstinguere
2929 595 2978 637 et
3006 587 3282 639 certamine
3317 587 3604 652 decertata,
3636 604 3825 642 cursu-

575 692 683 732 non
729 674 922 731 festum
971 674 1113 730 diem
1164 674 1392 729 Domino
1437 687 1688 738 sacrum,
1739 674 1977 729 dicemus
2022 688 2143 727 eum
2231 690 2339 748 eque
2378 677 2610 739 decurso,
2642 676 2748 747 'fide
2776 685 3007 739 servata,
3049 676 3332 730 ministerio
3374 677 3602 747 impleto,
3648 695 3836 748 exspe-

576 782 718 822 anno
758 765 864 821 393
907 773 1280 822 consecratum
1328 766 1593 821 dominica
1623 765 1710 821 die
1752 780 1923 835 eaque
1949 763 2143 819 Christi

576 858 849 913 Nativitati
877 870 1029 911 sacra
1051 895 1067 920 ,
1114 871 1236 911 cum
1265 870 1332 910 eo
1360 855 1559 911 Christi
1585 870 1728 909 anno
1756 853 1862 909 595
1890 863 2035 909 esset
2061 853 2149 908 lit-

578 957 692 1006 tera
718 948 1053 1004 dominicalis
1077 947 1140 1015 Β,
1165 956 1220 1002 et
1246 948 1542 1002 incurreret
1568 947 1623 1003 in
1653 964 1743 1003 Vlll
1772 947 2021 1003 calendas
2045 945 2138 1002 Ja-

575 1039 792 1094 nuarias
818 1037 1087 1094 dominica
1110 1037 1243 1093 dies.
1294 1036 1536 1092 lnitiatus
1562 1052 1692 1106 ergo
1719 1039 1819 1093 fuit
1843 1039 2148 1094 sacerdotio

575 1144 606 1183 a
630 1128 656 1167 δ
685 1128 912 1199 Lampio
939 1128 1320 1203 Barcinonensi
1348 1128 1626 1198 episcopo.
1662 1128 1754 1199 qui
1781 1139 1804 1167 ο
1835 1135 1893 1183 ιιι
1918 1127 2144 1192 videtur.

574 1220 830 1277 sntl'ectus
875 1220 1054 1291 fuerat
1099 1219 1156 1275 S.
1190 1218 1421 1274 Paciano
1446 1219 1546 1274 sub
1571 1218 1874 1275 Theodosio
1910 1227 2036 1275 ante
2063 1235 2149 1274 an-

578 1329 706 1368 num
734 1310 840 1368 599
859 1314 971 1367 vita
1000 1310 1205 1366 functo.
1752 1295 1768 1305 ’

580 1429 585 1435 -
645 1404 699 1458 2.
738 1403 857 1458 Jam
886 1417 1014 1458 vero
1041 1417 1149 1471 (tuo
1193 1401 1358 1455 animi
1388 1415 1546 1456 sensu
1565 1443 1580 1468 ,
1610 1410 1813 1471 quanta
1842 1399 2152 1456 submissio-

578 1509 675 1558 ne,
703 1499 904 1563 quanta
945 1491 1244 1546 reverentia
1272 1490 1468 1544 Christi
1494 1490 1625 1559 jugo
1665 1490 1808 1544 colla
1836 1489 2150 1554 subdiderit,

576 1584 691 1653 ipse
733 1581 1070 1652 persequitur
1102 1598 1116 1633 :
1147 1580 1173 1617 ά
1218 1576 1379 1643 Data,
1427 1580 1620 1648 inquit,
1660 1581 1850 1633 cervice
1884 1580 1939 1632 in
1972 1580 2156 1651 jugum

576 1675 767 1730 Christi
784 1675 927 1729 video
947 1674 1151 1745 majora
1171 1689 1251 1726 me
1266 1674 1461 1728 meritis
1474 1681 1523 1725 et
1544 1670 1772 1726 sensibus
1787 1688 1943 1742 opera
1971 1681 2157 1726 tracta-

576 1781 653 1831 re;
658 1766 868 1837 jamque
888 1765 1094 1817 arcanis
1122 1772 1173 1816 et
1200 1762 1544 1832 penetralibus
1572 1761 1670 1815 Dei
1692 1760 1878 1815 summi
1904 1772 2155 1824 receptum

2243 778 2383 822 ctare
2407 768 2539 822 illud
2558 767 2695 839 quod
2716 767 2970 823 Dominus
2988 768 3042 820 in
3061 767 3153 821 illa
3177 767 3259 821 die
3272 767 3440 837 justus
3457 768 3623 839 judex
3646 769 3836 822 redde‘t

2245 858 2479 913 omnibus
2500 860 2591 929 qui
2621 858 2851 930 diligunt
2892 858 3162 911 adventum
3202 858 3313 927 ejus
3354 857 3444 929 (11
3478 858 3610 913 Tim.
3644 875 3722 924 ιν,
3744 859 3831 926 8).

2246 949 2454 1004 Paulini
2482 950 2644 1004 etiam
2692 949 2963 1003 humilitas
3006 947 3059 1002 in
3105 963 3172 1002 eo
3198 949 3375 1003 elucet
3400 949 3545 1017 quod
3575 950 3835 1018 Augusti~

2248 1054 2374 1094 num
2420 1040 2700 1111 presbyter
2747 1040 2957 1110 fratrem
2999 1039 3089 1093 vix
3130 1038 3352 1094 auderet
3395 1040 3704 1109 appellare;
3750 1041 3830 1095 ita

2246 1131 2386 1185 enim
2416 1130 2483 1185 ad
2510 1145 2632 1185 eum
2660 1129 2845 1184 scribit
2867 1146 2880 1181 :
2905 1127 2930 1165 ιι
2952 1128 3362 1199 Prwsumptione
3379 1131 3536 1201 igitur
3559 1147 3662 1184 non
3691 1147 3833 1192 mea,

2246 1219 2337 1273 sed
2371 1219 2563 1290 placito
2607 1228 2657 1272 et
2696 1218 3019 1272 ordinatione
3055 1217 3298 1282 Domini,
3347 1220 3697 1289 fraternitatis
3728 1229 3834 1273 tua!

2250 1309 2375 1363 mihi
2403 1308 2569 1381 fwdus
2606 1324 2862 1379 usurpans
2885 1347 2899 1370 ,
2946 1318 3088 1361 tanta
3132 1292 3379 1379 indignus
3417 1312 3611 1363 honore
3635 1325 3718 1361 me
3746 1310 3833 1360 ai-

2250 1418 2400 1472 gnor,
2430 1402 2548 1469 quia
2568 1409 2618 1453 te
2644 1417 2737 1470 pro
2772 1410 2858 1452 tua
2894 1399 3169 1452 sanctitate
3194 1409 3332 1452 certo
3359 1401 3464 1452 scio
3488 1415 3593 1453 non
3620 1398 3731 1451 alta
3752 1415 3832 1451 sa-

2253 1508 2389 1561 pere,
2414 1492 2502 1545 sed
2531 1490 2804 1545 humilibus
2831 1507 3129 1562 congruere.

2779 1617 2913 1656 sano
2941 1616 3145 1655 cunts'rt
3174 1598 3294 1654 394.

2827 1713 3052 1769 CAPUT
3106 1713 3243 1768 XVI.

578 1825 892 1908 et'i'nser'tum
915 1825 1293 1905 communicare
1319 1851 1560 1916 caelestia,
1592 1861 1641 1905 et
1674 1850 1786 1905 Deo
1813 1852 2022 1921 propius
2055 1852 2150 1903 ad-

2262 1827 2563 1921 Sulpicia»:I
2572 1827 2815 1921 Severum
2837 1828 2907 1881 ad
2925 1825 3189 1921 Nolanum
3209 1843 3457 1921 secessum
3479 1828 3664 1921 inviti"
3692 1827 3832 1921 Pas):-

578 1956 771 2000 motum
793 1946 849 1999 in
888 1946 1071 2015 spiritu
1096 1945 1207 2014 ipso
1238 1932 1447 2006 Christi,
1479 1952 1528 1996 et
1546 1949 1783 2013 corpore,
1819 1950 1867 1995 et
1886 1941 2156 2011 splendore

578 2035 792 2091 versari.
841 2032 944 2088 Via:
962 2032 1128 2085 adhuc
1149 2031 1461 2086 intellectum
1483 2049 1647 2087 sacra:
1672 2033 1819 2086 molis
1840 2034 1987 2102 capio
2017 2048 2157 2085 men-

581 2128 648 2182 tis
676 2125 956 2197 angustiis;
984 2132 1034 2178 et
1062 2139 1190 2177 onus
1214 2125 1442 2177 muneris
1463 2125 1562 2177 mei
1577 2125 1813 2178 conscius
1838 2108 2156 2193 inﬁrmitatis

581 2215 819 2270 horresco
851 2230 867 2267 :
912 2214 1002 2267 sed
1029 2214 1073 2267 is
1095 2211 1178 2283 qui
1211 2214 1519 2281 sapientiam
1555 2213 1778 2284 parvulis
1808 2212 1947 2266 dedit
1985 2212 2153 2282 (Psal.

581 2322 727 2368 xvut,
748 2304 826 2376 8),
869 2314 918 2358 et
941 2321 1005 2359 ea:
1048 2320 1137 2359 ore
1177 2305 1454 2374 infantium
1475 2304 1939 2373 atquelactents'um
1958 2298 2178 2376 perficit.

581 2394 786 2450 tandem
811 2395 926 2458 sibi,
953 2402 1133 2464 potens
1161 2403 1235 2449 est
1249 2395 1404 2449 inme
1425 2411 1550 2465 opus
1565 2411 1710 2448 suum
1728 2396 1974 2466 perﬁcere
1984 2404 2033 2449 et
2048 2412 2158 2449 mu-

582 2503 679 2541 nus
701 2502 925 2551 ornare';
964 2493 1024 2539 ut
1047 2502 1107 2540 se
1134 2485 1342 2556 dignum
1375 2487 1536 2556 faciat
1561 2502 1709 2557 quem
1743 2485 1807 2539 ab
1836 2486 2048 2558 indigno
2079 2503 2160 2540 vo-

582 2578 734 2631 cavit.
788 2576 955 2644 Digna
1001 2576 1160 2644 digno
1200 2577 1309 2648 29
1344 2584 1399 2631 et
1438 2576 1622 2630 humili
1649 2576 1930 2632 sacerdote
1957 2578 2152 2632 verba!

581 2666 790 2736 Quanta
818 2677 997 2723 autem
1021 2669 1333 2723 humilitate
1362 2668 1517 2729 altari
1545 2668 1837 2723 deserviret
1878 2677 1933 2723 et
1960 2677 2160 2724 tracta-

580 2768 666 2815 ret
710 2760 961 2832 mysteria
1003 2760 1262 2829 pictatis,
1307 2774 1373 2814 ex
1418 2760 1501 2814 his
1546 2774 1667 2829 qua:
1707 2767 2079 2830 preeesserunt
2105 2771 2161 2815 et

581 2853 825 2923 proxime
848 2859 1143 2923 sequuntur
1170 2852 1423 2921 colligere
1451 2860 1552 2908 est.
1601 2850 1694 2907 Sic
1716 2852 1859 2908 enim
1880 2852 2065 2908 scribit
2092 2853 2160 2906 ad

584 2941 880 3003 Amandum
909 2940 1069 3011 paulo
1096 2949 1218 3010 post
1253 2942 1710 2996 consecrationem
1736 2957 1924 2996 suam;
1960 2952 1984 2979 ο
2013 2940 2162 2996 Pro:-

580 3032 719 3085 venti
745 3031 904 3102 igitur
923 3047 955 3083 a
976 3029 1223 3097 Domino,
1268 3040 1317 3084 et
1357 3031 1661 3101 apprehensi
1687 3031 1750 3084 ab
1788 3048 1846 3085 ea
1873 3048 2021 3102 quem
2043 3048 2161 3085 nec-

577 3121 707 3177 dum
733 3120 1182 3192 apprehendimus,
1213 3120 1523 3176 deservirnus
1544 3123 1733 3176 altario
1757 3121 1870 3187 Dei,
1893 3132 1943 3176 et
1969 3125 2161 3177 mensis

586 3210 904 3266 salutaribus
933 3212 1306 3277 ministramus,
1341 3213 1456 3283 jam
1483 3214 1686 3267 nomine
1705 3213 1968 3283 officioque
1985 3215 2159 3267 senio-
2187 3215 2231 3276 (Σ

586 3318 686 3368 res,
710 3318 860 3358 sensu
899 3312 1068 3358 autem
1096 3303 1264 3357 adhuc
1289 3304 1519 3375 parvuli,
1550 3313 1599 3357 et
1624 3320 1864 3358 sermone
1891 3304 2153 3358 lactentes.

590 3392 794 3459 'souod
821 3396 1156 3450 ministerium
1183 3404 1238 3449 ut
1262 3396 1390 3451 bene
1409 3396 1721 3458 ministrem,
1744 3406 1793 3450 et
1821 3397 2034 3466 gradum
2064 3397 2156 3451 bo-

583 3502 706 3543 num
730 3486 854 3542 mihi
865 3487 1145 3559 acquiram,
1168 3496 1216 3542 et
1237 3487 1394 3542 sciam
1416 3488 1635 3558 qualiter
1653 3496 1883 3561 oporteat
1904 3504 1984 3541 me
2003 3488 2054 3541 in
2074 3487 2160 3541 do-

584 3596 668 3635 mo
684 3578 781 3634 Dei
800 3580 1089 3635 conuersari
1103 3588 1151 3633 et
1172 3588 1391 3633 tractare
1418 3579 1713 3650 mysterium
1726 3581 1949 3651 pietatis,
1969 3591 2040 3646 tu,
2059 3580 2125 3635 do
2139 3612 2155 3622 -

583 3672 722 3726 tuine
750 3671 1050 3726 venerabilis
1077 3681 1128 3725 et
1155 3673 1337 3743 frater,
1369 3680 1418 3724 et
1444 3671 1650 3725 domine
1677 3672 1732 3725 in
1764 3671 1966 3725 Christo
1988 3669 2155 3733 nobis,

579 3777 680 3816 ora
716 3760 996 3816 Dominum
1031 3763 1085 3815 in
1116 3763 1253 3816 omni
1292 3761 1425 3816 bona
1464 3762 1665 3816 divitem
1688 3802 1704 3827 ,
1736 3770 1807 3816 ut
1845 3761 2156 3816 abundamus

576 3852 706 3922 ﬁde,
738 3859 788 3906 et
804 3867 1062 3915 sermone,
1103 3860 1154 3905 et
1179 3852 1425 3918 scientia,
1453 3862 1503 3906 et
1536 3854 1673 3906 omni
1696 3853 2040 3907 sollicitudine
2062 3892 2073 3903 .
2106 3894 2117 3906 .
2140 3893 2153 3906 .

584 3940 847 3997 Praeterea
864 3943 986 4012 ipse
1019 3942 1247 4013 epistolis
1276 3944 1376 3997 tuis
1405 3960 1497 3997 nos
1531 3960 1667 4015 saepe
1694 3945 1893 3998 instrue
1918 3962 2153 3999 necessa-

574 4033 675 4086 riis
699 4032 1094 4102 supplementis;
1140 4033 1391 4086 enutritus
1414 4035 1549 4086 enim
1590 4033 1905 4088 sermonibus
1944 4034 2069 4103 ﬁdei
2107 4045 2157 4087 et

580 4122 739 4176 bonae
755 4120 1020 4187 doctrinm,
1043 4138 1199 4194 quam
1227 4139 1259 4175 a
1278 4139 1434 4193 puero
1462 4124 1515 4177 in
1550 4124 1713 4177 sacris
1748 4123 1956 4179 Litteris
1980 4123 2155 4178 subse-

574 4219 727 4265 cutus
750 4227 826 4277 es,
846 4211 1072 4282 informa
1097 4228 1190 4267 nos
1215 4212 1284 4265 ad
1302 4214 1531 4284 regulam
1550 4214 2042 4285 directionis,pasce
2061 4232 2153 4270 nos

578 4301 804 4370 spiritali
834 4300 964 4364 cibo,
1003 4301 1059 4355 id
1079 4312 1172 4355 est
1196 4303 1343 4355 verba
1368 4301 1503 4367 Dei,
1533 4307 1617 4375 qui
1648 4316 1721 4359 est
1747 4323 1889 4359 verus
1911 4317 1959 4359 et
1986 4308 2155 4360 vivens

573 4392 753 4460 panis,
780 4399 833 4444 et
855 4406 971 4445 esca
994 4392 1353 4463 justaruntqui
1381 4410 1444 4447 ex
1465 4396 1571 4464 ﬁde
1596 4400 1782 4449 vivunt.
1805 4408 1829 4444 ες
1854 4397 2021 4467 Igitur
2037 4400 2156 4469 quia

580 4484 707 4553 facti
737 4498 908 4536 sumus
937 4482 1002 4535 de
1027 4481 1201 4536 ovibus
1228 4496 1489 4553 pastores,
1521 4496 1569 4538 et
1595 4489 1749 4553 positi
1768 4504 1941 4541 sumus
1970 4490 2023 4540 in
2045 4492 2158 4558 fun—

2328 1896 2593 2019 linu;:‘De
2618 1914 2715 1975 sua
2742 1896 2810 1949 ad
2854 1898 3197 1951 sacerdotium
3233 1898 3550 1968 promotione
3594 1899 3831 1952 Amantia

2328 1984 2424 2019 scr:
2465 1985 2479 2019 ι
2518 1990 2525 1996 ⁴

2328 1984 2525 2020 πηοεν

2328 2084 2524 2139 l.°lloc
2553 2083 2565 2121 ί
2601 2099 2745 2139 anno
2767 2099 2888 2139 cum
2912 2083 3165 2137 Paulinus
3191 2082 3378 2137 Nolam
3399 2079 3703 2143 secesserit,
3726 2080 3832 2148 prio

2257 2189 2400 2227 mum
2434 2174 2484 2227 iu
2508 2173 2717 2228 laudem
2745 2172 2803 2228 S.
2828 2172 3020 2228 Felicis
3039 2186 3257 2228 carmen
3285 2171 3587 2226 natalitinm
3617 2169 3686 2223 ad
3706 2170 3832 2222 anui

2256 2262 2451 2317 Christi
2481 2262 2586 2316 594
2613 2278 2850 2318 mensem
2888 2261 3197 2317 Januariom
3227 2261 3497 2331 pertinere
3525 2260 3830 2328 opinamur.

2262 2352 2276 2403 i
2317 2353 2680 2422 scriptumque
2709 2351 2869 2408 fuisse
2898 2352 2951 2406 in
2981 2351 3251 2422 Hispania,
3293 2349 3433 2405 unde
3476 2348 3667 2403 Nolam
3713 2357 3830 2417 post

2260 2442 2459 2497 Pascha
2505 2442 2805 2512 proximum
2850 2439 3185 2511 proiecturus
3228 2440 3306 2496 sic
3350 2447 3639 2510 patronum
3677 2454 3831 2493 situla

2256 2532 2488 2589 Felicem
2511 2532 2798 2603 alloquitur
2823 2530 2845 2570 ¹ι
2874 2550 2888 2585 :

2377 2646 2483 2694 Jam
2502 2645 2765 2695 desideriis
2785 2648 3020 2696 immenso
3043 2652 3263 2707 tempare
3294 2644 3434 2694 fessis

2383 2708 2591 2756 Consule
2613 2721 2625 2755 :
2646 2708 2740 2768 jam
2761 2710 2836 2757 vel
2853 2720 2966 2756 sero
2988 2720 3173 2755 memor
3193 2708 3429 2768 miserere
3447 2714 3640 2754 tuomm
3661 2715 3679 2749 :

2386 2768 2578 2832 [Terque
2601 2766 2790 2832 orbem,
2817 2771 2973 2821 manui
2997 2770 3078 2830 qui
3100 2780 3188 2832 uos
3205 2766 3367 2832 procul
3391 2778 3590 2832 aequore
3611 2766 3742 2827 lout!

2380 2828 2624 2892 Disparat,
2650 2831 2841 2892 obtritis
2860 2843 2971 2888 qua
2995 2828 3080 2877 nos
3098 2828 3285 2877 inimica
3311 2828 3581 2892 retardant,

2386 2889 2549 2951 l’mide
2571 2892 2669 2938 tias
2687 2889 2870 2948 tellus,
2896 2902 2964 2947 et,
2991 2892 3029 2938 si
3055 2891 3427 2951 properantibus
3444 2889 3511 2951 ad
3530 2896 3582 2936 te

2386 2950 2577 3000 Invidus
2603 2953 2704 3001 has!
2716 2954 2757 3000 is
2776 2952 2934 3006 obest,
2960 2948 3155 3011 objecta
3171 2950 3404 3011 repagula
3420 2948 3554 3011 pelle

2386 3011 2573 3062 Fortior
2596 3015 2832 3068 adversis,
2862 3022 2910 3061 et
2926 3014 3020 3059 ami
3049 3024 3105 3060 os
3127 3012 3342 3071 provehe
3364 3023 3552 3060 cursus.

2370 3074 2482 3135 Seu
2509 3074 2695 3135 placeat
2717 3076 2907 3122 telluris
2927 3075 3042 3131 iter,
3065 3085 3228 3121 eomvs
3251 3084 3437 3133 aggere
3453 3080 3558 3119 uno

2380 3134 2489 3203 30
2514 3142 2629 3192 Esto
2652 3144 2749 3192 tuis
2774 3157 2786 3190 :
2809 3156 2898 3192 seu
2916 3155 3087 3201 magna
3108 3144 3172 3191 tui
3195 3142 3357 3203 liducia
3381 3140 3524 3203 longo

2385 3201 2599 3252 Sotaden
2623 3207 2696 3252 ire
2716 3207 2855 3261 mari,
2880 3204 2939 3250 ἀοι
2964 3215 3165 3252 currere
3185 3201 3406 3250 mollibus
3427 3202 3581 3259 undis,

2388 3264 2444 3325 Et
2465 3264 2653 3314 famulis
2676 3264 2877 3314 famulos
2896 3277 2922 3325 a
2948 3264 3091 3325 puppi
3113 3276 3331 3325 suggere
3354 3273 3542 3314 ventos.

2383 3324 2447 3375 Ut
2466 3325 2700 3386 Campana
2722 3326 2859 3386 simul
2882 3323 3073 3373 Christo
3093 3323 3227 3386 duc—sf
3243 3323 3399 3372 littora
3422 3326 3568 3382 vecti,

2386 3386 2453 3434 Ad
2481 3394 2560 3434 tua
2583 3383 2691 3435 mox
2719 3385 2861 3434 alacri
2885 3388 3125 3445 rapiantur
3144 3383 3348 3433 culmina
3373 3396 3532 3438 cursu,

2388 3448 2538 3512 Inque
2567 3455 2649 3497 tuo
2673 3448 2883 3510 placidus
2906 3448 3046 3496 nobis
3065 3447 3132 3496 sit
3154 3446 3319 3495 limine
3345 3454 3527 3507 portus.

2328 3594 2438 3651 Nec
2465 3594 2636 3651 solum
2682 3591 2903 3651 Paulino
2933 3595 3216 3650 metuenda
3246 3599 3399 3648 erant
3427 3590 3625 3646 diaboli
3657 3605 3830 3645 cona-

2259 3685 2420 3751 mina,
2451 3684 2545 3740 sed
2573 3693 2630 3740 et
2657 3684 2891 3754 pericula
2916 3684 3197 3739 commissi
3226 3681 3585 3738 Theodosium
3616 3681 3756 3735 inter
3784 3689 3832 3738 ct

2257 3775 2551 3845 Eugenium
2579 3773 2930 3831 Occidentalis
2958 3773 3164 3845 imperii
3211 3781 3581 3843 usurpatorem
3633 3768 3652 3810 ι
3686 3773 3836 3841 belli,

2257 3864 2399 3934 quod
2429 3865 2642 3920 nonnisi
2669 3879 2855 3919 mense
2872 3862 3184 3934 Septembri
3212 3862 3432 3931 hujusce
3460 3862 3583 3915 anni
3614 3860 3837 3915 absolu-

2258 3964 2368 4008 tum
2396 3962 2499 4009 est.
2538 3954 2630 4010 llle
2657 3963 2738 4009 est
2764 3952 2941 4008 forsan
2971 3954 3250 4024 hymnusIn
3278 3957 3436 4021 quem
3481 3951 3703 4021 Alypius
3732 3952 3838 4007 hoc

2255 4047 2444 4103 eodem
2473 4062 2613 4101 anno
2643 4046 2862 4114 legerat.
2905 4044 3140 4099 Vidimus
3164 4059 3324 4114 supra
3353 4053 3379 4080 η
3409 4041 3707 4113 Sulpicium
3734 4042 3838 4096 Sc-

2213 4152 2221 4159 λ
2254 4153 2439 4193 verum
2473 4136 2717 4192 .Elusone
2746 4151 2886 4190 anno
2932 4134 3250 4205 praecedenti
3278 4133 3501 4188 Paulino
3528 4133 3838 4198 scripsisse.

2255 4229 2397 4300 quod
2425 4229 2565 4284 bona
2595 4227 2843 4283 abdicare
2871 4233 3132 4281 statuerat
3171 4240 3233 4280 ac
3272 4224 3510 4279 seculum
3539 4221 3750 4290 fugere,
3782 4232 3839 4275 et

2256 4319 2535 4373 laborabat
2562 4318 2784 4371 multum
2813 4324 2871 4369 ut
2897 4331 2994 4386 pro
3021 4329 3118 4369 suo
3144 4329 3208 4368 ac
3252 4312 3454 4366 Paulini
3482 4313 3621 4366 facto
3659 4310 3837 4365 ratiﬁ-

2256 4423 2378 4462 nem
2424 4406 2687 4461 redderet.
2737 4400 3031 4476 Respondit
3059 4414 3084 4439 ⁰
3127 4405 3175 4458 ei
3222 4403 3475 4457 Paulinus
3503 4400 3663 4472 paulo
3706 4412 3842 4456 ante

2257 4495 2482 4559 Pascha,
2515 4503 2569 4549 et
2596 4495 2883 4550 maximum
2912 4495 2987 4550 illi
3006 4495 3254 4563 gaudium
3280 4501 3506 4565 testatus
3528 4501 3612 4546 est
3638 4492 3710 4547 de
3739 4509 3842 4548 ac-

580 4572 1184 4644 damentoapostolorum
1205 4583 1255 4626 et
1272 4575 1656 4644 praphetarum,
1685 4577 1880 4629 erudite
1905 4585 1953 4630 et
1966 4579 2154 4648 conﬁr-
2188 4573 2231 4630 Ι)
2258 4594 2412 4656 cepta
2443 4585 2558 4655 ejus
2578 4586 2837 4656 cpistola,
2866 4602 2970 4656 qua
3018 4586 3159 4641 imus
3198 4586 3252 4641 ίη
3293 4587 3492 4656 pietate
3529 4583 3843 4655 profectum

584 4671 720 4714 male
732 4678 923 4716 manus
950 4662 1020 4714 ad
1046 4663 1341 4733 aedificandi
1368 4666 1653 4729 scientiam,
1682 4676 1737 4718 ut
1764 4667 1936 4737 lapide
1963 4670 2048 4740 qui
2076 4670 2157 4739 fa-

582 4761 694 4805 rtus
735 4762 812 4805 est
842 4753 910 4806 lin
949 4763 1104 4832 caput
1150 4756 1329 4825 anguli
1376 4756 1574 4811 discam
1609 4758 1855 4827 parietem
1892 4766 2158 4831 utrumque

582 4851 912 4905 connectere,
930 4852 992 4897 ~et
1013 4845 1071 4897 in
1100 4845 1338 4915 templum
1365 4858 1599 4901 sanctum
1637 4850 1865 4919 atquein
1894 4849 2156 4904 habitacu-

584 4930 690 4985 lum
722 4931 852 4997 Dei,
884 4949 1102 5002 corpora
1128 4944 1196 4988 «et
1235 4938 1396 4990 corda
1414 4939 1803 5006 ﬁdentundata
1822 4949 2153 5008 construere;

581 5039 675 5092 per
703 5040 849 5077 arma
877 5025 1107 5094 Apostoli
1134 5029 1362 5096 potentia
1390 5027 1500 5082 Deo
1522 5044 1728 5083 omnem
1758 5030 2033 5086 elationem
2063 5048 2154 5086 ea:-

584 5111 846 5168 tollentem
872 5130 928 5168 se
963 5114 1206 5171 adversus
1234 5118 1500 5171 scientiam
1533 5116 1631 5171 Dei
1666 5121 1921 5190 captivam
1947 5121 2149 5187 ducere,

570 5194 787 5263 omnem
807 5203 1118 5258 intellectum
1147 5200 1217 5259 ad
1246 5205 1578 5261 obediend..m
1619 5206 1819 5263 Christo
1857 5209 2150 5279 perducere,

581 5294 933 5365 evangelicum
965 5298 1188 5350 securim
1220 5296 1459 5351 arborum
1497 5299 1753 5353 radicibus
1782 5301 2072 5365 admovere,
2105 5314 2155 5358 et

580 5385 757 5457 gladio
779 5387 1010 5457 spiritus,
1039 5387 1096 5440 id
1121 5397 1197 5441 est
1223 5387 1368 5442 verba
1390 5389 1514 5453 Dei,
1543 5392 1831 5461 interﬁcere
1857 5404 2153 5465 peccatores

656 5536 919 5617 :Paulul.
949 5554 1034 5606 ep.
1057 5541 1203 5617 _l_,_-n.
1236 5539 1319 5594 10.
1342 5611 1355 5617 _
1397 5542 1423 5581 ιδ
1454 5543 1550 5617 Eo.
1577 5545 1630 5609 3,
1662 5563 1715 5617 n.
1749 5547 1798 5600 4.
1880 5559 1903 5589 ε
1935 5548 2152 5605 Hieron.

2253 5552 2349 5604 παι.
2375 5568 2432 5611 ’0.
2464 5551 2581 5606 W6.
2657 5551 2684 5589 ἀ
2717 5553 2919 5608 Pauliu.
2953 5568 3041 5617 ep.
3076 5553 3095 5606 Ι
3122 5572 3147 5617 ,·
3171 5571 3222 5608 n.
3260 5555 3342 5610 l'0.

1577 5570 1630 5609 ο,
1647 5570 1845 5670 ὶ1.;.5
1880 5570 1903 5589 τ
2183 5570 2432 5689 (animae.
2631 5570 2684 5674 ru
2717 5570 2919 5608 l’allllll.
2939 5570 3021 5676 18%)

1471 5627 1601 5683 ³).
1685 5657 1697 5671 .
1768 5659 1784 5671 .
1850 5656 1862 5670 .
2066 5638 2156 5673 l.
2228 5660 2241 5673 .
2338 5654 2389 5673 ο.
2560 5638 2914 5677 attm.carm.
3011 5666 3025 5678 .

574 5604 773 5675 (ἰωή.
796 5622 850 5661 n.
878 5608 931 5660 ὖ.
987 5604 1034 5655 ίις
1057 5608 1212 5675 lhiJ.,
1246 5629 1296 5665 η.
1329 5611 1379 5666 ι.

579 5672 759 5749 ωρτυιι,
778 5677 961 5749 -c._35.
987 5690 1033 5730 et
1065 5672 1309 5735 Anthr-ns.
1331 5683 1397 5733 de
1420 5682 1491 5735 Fu
1518 5672 1723 5742 HThco
1746 5692 1839 5738 tm.

579 5743 770 5805 ῦεωιο
801 5744 886 5805 Η.
918 5762 971 5799 ll.
1007 5749 1055 5799 ἐ.

1918 5698 1954 5723 π’
1988 5687 2202 5742 ΡωιΙὶηζ
2223 5705 2310 5758 cp.
2339 5688 2392 5753 5,
2425 5705 2478 5744 η.
2511 5690 2562 5744 li.

2256 4685 2625 4746 cognosceret,
2650 4692 2879 4746 eumque
2916 4676 3074 4732 docet
3094 4676 3364 4746 quomodo
3390 4674 3746 4745 responderet
3774 4677 3844 4729 iis

2254 4768 2345 4838 qui
2377 4768 2519 4837 ipsos
2546 4764 2820 4837 despectui
2860 4767 3143 4833 haberent,
3183 4774 3241 4820 ut
3269 4777 3295 4816 Ρ
3322 4780 3478 4834 supra
3528 4760 3843 4816 retulimus-

2257 4857 2454 4911 Scribit
2500 4873 2559 4912 se
2605 4856 2677 4910 ita
2718 4864 3087 4911 consecratum
3128 4855 3493 4922 presbyterum
3522 4847 3665 4918 quod
3698 4853 3846 4908 nulli

2256 4946 2508 5002 Ecclesia:
2536 4948 2605 5002 sit
2632 4945 2893 5012 alligatus,
2916 4943 3100 5010 sicque
3122 4943 3232 4997 voti
3256 4940 3550 4996 communis
3574 4954 3699 4995 sese
3729 4941 3849 4998 Νος

2261 5038 2363 5091 lam
2398 5035 2685 5106 recipiendi
2730 5034 2932 5088 salvam
2980 5048 3097 5089 esse
3139 5034 3421 5089 rationem.
3471 5033 3657 5102 Itaque
3706 5050 3847 5091 eum

2259 5127 2501 5181 hortatur
2530 5133 2590 5179 ut
2626 5125 2979 5180 Barcinonem
3007 5125 3187 5179 veniat
3231 5131 3356 5178 ante
3384 5122 3575 5177 festum
3601 5121 3847 5191 Pascha,

2258 5216 2347 5285 qui
2378 5215 2493 5269 dies
2522 5229 2662 5269 anno
2689 5213 2792 5269 394
2836 5222 2954 5268 erat
2979 5212 3015 5267 2
3041 5214 3256 5283 Aprilis,
3296 5213 3339 5267 si
3390 5213 3505 5283 ipso
3551 5215 3853 5272 sacerdote

2258 5320 2439 5360 sacras
2481 5304 2639 5359 ferias
2667 5304 3045 5360 concelebrare
3075 5305 3263 5367 vellet;
3312 5304 3621 5357 autsaltcm
3650 5305 3699 5357 si
3726 5307 3853 5372 jar-

2261 5396 2311 5449 iu
2344 5396 2530 5451 itinere
2556 5394 2762 5451 Nolano
2790 5395 2951 5449 vellet
2976 5409 3276 5458 occurrere,
3322 5395 3500 5448 statim
3550 5405 3675 5468 post
3736 5397 3851 5450 Pu-

3427 5556 3569 5625 °7Ep.
3601 5554 3654 5613 2.
3691 5575 3749 5610 ll.
3788 5561 3845 5614 Ξ.

3094 5623 3297 5686 ‘I‘lbitL,
3324 5642 3372 5678 ν.
3413 5623 3529 5678 18(
3576 5625 3586 5663 ¹
3631 5626 3777 5677 thl‘i
3814 5659 3847 5682 α.

2640 5702 2663 5728 υ
2694 5692 2824 5764 Cap.
2851 5691 2934 5759 14,
2961 5710 3015 5748 n.
3043 5693 3094 5748 5.
3172 5702 3197 5730 ο
3224 5692 3433 5749 Paulin.
3465 5709 3550 5764 cp.
3575 5694 3622 5759 ll,
3654 5707 3712 5747 η.
3759 5696 3853 5753 ιο.
