4056 6358
228 246 298 296 ω
1594 250 2117 308 PROLEGOMENA.
3250 224 3253 226 ’
3417 261 3485 317 :9

225 361 353 412 st-ha
386 357 779 427 proﬁciscatur;
811 371 1071 416 statuerat
1110 363 1250 416 enim
1293 361 1561 423 Paulinus,
1611 365 1804 434 elapsis
1836 379 1877 426 Α
1910 367 2187 423 Paulinum
2209 371 2419 426 venisse
2445 370 2801 428 Mediolanum
2829 384 3150 432 censuerunt
3180 385 3235 431 ut
3259 378 3328 434 ibi
3358 380 3484 432 Am-

228 449 370 501 t’eriis
411 445 773 512 Paschalibus,
809 451 1101 507 Barcinone
1148 468 1242 522 per
1269 450 1465 508 Gallias
1507 455 1557 508 in
1599 454 1802 508 Itali-.m

228 538 510 607 proﬁcisci.
549 539 682 594 Dicit
711 559 767 596 se
795 560 1009 612 sperare
1035 544 1178 612 quod
1215 546 1470 599 Severum
1502 545 1809 614 ﬂagrantius

227 629 546 680 desiderium
576 630 735 697 ipsius
774 631 1067 700 inspirabit,
1107 649 1171 686 ne
1197 635 1332 687 ultra
1361 632 1562 689 Pascha
1595 643 1807 705 tempus

229 716 444 770 dtﬂ'crat
473 735 486 780 ;
517 719 768 789 additque
811 722 912 774 iter
941 723 1100 776 breve
1127 738 1246 778 esse
1282 731 1336 777 et
1365 724 1536 790 facile,
1580 741 1700 779 cum
1731 727 1810 796 ip—

227 807 339 860 sius
368 805 550 861 Severi
583 826 713 878 puer
749 811 817 864 de
866 811 1093 868 Elusone
1122 823 1306 868 octava
1331 815 1417 870 die
1460 815 1806 872 Barcinonem

228 899 550 964 pervenerit.
592 897 774 952 Verum
802 902 924 971 quid
954 903 1017 956 de
1041 907 1208 974 spatio
1245 906 1465 976 agimus,
1506 907 1674 976 inquit
1696 917 1741 972 ⁸,
1765 909 1810 962 si

226 1003 320 1040 nos
351 987 632 1052 desideras,
665 991 745 1042 via
771 989 931 1047 brevis
959 1002 1031 1046 est
1057 1011 1073 1046 :
1097 995 1268 1065 longa,
1294 997 1338 1048 si
1355 997 1591 1068 negligis.
1793 986 1796 989 l

297 1078 348 1131 2.
393 1078 503 1133 Sub
533 1080 670 1134 idem
702 1089 908 1151 tempus
934 1087 1144 1154 scripsit
1181 1087 1250 1140 ad
1280 1087 1574 1142 Amandum
1619 1090 1816 1159 episto-

225 1168 332 1221 lam
381 1170 669 1224 secundam
710 1172 761 1225 in
808 1188 912 1242 qua
956 1175 1022 1230 de
1061 1179 1467 1233 consecratione
1519 1195 1613 1233 sua
1646 1182 1809 1235 multa

225 1257 436 1324 scribit,
467 1274 585 1326 qua:
624 1263 798 1331 capite
828 1263 853 1301 δ
885 1267 1150 1334 superiori
1196 1268 1580 1324 enarravimus.
1632 1269 1813 1336 Quan-

223 1347 404 1415 doque
433 1357 681 1418 tanquam
702 1362 723 1388 ο
749 1351 814 1404 ad
842 1353 1023 1421 plures
1045 1356 1094 1407 in
1125 1371 1186 1409 ea
1223 1371 1526 1411 sermonem
1558 1357 1698 1423 facit,
1733 1359 1814 1413 in-

229 1436 480 1503 telligens
517 1439 756 1506 profecto
785 1449 876 1494 aut
915 1442 1139 1497 clericos
1180 1443 1584 1512 Burdegalensis
1624 1445 1814 1501 Eccle—

225 1526 342 1590 sizc,
372 1534 464 1580 aut
490 1526 660 1595 ipsum
685 1527 1000 1598 Delphinum
1023 1533 1354 1602 episcOpum.
1379 1532 1510 1588 Cum
1534 1535 1811 1590 Amandod

227 1616 551 1670 commercia
603 1616 894 1672 litterarum
952 1620 1200 1676 habuisse
1260 1622 1470 1677 videtur
1524 1623 1810 1692 Paulinus,

224 1719 495 1774 unamque
525 1707 862 1788 ab‘Amando
889 1713 1158 1781 accepisse
1194 1712 1282 1767 diu
1311 1713 1663 1770 desideratam
1691 1719 1795 1787 epi-
1839 1741 1878 1798 Β

223 1794 436 1848 stolam.
460 1784 608 1850 Hanc
629 1797 694 1851 de
718 1797 921 1854 Paulini
943 1803 1274 1871 episcopatu,
1295 1821 1398 1859 non
1417 1784 1809 1881 presbyteraiu,

228 1889 652 1957 intert'retatur'
687 1890 1001 1946 Chimetius.
1032 1893 1292 1950 Nonnulla
1323 1898 1462 1952 illius
1482 1901 1717 1968 opinioni
1746 1900 1819 1953 fa-

225 1988 385 2043 vent;
420 1994 517 2034 nec
545 1981 734 2034 mirum
763 1991 905 2036 esset
934 1981 1211 2037 Paulinum
1242 1987 1432 2040 eadem
1479 1989 1530 2041 vi
1571 1990 1811 2043 multitu-

226 2067 370 2122 dinis
397 2078 646 2123 coactum
677 2073 975 2142 suscepisse
1005 2075 1391 2144 episcopatum,
1426 2093 1529 2146 qua
1559 2080 1812 2135 sacerdo-

224 2165 245 2208 t
270 2171 379 2209 um.
415 2156 481 2210 At
527 2159 654 2212 satis
682 2170 867 2228 aperte
905 2161 1142 2218 declarat
1169 2162 1186 2201 ί
1216 2165 1329 2235 ipse
1372 2166 1622 2224 Paulinus
1651 2185 1709 2224 se
1746 2186 1812 2225 ex

223 2261 329 2300 ove
355 2255 618 2316 pastorem
645 2248 858 2315 factum,
883 2261 935 2306 ct
958 2253 1148 2308 laicum
1175 2256 1227 2309 in
1245 2258 1605 2326 apostolorum
1627 2260 1814 2315 funda-

223 2348 406 2391 mento
441 2342 666 2408 positum
693 2358 706 2406 ;
739 2358 901 2411 seque
929 2345 1296 2416 presbyterum
1340 2348 1512 2403 innuit
1533 2359 1556 2397 8
1589 2351 1669 2405 his
1696 2367 1813 2406 ver-

223 2427 310 2483 bis
347 2448 357 2481 :
389 2428 507 2484 Jum
538 2433 744 2486 nomine
769 2435 1030 2506 ofﬁcioque
1067 2437 1292 2492 seniores

808 2564 1036 2621 CAPUT
1075 2567 1232 2624 XVII.

225 2646 290 2700 In
323 2648 531 2704 Italiam
563 2654 694 2706 venit
721 2652 989 2711 Paulinus.
1020 2659 1062 2710 Α
1099 2658 1158 2714 S.
1185 2661 1450 2716 Ambrosio
1489 2675 1725 2719 amanter
1751 2683 1813 2720 ac

299 2722 581 2855 Iit/iittoriﬁce
618 2726 891 2794 excipitur,
935 2729 1068 2781 male
1112 2747 1145 2782 a
1190 2729 1380 2785 Siricfo
1421 2731 1657 2788 Romano
1685 2753 1812 2806 pon-

299 2799 334 2839 ιι
383 2806 457 2842 ce.

297 2799 457 2842 ttltce.

300 2877 350 2928 1.
387 2875 574 2930 Omnia
605 2882 909 2936 conducunt
938 2894 995 2937 ut
1023 2886 1301 2941 credamus
1323 2887 1602 2944 Paulinum
1633 2892 1811 2946 statim

219 2974 354 3035 post
385 2965 612 3033 Pascha,
644 2971 781 3024 sicut
807 2972 1088 3038 statuerat,
1137 2993 1230 3045 per
1270 2976 1472 3033 Gallias
1501 2979 1686 3036 Nolam
1717 2999 1810 3037 ve-

222 3058 409 3116 nisse;
459 3059 673 3126 quidam
698 3059 722 3097 ιι
753 3064 892 3116 enim
925 3067 1231 3123 existimant
1270 3071 1414 3125 illum
1454 3073 1504 3128 in
1549 3075 1686 3129 hanc
1727 3093 1811 3131 re-
1838 3100 1882 3160 ρ

217 3162 443 3201 measse
493 3151 763 3217 regionem
813 3165 870 3208 ut
918 3158 1238 3226 reliquorum
1281 3164 1540 3218 bonorum
1589 3182 1806 3220 suorum

221 3235 542 3290 auctionem
572 3237 866 3296 faciendam
887 3257 1114 3300 curaret.
1152 3247 1340 3304 Vinum
1382 3261 1530 3306 vetus
1561 3254 1808 3312 Narbone

218 3328 322 3382 sibi
357 3343 474 3382 esse
495 3331 678 3385 scribit
705 3331 721 3370 ί
747 3335 847 3406 31
872 3337 938 3390 ad
965 3337 1222 3394 Severum
1246 3357 1405 3410 quem
1435 3356 1588 3416 rogat
1619 3359 1675 3400 ut
1703 3347 1805 3402 No-

220 3419 331 3471 L-un
357 3420 748 3488 pervehendum
771 3437 1039 3494 procuret.
1074 3430 1319 3487 Narbone
1347 3433 1397 3487 in
1427 3436 1631 3491 Italiam
1654 3449 1806 3508 parat

224 3511 329 3562 iter
358 3510 510 3574 mari,
556 3512 640 3566 ubi
671 3515 895 3582 quadam
931 3527 1244 3588 tempestate
1273 3537 1573 3582 commotus
1617 3538 1802 3597 patro-

224 3617 353 3654 num
383 3600 614 3657 Felicem
653 3608 978 3675 reclamavit,
1013 3621 1068 3666 ut
1099 3616 1337 3671 natalitio
1377 3619 1502 3672 anui
1533 3623 1806 3689 sequentis

224 3693 465 3749 carmine
495 3704 644 3764 patet
675 3696 688 3748 i
733 3716 745 3750 :

352 3784 410 3858 ξι
433 3789 578 3856 maria
599 3789 789 3858 intrati,
814 3792 936 3841 duce
963 3802 1030 3855 te,
1056 3799 1168 3858 quia
1189 3812 1300 3846 cura
1326 3801 1492 3858 pericli

350 3848 506 3910 Evasit
531 3861 695 3897 amore
715 3848 785 3899 t=.i
808 3866 820 3900 :
845 3868 932 3900 net:
959 3848 1167 3910 teISt'm:
1197 3873 1302 3906 nam
1326 3848 1402 3907 iuzt
1427 3848 1560 3910 sitallsi

350 3905 598 3983 Pt'a‘sidia,
619 3915 664 3956 tn
690 3911 892 3988 Domino
914 3905 1317 3977 stuperatts‘tttaris
1337 3905 1742 3988 a—spet'a-thristt),

351 3971 565 4031 Sein'per
592 3985 652 4019 eo
678 3982 728 4022 et
753 3979 899 4023 terris
917 3971 1184 4039 te'prot-ler
1210 3987 1341 4031 tutus
1367 3971 1417 4032 εἰ
1443 3971 1599 4033 undis.

1367 4062 1385 4086 ε

304 4090 501 4148 Italiam
551 4097 822 4165 ingressus
853 4099 877 4138 ¹ί
928 4101 983 4157 S.
1035 4105 1371 4161 Ambrosium
1417 4111 1564 4173 vidit,
1597 4127 1717 4165 cum
1757 4114 1808 4166 in

229 4183 455 4250 epistola
492 4183 507 4222 ι
545 4187 647 4242 hoc
683 4189 872 4245 eodem
900 4207 1042 4246 anno
1069 4196 1262 4263 scripta
1307 4197 1449 4252 dicat
1475 4199 1725 4254 Paulinus
1753 4217 1812 4255 se

233 4273 294 4325 ab
322 4289 389 4329 eo
416 4275 472 4330 in
503 4275 606 4332 ﬁde
633 4281 947 4338 innutritum
977 4293 1032 4339 et
1081 4287 1132 4340 in
1173 4289 1457 4343 sacerdotii
1503 4290 1690 4346 ordine
1731 4295 1813 4346 fo-

231 4372 358 4429 tum,
388 4382 454 4422 ac
477 4381 601 4422 eum
629 4371 696 4426 de
716 4387 814 4426 suo
841 4374 986 4429 clero
1017 4379 1225 4432 censeri
1250 4380 1482 4435 voluisse
1510 4383 1608 4438 etsi
1636 4383 1813 4437 diver-

1910 463 2145 517 brOsinm
2193 466 2422 532 videret;
2457 477 2480 515 ει
2512 468 2694 524 melius
2741 468 3000 525 dixissent
3028 469 3348 526 Florenttam
3379 489 3488 542 quo

1905 556 2016 624 jam
2047 558 2116 611 ab
2144 573 2284 611 anno
2329 559 2432 612 393
2461 575 2518 614 se
2547 571 2823 630 receperat
2866 562 3178 618 Ambrosius
3208 572 3266 618 ut
3301 573 3487 635 tyran-

1912 666 2038 702 num
2083 647 2375 716 Eugenium
2405 651 2630 722 fugeret,
2673 665 2727 709 et
2756 671 2850 724 per
2878 656 2928 711 id
2975 667 3183 728 tempus
3215 668 3271 713 ut
3318 659 3486 728 pluri-

1912 762 2055 800 munt
2113 745 2395 802 Florentia:
2448 762 2810 808 commoratus
2865 752 3214 816 Ambrosius,
3275 756 3486 816 nonnisi

1912 858 2093 896 mense
2119 843 2354 910 Augusto
2382 846 2504 898 anni
2534 844 2636 898 594
2667 858 2686 884 ι’
2714 847 3066 904 Mediolanum
3096 849 3268 903 rediit.

1983 933 2034 987 Ξ.
2084 933 2334 989 Paulinus
2363 936 2574 991 tandem
2599 937 2828 991 Romam
2858 939 3091 1000 advenit,
3140 941 3227 994 ubi
3267 956 3363 1008 pro
3388 956 3488 994 suo

1914 1025 2107 1078 merito
2135 1034 2188 1078 et
2213 1027 2425 1094 generis
2449 1028 2708 1096 qualitate
2730 1028 2830 1082 fuit
2860 1030 3067 1086 honore
3095 1047 3157 1086 ac
3183 1033 3486 1086 veneratio-

1915 1131 1983 1169 ne
2012 1117 2209 1184 ingenti
2239 1127 2493 1186 exeeptus
2521 1135 2550 1172 a
2579 1122 2797 1190 populo,
2819 1131 2874 1177 et
2895 1124 3162 1192 praecipue
3185 1139 3214 1178 a
3238 1123 3294 1178 S.
3325 1124 3487 1177 Domo

1915 1208 2077 1262 nione
2104 1207 2353 1262 Romanae
2375 1208 2622 1265 Ecclesiae
2645 1213 2978 1284 presbytero,
2999 1229 3156 1282 quem
3181 1222 3201 1250 ⁸
3224 1217 3486 1269 sanctissi-

1915 1317 2052 1355 mum
2080 1312 2342 1370 parentem
2365 1312 2541 1368 vocat,
2563 1319 2593 1358 a
2619 1305 2929 1374 proceribus
2954 1307 3081 1362 viris
3109 1307 3363 1362 Romanis
3387 1306 3483 1363 SS.

1919 1390 2258 1448 Pammachio
2305 1402 2360 1447 et
2399 1394 2649 1460 Macario,
2687 1398 2701 1431 ‘
2737 1397 2958 1466 aliisque
3004 1399 3236 1453 maximo
3265 1414 3487 1454 numero

1919 1484 2011 1536 Dei
2039 1485 2226 1540 servis.
2261 1485 2328 1539 At
2357 1494 2384 1522 τι
2421 1487 2772 1554 quorumdam
2798 1489 3115 1543 clericorum
3153 1490 3319 1544 sensit
3349 1489 3486 1543 invi—

1914 1574 2078 1638 diam,
2123 1575 2392 1644 ipsiusque
2426 1577 2586 1630 etiam
2632 1577 2809 1632 Urbici
2835 1596 3002 1648 papa’,
3034 1588 3091 1632 ut
3120 1589 3277 1633 vocat
3307 1579 3484 1633 Pauli-

1919 1681 2032 1725 nus,
2066 1665 2170 1719 hoc
2213 1674 2297 1720 est
2342 1665 2517 1722 Siricii
2567 1667 2791 1722 Romani
2822 1669 3107 1738 pontiﬁcis.
3138 1679 3484 1736 commotam,

1909 1763 1966 1807 ut
1994 1765 2144 1823 putat
2171 1756 2455 1812 eardinalis
2475 1768 2500 1794 ν
2529 1758 2806 1819 Baronins,
2838 1760 2980 1828 quod
3009 1759 3228 1816 Sirieius
3252 1762 3486 1829 repenti-

1917 1862 2038 1900 nam
2061 1847 2267 1902 Paulini
2289 1850 2748 1904 consecrationem
2776 1866 2880 1903 non
2904 1851 3151 1920 probaret
3173 1869 3186 1904 :
3207 1851 3486 1904 vehemen-

1915 1947 1998 1991 ter
2021 1939 2163 1992 enim
2213 1939 2528 1994 incubuerat
2553 1948 2612 1993 ut
2639 1948 2968 2008 grassantem
2999 1956 3095 2010 per
3138 1956 3200 1995 ea
3245 1949 3484 2010 tempora

1913 2045 2134 2099 pravum
2160 2045 2360 2084 morem
2385 2031 2630 2098 elideret,
2652 2043 2760 2102 quo
2795 2031 2912 2088 laici
2937 2031 3185 2086 homines
3208 2039 3296 2085 aut
3322 2032 3486 2086 etiam

1913 2122 2166 2193 neophyti
2214 2123 2409 2192 raptim
2458 2123 2509 2176 in
2559 2123 2866 2179 sacerdotes
2909 2123 3390 2187 consecrabantur;
3431 2131 3485 2176 et

1913 2222 2059 2268 certa
2107 2223 2368 2269 statuerat
2424 2215 2699 2270 intervalla
2753 2228 2851 2285 per
2901 2230 3020 2284 qua:
3061 2216 3256 2270 sensim
3294 2215 3360 2268 ad
3397 2231 3486 2269 sa-

1913 2323 2018 2362 cm
2046 2309 2249 2362 militia:
2277 2308 2492 2363 ordines
2521 2307 2898 2365 ascendéretur
2916 2310 3068 2376 juxta
3101 2307 3486 2364 ecclesiasticas

1913 2397 2156 2465 regulas:
2206 2409 2260 2453 et
2287 2394 2408 2454 ideo
2438 2399 2575 2455 forte
2599 2399 2795 2454 dixerit
2826 2410 2848 2437 ι
2880 2414 2940 2455 se
2968 2399 3171 2456 Paulini
3200 2409 3485 2456 consuetu-

1913 2489 2093 2543 dinem
2125 2490 2286 2554 nolle,
2317 2499 2410 2544 aut
2439 2491 2619 2546 forsan
2648 2501 2674 2540 r
2709 2491 2848 2546 inter
2875 2491 3214 2563 presbyteros
3241 2491 3290 2544 ei
3319 2490 3488 2544 dene-

1911 2579 2118 2646 gaverit
2140 2580 2191 2633 in
2217 2579 2451 2635 Ecclesia
2473 2581 2670 2644 locum,
2701 2597 2768 2636 ne
2786 2582 2992 2637 scilicet
3017 2583 3348 2653 repentinam
3372 2581 3487 2649 ejus

1913 2671 2373 2724 consecrationem
2416 2671 2667 2740 probare,
2698 2679 2752 2726 et
2782 2671 2918 2726 latas
2945 2687 2974 2725 a
3005 2687 3064 2727 se
3092 2672 3236 2740 leges
3264 2673 3487 2741 ipsemet

1914 2775 2172 2815 enervare
2191 2761 2478 2815 videretur.
2503 2761 2756 2828 Quamvis
2775 2763 2818 2818 si
2835 2777 2938 2832 qua
2962 2762 3144 2818 fuisset
3163 2763 3214 2817 in
3237 2763 3336 2818 hac
3359 2777 3488 2817 con-

1914 2850 2216 2904 secratione
2245 2850 2418 2920 culpa,
2451 2851 2502 2905 in
2533 2849 2812 2907 Paulinum
2854 2861 3002 2908 certe
3030 2853 3222 2907 cadere
3259 2867 3366 2906 non
3395 2851 3488 2906 de-

1915 2939 2046 3002 buit,
2070 2941 2159 3006 qui
2185 2941 2313 2994 nihil
2337 2957 2432 3009 per
2449 2943 2839 2999 contumaciam
2869 2943 3228 3006 commiserat,
3250 2948 3305 2996 et
3327 2957 3486 3012 quem

1919 3042 1938 3067 ι
1972 3032 2192 3086 invitum
2240 3048 2303 3088 ac
2342 3031 2679 3089 inﬂammata:
2722 3035 2894 3104 plebis
2940 3035 3294 3101 multitudine,
3334 3043 3389 3089 et
3436 3037 3488 3091 vi

1913 3132 2159 3176 coactum
2191 3122 2351 3178 fuisse
2391 3124 2759 3196 presbyteratu
2809 3125 3072 3180 initiatum
3118 3141 3304 3182 omnes
3347 3127 3487 3183 scie-

1909 3215 2056 3278 bant,
2089 3215 2339 3285 legesque
2367 3217 2643 3282 generales
2672 3219 2722 3272 in
2768 3219 2868 3274 hac
2907 3219 3160 3286 singulari
3206 3221 3490 3276 occasione

1907 3305 2117 3369 cedere,
2143 3313 2200 3359 ut
2224 3306 2274 3359 in
2299 3306 2577 3362 Ambrosio
2604 3307 2800 3364 factum
2828 3308 3017 3365 fuerat.
3041 3309 3224 3380 itaque
3249 3319 3299 3347 ⁸·
3327 3311 3379 3364 in
3405 3310 3490 3365 Si-

1909 3397 2042 3451 rieio
2089 3398 2280 3452 saltem
2331 3399 2756 3456 inconsideratus
2803 3402 2949 3457 zelus
2977 3404 3220 3457 excusari
3250 3411 3355 3456 non
3385 3419 3486 3471 po-

1907 3496 2028 3542 test.
2063 3488 2131 3542 At
2159 3505 2222 3542 ex
2263 3491 2455 3558 scripta
2484 3489 2687 3545 Paulini
2728 3490 2791 3544 ad
2823 3491 3078 3547 Severum
3108 3491 3165 3530 δυ
3193 3493 3417 3562 epistola
3457 3490 3492 3544 5

1910 3577 2066 3631 facile
2089 3579 2359 3646 colligitur
2382 3581 2731 3646 quorumdam
2761 3582 3076 3638 cleriéorum
3106 3584 3386 3654 ipsiusque
3403 3583 3486 3640 Si-

1909 3669 2022 3722 l‘iCii
2073 3669 2322 3724 invidiam
2362 3686 2428 3725 ex
2475 3686 2542 3726 eo
2591 3674 2935 3734 commotam.
2981 3674 3124 3744 quod
3169 3675 3487 3732 adveniente

1913 3755 2132 3812 Paulino
2161 3757 2384 3813 Romam
2427 3769 2547 3831 post
2576 3771 2680 3816 tam
2711 3763 2924 3832 longum
2956 3769 3213 3836 temporis
3255 3769 3483 3836 spatium

1909 3847 2146 3900 omnium
2169 3849 2308 3903 oculi
2336 3849 2388 3903 in
2414 3849 2582 3920 ipsum
2609 3861 2785 3907 essent
2807 3857 3076 3921 conversi,
3104 3853 3487 3930 obstupeseen-

1912 3938 2042 3990 tium
2073 3953 2180 4005 prae
2211 3941 2466 3996 miraculo
2495 3958 2614 3997 cum
2645 3945 2895 4001 viderent
2934 3956 3255 4014 senatorem,
3291 3954 3502 4006 consu-'

1914 4027 2074 4078 larem
2100 4027 2294 4084 virum.
2320 4029 2645 4098 profectum,
2669 4033 2779 4100 jam
2809 4038 3177 4106 presbyterum
3205 4039 3400 4095 factum
3431 4052 3486 4096 et

1912 4116 2250 4179 monachum,
2275 4119 2364 4186 qtti
2383 4118 2568 4185 gloriae
2585 4131 2895 4190 contemptu
2915 4125 3136 4190 gloriam
3159 4129 3484 4197 adipiscere-

1913 4215 2028 4266 tur;
2053 4204 2283 4274 indeque
2308 4206 2452 4262 idem
2481 4209 2679 4263 celebri
2699 4226 2963 4268 concursu
2995 4223 3103 4268 tum
3133 4218 3348 4282 civium,
3373 4228 3484 4273 tum

1913 4301 2241 4358 exterorum,
2273 4297 2589 4363 antistitum,
2613 4300 2948 4368 clericorum,
2980 4307 3382 4373 monachorum,
3407 4320 3487 4365 at~

1913 4399 2017 4450 que
2054 4384 2309 4442 laicorum
2337 4387 2767 4456 frequentaretur
2791 4393 2983 4452 ofﬁciis
3021 4413 3085 4453 ac
3113 4398 3483 4468 legationibus.

227 4451 296 4506 sis
321 4454 546 4522 degeret
574 4457 720 4515 locis.
755 4459 900 4516 lianc
928 4466 1152 4530 gratiam
1192 4468 1393 4534 legibus
1420 4468 1670 4525 Ecclesia:
1700 4489 1804 4526 non
1842 4463 1884 4522 ῐ)
1909 4475 2261 4541 Quamobrem
2292 4478 2482 4548 ipse“
2505 4483 2650 4551 pacis
2678 4481 2834 4550 ﬁlius,
2859 4501 2977 4540 cmn
3006 4488 3089 4544 his
3116 4451 3222 4562 302
3245 4493 3332 4561 qui
3358 4493 3490 4548 ode-

226 4552 663 4612 consentaneam,
700 4560 736 4586 ιη
771 4549 1046 4606 Paulinum
1077 4567 1348 4625 acceptam
1380 4560 1629 4615 habuisse
1658 4572 1809 4630 putat

229 4631 508 4701 Baronius,
553 4638 806 4710 additque
837 4660 957 4698 eum
988 4645 1212 4702 fortasse
1243 4650 1293 4703 in
1331 4652 1527 4707 clerum
1553 4653 1807 4708 Mediola-

226 4741 448 4783 nensem
479 4731 600 4784 ideo
628 4744 939 4802 cooptatum
966 4737 1032 4790 ab
1059 4739 1358 4806 Ambrosio,
1385 4753 1442 4796 ut
1471 4753 1591 4813 post
1618 4761 1676 4799 se
1709 4747 1805 4799 ha-

228 4817 375 4872 beret
406 4819 461 4873 in
488 4822 618 4876 sede
645 4839 1028 4882 successorem.
1061 4830 1284 4886 Constat
1311 4842 1487 4888 tamen
1523 4846 1546 4872 η
1577 4837 1806 4892 Ambro-

226 4907 359 4962 sium
392 4910 496 4965 sibi
527 4927 892 4970 successorem
933 4918 1236 4986 d-signasse
1282 4923 1339 4976 S.
1385 4924 1804 4996 Simplicianum.

228 4993 353 5053 Post
371 5009 398 5036 ο
423 5000 710 5057 Baronium
741 5016 767 5054 ι’
792 5005 1109 5062 Sacchinum
1136 5020 1190 5064 et
1217 4993 1538 5068 Chimetium
1568 5020 1807 5074 nonnulli

308 5207 329 5233 ⁸
351 5197 571 5283 Eanliq.
597 5218 728 5283 eap._
752 5203 834 5283 id,
859 5220 908 5256 n.
937 5205 1015 5283 HA.

229 5269 688 5421 ἷῗῆᾳὲιῆιὲᾖῖνὶιῖ
704 5272 1148 5421 ἓεῗεὲιῑῖὶιξί).ᾒ38οῗ

228 5417 251 5436 ε·
284 5403 415 5459 Ibid.
456 5428 457 5431 η
499 5409 730 5465 νδοεςιι.
757 5411 859 5465 Vit.
889 5403 1094 5468 Paulin.

229 5473 258 5541 ᾗ
291 5473 443 5558 Efﬂuet
472 5478 578 5543 92;
612 5487 664 5532 et
690 5479 968 5558 _Sat_'ch.np.
998 5473 1142 5558 680.:
1253 5487 1457 5544 Paulin.
1490 5473 1732 5558 ep.r5:rnﬁ.
1757 5473 1810 5546 3—.

303 5554 325 5621 ξ
353 5544 549 5621 Bacon.
573 5565 659 5603 an.
683 5549 813 5621 δεμ,
837 5552 863 5621 §
889 5544 972 5605 9Ἰ.

228 5613 400 5679 sitim,
448 5617 572 5672 ibid.

1099 5206 1120 5242 ¹’
1141 5208 1268 5271 Cap.
1295 5208 1372 5261 lii.

1457 5209 1698 5283 {Paulitn
1717 5215 1871 5282 θινὶ,
1894 5232 1948 5270 n.
1969 5216 2022 5270 4.
2098 5220 2122 5256 α
2147 5218 2302 5283 lbid.,
2319 5238 2373 5274 η.
2397 5221 2444 5276 1.

1131 5278 1154 5313 ιι
1186 5278 1434 5354 saeuo...
1471 5281 1573 5336 Vit.
1603 5278 1814 5354 Ρριιιῖιι.
1844 5301 1896 5354 p.
1927 5287 2048 5340 679.

1242 5347 1610 5426 l_Patilin._tjp.
1645 5352 1696 5416 5,
1718 5347 1866 5426 nul.
1944 5365 1981 5392 ⁷η
2005 5356 2196 5412 Rat-on.
2228 5376 2314 5414 an.
2341 5360 2461 5426 594,

1129 5417 1311 5499 p.930
1341 5427 1397 5499 et
1419 5417 1677 5499 Chifll._p.
1710 5421 1830 5499 id}.
1907 5427 2353 5499 ql’itadmhros.
2387 5417 2626 5499 lib.°vnt,
2682 5449 2731 5488 c.
2787 5417 2871 5490 Π.

1911 4575 2031 4621 rant
2058 4583 2243 4638 pacem
2271 4579 2450 4627 mente
2479 4574 2770 4644 pacificus,
2797 4578 2875 4633 sic
2919 4581 3058 4636 male
3085 4582 3290 4638 alectis
3321 4585 3488 4639 livor».

1910 4660 2100 4714 animis
2129 4677 2234 4716 non
2258 4664 2530 4732 respondit
2551 4669 3009 4737 contentionibus,
3027 4672 3119 4727 sed
3148 4673 3361 4729 silentio
3390 4677 3489 4731 hu-

1910 4751 2169 4816 militatis,
2203 4753 2255 4807 in
2285 4755 2447 4810 corde
2476 4757 2676 4814 habens
2705 4759 2830 4815 illud
2861 4761 3102 4831 Apostoli
3131 4781 3143 4816 :
3169 4765 3232 4820 Si
3253 4767 3366 4837 quis
3385 4769 3490 4822 imit

1907 4845 2251 4898 rontentiosus
2279 4863 2408 4908 esse.
2448 4849 2543 4902 Itoc
2587 4859 2766 4906 nostra
2807 4855 3116 4910 consuetudo
3162 4873 3264 4912 non
3309 4863 3487 4927 recipit

1914 4929 1965 4997 (I
1997 4928 2116 4984 Cor.
2153 4949 2224 4998 xi,
2267 4934 2388 5004 16);
2422 4937 2601 5007 itaque
2645 4941 2793 4996 nullo
2830 4946 3200 5013 opportuniori
3247 4950 3486 5003 remedio

1914 5022 1996 5075 his
2042 5027 2430 5082 occurrendum
2474 5033 2703 5100 putavit,
2733 5048 2893 5102 quam
2937 5046 3200 5094 maturata
3245 5039 3313 5093 ab
3343 5038 3486 5094 Urbe

2525 5234 2545 5262 ε
2564 5223 2740 5298 C__him.
2759 5241 2806 5298 ς.
2831 5227 2918 5292 25,
2945 5232 3140 5298 p.177.
3223 5233 3239 5271 ί
3275 5231 3479 5287 Paniitt.

2145 5288 2157 5325 ί
2195 5288 2400 5365 Paulin.
2423 5309 2526 5365 _ep_.
2666 5310 2719 5350 η.
2759 5296 2847 5350 2⁸2.
2903 5288 2959 5350 ἰ’
2985 5300 3162 5357 Carm.
3195 5303 3280 5365 15,
3307 5319 3359 5355 v.
3400 5303 3480 5360 l4.

2496 5363 2522 5434 §
2553 5363 2640 5417 89.
2718 5374 2745 5400 ιι
2772 5366 2877 5437 Vit.
2920 5370 3166 5426 Ambros.
3199 5363 3414 5437 69,151
3435 5373 3480 5429 Ι.

2955 5450 2974 5476 τ
3009 5441 3203 5496 Baron.
3236 5458 3321 5494 an.
3355 5443 3477 5505 594.

1892 5495 2037 5576 ξλεμ.
2073 5497 2123 5576 εξ,
2149 5517 2200 5553 n.
2237 5495 2805 5576 -tt;__gt_ep.t§’et__ts.
2883 5515 2906 5542 υ
2932 5506 3029 5576 Ep.
3061 5508 3113 5574 5,
3138 5527 3191 5564 η.
3223 5510 3287 5564 ιδ
3311 5520 3367 5566 ct
3397 5495 3480 5568 tt:

1055 5554 1345 5644 1t§acchin..
1381 5559 1479 5644 Vit.
1513 5554 1718 5644 Paulin.
1748 5581 1802 5644 ρ.
1823 5565 1955 5644 _(i_80.
1988 5554 2000 5566 ’
2031 5554 2292 5644 .ν·ΑΒ’;ιτς)ῃ.,
2317 5554 2892 5644 viiPaulinZ-ep.
3227 5554 3483 5638 we;

652 5619 706 5658 ιιι)
740 5619 946 5676 Paulin.
980 5639 1044 5694 ep
1107 5625 1162 5693 5,
1190 5643 1241 5681 ιι.
1278 5627 1380 5693 N;
1415 5638 1470 5684 ct
1515 5619 1889 5691 Bat'on..'ibid.

1972 5650 2020 5676 cr
2051 5638 2294 5697 Sacchin.
2330 5657 2380 5711 ιι.
2413 5641 2539 5707 681,
2566 5653 2620 5697 et
2649 5638 2854 5702 PaulinI
2887 5638 2971 5716 ep.
3011 5645 3060 5712 5,
3093 5664 3146 5706 n.
3188 5649 3268 5707 ιδ.
