4056 6358
586 246 645 312 εί
1608 248 1667 305 S.
1708 246 2048 307 PAULINUS
2085 247 2398 309 NOLANUS
2435 253 2828 313 EPISCOPUS.
3773 264 3851 326 52

580 363 924 417 discessuone.
961 372 983 398 ε·
1014 358 1238 416 Ruinam
1267 363 1425 431 igitur
1451 363 1751 431 relinquere
1780 381 2075 435 properans
2105 382 2156 419 ιιι
2187 370 2233 427 Α
2262 371 2448 423 hortus
2477 378 2501 407 ο
2535 385 2825 439 pomarius,
2858 388 2919 427 ex
2949 388 3057 445 quo
3086 375 3324 446 privatus
3356 380 3408 433 in
3437 380 3495 435 S.
3528 381 3727 438 Felicis
3756 386 3848 438 ba-

578 453 662 505 sui
689 450 881 507 Felicis
908 461 1152 522 optatum
1179 453 1355 507 sinum
1386 468 1445 508 se
1482 453 1705 520 abdidit,
1734 462 1793 508 ut
1817 455 2011 508 invidia
2041 470 2160 524 qua:

578 550 872 613 conspectu
899 551 954 597 et
978 526 1259 613 praesentia
1287 559 1385 598 sua
1406 544 1666 606 alebatur,
1692 544 1954 600 subducto
1977 546 2161 600 fomite

579 633 1029 699 exstingueretur.
1081 632 1309 703 Denique
1352 650 1384 685 a
1422 632 1588 697 nobis,
1637 634 1808 703 inquit
1835 634 1861 672 ιι
1889 636 2161 703 aliquanto

578 732 720 792 post,
755 722 933 776 Roma:
958 722 1316 793 Zelotyporum
1345 724 1585 777 incendia
1623 725 1923 779 clericorum
1953 726 2159 797 longin-

579 814 749 882 quitas
774 812 926 868 Urbis
950 815 1250 884 exstinguit,
1277 821 1325 867 et
1349 814 1516 867 omnis
1543 814 1651 867 illic
1675 815 1920 886 iniquitas
1948 814 2162 869 obstruit

578 920 636 957 os
663 919 828 966 suum,
858 905 981 971 quia
1000 920 1092 972 per
1117 904 1403 958 absentiam
1430 904 1551 958 inde
1590 913 1841 969 nostram,
1872 907 2016 976 quasi
2034 906 2158 959 sub-

577 994 731 1047 ducto
756 995 955 1064 fomite,
985 995 1159 1064 segnis
1188 994 1424 1049 odiorum
1449 996 1657 1064 flamma
1688 996 1945 1066 frigescit;
1977 1012 2067 1049 nec
2102 997 2157 1050 in

577 1101 746 1139 vocem
772 1084 944 1141 audet
972 1102 1235 1155 erumpere
1280 1086 1394 1139 licet
1423 1084 1655 1139 dentibus
1683 1087 1915 1156 frcudeat
1944 1088 2154 1152 invidia,

578 1180 699 1233 dum
738 1180 1028 1250 iniquitatis
1055 1196 1166 1235 sua:
1199 1180 1407 1234 conscia
1435 1179 1548 1248 ipsa
1573 1195 1630 1232 se
1655 1179 1923 1244 erubescit,
1969 1195 2060 1232 nec
2101 1180 2158 1232 in

577 1282 818 1343 promptu
840 1272 990 1327 habet
1011 1273 1097 1326 ubi
1125 1275 1265 1344 faces
1292 1273 1465 1327 livida:
1488 1273 1672 1327 utentis
1696 1272 2009 1327 accendat...
2042 1271 2157 1325 llo-

578 1379 691 1417 rum
731 1364 814 1417 vis:
842 1364 913 1416 ad
951 1380 1045 1417 nos
1076 1366 1239 1417 tenuis
1268 1366 1409 1434 fama
1436 1363 1737 1434 perlabitur,
1767 1373 1817 1416 et
1856 1362 1922 1416 ab
1949 1362 2157 1417 auribus

578 1455 769 1507 nostris
797 1455 1062 1522 spinarum
1089 1470 1211 1524 sepe
1242 1454 1475 1520 munitis,
1495 1464 1550 1506 ut
1580 1470 1711 1506 aura
1741 1453 1932 1523 frigida
1963 1452 2037 1506 vel
2059 1453 2158 1505 im-

532 1530 536 1537 ’
575 1552 846 1612 portunum
878 1542 1021 1595 vacui
1059 1542 1235 1597 culicis
1273 1558 1504 1595 murmur
1542 1541 1848 1595 excluditur.
1900 1540 1980 1594 Ad
2007 1556 2155 1595 cant-

575 1633 697 1691 dem
727 1631 864 1687 forte
893 1634 1324 1702 persecutionem
1360 1634 1683 1701 spectaverit
1716 1632 1771 1685 in
1809 1632 1999 1687 eadem
2037 1634 2155 1702 epi-

2264 459 2469 513 silicam
2502 462 2847 530 aperiebatur
2874 463 3165 532 ingressus.
3191 466 3324 522 Cum
3366 468 3591 526 Paulino
3633 473 3851 528 habita-

2260 548 2392 604 bant
2419 551 2522 621 33
2546 552 2762 621 quidam
2792 555 2930 609 servi
2968 555 3086 620 Dei,
3114 556 3254 613 inter
3279 574 3416 627 quos
3446 564 3464 597 ι
3501 559 3765 616 Proiorus
3793 571 3849 617 et

2262 638 2557 696 Restitutus
2586 642 2818 698 Hebrasi.
2844 644 3176 701 Domicilium
3203 664 3356 702 suum
3385 648 3643 706 Paulinus
3667 653 3801 707 dicit
3822 664 3849 691 ἰ

2262 733 2645 798 monasterium,
2678 741 2733 788 et
2756 735 3069 791 societatem
3116 753 3269 791 suam
3297 748 3452 793 vocat
3481 750 3504 775 τ
3537 742 3850 810 fraternita-

2263 831 2361 876 tem
2390 823 2720 889 monacham,
2758 825 2882 893 quia
2903 842 3090 882 omnes
3119 827 3477 884 inhabitantes
3507 830 3707 897 regulis
3736 846 3851 884 mo-

2261 914 2479 966 nasticis
2528 913 2725 968 addicti
2773 916 2896 970 vita:
2941 917 3199 971 sevcriori
3253 917 3673 983 incumbebant;
3721 920 3791 975 ibi
3824 929 3850 958 ι

2262 1004 2580 1059 adveniente
2604 1006 2720 1061 luce
2742 1008 3311 1063 matutinum‘ol‘lieium
3334 1009 3703 1077 celebrabant,
3728 1027 3847 1066 vcsv~

2261 1096 2529 1164 pertinum
2560 1096 2627 1150 ad
2651 1097 2924 1155 incensum
2952 1099 3203 1154 lucernte.

2328 1187 2381 1241 2.
2415 1187 2592 1242 Facile
2620 1190 2885 1261 colligitur
2911 1206 3096 1246 eorum
3121 1191 3329 1246 vivendi
3351 1195 3487 1246 ratio
3508 1209 3573 1246 ex
3605 1195 3846 1261 quadam

2258 1274 2466 1334 Paulini
2496 1281 2719 1350 epistola
2745 1292 2793 1342 γ.
2826 1284 2883 1337 in
2904 1298 3009 1351 qua
3036 1300 3156 1338 eum
3184 1284 3407 1339 dixisset
3442 1284 3543 1339 sibi
3582 1300 3691 1338 non
3732 1284 3847 1353 pla-

2259 1387 2383 1426 cere
2403 1371 2648 1426 homines
2667 1372 2935 1427 seculares
2955 1373 3156 1429 habere
3176 1374 3439 1442 hoSpites,
3462 1373 3608 1427 addit
3632 1392 3646 1426 :
3676 1384 3697 1410 κ
3736 1372 3789 1426 Ν
3792 1391 3852 1428 os

2259 1462 2450 1515 adeant
2475 1470 2524 1515 et
2552 1462 2774 1516 revisant
2801 1464 3084 1518 conservati
3112 1472 3159 1516 et
3185 1463 3478 1534 compellidi
3519 1464 3709 1525 nostri,
3742 1474 3842 1517 nim

2259 1551 2485 1606 restibus
2513 1553 2664 1623 pictis
2695 1553 2921 1624 superbi,
2971 1555 3061 1607 sed
3100 1553 3421 1608 horrentibus
3459 1555 3643 1607 ciliciis
3682 1555 3849 1608 humi-

2256 1644 2366 1708 les;
2410 1660 2500 1697 nec
2527 1643 2782 1696 chlamida
2810 1643 3074 1710 curtalini,
3114 1643 3204 1697 sed
3250 1643 3446 1713 sagulis
3483 1641 3727 1713 palliati;
3759 1660 3845 1695 nec

574 1725 714 1779 stola
733 1725 863 1779 illud
884 1726 1028 1794 quod
1047 1725 1288 1794 sequitur
1312 1743 1324 1777 :
1353 1737 1374 1764 ο
1402 1724 1572 1779 Etiam
1601 1726 1655 1778 in
1683 1726 1852 1779 causis
1879 1726 2165 1796 vociferatt-
2199 1735 2240 1794 Β
2266 1731 2489 1798 baltheo,
2517 1732 2608 1785 sed
2636 1735 2769 1785 reste
2794 1732 3073 1797 succincti;
3104 1748 3195 1785 nec
3223 1730 3458 1801 improba
3486 1733 3682 1785 attonsi
3702 1731 3845 1801 capi-

576 1816 657 1870 dis
685 1817 840 1871 silere
862 1832 955 1870 nos
982 1816 1154 1870 docuit
1186 1817 1296 1886 ipse
1317 1815 1568 1871 Dominus
1598 1832 1616 1870 :
1639 1817 1803 1887 ipsius
1826 1832 1948 1885 ergo
1975 1816 2156 1870 volun-

578 1917 736 1962 tatem
763 1918 812 1962 et
832 1907 1086 1979 judicium
1126 1909 1269 1961 taciti
1300 1909 1625 1973 sustinemus,
1667 1908 1752 1977 qui
1788 1917 1967 1977 potens
2007 1917 2084 1961 est
2110 1917 2159 1961 et

577 2016 715 2053 nunc
743 2001 797 2053 in
825 1998 970 2053 nobis
998 2007 1185 2066 tacere,
1228 2007 1277 2051 et
1302 2015 1417 2052 cum
1455 1999 1668 2053 voluerit
1706 1998 2034 2065 interpellare
2066 2014 2159 2067 pro

576 2090 745 2144 nobis.
789 2087 1022 2158 ldipsum
1051 2085 1078 2125 ά
1120 2088 1173 2142 in
1202 2100 1452 2155 maguum
1491 2087 1683 2141 divinas
1717 2086 1900 2156 gloria:
1938 2086 2163 2141 cedebat

578 2178 1039 2249 impedimentum,
1064 2187 1120 2233 et
1141 2178 1433 2233 Dominica:
1470 2178 1653 2247 gratize
1680 2176 2059 2231 detrimentum
2082 2175 2160 2233 la-

578 2252 778 2334 ciebai,
806 2286 929 2326 cum
969 2271 1037 2326 ab
1064 2270 1352 2339 sequendis
1377 2268 1586 2324 Paulini
1612 2270 1851 2337 vestigiis
1879 2284 1986 2322 non
2028 2283 2162 2337 pau-

578 2379 673 2418 cos
699 2379 884 2420 rumor
913 2364 1003 2419 ille
1022 2363 1089 2419 de
1112 2363 1289 2419 alieno
1318 2362 1545 2419 Romani
1575 2362 1841 2432 pontiﬁcis
1868 2362 2047 2415 animo
2068 2375 2159 2416 re-

580 2454 835 2510 tardaret.
866 2454 1017 2510 Hanc
1043 2463 1225 2509 tamen
1253 2452 1429 2509 Siricii
1475 2453 1794 2524 zelotypiam
1834 2452 1995 2520 paulo
2036 2457 2159 2522 post

577 2540 740 2601 fuisse
767 2543 1006 2599 sedatam
1038 2552 1063 2580 ⁸
1091 2559 1159 2599 ex
1188 2542 1326 2597 inira
1346 2542 1695 2611 sequentibus
1721 2541 1943 2612 patebit.

1141 2675 1367 2732 CAPUT
1406 2673 1587 2729 XVIII.

581 2772 736 2829 Nolae
760 2775 991 2828 consistit
1022 2772 1295 2825 Paulinus.
1325 2767 1491 2833 Quam
1528 2767 1636 2821 illic
1676 2767 1832 2820 vitam
1858 2764 2153 2818 instituerit.

653 2908 705 2961 l.
748 2906 973 2962 Ammno
1019 2904 1036 2944 ί
1072 2906 1122 2959 iu
1151 2919 1282 2971 agro
1309 2902 1377 2958 ad
1404 2902 1724 2971 quingentos
1751 2899 1819 2953 ab
1856 2899 1989 2952 urbe
2023 2896 2155 2951 Nola

580 3015 769 3069 passus
811 3014 935 3053 ossa
972 2997 1116 3051 beati
1158 2995 1351 3050 Felicis
1396 2992 1694 3063 presbyteri
1740 2999 1795 3045 et
1835 2989 2155 3044 confessoris

2264 1822 2331 1875 tis
2356 1823 2526 1893 fronte
2566 1822 2758 1889 criniti,
2800 1821 2893 1875 sed
2940 1832 3085 1876 casta
3133 1823 3454 1893 informitate
3500 1823 3751 1893 capillum
3779 1822 3845 1874 ad

2261 1920 2426 1965 cutem
2453 1914 2591 1979 cmi,
2616 1920 2664 1965 et
2687 1912 3009 1984 ina'qualiter
3027 1912 3318 1980 semitonsi,
3342 1922 3391 1966 et
3411 1913 3658 1966 destituta
3682 1915 3845 1983 fronte

2254 1998 2508 2074 Vpra'rasi;
2538 2013 2585 2056 et
2614 2012 2800 2057 ornatu
2830 2002 3089 2072 pudicitia:
3128 2003 3358 2056 inornati
3396 2012 3446 2057 et
3491 2003 3737 2056 decenter
3761 2003 3843 2055 in-

2261 2094 2383 2147 culti
2410 2096 2515 2156 sint
2542 2101 2589 2147 et
2623 2091 2993 2147 honorabiliter
3022 2092 3377 2163 despicabiles,
3406 2109 3522 2146 cum
3559 2094 3842 2165 ingenitam

2259 2203 2453 2258 quoque
2489 2185 2703 2255 speciem
2743 2186 2973 2251 corporis
3000 2201 3092 2255 pro
3120 2183 3365 2238 interiore
3392 2183 3529 2238 cultu
3558 2201 3845 2254 aspernan-

2261 2285 2355 2341 tes,
2393 2277 2546 2329 etiam
2591 2274 2761 2329 studio
2792 2275 3169 2346 deformantur,
3199 2283 3255 2327 ut
3281 2271 3412 2344 ﬁanl
3458 2273 3742 2343 prudenter
3765 2274 3842 2326 in-

2259 2366 2459 2420 honesti
2493 2364 2730 2427 vultibus,
2777 2365 2898 2422 dum
2943 2366 3280 2436 perﬁciantur
3317 2362 3620 2417 salutariter
3645 2364 3840 2417 honesti

2258 2456 2574 2512 mentibus...
2620 2454 2758 2520 Quid
2793 2455 2939 2511 nobis
2972 2457 3094 2527 jure
3138 2463 3491 2519 succenseant,
3535 2456 3582 2508 si
3621 2456 3843 2508 vicissim

2260 2548 2403 2602 nobis
2439 2551 2615 2619 faeteat
2655 2547 2785 2603 odor
2821 2549 2943 2603 vim
2981 2564 3174 2611 eorum,
3207 2533 3385 2619 quibus
3414 2546 3544 2601 odor
3570 2556 3765 2601 nostra:
3786 2548 3842 2600 in

2258 2648 2473 2693 mortem
2499 2638 2613 2693 est?
2642 2636 2739 2691 Ille
2756 2638 3013 2709 jejunium
3040 2654 3206 2691 meum
3237 2638 3425 2701 horret,
3449 2653 3542 2707 ego
3562 2635 3705 2689 iltius
3725 2652 3841 2689 cra-

2258 2729 2433 2800 pulam
2455 2730 2590 2799 ferre
2613 2744 2717 2782 non
2745 2743 2970 2798 possum.
3005 2726 3104 2781 Ille
3129 2726 3344 2780 halitum
3373 2725 3613 2779 monachi
3636 2725 3843 2797 loquen-

2258 2821 2323 2872 tis
2372 2821 2546 2879 evitat,
2588 2834 2680 2888 ego
2729 2819 2909 2887 flatum
2950 2817 3232 2871 Thrasonis
3271 2815 3518 2869 ructantis
3545 2813 3756 2885 effugio.
3782 2812 3839 2868 Si

2255 2910 2360 2963 ill-is
2387 2909 2619 2980 displicet
2647 2908 2865 2979 gutturis
2888 2908 3049 2961 nostri
3076 2909 3300 2973 siccitas,
3332 2916 3381 2959 et
3414 2905 3559 2960 nobis
3589 2905 3727 2977 gula:
3753 2921 3842 2957 eo~

2257 3017 2372 3054 rum
2402 2999 2651 3053 cruditas.
2694 2998 2757 3053 Si
2784 2998 2901 3051 illos
2933 2997 3148 3066 offendit
3176 2997 3489 3067 frugalitatis
3517 2995 3763 3057 ariditas,
3795 3002 3843 3045 et

580 3088 950 3158 quiescebant.
977 3087 1245 3154 hodieque
1270 3092 1572 3139 servantur.
1602 3081 1660 3136 in
1688 3096 1809 3135 eum
1838 3080 1999 3134 νειυιί
2026 3094 2155 3148 νοτ·
2185 3101 2231 3163 c
2264 3106 2357 3143 nos
2386 3091 2633 3142 ventrium
2662 3087 2874 3156 offendit
2909 3086 3181 3157 ingluvies.
3216 3084 3436 3138 Videant
3464 3100 3586 3155 ergo
3616 3093 3712 3137 nos
3740 3097 3839 3135 non

585 3190 695 3235 tum
726 3179 815 3234 ubi
856 3177 1110 3232 Paulinus
1156 3176 1223 3230 ah
1253 3174 1432 3229 saeculi
1478 3181 1612 3228 testu
1641 3170 1833 3226 fessam
1879 3179 2046 3224 ratem
2078 3170 2159 3224 in-

582 3271 746 3335 vexit,
778 3270 883 3324 dici
909 3284 1017 3324 non
1050 3275 1246 3337 potest,
1278 3276 1335 3320 ut
1375 3264 1673 3335 respirarit,
1718 3262 1912 3333 quibus
1956 3263 2160 3330 gaudiis

580 3360 885 3425 cxundarit,
919 3368 977 3414 ut
1003 3358 1371 3412 amantissimo
1400 3364 1629 3426 patrono
1675 3370 1733 3409 se
1773 3362 1943 3407 totum
1972 3353 2161 3408 dicarit

578 3452 1012 3521 permiseritque,
1043 3466 1106 3504 ac
1136 3457 1304 3502 totum
1336 3448 1386 3500 in
1417 3462 1631 3500 omnem
1676 3444 1977 3499 sanctitatis
2020 3461 2156 3512 pm:-

578 3546 832 3598 stantiam
875 3542 1140 3598 ell‘uderit.
1195 3539 1327 3594 Urbs
1359 3548 1382 3585 κ
1414 3538 1543 3592 Nola
1574 3536 1797 3591 celebris
1822 3548 1905 3588 est
1949 3534 2158 3589 colonia

573 3636 638 3690 in
662 3634 970 3704 Campania.
1005 3648 1176 3702 eaque
1204 3632 1507 3693 maritima;
1538 3639 1662 3685 octo
1706 3630 1889 3684 leucas
1916 3644 1946 3682 a
1974 3628 2156 3698 Capua

579 3728 805 3788 distans,
836 3740 931 3780 seu
962 3724 986 3761 ¹ι
1019 3725 1206 3791 viginti
1254 3724 1399 3777 mille
1445 3736 1652 3791 passus,
1684 3737 1847 3775 unum
1887 3735 2046 3789 supra
2078 3720 2157 3773 vi-

576 3820 714 3886 ginti
731 3819 884 3888 juxta
907 3817 1197 3871 Antonium
1229 3819 1280 3869 in
1310 3814 1619 3877 ltinerario;
1643 3823 1697 3866 et
1717 3812 1782 3865 ad
1807 3827 1970 3867 unum
1998 3824 2157 3873 suira

580 3918 795 3964 centum
825 3907 1102 3974 sexaginta
1134 3920 1384 3974 passuum
1414 3904 1579 3956 millia
1608 3903 1675 3956 ab
1697 3903 1828 3956 urbe
1846 3901 2033 3966 Roma,
2064 3917 2158 3955 seu

579 4000 855 4067 sexaginta
883 4006 1120 4066 quatuor
1149 3996 1358 4059 leucas;
1388 4009 1547 4062 quam
1578 4002 1754 4047 tamen
1793 3992 1812 4029 ί
1844 4001 2056 4047 centum
2104 4000 2160 4047 et

578 4090 767 4156 viginti
796 4088 945 4144 mille
972 4102 1161 4157 passus
1189 4084 1527 4140 solummodo
1552 4099 1582 4137 a
1612 4083 1782 4137 Roma
1810 4083 2048 4137 dissitam
2076 4081 2158 4136 di-

573 4182 652 4235 i-it
689 4178 959 4234 Paulinus.
1003 4175 1152 4233 Hanc
1201 4177 1385 4231 urbem
1431 4175 1712 4229 maximet
1750 4173 2160 4229 commendabat

574 4272 632 4323 ιι.
666 4269 860 4325 Felicis
900 4268 1134 4323 tumulus
1161 4267 1431 4335 paululum
1466 4265 1485 4300 ιι
1511 4266 1579 4319 ab
1608 4265 1741 4319 urbe
1769 4273 2026 4319 remotus.
2056 4265 2157 4319 Su-

576 4374 676 4427 per
704 4359 963 4414 tumulum
992 4365 1109 4411 erat
1141 4354 1157 4393 1
1191 4363 1497 4411 constructa
1524 4356 1763 4421 basilica,
1789 4363 1847 4411 et
1862 4354 2013 4421 juxta
2038 4370 2156 4408 eam

2260 3198 2412 3235 mane
2439 3180 2585 3242 ebrii,
2610 3180 2699 3233 sed
2726 3196 2928 3250 vespere
2943 3179 3161 3249 jejunii;
3191 3193 3281 3229 nec
3311 3176 3544 3229 hesterno
3573 3174 3747 3244 inﬂati
3771 3174 3843 3226 vi-

2263 3290 2349 3335 no,
2382 3271 2469 3325 sed
2500 3271 2743 3325 hodierno
2772 3269 3034 3333 abstemii;
3062 3286 3152 3322 nec
3176 3269 3237 3321 de
3260 3267 3472 3337 crapula
3501 3265 3735 3319 libidinis
3755 3265 3843 3319 de-

2259 3376 2453 3420 menter
2480 3365 2764 3428 instabiles,
2796 3363 2884 3415 sed
2913 3363 3098 3432 vigiliis
3131 3361 3413 3414 honestatis
3446 3360 3646 3430 integre
3682 3356 3845 3411 saucii

2258 3469 2307 3510 et
2328 3456 2495 3510 sobrie
2518 3455 2795 3517 temulenti,
2825 3470 2948 3523 quos
2972 3452 3291 3522 parcimonia
3316 3450 3471 3521 furia,
3504 3465 3606 3502 non
3634 3464 3843 3518 rorago,

2260 3548 2496 3603 titubare.
2522 3545 2636 3600 Non
2670 3546 2839 3600 solum
2859 3544 3078 3611 singulis
3109 3554 3162 3580 ³⁸·
3197 3542 3627 3609 Quadragesima:
3654 3539 3851 3594 diebus

2261 3638 2328 3692 ad
2355 3652 2633 3706 vesperam
2660 3650 2826 3703 usque
2860 3633 3143 3689 diﬂ‘ercbat
3175 3632 3427 3686 Paulinus
3456 3632 3633 3685 cibum
3663 3644 3840 3685 sume-

2258 3744 2337 3790 re,
2360 3743 2542 3781 verum
2559 3726 2720 3781 etiam
2739 3724 2795 3763 δι’
2813 3723 3052 3777 Paschali
3076 3732 3315 3791 tempore
3343 3730 3469 3775 ante
3500 3735 3699 3773 nonam
3720 3717 3837 3773 nul-

2259 3817 2342 3872 lus
2370 3816 2420 3869 in
2452 3814 2643 3870 familia
2666 3815 2826 3870 edere
2856 3814 3209 3882 praesumebat
3233 3830 3243 3863 :
3269 3819 3384 3864 toto
3414 3811 3537 3865 anui
3567 3808 3837 3865 curriculo

2265 3918 2320 3945 τε
2340 3906 2406 3961 ad
2428 3922 2701 3975 vesperam
2720 3905 2967 3968 edebant,
2993 3912 3048 3957 et
3067 3918 3252 3957 eorum
3276 3902 3377 3957 cibi
3399 3901 3643 3955 consueti
3667 3900 3845 3954 herbae

2260 4007 2315 4052 et
2332 3996 2382 4033 ι¹ι¹
2399 3996 2633 4051 oluscula
2656 4005 2825 4050 erant.
2845 3994 2976 4049 Cum
2996 4008 3185 4064 panem
3200 3992 3496 4060 siligineum
3514 3989 3768 4045 Paulinus
3790 4000 3842 4026 ε’

2259 4105 2359 4159 pro
2387 4089 2594 4156 eulogia
2626 4090 2859 4141 mitteret
2884 4086 2949 4140 ad
2988 4087 3268 4151 Severum,
3295 4085 3425 4138 dicit
3446 4084 3589 4152 quod
3613 4084 3664 4139 ei
3694 4083 3841 4138 vide-

2268 4180 2414 4234 bitur
2435 4178 2650 4233 modum
2679 4194 2787 4231 sum
2813 4176 3127 4232 humilitatis
3151 4175 3411 4230 excedere
3442 4193 3453 4227 :
3486 4189 3554 4228 ex
3581 4189 3694 4242 quo
3717 4189 3844 4228 con-

2261 4269 2436 4325 [icitur
2454 4278 2562 4323 tam
2592 4269 2878 4323 delicatum
2907 4284 3011 4322 non
3044 4266 3206 4321 fuisse
3231 4282 3422 4336 panem
3453 4265 3716 4320 cibarium
3736 4279 3845 4333 quo

2259 4370 2585 4415 vesceretur.
2634 4359 2853 4412 Summa
2896 4367 3013 4412 erat
3038 4359 3154 4426 eius
3192 4359 3245 4412 in
3288 4358 3426 4412 victu
3476 4355 3837 4425 temperantia

579 4445 864 4503 :edilicium
890 4442 937 4483 ἰ’
960 4461 991 4499 a
1018 4454 1160 4499 terra
1188 4460 1501 4514 suspensum
1536 4447 1833 4509 ctenaculo,
1862 4461 1964 4499 una
1992 4446 2157 4513 porti-
2186 4462 2238 4519 υ
2272 4462 2383 4505 tum
2401 4452 2451 4504 in
2468 4450 2707 4505 ciborum
2731 4459 2839 4503 tum
2858 4451 2910 4505 in
2938 4458 3097 4519 potus
3115 4450 3372 4517 qualitate
3400 4458 3455 4502 et
3480 4452 3656 4516 copia,
3693 4446 3713 4484 ί
3725 4446 3744 4484 τ
3770 4446 3849 4500 lo-

580 4555 647 4593 cu
676 4538 886 4592 cellulis
908 4535 1260 4606 hospitalibus
1290 4536 1627 4605 interposita,
1656 4536 1865 4602 longius
1902 4534 2153 4589 tendeba-

582 4639 690 4684 tur.
721 4637 751 4665 ιι
776 4628 818 4681 Ε
860 4628 1073 4683 divetso
1117 4626 1459 4682 habitationis
1496 4627 1734 4696 ejusdem
1771 4628 1998 4680 alterum
2038 4634 2156 4679 erat

584 4719 913 4775 domicilium
959 4720 1015 4774 in
1040 4734 1148 4788 quo
1172 4720 1441 4773 seculares
1467 4720 1567 4773 viri
1596 4718 1879 4788 aliquando
1914 4718 2156 4787 hospita-

584 4810 779 4863 bantur
811 4828 823 4862 :
856 4818 911 4864 et
938 4810 1050 4865 hare
1077 4810 1253 4867 omnia
1277 4818 1302 4845 ο
1333 4809 1648 4863 videbantur
1672 4810 1797 4863 urbs
1836 4810 2022 4863 altera.
2056 4808 2166 4862 Illic

586 4909 615 4950 Ρ
644 4899 889 4953 hortulus
915 4908 1051 4964 erat,
1094 4915 1250 4967 quem
1295 4900 1353 4954 S.
1394 4899 1583 4953 Felicis
1612 4910 1639 4949 (ι
1678 4900 1891 4954 hortum
1938 4900 2163 4953 vocabat

585 4988 857 5051 Paulinus,
887 5004 1117 5058 eumque
1163 4999 1269 5044 tam
1300 5001 1320 5028 τ
1350 4999 1632 5058 angustum
1669 4991 1945 5055 describit,
1966 5000 2030 5062 _ut
2073 4992 2160 5045 vix

586 5082 730 5137 unici
752 5081 918 5137 caulis
938 5081 1085 5137 ferax
1110 5092 1166 5137 et
1186 5098 1352 5152 capax
1383 5091 1545 5137 esset.
1571 5081 1647 5135 Ex
1669 5083 1834 5137 altera
1864 5091 2016 5152 parte
2044 5092 2161 5137 erat

655 5226 683 5255 ι
716 5215 936 5286 Pauliu.
958 5229 1046 5283 ep.
1073 5213 1168 5286 ea.
1201 5231 1254 5267 ιι.
1277 5214 1385 5286 ᾼ15;
1418 5214 1613 5286 Baron.
1642 5222 1694 5267 et
1723 5215 1933 5286 Saeclu.
1969 5216 2069 5269 loc.
2111 5231 2155 5270 st

2260 5232 2272 5269 ι
2301 5218 2391 5269 cit.
2468 5215 2725 5286 biPauliu.
2760 5233 2844 5284 ep.
2873 5215 2922 5278 Pi,
2959 5213 3121 5286 n._i3_.

1210 5304 1240 5337 I.
1270 5286 1321 5336 2.
1413 5286 1430 5322 τ
1470 5286 1713 5339 Saccliin.
1748 5286 1852 5337 Vit.
1905 5286 2107 5338 Pauliu.
2146 5302 2197 5353 p.
2236 5286 2358 5339 681.

1210 5359 1222 5403 ι
1255 5352 1431 5407 Carm.
1460 5354 1547 5413 is,
1584 5371 1631 5407 ν.
1676 5355 1796 5407 166.
1874 5353 1893 5390 ¹ί
1924 5354 2099 5408 Carm.
2127 5355 2213 5419 24,
2238 5373 2288 5409 ν.
2322 5355 2442 5408 465.

580 5442 743 5479 carm.
767 5425 858 5491 25,
881 5417 931 5479 v.
958 5423 1081 5477 400.
1158 5433 1184 5459 υ
1215 5422 1344 5476 Ibid.
1422 5433 1446 5459 ο
1470 5424 1646 5477 Carm.
1675 5424 1758 5477 I8.
1786 5441 1831 5477 ι’.
1868 5424 1986 5477 liii}.
2065 5436 2090 5473 P
2120 5424 2158 5479 Ε

584 5512 636 5547 ιι.
670 5495 750 5562 ιιι.
832 5494 974 5562 ‘Ep.
1008 5494 1059 5556 ει,
1096 5512 1147 5548 ιι.
1187 5495 1266 5547 ιυ.
1312 5500 1369 5562 du
1398 5491 1548 5558 ιιιιιι.,
1583 5510 1633 5545 ιι.
1670 5493 1747 5547 ιδ.
1826 5504 1845 5526 τ
1884 5494 1977 5562 κν.
2009 5494 2097 5559 25,
2130 5513 2158 5549 ιι

2260 5426 2334 5489 II,
2364 5443 2415 5479 ιι.
2449 5426 2529 5479 Ιιί.
2604 5417 2635 5474 'i
2664 5426 2757 5495 Ep.
2788 5425 2838 5488 Ei,
2871 5442 2923 5478 ιι.
2957 5424 3036 5476 Η.
3116 5432 3137 5460 τ
3166 5421 3260 5490 Ep.
3282 5421 3366 5477 59.
3390 5437 3439 5472 ιι.
3465 5417 3514 5470 4.

2260 5537 2268 5549 .
2350 5507 2371 5532 ⁸
2408 5494 2565 5548 Urau.
2626 5513 2678 5548 ιι.
2730 5496 2777 5548 5.
2855 5506 2882 5543 ι
2912 5493 3116 5547 Pauliu.
3166 5508 3282 5562 ep._
3299 5489 3484 5562 2‘2.__n.

585 5304 647 5344 ιι.
676 5286 766 5340 Ην.
846 5297 869 5322 ο
900 5284 1030 5353 Cap.
1062 5283 1153 5351 ‘22,
1184 5301 1240 5338 ιι.
1270 5283 1321 5353 2.

596 5357 610 5394 ί
638 5356 820 5412 Carm.
853 5354 937 5419 M,
961 5371 1015 5408 v.
1040 5354 1126 5407 67.

1413 5283 1430 5322 τ
1470 5286 1713 5339 Saccliin.
1748 5285 1852 5337 Vit.
1905 5284 2107 5338 Pauliu.

584 5512 636 5547 ιι.
668 5495 750 5563 iis.
832 5501 845 5532 ι
877 5494 974 5563 Ep.
1008 5494 1059 5556 ει,
1096 5512 1147 5548 ιι.
1187 5495 1266 5547 l9.
1311 5491 1548 5563 ..υίιιιιιιη
1583 5510 1633 5545 ιι.
1670 5493 1747 5547 ιδ.

2256 4555 2431 4610 quens
2458 4540 2598 4593 enim
2627 4540 2694 4594 de
2722 4539 3039 4595 Cardamate
3067 4548 3228 4593 tanta:
3264 4539 3570 4593 sobrietatis
3600 4539 3848 4603 insueto,

2254 4632 2388 4685 dicit
2415 4645 2537 4684 eum
2564 4646 2700 4700 pene
2734 4631 3097 4685 immutatum:
3119 4627 3259 4682 Nam
3287 4628 3545 4692 assiduus,
3570 4628 3747 4696 inquit
3767 4636 3846 4685 τε,

2266 4723 2512 4776 mensula;-
2538 4733 2727 4776 nostra:
2754 4723 3032 4792 particeps,
3059 4721 3132 4774 ita
3155 4737 3210 4773 se
3237 4721 3306 4773 ad
3339 4734 3634 4773 mensurant
3680 4718 3853 4771 nostri

2265 4813 2484 4883 gutturis
2530 4812 2764 4875 arctavil,
2807 4822 2863 4863 ut
2905 4826 2996 4863 nec
3044 4810 3293 4870 oluscula,
3328 4824 3417 4861 nec
3456 4806 3640 4876 pocula
3669 4816 3855 4859 nostra

2264 4903 2500 4955 vitaverit
2527 4902 2661 4972 quod
2686 4902 2873 4971 poterit
2899 4899 3248 4952 attenuatione
3285 4899 3364 4950 sui
3392 4896 3621 4966 corporis
3656 4903 3707 4945 et
3745 4895 3863 4946 oris

2263 4993 2461 5061 pallore
2486 4994 2682 5045 testari.
2718 4991 2785 5044 Et
2819 4991 2960 5055 zlibi,
2986 4989 3040 5026 U’
3064 4988 3189 5042 Cum
3215 4988 3349 5041 raris
3368 4996 3416 5039 et
3440 4985 3651 5041 minutis
3672 4983 3859 5035 salici-

2262 5085 2353 5137 bus
2381 5093 2747 5155 aspergeretur
2767 5082 2945 5153 quibus
2976 5079 3120 5135 labra
3142 5095 3338 5132 summa
3359 5078 3441 5130 vix
3464 5077 3697 5145 lingeret,
3724 5073 3857 5126 nihil

3201 5224 3223 5248 θ
3256 5212 3408 5276 Ibid.,
3442 5210 3560 5263 n.7.
3637 5208 3661 5244 ἀ
3694 5208 3858 5268 ΙΙιῘιΙ..

2451 5298 2474 5328 ιτ
2498 5285 2679 5340 Lexic.
2733 5278 2938 5339 Ferrar.
3028 5282 3053 5320 ιι
3085 5282 3236 5337 I’aul.
3321 5297 3484 5334 uitii).
3514 5279 3602 5337 'Zl,
3637 5297 3688 5331 γ.
3732 5278 3863 5330 404.

2528 5355 2540 5391 ¹
2577 5356 2672 5424 Ep.
2704 5355 2789 5417 5'2,
2812 5373 2866 5432 ιι.
2906 5356 2968 5407 lt)
3028 5364 3081 5407 et
3124 5353 3203 5405 I5.
3270 5361 3306 5387 ω
3341 5350 3436 5418 Ep.
3468 5349 3555 5411 ‘29,
3590 5365 3644 5402 ιι.
3676 5349 3860 5432 lBLi-t

2604 5439 2629 5474 1ι
2664 5426 2757 5486 Ep.
2788 5425 2838 5486 Ξ),
2871 5442 2923 5478 ιι.
2957 5424 3036 5476 Η.
3116 5432 3137 5460 τ
3166 5421 3260 5486 Ep.
3282 5421 3366 5477 59,
3390 5437 3439 5472 ιι.
3465 5417 3514 5470 4.
3595 5429 3614 5452 ’³
3643 5417 3742 5486 Ep.
3766 5416 3861 5476 ei,

3650 5497 3670 5523 ι
3699 5487 3864 5549 lbiti.,

2350 5507 2371 5532 ι
2408 5494 2565 5548 Urau.
2626 5513 2678 5548 ιι.
2709 5487 2777 5548 ’5.
2829 5487 2882 5543 ’3'
2912 5493 3116 5547 Pauliu.
3166 5487 3251 5559 ep.
3299 5489 3484 5559 2‘2.‘_n.
3518 5487 3568 5541 l.

583 5561 708 5650 ιιςλὲ.
786 5573 839 5650 τε
992 5555 1075 5650 L5,
1100 5565 1229 5650 ιιθ.
1381 5562 1508 5616 Ibid.
1538 5555 1543 5558 ’
1589 5574 1642 5602 τε
1662 5564 1758 5634 Ep.
1778 5565 1867 5629 25,
1899 5555 1952 5617 ιι’.
1976 5564 2025 5618 8.
2085 5555 2158 5603 ἰω

2260 5565 2389 5632 ΛΕ),
2414 5582 2466 5619 ιι.
2499 5566 2550 5618 4.
2630 5580 2682 5602 υτ
2709 5564 2802 5635 Ep.
2833 5563 2881 5630 ὅ,
2909 5581 2960 5618 ιι.
2994 5562 3080 5616 9-1.
3163 5555 3212 5598 ii
3244 5555 3609 5650 Ep.15,n.‘i.
3687 5556 3866 5628 “Er.

585 5632 673 5701 l9,
702 5648 756 5687 ιι.
783 5632 815 5685 ι
909 5632 966 5672 ιι·
990 5634 1086 5703 Ep.
1119 5634 1210 5701 21,
1240 5649 1293 5687 ιι.
1326 5632 1387 5685 ιι.»
