4056 6358
568 301 643 362 55
1066 350 1073 361 .
1440 294 1443 299 ⁴
1595 297 1652 356 8.
1692 297 2031 355 PAULINUS
2058 297 2372 353 NOLANUS
2399 294 2787 353 EPISCOPUS.
3753 290 3821 350 εὖ

567 417 754 480 quieris
790 416 1068 472 Dominum
1107 417 1331 472 sentiens
1357 417 1421 471 de
1449 416 1538 470 illo
1567 418 1620 470 in
1658 418 1903 481 bonitate,
1933 426 1985 471 et
2010 418 2130 486 aﬂ'e-
2165 419 2210 474 A
2240 421 2461 468 anostro
2483 422 2685 475 pectore
2698 411 3052 480 temporalium
3068 426 3238 465 rerum
3255 413 3576 478 possessione
3593 423 3643 464 et
3664 425 3814 473 cura,

569 518 738 564 rentes
764 511 812 563 ei
837 510 1123 564 claritatem
1158 518 1207 564 et
1250 508 1559 567 honorem...
1604 507 1858 582 Quotquot
1886 528 1975 565 eas
2003 511 2142 583 lege-

569 606 691 652 runt
722 599 949 668 rapiunt,
974 599 1092 670 quia
1116 599 1386 670 rapiuntur
1413 615 1529 653 cum
1552 600 1741 671 legunt.
1776 599 1945 665 Quam
1970 605 2141 657 suavis

569 686 698 740 odor
725 684 935 751 Christi,
966 694 1015 740 et
1041 703 1193 757 quam
1221 688 1424 758 fragrat
1463 703 1529 741 ea:
1566 690 1641 742 eis
1681 689 1783 743 dici
1817 707 1921 744 non
1954 700 2136 760 potest.

570 775 686 830 illa:
715 775 899 830 littera:
925 790 1040 829 cum
1074 784 1120 829 te
1161 776 1388 845 offerunt
1412 786 1469 831 ut
1503 778 1743 843 videaris,
1773 790 2019 851 quantum
2046 799 2140 837 nos

568 870 797 922 excitant
825 876 878 921 ut
904 869 1157 938 quieraris
1187 885 1206 923 :
1237 885 1359 923 nam
1384 879 1432 923 et
1453 871 1841 941 perspicabilem
1869 875 2065 944 faciunt
2092 884 2142 928 et

568 957 987 1025 desiderabilem;
1035 972 1226 1032 quanto
1270 963 1408 1017 enim
1442 966 1769 1033 praesentiam
1813 975 1955 1020 tuam
1995 967 2142 1023 nobis

567 1039 944 1120 quodammodo
965 1052 1229 1117 exhibent,
1261 1061 1403 1106 tanto
1432 1052 1716 1108 absentiam
1751 1072 1847 1111 nos
1875 1059 2009 1127 ferre
2036 1075 2141 1112 non

566 1143 760 1194 sinunt.
790 1142 980 1195 Amant
1002 1150 1050 1195 te
1068 1159 1242 1197 omnes
1267 1144 1321 1196 in
1342 1145 1433 1207 eis,
1458 1154 1506 1197 et
1526 1146 1689 1197 amari
1714 1144 1806 1198 abs
1827 1154 1884 1199 te
1909 1149 2137 1217 cupiunt.

571 1230 838 1287 Laudatur
874 1240 924 1285 et
952 1230 1263 1287 benedicitur
1290 1233 1429 1288 Deus
1457 1236 1606 1305 cujus
1629 1238 1798 1306 gratia
1829 1247 1881 1290 tu
1917 1240 2036 1294 talis
2063 1257 2137 1295 es.

568 1333 592 1356 ⁸·
627 1320 836 1377 Littera:
854 1323 975 1387 illic,
998 1324 1181 1379 littera
1198 1324 1322 1394 fidei
1348 1342 1449 1379 non
1469 1327 1625 1396 ῥεια»,
1646 1327 1832 1382 litterw
1849 1333 1954 1400 spei
1974 1330 2139 1397 bona',

569 1415 753 1467 littere
789 1430 934 1483 parte
972 1415 1233 1481 caritatis,
1257 1416 1510 1487 quomodo
1538 1418 1682 1471 nobis
1721 1420 1969 1474 anhelant
2003 1424 2142 1476 sitim

568 1515 723 1566 tuam,
747 1514 797 1557 et
833 1504 1145 1559 desiderium
1182 1507 1535 1579 defectumque
1563 1512 1752 1564 an'ma:
1791 1521 1891 1565 tua:
1917 1513 1973 1566 in
2005 1515 2141 1567 atria

565 1592 810 1647 Domini!
850 1591 987 1658 Quid
1033 1597 1224 1651 amoris
1266 1600 1581 1653 sanctissimi
1624 1602 1860 1670 spirant?
1896 1615 2141 1674 quantam

566 1685 883 1753 opulentiam
916 1686 1106 1740 sinceri
1133 1688 1304 1743 cordis
1330 1692 1653 1745 exa'stuant.’
1678 1709 1808 1763 (fuas
1831 1703 1993 1765 agunt
2018 1712 2139 1766 gra-

2234 504 2348 576 jam
2367 502 2512 558 nobis
2536 504 2849 575 inspectione
2870 503 3044 557 cordis
3065 504 3228 558 nostri
3255 513 3491 557 vacantes
3511 503 3575 556 ab
3602 502 3682 557 his
3702 520 3819 575 qua:

2231 612 2334 649 .nos
2364 597 2505 667 foras
2529 594 2885 657 extrahebant,
2917 594 3311 648 inveteratorum
3336 594 3607 647 criminum
3626 594 3813 659 nodos,

2240 694 2289 737 et
2317 682 2641 739 inimicorum
2667 683 3010 754 spiritualium
3038 682 3260 737 latebras
3284 684 3339 736 in
3370 693 3558 737 nostris
3579 684 3819 737 sensibus

2241 778 2541 829 inrenimus.
2568 773 2721 828 Nunc
2742 773 2887 829 nobis
2908 791 3156 845 apparere
3172 776 3361 844 incipit
3374 775 3590 827 interior
3610 774 3816 834 domus.

2241 873 2291 918 et
2318 864 2425 918 illic
2460 865 2690 935 repentia
2733 880 2945 935 quorum
2984 880 3087 918 non
3128 872 3203 918 est
3230 880 3489 918 numerus.
3520 863 3680 919 Nunc
3707 874 3817 919 tota

2239 955 2559 1025 infelicitatis
2600 965 2791 1009 nostra:
2834 954 3048 1024 patescit
3084 952 3389 1008 obscuritas.
3422 952 3577 1008 Nunc
3610 955 3817 1009 demum

2240 1046 2678 1117 quam'longinqui
2702 1062 2734 1098 a
2766 1044 2872 1099 Deo
2897 1061 3091 1109 sumus,
3120 1053 3170 1098 et
3195 1060 3346 1115 quam
3375 1046 3563 1097 mortui
3588 1046 3644 1098 in
3673 1062 3816 1099 com-

2241 1136 2514 1205 paratione
2559 1138 2801 1198 vivorum,
2844 1135 3097 1190 videmus.
3125 1133 3143 1173 ί
3183 1133 3423 1205 Intellige
3450 1136 3578 1197 lucc,
3606 1145 3660 1189 et
3691 1152 3819 1189 cura

2242 1229 2407 1281 nostri
2431 1229 2592 1281 anxio
2627 1227 2788 1281 corde
2817 1229 3045 1298 suspira.
3070 1226 3202 1282 Cum
3230 1227 3515 1297 aliquando
3544 1229 3816 1298 postulas-

2240 1326 2323 1370 set
2345 1318 2575 1371 Severus
2604 1326 2629 1365 ις
2659 1315 2865 1371 Paulini
2896 1317 3203 1386 imaginem,
3230 1318 3354 1373 hinc
3384 1318 3669 1387 abjiciendi
3698 1336 3820 1375 sese

2242 1419 2402 1478 atque
2429 1410 2756 1480 despiciendi
2792 1426 3008 1466 causam
3038 1410 3126 1466 ille
3151 1420 3374 1467 venatus
3402 1420 3501 1477 est,
3535 1422 3589 1467 et
3625 1423 3818 1482 postu-

2242 1499 2407 1553 latum
2435 1501 2502 1555 de
2532 1501 2745 1555 homine
2774 1501 3027 1555 interiore
3061 1501 3439 1571 interpretans,
3479 1517 3543 1556 ac
3581 1502 3818 1558 hominis

2242 1591 2474 1646 caelestis
2503 1590 2785 1659 imaginem
2814 1592 2869 1645 in
2895 1605 2955 1645 se
2983 1591 3098 1660 ipso
3121 1599 3332 1646 terrena
3360 1592 3714 1662 corruptione
3729 1593 3814 1647 iu-

2244 1680 2473 1737 liciatam
2522 1691 2820 1752 prmtexens
2864 1683 3139 1751 ingeniose
3183 1684 3343 1738 elusit
3394 1681 3668 1740 Paulinus.
3724 1682 3815 1745 His

566 1777 667 1829 tias
692 1774 842 1831 Deo?
863 1794 993 1848 quas
1030 1779 1309 1848 impetrant
1339 1797 1372 1834 a
1399 1779 1548 1836 Deo?
1571 1781 1875 1839 Blandiores
1902 1797 2042 1851 sunt,
2070 1805 2133 1842 an

2243 1786 2367 1825 usus
2386 1781 2470 1826 est
2497 1773 2691 1836 verbis,
2722 1788 2841 1841 qua:
2881 1772 3204 1842 Augustinus
3231 1773 3454 1842 epistola
3484 1772 3607 1838 186,
3640 1792 3694 1828 n.
3725 1774 3814 1839 40,

566 1866 920 1921 ardentiores?
947 1868 1327 1934 luminosiores,
1360 1888 1429 1926 an
1457 1874 1817 1944 fecundiora?
1843 1874 1983 1940 Quid
2005 1881 2142 1933 enim

566 1968 642 2011 est
664 1958 799 2030 quod
823 1960 898 2013 ita
925 1977 1021 2014 nos
1048 1961 1290 2028 mulcent,
1321 1964 1397 2017 ita
1425 1965 1739 2033 accendunt,
1753 1968 1825 2021 ita
1848 1969 2143 2023 constituunt

567 2056 613 2100 et
634 2048 708 2100 ita
736 2064 930 2104 serente
957 2051 1112 2104 sunt?

1154 2185 1381 2244 CAPUT
1408 2187 1523 2245 XX.

568 2293 900 2374 Intrat-tantis
956 2298 1361 2374 concupiscentis
1413 2302 1596 2374 carnis
1632 2303 1893 2374 molestias
1946 2306 2141 2374 patitur

708 2364 982 2431 Paulinus,
1009 2364 1175 2420 Deum
1196 2368 1420 2432 invocat,
1451 2377 1501 2424 et
1524 2372 1746 2442 seipsum
1771 2364 2004 2445 despicit.

635 2477 749 2549 33
774 2476 827 2531 Ι,
853 2476 1181 2549 Augustinus
1204 2496 1443 2550 sparsam
1464 2482 1661 2552 ubique
1688 2486 1740 2539 in
1769 2484 1972 2540 Paulini
2004 2487 2140 2542 scri-

563 2571 668 2639 ptis
699 2570 724 2609 δ
751 2570 1139 2639 gemebundam
1167 2572 1417 2627 observat
1444 2575 1723 2645 pietatem,
1749 2592 1853 2646 qua
1892 2577 2143 2634 Paulinus

567 2659 733 2714 Deum
761 2661 950 2716 orabat
972 2669 1024 2716 et
1049 2660 1337 2731 gemitibus
1370 2661 1641 2732 ﬂagitabat
1668 2681 1737 2721 ne
1771 2666 2058 2723 inferretur
2084 2670 2140 2724 in

566 2750 933 2805 tentationem.
963 2748 1119 2807 Omni
1150 2762 1172 2791 °
1205 2753 1444 2809 custodia
1489 2756 1737 2811 servabat
1762 2773 1857 2813 cor
1882 2774 2055 2824 suum,
2086 2769 2141 2815 et

567 2848 713 2894 totus
741 2840 894 2895 labor
921 2850 975 2895 et
998 2843 1215 2912 plenum
1244 2859 1378 2914 opus
1405 2845 1480 2900 illi
1508 2847 1560 2900 in
1588 2847 1925 2904 observantia
1957 2860 2011 2905 et
2047 2867 2140 2906 ex-

564 2930 882 2999 spoliationc
902 2931 1080 2986 cordis
1099 2933 1179 2987 sui
1195 2942 1330 2998 erat,
1354 2943 1414 2988 ut
1432 2934 1687 2992 delzecato
1709 2938 1777 2992 ab
1798 2945 2138 2997 externarum

565 3038 740 3081 rerum
762 3023 905 3079 curis
926 3025 1128 3091 animo,
1151 3033 1205 3080 et
1231 3025 1371 3080 intus
1398 3026 1464 3081 ad
1485 3030 1831 3099 semetipsum
1854 3047 2139 3102 converso,

2224 1872 2628 1927 commemorat
2653 1880 2666 1917 :
2702 1862 2726 1899 δ
2763 1861 2970 1932 Pauper
2996 1880 3087 1934 ego
3112 1872 3160 1917 et
3188 1863 3364 1918 dolens
3392 1863 3476 1933 qui
3502 1865 3672 1917 adhuc
3709 1875 3813 1920 ter-

2240 1968 2378 2007 rente
2403 1955 2644 2024 imaginis
2667 1955 2902 2024 squalore
2927 1963 3190 2009 concretus
3210 1971 3340 2021 sum,
3363 1966 3413 2009 et
3432 1956 3547 2024 plus
3569 1955 3633 2009 de
3648 1959 3812 2026 primo

2239 2062 2390 2119 quam
2430 2044 2491 2097 de
2530 2043 2751 2098 secundo
2798 2044 2962 2097 Adam
3009 2046 3210 2099 carneis
3250 2044 3482 2098 sensibus
3517 2054 3567 2098 et
3595 2048 3811 2101 terrenis

2239 2133 2438 2189 actibus
2480 2137 2678 2216 refero;
2723 2135 2971 2205 quomodo
2995 2135 3192 2190 audebo
3221 2152 3300 2189 me
3328 2134 3417 2189 tibi
3442 2137 3673 2207 pingere,
3702 2153 3811 2191 cunt

2238 2225 2452 2278 cwlestis
2481 2225 2756 2295 imaginem
2784 2225 3010 2294 inﬁciari
3030 2224 3216 2296 prober
3233 2226 3336 2296 37
3361 2228 3692 2297 corruptione
3714 2236 3807 2282 ter-

2236 2319 2403 2371 rena?
2425 2316 2701 2388 Utrimque
2719 2333 2799 2371 me
2826 2317 3087 2372 concludit
3106 2318 3272 2386 pudor
3298 2335 3315 2371 :
3344 2317 3582 2373 erubesco
3606 2320 3810 2391 pingere

2238 2409 2373 2480 quod
2400 2425 2532 2475 sum,
2565 2425 2669 2462 non
2698 2409 2861 2463 audeo
2887 2410 3095 2481 pingere
3113 2412 3247 2479 quod
3274 2412 3377 2465 non
3398 2428 3509 2465 sum
3525 2427 3548 2476 ;
3567 2412 3658 2466 odi
3682 2425 3809 2483 quoa

2239 2516 2370 2563 sum,
2400 2508 2450 2553 et
2492 2517 2595 2554 non
2642 2510 2754 2555 s'um
2800 2501 2945 2572 quod
2964 2517 3100 2556 ante.
3147 2500 3253 2556 Sed
3294 2502 3416 2572 quid
3459 2502 3590 2556 mihi
3627 2504 3809 2558 misers

2237 2590 2467 2661 proderit
2494 2592 2662 2646 odisse
2686 2593 3009 2664 iniquitatem
3044 2602 3093 2647 et
3134 2610 3308 2647 amare
3334 2594 3592 2661 virtutem,
3619 2612 3736 2650 cunt
3760 2597 3808 2651 id

2237 2684 2408 2752 potius
2437 2701 2592 2753 agam
2623 2685 2759 2754 quod
2784 2685 2892 2751 odi,
2931 2697 3025 2740 nec
3063 2686 3321 2741 elaborem
3366 2688 3509 2758 piger
3545 2688 3603 2742 id
3647 2691 3810 2760 potius

2239 2790 2393 2844 agere
2433 2775 2571 2846 quod
2608 2777 2764 2829 amo?
2794 2775 2911 2847 Ipse
2937 2777 3131 2831 discors
3155 2780 3258 2831 mei
3280 2779 3519 2833 intestino
3548 2777 3681 2834 bello
3709 2781 3805 2835 dis.

2237 2866 2430 2931 trahor,
2463 2867 2583 2919 dum
2617 2867 2828 2935 spiritus
2853 2867 3095 2921 adversus
3116 2884 3321 2922 carnem
3342 2882 3391 2922 et
3424 2874 3548 2924 cdro
3569 2870 3817 2925 adversus

2238 2958 2476 3026 spiritum
2516 2959 2748 3021 dimicat,
2780 2964 2827 3012 et
2875 2960 2960 3012 lex
3005 2961 3232 3029 corporis
3269 2961 3378 3031 lege
3413 2959 3612 3034 peceaii
3654 2962 3807 3034 legem

2241 3048 2424 3102 mentis
2437 3049 2723 3118 impugnat.
2740 3048 2936 3120 Infelix
2950 3067 3042 3118 ego
3055 3050 3139 3121 qui
3156 3054 3456 3104 venenatum
3478 3032 3806 3108 inimica—ar-

564 3102 836 3167 abstrusas
876 3113 928 3167 in
976 3115 1137 3169 corde
1181 3130 1278 3169 suo
1318 3115 1518 3173 inimici
1558 3117 1790 3176 latebras
1824 3122 2056 3191 videret,
2084 3134 2139 3179 et
2164 3147 2208 3208 ο
2241 3136 2377 3192 [ποτε.
2399 3102 2605 3209 θυείυῶ
2630 3146 2722 3193 nec
2749 3102 2912 3195 crucis
2941 3102 3081 3211 ligno
3101 3141 3324 3211 digessi;
3353 3142 3506 3196 durat
3534 3146 3674 3197 enim
3693 3145 3807 3199 mihi

562 3210 682 3271 qua:
720 3203 824 3260 illic
856 3204 1103 3258 vitiorum
1135 3205 1319 3270 virtus,
1352 3222 1414 3262 ac
1442 3208 1617 3262 carnis
1646 3209 1945 3277 inﬁrmitas,
1974 3229 2133 3281 quam

562 3308 728 3361 prona
752 3293 868 3363 ejus
889 3304 1033 3349 esset
1050 3294 1115 3349 ad
1138 3296 1453 3366 pravitatem
1483 3300 1739 3370 relapsio,
1756 3311 1811 3357 et
1831 3319 1948 3372 qua:
1968 3304 2132 3360 Deum

559 3386 817 3440 continuo
845 3386 1105 3443 exorandi
1142 3390 1435 3445 necessitas
1478 3392 1839 3461 incumberet;
1868 3399 2133 3465 quamob-

558 3493 668 3529 rem
698 3476 764 3530 ad
792 3472 1049 3533 Severum
1087 3478 1111 3516 δ
1153 3482 1339 3535 scribit
1381 3499 1393 3534 :
1426 3482 1589 3537 Credo
1627 3484 1743 3554 jam
1785 3498 2023 3556 expertus
2061 3492 2132 3543 sis

555 3583 708 3637 quam
751 3564 1063 3623 laboriosum
1102 3571 1269 3635 nobis,
1303 3581 1351 3625 et
1384 3574 1647 3626 assiduum
1678 3576 1754 3627 vel
1779 3578 2130 3645 quotidianum

556 3672 671 3708 cum
697 3656 790 3711 hoc
819 3658 962 3712 hoste
989 3652 1246 3714 certamen
1274 3663 1360 3724 sit,
1384 3672 1433 3715 et
1459 3674 1662 3734 quanta:
1686 3667 1743 3719 in
1776 3683 1834 3719 eo
1873 3680 2132 3724 versentur

555 3748 780 3809 insidiae,
812 3765 925 3819 qua:
959 3750 1066 3803 illic
1096 3752 1335 3806 vitiorum
1373 3755 1531 3807 virtus
1568 3764 1618 3808 et
1657 3766 1851 3826 quanta
1891 3759 2129 3813 uirtutum

555 3838 833 3906 infirmitas
852 3841 938 3903 sit,
961 3857 1115 3911 quam
1138 3858 1302 3912 prona
1321 3844 1439 3912 eius
1461 3846 1530 3897 ad
1557 3848 1861 3915 pravitatem
1887 3849 2126 3919 relapsio,

554 3946 702 3999 quant
724 3932 869 4003 piger
886 3933 955 3986 ad
978 3932 1140 3987 Deum
1160 3936 1319 3988 nisus.
1345 3934 1499 3990 Nunc
1525 3938 1648 3991 mihi
1673 3938 1762 3992 illa
1785 3941 1927 4009 prius
1949 3941 2128 3996 clausa

553 4022 690 4073 intra
721 4038 800 4075 me
827 4023 1087 4078 discordia
1116 4024 1328 4080 diversa:
1356 4017 1483 4099 legis
1511 4031 1739 4098 aperitur
1760 4046 1777 4083 :
1800 4048 1936 4085 nunc
1962 4035 2128 4087 sentio

552 4112 650 4163 rint
678 4111 804 4181 legis
831 4113 1081 4179 adversar,
1111 4132 1244 4186 quur,
1274 4120 1409 4171 velut
1436 4120 1627 4190 injecta
1672 4138 1848 4187 manu,
1874 4128 2127 4193 captivum

551 4218 629 4255 me
672 4202 875 4256 trahere
902 4206 1163 4258 contendit
1194 4208 1248 4260 in
1277 4208 1442 4279 legem
1469 4213 1663 4280 peccati
1692 4229 1711 4265 :
1741 4222 1789 4266 et
1818 4230 2126 4285 recognosco

551 4309 790 4360 quoniam
821 4294 995 4348 beatus
1031 4295 1120 4348 ille
1149 4297 1225 4349 vir
1253 4314 1367 4350 mea
1395 4301 1565 4369 potius
1608 4302 1911 4371 infelicitate
1936 4305 2122 4367 uritur,

551 4391 596 4433 et
619 4381 680 4432 dc
703 4399 814 4435 mea
843 4382 1114 4451 affectione
1135 4389 1229 4451 pro
1252 4403 1331 4439 me
1357 4387 1532 4442 dolens
1561 4389 1751 4443 clamat
1774 4408 1791 4444 :
1817 4391 2014 4463 Infelix
2033 4411 2126 4465 ego

2236 3230 2370 3283 illud
2398 3229 2463 3283 ab
2491 3230 2658 3285 Adam
2686 3232 2823 3285 virus
2863 3241 3155 3301 paternum,
3185 3249 3283 3303 quo
3310 3236 3700 3291 universitatem
3723 3254 3809 3308 ge-

2236 3322 2374 3375 neris
2402 3325 2480 3376 sui
2508 3332 2655 3392 pater
2687 3325 3050 3394 prtcvaricatus
3088 3326 3294 3395 infecit.
3322 3327 3458 3382 Nihil
3486 3330 3727 3398 pulcrius
3748 3333 3808 3387 de

2233 3412 2457 3478 originis
2481 3413 2613 3468 vitio
2639 3414 2798 3468 scribi
2844 3422 3043 3482 potest,
3075 3424 3248 3483 neque
3277 3418 3496 3473 uberius
3521 3428 3577 3473 et
3605 3421 3809 3489 plenius

2233 3504 2448 3569 agnosci
2494 3502 2735 3557 natu‘ram
2780 3515 3015 3558 nostram
3042 3520 3141 3575 per
3176 3506 3323 3561 illum
3354 3510 3575 3575 generis
3595 3511 3809 3567 humani

2230 3601 2437 3663 patrem
2467 3595 2708 3648 vitiatam
2743 3603 2887 3661 esse,
2925 3611 3023 3651 nec
3066 3598 3325 3654 mansisse
3355 3608 3413 3654 ut
3453 3602 3670 3657 condita
3710 3613 3806 3658 est.

2238 3682 2254 3720 ί
2288 3682 2360 3737 De
2380 3683 2609 3738 humana
2629 3685 2839 3739 miseria
2864 3684 2949 3741 hic
2969 3686 3133 3741 multa
3155 3688 3371 3757 insuper
3385 3691 3662 3745 connecﬁt
3682 3690 3819 3748 Pan»

2231 3773 2369 3827 linus
2392 3774 2805 3841 ingemiscenda,
2829 3778 3141 3844 exspectans
3161 3778 3583 3848 reflemptionem
3613 3796 3810 3851 corpo-

2229 3868 2305 3925 ris
2349 3868 2463 3933 sui,
2512 3876 2565 3922 et
2616 3867 2849 3922 nondum
2895 3884 2982 3930 re,
3037 3868 3139 3923 sed
3177 3877 3299 3939 spe.
3347 3871 3554 3926 saqum
3595 3888 3655 3928 se
3691 3889 3812 3929 esse

2228 3968 2573 4024 cognoscens.
2633 3956 2919 4027 Postquam
2975 3960 3087 4014 haec
3150 3961 3427 4016 humiliter
3478 3962 3814 4033 deploravit,

2232 4053 2248 4101 3
2287 4049 2593 4119 proﬁciendi
2615 4067 2678 4106 ac
2698 4059 2844 4105 recte
2862 4052 3070 4106 vivendi
3093 4052 3413 4121 adiutorium
3442 4054 3505 4109 iis
3524 4055 3813 4127 gemitibus

2226 4138 2478 4210 postulat,
2511 4135 2533 4173 ¹ι
2564 4138 2756 4206 quibus
2794 4152 2982 4193 omnes
3024 4141 3229 4209 possint
3271 4145 3591 4211 permoveri.
3623 4141 3682 4198 In
3709 4145 3810 4199 alia

2227 4228 2451 4298 epistola
2483 4229 2558 4281 ait
2585 4247 2597 4281 :
2625 4228 2752 4291 Quis
2783 4246 2879 4283 nos
2905 4231 3087 4301 eripiet
3115 4230 3179 4283 ab
3206 4234 3286 4286 ira
3309 4234 3560 4286 ventura?
3580 4236 3696 4306 quis
3719 4251 3814 4289 nos

2228 4337 2261 4372 α
2291 4319 2437 4373 nobis
2480 4321 2605 4389 ipsis
2632 4331 2795 4383 eruet,
2820 4332 2876 4375 ut
2902 4324 3166 4377 emundati
3192 4342 3224 4378 a
3248 4325 3477 4380 sensibus
3504 4328 3718 4391 nostris,
3747 4326 3813 4380 ob

2233 4409 2325 4462 ira:
2353 4411 2571 4463 caelestis
2598 4412 2814 4464 materia
2835 4413 2940 4481 fide
2966 4418 3549 4485 purgante‘vacuemur.’
3570 4416 3633 4470 In
3662 4418 3814 4471 nobis

551 4473 731 4539 homo,
756 4473 870 4543 quis
897 4490 979 4527 me
1006 4472 1242 4528 liberabit
1270 4476 1333 4529 de
1357 4493 1571 4547 corpore
1596 4482 1776 4535 mortis
1806 4482 1996 4553 hujus?
2017 4483 2126 4538 Sed
2155 4506 2206 4565 υ
2230 4500 2364 4552 enim
2401 4500 2571 4552 inesse
2604 4502 2858 4555 sentimus
2875 4472 3364 4572 causasvptenarum
3393 4517 3704 4561 (eternarum
3740 4511 3814 4562 ri»

551 4563 685 4616 idem
712 4562 965 4633 Magister
982 4582 1066 4618 me
1083 4577 1278 4620 recreat
1298 4578 1344 4620 et
1368 4569 1550 4638 reficit,
1575 4572 1848 4628 ostendens
1877 4574 2003 4628 mihi
2020 4577 2130 4630 exi-

551 4664 657 4707 tum
695 4655 995 4717 salutarem,
1020 4657 1065 4709 si
1095 4665 1263 4711 tamen
1296 4658 1421 4713 velle
1449 4660 1689 4731 adjacent
1727 4665 1851 4718 mihi
1874 4676 1929 4718 ut
1956 4669 2127 4739 perfeo

551 4744 769 4796 ctionent
783 4761 981 4799 merear
1001 4748 1245 4812 invenire,
1264 4752 1433 4819 gratia
1456 4750 1553 4805 Dei
1571 4770 1661 4822 per
1677 4753 1710 4806 J
1715 4772 1853 4809 esum
1874 4757 2125 4812 Christum

550 4834 835 4890 Demittunt
873 4848 1122 4902 nostrum,
1154 4840 1241 4911 qui
1277 4844 1569 4896 exorandus
1599 4856 1675 4898 est
1702 4857 1763 4899 ut
1797 4850 2126 4918 prwvalescat

551 4927 777 4980 inimicis
803 4929 1013 4989 nostris,
1047 4938 1096 4982 et
1126 4932 1342 4985 tenebris
1368 4934 1740 5003 super-abundet
1764 4955 1782 4992 :
1813 4939 2045 5003 destruat
2070 4943 2124 4995 in

552 5018 704 5072 nobis
727 5019 898 5075 aliena
928 5022 1004 5077 vel
1033 5033 1229 5088 nostra,
1259 5034 1308 5077 et
1335 5026 1552 5096 md.'ﬁcet
1581 5044 1693 5081 sua.
1722 5038 1745 5067 ε
1773 5030 1917 5085 Sicut
1936 5033 2126 5087 exhau-

552 5110 719 5162 stione
757 5111 996 5167 ruderum
1045 5116 1239 5168 nudata
1279 5119 1432 5170 humo
1477 5117 1568 5172 sub
1608 5120 1881 5177 immundis
1910 5125 2125 5179 molibus

553 5200 717 5254 multa
744 5211 833 5254 aut
862 5205 1173 5259 nodamenta
1213 5216 1529 5275 truncorunt,
1571 5220 1660 5264 aut
1700 5213 1904 5266 residua
1943 5218 2125 5285 spina-

555 5308 688 5357 rum,
711 5304 801 5347 aut
826 5297 1069 5367 pleraque
1096 5299 1242 5352 noxii
1269 5301 1467 5370 generis
1494 5304 1768 5367 animalia,
1798 5314 1847 5357 et
1874 5308 2128 5378 praecipue

556 5387 686 5456 fetus
713 5397 805 5441 aut
830 5386 1021 5443 cubilia
1043 5390 1328 5462 viperarum
1351 5392 1816 5463 deprehenduntur,
1838 5400 1913 5452 sic
1933 5410 2130 5454 remota

2230 4587 2458 4642 rentibus
2490 4590 2543 4643 in
2574 4590 2728 4644 corde
2753 4602 2931 4647 nostra
2959 4594 3219 4683 radicibus
3246 4598 3513 4667 spinan
3543 4609 3694 4669 atque
3719 4600 3815 4653 tri.

2229 4677 2485 4732 bulorum.

2297 4768 2349 4821 9..
2392 4768 2500 4823 Hac
2528 4770 2642 4840 ipsa
2671 4771 2988 4839 humilitate,
3012 4788 3130 4842 qua:
3157 4775 3209 4829 in
3239 4777 3485 4831 omnibus
3506 4778 3647 4833 illius
3670 4781 3809 4835 scri-

2228 4860 2333 4930 ptis
2354 4876 2535 4929 sparsa
2563 4870 2662 4925 est,
2688 4862 2816 4917 dicit
2851 4862 2865 4902 ι
2901 4881 2959 4920 se
2995 4867 3173 4920 mirari
3203 4870 3498 4925 amicorum
3530 4873 3815 4928 caritatem

2226 4960 2384 5021 atque
2412 4954 2723 5022 patientiam
2752 4957 2803 5010 in
2834 4957 3167 5026 perferendis
3195 4962 3518 5031 scriptorum
3567 4977 3823 5029 suorum,

2223 5059 2341 5109 seu,
2369 5052 2429 5099 ut
2457 5055 2634 5111 vocat,
2661 5048 2979 5118 ineptiarum
3010 5066 3256 5119 suarum,
3277 5054 3563 5109 molestiis.
3589 5053 3669 5108 Ad
3694 5054 3816 5110 Del-

2223 5136 2462 5205 phinum,
2494 5153 2524 5192 a
2552 5153 2660 5208 quo
2700 5141 2998 5210 baptizatus
3037 5143 3228 5210 fuerat,
3257 5146 3444 5202 scribit
3471 5157 3509 5184 η
3539 5162 3597 5202 se
3626 5148 3820 5205 timere

2226 5242 2293 5281 ne
2316 5228 2456 5283 illius
2477 5230 2709 5286 animum
2731 5232 2885 5287 bona:
2904 5233 2969 5288 de
2990 5234 3103 5304 ipso
3125 5238 3237 5306 spei
3260 5238 3675 5309 praesumptione
3694 5254 3818 5308 gau-

2203 5340 2206 5345 -
2233 5316 2475 5382 dentem,
2526 5320 2750 5393 decepta
2780 5327 3204 5394 exspectatione,
3251 5330 3549 5393 contristet,
3574 5330 3720 5399 quod
3747 5346 3815 5388 ex

2236 5408 2378 5465 illius
2402 5412 2757 5478 documentis,
2786 5419 3063 5488 exemplis,
3098 5429 3153 5475 et
3181 5422 3248 5476 ab
3277 5437 3343 5476 eo
3372 5423 3582 5479 collatis
3605 5423 3708 5479 sibi
3729 5439 3814 5479 sa-

630 5499 917 5599 πέπειρεὲ
947 5502 1037 5599 ΞΖ,
1067 5520 1120 5558 ιι.
1149 5504 1199 5557 5.
1225 5503 1303 5599 ηιξ)
1328 5504 1464 5599 Λιιςὲ
1489 5507 1722 5599 θεημίεϐῗ
1748 5510 1914 5599 ρει-ι,
1989 5513 2133 5599 caput

2234 5523 2622 5599 .ep.2i._n.§l.
2694 5523 3077 5599 d_t_bid.,q.t0.
3157 5532 3333 5587 'lbid.
3362 5549 3415 5588 ιι.
3444 5533 3530 5587 eo.
3610 5533 3815 5599 tunc”

558 5584 611 5620 ιι.
644 5566 732 5622 21.

559 5653 649 5706 cp.
684 5637 799 5705 186,
831 5658 883 5695 ιι.
916 5642 1005 5695 ιι.
1088 5644 1098 5682 ι
1138 5637 1340 5700 Paulini.
1373 5664 1456 5715 ep.
1481 5647 1569 5711 98,
1601 5667 1652 5701 ιι.
1684 5649 1739 5705 4.

810 5581 836 5619 tt
868 5567 1071 5627 Pauli".
1105 5591 1134 5626 e
1177 5616 1189 5627 .
1225 5575 1313 5639 50,
1346 5567 1465 5629 ιιῘὶ
1492 5567 1539 5630 el
1575 5576 1626 5631 ii.
1706 5567 1913 5643 li'lbill.,
1940 5600 1990 5637 η.
2014 5583 2066 5639 ‘2.
2088 5567 2133 5571 Ἦ

831 5658 883 5695 ιι.
916 5642 1005 5695 ιι.
1088 5644 1098 5682 ι
1138 5590 1340 5700 Bauli".
1373 5664 1456 5710 ep.
1481 5647 1569 5710 98,
1601 5667 1652 5701 ιι.
1684 5649 1739 5705 4,
1814 5662 1848 5688 ’τι
1882 5652 1975 5710 Et).
2016 5653 2095 5710 l0.
2123 5673 2133 5710 l

2234 5567 2466 5670 fugit}?
2488 5567 2685 5659 tua"...
2711 5567 2893 5649 4251'“:
2919 5567 3135 5655 ttat...
3611 5567 3815 5674 ἰᾚξῖ

2234 5682 2241 5708 .

1842 5664 1848 5686 ¹
1882 5664 1975 5724 Lp.
2016 5664 2095 5718 ιυ,
2123 5673 2177 5711 n.
2210 5664 2224 5711 ξ
