4056 6358
209 386 271 443 tu
1088 346 1094 351 ’
1561 382 2084 447 PltOLt-IGUMENA.
3398 386 3469 442 ss

211 497 500 554 oramentis
528 496 729 551 nullum
761 496 948 552 fecisse
979 496 1033 551 in
1061 497 1255 550 virtute
1286 510 1652 565 progressum;
1686 506 1786 550 tta-
1821 504 1861 559 Α
1894 516 1999 553 non
2018 502 2171 569 ficta;
2201 501 2335 573 quod
2363 510 2531 556 autem
2556 501 2901 556 abundantius
2920 510 3015 566 est,
3046 518 3077 555 a
3120 500 3251 555 male
3285 509 3378 554 est.
3409 498 3468 555 In

211 604 315 658 que
357 587 491 641 dicit
544 587 690 640 illum
739 586 914 641 adhuc
950 586 1152 641 habere
1194 585 1337 654 quod
1362 602 1459 654 pro
1488 586 1605 655 ipso
1633 584 1792 639 iaciat

214 677 516 733 imitatione
564 676 705 730 illius
752 676 845 744 qui
887 675 1084 731 sterilis
1116 673 1354 730 ﬁculnea:
1375 683 1733 730 commeatum
1761 690 1792 728 a

217 769 260 822 Ι)
283 769 444 822 unino
474 766 643 821 vinea:
664 766 980 835 deprecatus
1001 773 1102 820 est.
1128 764 1261 821 Cum
1283 764 1484 820 Severo
1504 764 1572 818 de
1596 764 1795 833 pietate

216 861 269 914 in
293 859 543 913 familiam
574 866 628 912 et
655 873 840 913 servos
862 857 1049 913 fuisset
1095 857 1411 927 gratulatus,
1445 856 1560 925 ejus
1587 856 1797 911 extollit

214 951 549 1017 felicitatem,
576 959 632 1004 et
657 949 802 1003 addit
831 958 857 985 ι
887 966 903 1002 :
934 947 1185 1003 Fatemur
1207 949 1458 1020 gemuisse
1482 964 1575 1002 nos
1603 950 1677 1000 ad
1716 948 1799 1000 in-

215 1041 514 1109 felicitatem
552 1048 801 1103 nostram,
833 1038 1014 1110 quibus
1033 1038 1097 1093 ab
1124 1039 1376 1110 ejusmodi
1395 1038 1525 1108 ﬁliis
1548 1038 1767 1092 sterilita

214 1141 314 1185 tem
337 1131 577 1201 graviora
605 1140 817 1200 peccata
844 1131 1116 1201 fecissent;
1157 1130 1250 1185 sed
1279 1130 1405 1202 facti
1432 1145 1605 1183 sumus
1651 1132 1799 1200 quasi

215 1220 490 1281 consolati.
519 1221 639 1290 quia
659 1221 875 1274 vicinum
896 1237 1007 1275 esse
1026 1221 1170 1274 nobis
1196 1230 1296 1274 tute
1324 1219 1586 1291 felicitatis
1613 1219 1800 1274 bonum

215 1310 528 1382 iudicamus.
551 1308 577 1346 ι)
618 1308 804 1363 Verum
832 1327 897 1364 ne
915 1310 1147 1381 longiore
1172 1309 1443 1364 intervallo
1483 1317 1659 1363 nostra
1697 1308 1802 1362 ini-

217 1403 391 1470 quitus
414 1402 549 1453 inter
571 1417 663 1454 nos
680 1410 730 1454 et
752 1411 798 1454 te
820 1410 1042 1472 separet,
1067 1409 1229 1454 totum
1252 1399 1403 1462 hunc,
1434 1414 1531 1470 quo
1557 1397 1731 1451 diebus
1752 1406 1802 1450 et

217 1494 453 1546 noctibus
490 1489 652 1545 Deum
679 1492 886 1552 mulces.
917 1507 1081 1546 sacra:
1106 1489 1251 1560 pubis
1294 1491 1502 1560 uccinge
1529 1489 1797 1549 delectum,

219 1591 272 1633 ut
297 1581 566 1635 aduersum
582 1592 790 1651 peccata
814 1592 994 1635 nostra
1020 1598 1112 1651 pro
1132 1579 1280 1634 nobis
1308 1581 1466 1633 aciem
1507 1580 1800 1632 orationum

218 1675 472 1744 dirigant,
500 1684 547 1726 et
575 1682 786 1727 exorent
839 1682 894 1726 ut
922 1674 1189 1742 confirmet
1233 1672 1330 1726 hoc
1373 1669 1622 1725 Dominus
1664 1668 1800 1740 quod

219 1774 466 1833 operatus
513 1774 587 1816 est
628 1745 799 1828 nobis,
823 1763 876 1815 id
901 1772 976 1816 est
1004 1773 1058 1816 ut
1085 1762 1300 1816 caritate
1330 1771 1435 1825 tua,
1461 1762 1515 1815 in
1534 1778 1635 1832 qua
1663 1776 1800 1814 nunc

1897 591 1997 644 hac
2022 597 2203 646 tamen
2247 591 2404 646 laude
2426 590 2751 647 admittenda
2780 591 2988 647 facilem
3008 607 3068 646 se
3094 591 3386 661 praebebat.
3414 596 3473 643 et

1895 680 2138 735 eamdem
2168 682 2438 736 tribuebat
2463 698 2585 737 cum
2615 683 2679 737 iis
2700 697 2863 752 agens
2884 683 3077 751 quibus
3114 682 3289 735 minus
3317 678 3471 734 fami-

1896 772 2101 828 liariter
2144 773 2409 838 utebatur,
2455 775 2506 828 in
2560 788 2619 829 re
2669 790 2808 844 pene
2845 774 3165 829 indifferenti
3185 788 3390 827 morem
3414 779 3473 827 et
3538 778 3542 782 “

1896 862 2339 918 consuetudinem
2361 864 2617 927 retinens,
2644 872 2698 918 et
2726 880 2947 918 servans
2969 865 3249 919 honorem.
3280 862 3474 918 Convi-

1896 968 2082 1007 varum
2112 954 2359 1010 manibus
2391 953 2405 992 ί
2440 970 2633 1024 aquam
2656 954 3012 1021 ministrabat,
3041 954 3174 1008 utin
3222 954 3322 1009 bac
3361 952 3472 1007 sal-

1899 1054 2006 1100 tezn
2053 1045 2269 1099 minima
2298 1045 2631 1099 humanitate
2669 1044 2726 1097 S.
2761 1044 2989 1099 Martino
3017 1044 3354 1112 aliquatenus
3380 1058 3472 1097 ac-

1899 1141 2145 1205 cederet;
2170 1140 2261 1195 scd
2289 1149 2343 1194 et
2365 1155 2430 1194 ex
2467 1139 2657 1193 eadem
2685 1138 3059 1202 sulunissione,
3081 1136 3270 1204 suique
3289 1135 3473 1189 existi-

1902 1231 2138 1284 matione
2186 1228 2364 1283 intima
2407 1230 2504 1284 sibi
2528 1228 2685 1283 vilior
2709 1226 2898 1288 factus,
2931 1226 3204 1281 immensis
3232 1225 3476 1280 laudibus

1904 1321 2172 1377 Victorem
2197 1322 2409 1375 extollit
2431 1337 2591 1374 unum
2623 1336 2653 1374 e
2676 1320 2857 1387 vulgo,
2882 1321 2971 1390 qui
3012 1319 3110 1373 sibi
3137 1316 3381 1388 quaedam
3408 1331 3474 1370 ex

1899 1412 2123 1467 caritate
2144 1412 2436 1465 ministeria
2465 1411 2815 1465 exhibuisset.
2842 1409 3038 1475 Audeo,
3067 1408 3237 1478 inquit
3283 1407 3330 1470 l,
3370 1422 3477 1460 rem

1899 1502 2070 1556 oneris
2098 1503 2261 1555 nostri
2291 1502 2461 1567 fateri,
2489 1501 2609 1554 dum
2640 1500 2729 1554 tibi
2782 1500 2913 1554 nihil
2941 1499 3005 1552 de
3054 1498 3166 1568 ejus
3211 1497 3358 1551 bonis
3399 1506 3478 1550 ta-

1899 1610 2042 1647 ream
2063 1608 2180 1665 gnte
2202 1592 2444 1662 gaudium
2471 1600 2612 1646 tuum
2639 1608 2750 1645 esse
2768 1600 2905 1645 certo
2931 1592 3056 1650 scio,
3088 1590 3329 1661 quoniam
3354 1605 3480 1657 por-

1897 1686 1970 1740 tio
1989 1694 2077 1739 tua
2103 1694 2181 1738 est
2206 1683 2391 1739 bonum
2419 1684 2693 1756 familiaris
2724 1684 2815 1736 tui.
2843 1682 2872 1720 ι
2902 1682 3119 1736 Seruirit
3166 1697 3287 1752 ergo
3332 1678 3478 1742 mihi,

1899 1776 2121 1838 servivit,
2151 1777 2379 1847 inquam,
2401 1786 2451 1828 et
2477 1790 2553 1829 va:
2580 1775 2705 1828 mihi
2727 1777 2932 1835 misero,
2963 1772 3100 1844 quod
3118 1787 3301 1841 passus
3342 1786 3481 1832 sum;

223 1855 593 1923 acquiescimus
621 1862 669 1905 et
690 1869 789 1923 qua
818 1852 1123 1923 gloriamur,
1140 1853 1193 1905 in
1212 1852 1303 1905 illa
1331 1850 1415 1905 die
1441 1852 1802 1921 refrigeremur
1835 1862 1876 1919 fg
1905 1866 2106 1921 κνυίυίι
2129 1874 2179 1918 ει
2206 1866 2481 1936 peccaturi,
2507 1865 2592 1935 qui
2621 1880 2724 1918 ηοη
2754 1861 3007 1917 “unum;
3026 1868 3257 1930 peccato,
3311 1868 3362 1913 ει
3387 1872 3482 1928 eg.

219 1956 268 1997 et
302 1944 635 2016 gaudeamus.
690 1944 914 1997 Amandi
945 1943 1193 2012 precibus
1243 1942 1477 2013 seipsum
1525 1957 1803 1997 commen-

221 2036 362 2089 dans
408 2036 484 2090 ait
516 2049 533 2072 ι’
560 2053 618 2090 se
668 2035 942 2102 inJignum
986 2034 1141 2104 cujus
1182 2050 1378 2089 nomen
1408 2035 1657 2089 asanctis
1678 2034 1808 2089 viris

220 2128 419 2181 divinis
446 2127 665 2182 auribus
696 2127 984 2195 inseratur,
1017 2142 1085 2182 ne
1120 2125 1258 2182 forte
1285 2126 1426 2181 labia
1478 2141 1666 2181 eorum
1716 2126 1811 2180 im-

222 2215 422 2269 munda
453 2214 582 2269 [iant
607 2232 727 2270 cum
758 2216 929 2286 ipsum
951 2217 1363 2271 nominaverint.
1390 2215 1524 2271 Item
1551 2215 1617 2270 ad
1644 2216 1806 2271 alium

223 2307 594 2376 presbyterum
648 2304 833 2361 scribit
859 2304 924 2360 d:
966 2304 1156 2362 Verum
1193 2308 1315 2378 quia
1361 2307 1638 2361 nouissima
1683 2306 1810 2362 hora

223 2404 324 2458 est,
356 2403 402 2448 cl
422 2396 615 2450 securis
633 2395 748 2466 jam
778 2396 847 2449 ad
874 2396 1073 2451 radices
1094 2396 1337 2451 arborum
1356 2397 1544 2465 posita,
1577 2397 1740 2450 aridis
1761 2405 1808 2450 et

222 2487 518 2557 infelicibus
549 2489 703 2559 lignis
717 2489 804 2558 jus
816 2500 914 2542 'nm
937 2490 1164 2543 minatur
1182 2488 1458 2553 excidium,
1488 2506 1660 2559 qua-so
1688 2499 1736 2541 te
1756 2500 1812 2543 nt

223 2580 607 2651 indulgentiam
649 2581 772 2634 mihi
794 2589 844 2634 et
863 2582 1213 2636 laxamentum
1234 2582 1475 2652 temporis
1504 2581 1812 2651 depreceris.

222 2682 282 2724 ut
305 2681 466 2724 morte
500 2671 658 2725 dilata
689 2672 909 2742 forsitan
932 2688 1138 2726 succum
1166 2674 1449 2743 ferocitatis
1477 2674 1725 2741 accipiam
1751 2673 1815 2726 de

222 2765 465 2818 caritatis
494 2773 597 2819 tua:
624 2766 892 2836 diligentia
930 2774 980 2818 et
1016 2764 1379 2819 sollicitudinis
1416 2781 1543 2819 mete
1571 2765 1729 2825 cultu,
1760 2773 1815 2816 ut

221 2871 318 2907 cor
342 2871 509 2908 meum
548 2856 750 2910 divinus
779 2855 931 2909 timor
959 2854 1125 2926 fodiat
1146 2863 1194 2907 et
1217 2856 1400 2923 stipem
1429 2871 1595 2907 meam
1639 2869 1815 2906 neces-

218 2945 375 2996 saria
404 2944 665 3013 plenitudo
689 2954 912 2997 stercore
939 2944 1245 2997 humilitatis
1274 2944 1556 3014 impinguet
1579 2958 1597 2995 :
1634 2942 1820 2996 deinde

220 3048 326 3100 ego
357 3032 425 3084 ad
454 3031 777 3101 vigilantiam
806 3032 1171 3086 sollicitudinis
1197 3033 1452 3087 excitatus
1498 3034 1638 3087 omni
1686 3034 1815 3087 hora

217 3131 451 3192 paratus
490 3123 750 3184 assistam,
772 3132 823 3176 et
847 3122 1074 3177 Domino
1101 3122 1308 3177 absente
1332 3124 1431 3176 sim
1475 3123 1722 3191 trepidus,
1756 3132 1812 3175 ut

216 3212 536 3265 adveniente
569 3229 778 3266 securus
802 3214 919 3267 sim.
961 3211 1029 3265 Et
1056 3212 1180 3266 alibi
1209 3222 1231 3263 9
1268 3230 1282 3265 :
1315 3212 1597 3266 Adventum
1623 3212 1734 3282 ejus
1761 3221 1809 3266 et
1839 3231 1881 3291 (ς

221 3303 497 3373 diligimus
526 3305 699 3357 miseri
725 3320 816 3371 spe
843 3303 1214 3358 misericordia:
1239 3303 1374 3373 ejus,
1394 3312 1443 3357 et
1472 3305 1813 3359 horrescimus

218 3397 338 3465 38
365 3405 661 3465 peccatores
688 3397 870 3451 timore
889 3397 1111 3468 justitia:
1132 3397 1263 3467 ejus.
1300 3396 1553 3453 Eamdem
1579 3415 1737 3469 quam
1761 3400 1813 3453 in

226 3485 474 3554 epistolis
488 3495 670 3541 servat
690 3487 740 3541 in
763 3488 1090 3543 carminibus
1110 3488 1498 3553 bumil.tatem;
1527 3504 1647 3544 cum
1670 3490 1813 3545 enim

228 3577 281 3631 in
333 3576 565 3648 quodam
594 3588 841 3647 poemate
894 3578 962 3634 de
1015 3590 1258 3636 extremo
1281 3580 1492 3650 judicio
1519 3589 1574 3636 et
1601 3578 1817 3638 Davidis

230 3671 542 3743 paenitentia
571 3673 698 3740 egit,
727 3674 905 3729 subdit
937 3673 955 3712 τ
983 3692 999 3728 :

329 3783 450 3853 Quid
475 3784 641 3853 facere
659 3786 754 3853 heu
776 3785 787 3834 ε
814 3788 992 3853 misero
1011 3789 1126 3835 mlhi
1153 3790 1420 3850 competit?
1438 3789 1567 3839 unde
1589 3790 1789 3853 piabor?

388 3843 528 3912 Unde
543 3847 860 3895 Satistaciant?
876 3862 1081 3912 quanam
1102 3864 1198 3912 ope
1220 3843 1381 3899 s.-"\'tts
1406 3854 1528 3901 ero?

324 3905 611 3972 Tumiceum
637 3921 723 3972 cor
747 3921 863 3968 eget
890 3905 1279 3972 Iacrymis,'riiits
1305 3914 1466 3964 horret
1494 3915 1551 3962 ad
1574 3928 1751 3971 eseam,

388 3967 690 4030 Deliciaeqno
708 3967 874 4030 juvant
896 3967 1149 4019 esuriente
1169 3974 1347 4020 anima.

332 4030 444 4097 Quis
465 4033 582 4079 mihi
605 4041 845 4097 suggeret
862 4035 923 4097 ad
947 4034 1258 4092 lacryniartun
1280 4035 1474 4084 ﬂumina
1492 4035 1539 4084 fu
1559 4045 1699 4097 item,

368 4089 491 4159 ,0υο
513 4105 622 4159 mea
641 4089 765 4141 delle
776 4107 882 4159 rem
904 4094 1021 4142 facta
1041 4089 1276 4159 meosque
1299 4098 1441 4143 dies"

340 4150 453 4216 Nam
476 4154 590 4201 mihi
616 4168 705 4216 pro
727 4157 913 4203 meritis
934 4163 1055 4203 actae
1079 4171 1167 4216 per
1182 4150 1381 4204 erbuina
1404 4159 1512 4206 tim

392 4212 627 4272 Ingentes
646 4216 811 4278 plagas
835 4218 1026 4264 ﬂiixuiua
1054 4212 1177 4263 llum
1198 4225 1420 4278 «locusest
1434 4252 1446 4265 .

333 4271 523 4339 Rumpe
548 4271 875 4339 Ιηρῖιειιῗὶιιιιιη
895 4281 1071 4339 cuntis,
1098 4277 1303 4324 sztltato."
1328 4276 1474 4339 Iequ

389 4333 445 4384 U:
463 4333 656 4385 mollia
684 4355 693 4395 ι
715 4333 760 4385 io
782 4341 969 4386 tiscet'a
993 4337 1125 4386 {mue
1152 4340 1314 4387 lluaut.

332 4395 430 4468 Tn,
462 4412 657 4468 fu'tzt‘pr,
677 4412 708 4445 ο
730 4400 835 4447 fons
860 4403 1068 4455 tihriste,
1097 4402 1219 4468 tuuis
1242 4402 1495 4451 innascere
1515 4400 1664 4451 libris.

393 4458 592 4511 ιπηιίὺί
618 4466 719 4512 viva
738 4468 834 4511 tuae
860 4477 981 4509 Vrna
1005 4463 1209 4511 resultrt
1231 4477 1387 4524 aquas.

1907 1956 2148 2026 indignus
2188 1972 2221 2009 a
2266 1971 2410 2008 seruo
2427 1954 2650 2025 justitia:
2675 1952 3031 2007 ministrabar.
3083 1951 3190 2006 Sed
3213 1950 3329 2003 hinc
3358 1950 3482 2002 mihi

1907 2049 2133 2102 levamen
2158 2049 2369 2120 aliquod
2395 2049 2527 2101 tanti
2555 2048 2798 2118 ponderis
2836 2062 3003 2116 spero,
3024 2045 3163 2116 quod
3181 2044 3347 2098 sancti
3371 2044 3483 2112 frn-

1909 2142 2002 2195 tris
2018 2140 2322 2212 famulatum
2346 2156 2450 2194 non
2473 2140 2712 2209 superbia
2734 2138 3011 2202 rendicari,
3028 2137 3120 2192 sed
3138 2136 3484 2191 contestandte

1909 2234 2143 2288 caritatis
2191 2248 2336 2295 mere,
2383 2241 2432 2287 et
2458 2232 2562 2300 ﬁde
2592 2230 2855 2302 capienda:
2882 2228 3248 2284 benedictionis
3275 2226 3482 2280 admisi.

1914 2321 2208 2378 Benedictio
2233 2326 2369 2377 enim
2395 2324 2521 2377 mihi
2540 2333 2651 2377 erat
2673 2331 2853 2375 sancta
2872 2322 2928 2375 in
2956 2321 3164 2374 nomine
3188 2318 3285 2372 Dei
3314 2321 3485 2387 famn-

1910 2415 2061 2482 latio,
2086 2422 2136 2469 et
2161 2416 2215 2468 in
2262 2413 2517 2468 libertatis
2565 2412 2750 2483 spiritu
2779 2410 2976 2483 famula
3014 2411 3236 2464 dilectio.
3273 2407 3349 2461 Ob
3393 2408 3487 2462 hoc

1913 2512 2252 2566 roluntarium
2277 2510 2390 2582 ejus
2416 2509 2601 2564 bonum
2630 2518 2681 2562 et
2705 2525 2798 2579 pro
2826 2508 2987 2574 ipsius
3012 2506 3238 2560 utilitate
3263 2505 3486 2573 s"scepi,

1912 2618 2226 2672 prtesumens
2261 2618 2321 2655 co
2362 2602 2696 2670 potentiorem
2733 2597 2984 2652 εει-στατιάὶ
3013 2600 3107 2665 pro
3134 2608 3215 2649 me
3241 2596 3487 2664 futurum,

1913 2711 2014 2765 quo
2042 2694 2155 2763 plus
2183 2693 2348 2746 meriti
2369 2691 2433 2744 de
2454 2691 2718 2761 religionis
2756 2686 2990 2756 operibus
3018 2684 3338 2757 acquisisset.
3364 2685 3490 2753 Aget

1917 2787 2149 2855 profecto
2170 2781 2491 2837 orationibus
2513 2782 2641 2844 suis,
2672 2796 2736 2833 ne
2762 2780 2885 2833 meis
2914 2777 3153 2832 oneribus
3194 2777 3489 2835 aecrererit,

1917 2873 2053 2945 quod
2074 2874 2229 2927 etiam
2255 2869 2321 2926 εἰ
2348 2888 2429 2926 me
2448 2871 2660 2924 accessit
2680 2866 2926 2941 fructib’u
2954 2867 3079 2921 sifis.
3114 2864 3286 2921 Dilea'i
3332 2868 3490 2931 enim,

1917 2968 2102 3037 fateor,
2132 2967 2183 3018 in
2211 2965 2323 3035 ejus
2344 2962 2580 3034 obsequio
2608 2960 3029 3027 benedictionem,
3055 2961 3240 3014 timens
3261 2976 3324 3012 ne
3350 2975 3492 3028 repu-

1915 3055 2060 3109 diata
2079 3058 2403 3124 clongarctur
2423 3071 2455 3106 a
2484 3070 2580 3107 me.
2614 3052 2775 3107 Addit
2803 3049 2815 3088 ¹
2851 3050 2975 3121 quia
3002 3058 3057 3105 et
3097 3049 3197 3104 sibi
3227 3048 3390 3119 pectes
3415 3049 3492 3103 la-

1915 3161 2040 3200 vare
2072 3145 2240 3199 voluit
2262 3144 2442 3199 Victor
2482 3144 2648 3199 semel
2669 3160 2728 3198 se
2752 3152 2957 3197 tantum
2986 3142 3281 3221 apostolico
3303 3157 3488 3195 exem-

1914 3232 2003 3307 plo
2049 3236 2293 3295 cessisse.
2335 3235 2481 3304 quod
2530 3235 2580 3289 iu
2632 3234 2845 3290 Victore
2885 3222 3156 3288 Christum
3208 3241 3493 3286 veneratus

1912 3338 2125 3399 optaret
2143 3338 2198 3381 ut
2220 3330 2289 3382 ad
2307 3329 2623 3399 infirmitatis
2645 3328 2922 3381 remedium
2941 3326 3118 3381 melior
3153 3342 3205 3380 se
3224 3341 3492 3379 conservus

1914 3436 2046 3490 aqua
2075 3421 2365 3489 attingeret.
2396 3418 2648 3486 Quamvis
2676 3419 2917 3473 eminens
2961 3416 3169 3472 Paulini
3217 3417 3387 3471 virtus
3438 3417 3492 3471 in

1914 3509 2031 3580 ejus
2058 3510 2464 3564 admirationem
2508 3509 2747 3564 omnium
2778 3509 2964 3564 oculos
3008 3515 3065 3562 et
3091 3521 3186 3561 ora
3213 3514 3495 3562 converte-

1916 3612 2021 3674 ret,
2072 3605 2214 3659 inter
2258 3603 2358 3658 hos
2413 3611 2592 3657 tamen
2643 3602 2860 3672 plausus
2888 3611 2925 3638 ιιι
2957 3591 3088 3655 nihil
3117 3599 3219 3655 sibi
3246 3598 3314 3652 de
3341 3597 3496 3654 bouis

1914 3695 2168 3766 operibus
2188 3693 2465 3750 blandiens
2485 3709 2544 3749 se
2572 3705 2784 3749 servum
2814 3692 3055 3748 inutilem
3094 3690 3387 3747 asserebat.
3436 3687 3495 3744 In

1917 3786 2110 3841 virtute
2139 3785 2232 3839 Dei
2261 3794 2316 3839 et
2343 3780 2704 3839 misericordia
2734 3782 2849 3852 ejus
2875 3797 3025 3852 spem
3079 3796 3230 3837 suam
3280 3794 3495 3837 omnem

1915 3878 2235 3939 collocabat,
2286 3893 2316 3931 a
2367 3893 2474 3947 quo
2522 3877 2849 3931 intellectum
2896 3874 3102 3930 itineris
3149 3873 3230 3929 sui
3286 3880 3495 3943 petens,

1917 3968 2172 4022 auxilium
2197 3984 2306 4037 quo
2327 3968 2467 4021 hanc
2488 3976 2730 4021 curreret
2752 3966 2890 4019 viam
2914 3963 3342 4035 praestolabatur.
3358 3961 3497 4029 Quin

1918 4060 2081 4115 etiam
2104 4060 2161 4112 in
2180 4060 2309 4129 ipsis
2335 4058 2589 4127 operibus
2611 4057 2767 4110 bonis
2789 4054 2881 4108 Dei
2901 4055 3099 4122 judicia
3131 4052 3373 4107 timebat.
3397 4050 3499 4106 Po-

1917 4151 2035 4203 terit
2064 4165 2178 4212 nos,
2210 4146 2483 4217 inquiebat
2508 4155 2552 4209 ",
2586 4146 2660 4199 rel
2706 4144 2969 4197 humilitas
3020 4143 3356 4212 confessionis
3408 4158 3499 4194 as-

1818 4304 1825 4309 _
1920 4256 2091 4295 serere
2119 4241 2225 4311 39
2245 4240 2391 4310 quasi
2414 4238 2668 4291 modestos
2690 4234 2830 4304 apud
2862 4234 3153 4297 Dominum,
3184 4248 3309 4304 quos
3356 4247 3499 4286 com—

1918 4333 2163 4388 mendare
2193 4348 2294 4386 non
2322 4331 2509 4400 poterit
2537 4340 2592 4383 ut
2612 4330 2823 4396 ignavos
2856 4338 3083 4382 strenua:
3108 4324 3366 4380 servitutis
3396 4325 3498 4378 uti-

1918 4424 2060 4477 litus.

2501 4493 2731 4549 CAPUT
2775 4493 2911 4548 ΧΧΙ.

302 4602 440 4659 Cum
472 4616 498 4652 κ
528 4606 580 4661 in
608 4608 760 4663 titulo
788 4608 1028 4678 epistolae
1055 4607 1333 4665 Paulinum
1377 4611 1609 4665 Severus
1645 4608 1811 4663 domi-

1955 4586 2027 4641 Se
2054 4595 2196 4656 putat
2233 4585 2502 4658 indignum
2522 4580 2605 4659 (pi
2634 4605 2839 4642 sacram
2870 4585 3195 4653 Scriptorum
3221 4588 3444 4651 exponat

237 4710 356 4749 num
413 4697 758 4766 appellasset,
805 4707 862 4753 et
898 4715 957 4754 se
1007 4700 1147 4753 illius
1198 4717 1396 4754 servum
1425 4700 1811 4769 adscripsisset,

239 4787 379 4842 hanc
435 4788 647 4843 laudem
702 4791 922 4845 omnino
952 4791 1181 4847 exclusit
1205 4790 1475 4856 Paulinus,
1507 4807 1606 4845 nec
1634 4791 1685 4843 in
1727 4805 1814 4845 re-

239 4878 443 4947 scripto
464 4878 632 4933 voluit
658 4895 774 4957 eam
800 4878 999 4935 Severo
1026 4880 1246 4941 referre,
1277 4883 1418 4950 quia,
1442 4881 1611 4950 inquit
1638 4878 1687 4945 ιι,
1743 4891 1823 4933 tu-

242 4969 342 5021 tius
387 4969 585 5024 credidi
639 4986 751 5024 vere
799 4970 1038 5025 scribere.
1097 4970 1228 5026 Care
1271 4989 1391 5043 ergo
1417 4971 1630 5043 posthac
1650 4987 1823 5025 servus

242 5058 434 5114 Christi
462 5062 517 5114 in
546 5060 830 5115 libertatem
871 5073 1096 5128 vocatus,
1146 5055 1384 5126 hominis,
1435 5073 1484 5116 et
1527 5063 1727 5132 fratris,
1778 5071 1828 5116 et

242 5152 471 5204 conserui
515 5152 782 5220 inferioris
810 5169 1011 5208 serram
1054 5161 1104 5207 te
1130 5153 1382 5215 scribere;
1419 5155 1539 5223 quia
1565 5162 1826 5223 peccatum

242 5242 564 5297 adulationis
619 5253 697 5298 est
750 5248 914 5317 magis
967 5262 1120 5317 quam
1169 5246 1473 5299 humilitatis
1495 5245 1823 5315 jnstificatio.

242 5335 488 5389 honorem
517 5337 606 5390 nni
636 5335 878 5401 Domino,
909 5340 999 5391 uni
1028 5335 1284 5410 Magistro
1313 5354 1467 5409 super
1495 5347 1705 5403 terram,
1736 5338 1827 5391 uni

244 5423 356 5479 Deo
384 5426 632 5493 debitum,
663 5426 858 5483 homini
876 5428 1098 5491 cuilibet,
1129 5446 1194 5483 ne
1219 5428 1389 5483 dicam
1415 5428 1701 5499 miserrimo
1720 5445 1833 5498 pec-

246 5517 434 5585 caturi,
466 5519 687 5590 deferre.
737 5518 935 5588 Sufficit
980 5521 1173 5574 caritas
1201 5522 1265 5574 de
1291 5521 1448 5575 corde
1493 5538 1621 5592 puro
1649 5531 1697 5573 et
1725 5521 1829 5590 ﬁde

1992 4703 2040 4758 I.
2083 4701 2331 4758 Paulinus
2358 4720 2571 4773 semper
2608 4703 2808 4758 latendi
2836 4700 3084 4772 cupidus,
3132 4714 3233 4754 nec
3282 4715 3343 4753 se
3392 4696 3480 4752 ido

1920 4811 2079 4851 neum
2109 4796 2308 4850 ducens
2335 4797 2425 4863 qui
2478 4796 2796 4852 Christianam
2848 4793 3120 4863 religionis
3164 4797 3502 4847 Sacramenta

1921 4886 2158 4939 doctoris
2183 4887 2469 4940 autoritate
2499 4895 2774 4950 tractaret,
2795 4884 3065 4956 apuscolis
3083 4881 3302 4937 levioris
3329 4895 3507 4949 opera:

1926 4986 2212 5033 contentus
2248 4987 2383 5032 erat.
2433 4979 2706 5035 Desiderio
2745 4988 2771 5015 ο
2805 4978 3119 5049 presbytero
3144 4976 3235 5045 qui
3264 4975 3506 5044 explica—

1933 5068 2133 5122 tionem
2163 5070 2463 5138 postularat
2491 5073 2777 5127 verborum
2804 5070 2999 5139 quibus
3023 5068 3321 5139 patriarcha
3342 5064 3507 5119 Iacob

1933 5156 2053 5213 ﬁliis
2093 5158 2391 5225 benedixit,
2422 5158 3013 5231 bumiliterrespondet
3040 5167 3307 5213 tantorum
3334 5153 3507 5210 nomi-

1931 5265 2056 5303 num
2085 5259 2143 5303 ct
2173 5251 2547 5321 mysteriorum
2580 5251 2817 5321 pondera
2852 5266 2912 5306 se
2954 5265 3022 5305 ne
3074 5248 3241 5316 digito
3293 5243 3507 5314 quidem

1930 5356 2116 5395 ausum
2166 5349 2406 5409 tangere.
2458 5340 2537 5395 De
2564 5359 2686 5413 quo,
2732 5341 2903 5410 inquit
2941 5350 2988 5405 τι,
3036 5339 3160 5393 mihi
3205 5336 3506 5403 scripseras,

1930 5447 2116 5502 aquam
2138 5432 2335 5485 dulcem
2355 5441 2405 5485 et
2426 5433 2684 5503 copiosam
2719 5434 2773 5487 in
2814 5448 2994 5486 amaro
3038 5438 3087 5483 et
3130 5433 3305 5480 arente
3348 5421 3504 5476 riuulc

1930 5539 2186 5592 querens,
2220 5532 2320 5578 tua:
2338 5525 2506 5594 potius
2536 5525 2720 5595 gratia:
2739 5520 3101 5592 explicandum
3130 5512 3366 5587 refundo;
3388 5528 3508 5568 nam

322 5664 353 5733 ξ’,
379 5651 815 5733 Paulin._c;i._?.7.
846 5654 980 5733 n.__:_’i.
1052 5655 1069 5733 ι’
1288 5675 1340 5733 n.
1365 5657 1416 5733 ᾗ
1462 5692 1477 5707 .
1498 5656 1650 5733 '“Ep.
1686 5656 1767 5733 lg,
1799 5676 1811 5712 I

1918 5658 1969 5733 ς).
2049 5660 2203 5733 ἀᾼΕρ.
2239 5662 2323 5722 l5.
2361 5681 2411 5716 ιι.
2439 5660 2491 5733 6.
2569 5672 2591 5733 τ’
2625 5660 2721 5729 Ep.
3095 5652 3317 5733 rCarm.
3340 5651 3507 5733 52:}.

455 5735 482 5795 ἦ
514 5720 678 5793 Epist.
798 5743 849 5780 tt.
883 5726 970 5779 ἓξ).
1052 5725 1073 5761 υ
1105 5724 1235 5781 [ἤι’.
1323 5728 1333 5763 ί
1372 5727 1469 5795 Ep.
1502 5720 1675 5789 23,-".
1714 5729 1761 5780 Ξ.

253 5790 347 5861 39,
377 5809 428 5847 n.
458 5790 507 5848 4.
559 5790 611 5832 ⁷³·
643 5796 784 5860 Μήτι,
852 5809 876 5831 ε’
904 5795 1103 5851 Paulin.
1137 5813 1223 5863 rp.
1266 5796 1341 5857 ιε,
1370 5790 1431 5850 ni
1457 5799 1506 5851 5.
1587 5811 1609 5846 ι·
1642 5798 1769 5852 Μιι.

1846 5735 1857 5779 1
1894 5729 2060 5801 Ερὶ-ι.
2084 5728 2169 5793 '33,
2206 5752 2255 5786 n.
2290 5734 2340 5786 5.
2421 5732 2443 5769 λ
2480 5732 2633 5793 Ibid.,
2665 5728 2711 5782 n.
2746 5728 2796 5780 4.

2881 5727 2890 5763 ¹
2932 5727 3089 5794 Ibid,
3122 5743 3174 5781 n.
3210 5724 3261 5779 5.
3338 5734 3375 5761 υι
3403 5721 3508 5793 Ep.
