4056 6358
552 351 621 406 59
1567 357 1622 413 s.
1665 356 2010 413 nummus
2045 357 2363 412 nummus
2399 357 2784 417 EPISCOPUS.
3238 352 3241 359 ’
3741 375 3819 427 eo

553 480 634 518 me
656 467 824 535 fateor
847 476 1103 522 t.:n.’orum
1133 470 1394 522 nominum
1414 478 1462 522 ct
1496 470 1850 539 mysteriorum
1901 468 2127 538 pondera
2157 475 2203 532 Α
2231 467 2500 531 lmtiﬁcans
2542 472 2795 525 civitatem
2845 472 2960 527 Dei.
2995 472 3021 511 ⁸³
3049 472 3174 539 Qum
3202 488 3368 531 autem
3396 481 3554 535 virtus
3577 483 3717 537 hanc
3754 488 3810 540 in

554 575 646 613 nec
671 560 833 629 digito
856 576 1037 613 ausum
1055 570 1285 631 tangere.
1313 560 1439 631 Legi
1460 563 1595 615 enim
1616 564 1735 632 quia
1757 562 2128 615 inmolet-olom

555 650 780 701 animam
827 664 928 702 non
985 651 1214 703 introibit
1261 652 1517 720 sapientia
1565 650 1716 719 (Sap.
1743 650 1891 719 1,4);
1935 660 1984 704 et
2012 651 2127 704 ideo

554 739 768 793 stultitim
812 756 938 794 mea:
974 744 1207 794 conscius
1254 759 1355 795 non
1386 743 1527 811 potui
1568 742 1755 794 divinm
1802 744 2127 805 reuelationis

555 830 740 885 habere
765 831 1027 901 ﬁduciam,
1052 849 1166 885 cum
1186 833 1473 900 prudentim
1500 832 1661 886 lucem
1687 831 1948 886 tenebroso
1976 833 2139 901 corde,

555 939 658 978 non
687 939 934 994 caperem.
962 922 1037 976 Tu
1059 942 1174 977 vero
1198 924 1577 988 benedicte,vas
1598 924 1844 976 mundum
1877 934 1925 977 et
1950 934 2125 992 aptum

554 1014 684 1077 Deo,
714 1018 757 1069 si
783 1017 1023 1083 accepisti
1051 1017 1360 1069 intellectum
1389 1014 1752 1069 benedictionis
1774 1016 1913 1069 illius
1938 1034 2039 1086 qua
2055 1018 2125 1087 ﬁ-

553 1105 652 1160 lios
674 1122 791 1159 suos
819 1106 1112 1174 prophetico
1139 1106 1324 1174 spiritu
1344 1105 1637 1175 patriarc'ita
1676 1107 1728 1158 in
1754 1108 1984 1159 cmcitate
2007 1123 2125 1160 cor-

553 1199 694 1268 poris
722 1197 1001 1254 luminatus
1023 1198 1316 1267 alloquitur,
1348 1214 1544 1267 expone
1571 1199 1693 1252 mihi
1740 1200 1986 1269 rescripto
2014 1217 2125 1267 mg-

553 1289 715 1343 steria
742 1290 905 1357 regni,
928 1296 1032 1343 etc.
1064 1288 1313 1356 Ejusdem
1354 1289 1455 1343 loci
1510 1290 1923 1358 explicationem
1966 1291 2124 1360 paulo

552 1385 729 1446 posta
760 1377 971 1430 ltullino
1003 1378 1307 1445 postulavit,
1335 1387 1391 1431 ut
1416 1388 1462 1430 te
1489 1394 1692 1447 magum
1722 1380 1921 1449 gratim,
1955 1380 2127 1447 inquit

500 1511 511 1517 -
553 1470 622 1530 ei,
647 1486 707 1522 ac
736 1469 902 1523 laudis
923 1478 1180 1524 auctorem
1207 1468 1443 1533 habeam,
1474 1470 1521 1522 si
1549 1470 1626 1523 his
1654 1471 1738 1538 qui
1769 1469 1832 1523 de
1861 1488 1940 1523 me
1969 1487 2125 1540 supra

550 1577 629 1613 me
657 1561 926 1629 Opinantes
947 1561 1314 1614 consulendum
1341 1578 1423 1614 me
1459 1569 1777 1630 putaverunt,
1819 1562 1992 1615 divina
2029 1579 2124 1632 po-

549 1653 648 1711 tius
677 1652 740 1705 de
764 1662 848 1706 tuo
877 1655 1063 1721 spiritu
1090 1670 1242 1725 quam
1265 1654 1329 1706 de
1357 1671 1466 1707 meo
1494 1671 1648 1708 sensu
1672 1656 1866 1725 inepta,
1916 1673 2125 1725 respon-

549 1744 717 1801 deam.
771 1743 903 1798 Cum
962 1744 1015 1798 in
1069 1743 1303 1812 quodam
1342 1744 1582 1799 carmine
1626 1746 1795 1800 multa
1822 1745 1889 1800 de
1927 1747 2124 1800 Christi

2227 558 2374 612 nobis
2394 561 2543 629 efﬁcit
2558 572 2789 625 mortem,
2808 565 2909 616 nisi
2936 567 3125 620 caritas
3145 585 3258 639 qum
3278 571 3429 640 [ortis
3453 581 3531 625 est
3554 583 3612 626 ut
3631 592 3771 629 mors
3788 578 3813 629 ζ’

2229 646 2320 700 Sic
2346 649 2482 700 enim
2511 648 2746 703 obliterat
2774 652 2920 705 nobis
2948 661 2996 706 et
3024 656 3228 723 perimit
3244 657 3341 711 hoc
3367 665 3613 727 secutum,
3645 675 3702 717 ut
3723 667 3812 719 im-

2226 737 2363 805 pleat
2407 741 2588 792 mortis
2637 740 2871 808 e/fcctum
2918 760 3011 812 per
3060 745 3294 813 e/fectum
3323 748 3546 816 Christi;
3576 755 3633 808 in
3661 773 3810 826 quem

2226 829 2476 894 conuersi,
2525 832 2801 884 avertimur
2826 831 2890 884 ab
2919 834 3014 887 hoc
3035 836 3241 898 mundo,
3270 847 3320 890 et
3345 841 3426 892 cui
3448 841 3672 898 virentes
3698 864 3811 900 mo-

2225 921 2387 973 rimur
2408 920 2472 973 ab
2490 922 2751 977 elementis
2772 924 2926 995 hujus
2947 928 3143 981 mundi.
3171 926 3284 982 Nec
3306 940 3567 1004 tamquam
3589 938 3810 992 viventes

2223 1010 2278 1062 in
2305 1027 2478 1064 eorum
2502 1023 2774 1082 conspectu
2820 1014 3027 1088 visuque
3073 1018 3407 1087 decernimus,
3464 1028 3587 1096 quia
3638 1032 3819 1097 portio

2224 1111 2401 1157 nostra
2429 1121 2565 1157 mors
2597 1104 2787 1159 Christi
2813 1112 3069 1181 est,cujus
3089 1129 3122 1164 a
3142 1116 3355 1169 mortuis
3384 1120 3810 1175 resurrectionem

2225 1209 2329 1246 non
2375 1193 2810 1263 apprehendimus
2854 1199 2906 1251 in
2960 1200 3149 1269 gloria,
3207 1205 3307 1257 nisi
3352 1214 3567 1259 mortem
3611 1209 3724 1278 ejus
3751 1211 3808 1264 in

2224 1297 2374 1334 cruce
2400 1284 2727 1352 mortiﬁcatis
2746 1286 2985 1341 membris
3008 1299 3057 1342 et
3078 1291 3309 1345 sensibus
3331 1297 3503 1348 carnis
3522 1298 3804 1363 imitemur,

2224 1382 2279 1424 ut
2298 1373 2412 1442 jam
2440 1391 2542 1428 non
2568 1388 2746 1430 nostra
2773 1384 3030 1434 voluntate
3070 1383 3315 1449 vivamus,
3359 1388 3450 1440 sed
3494 1388 3634 1441 illius
3660 1392 3809 1462 cujus

2223 1462 2457 1518 voluntas
2510 1469 2854 1536 sanctiﬁcatio
2904 1481 3082 1524 nostra
3124 1483 3215 1528 est.
3247 1474 3302 1528 S.
3336 1476 3663 1545 Augustinus
3693 1479 3707 1517 ί
3740 1482 3809 1536 ad

2227 1569 2443 1610 sensum
2466 1559 2843 1614 modestissimi
2876 1563 2972 1615 viri
3001 1578 3059 1617 se
3085 1568 3527 1623 accommodavit.
3581 1572 3662 1626 Ab
3694 1574 3810 1629 Ale-

2226 1648 2338 1703 thio
2359 1650 2633 1704 consultus
2663 1650 2912 1707 Paulinus
2939 1657 3213 1724 respondit
3246 1658 3259 1710 i
3298 1660 3351 1713 in
3377 1661 3518 1717 h'unc
3544 1664 3765 1720 modum
3792 1685 3806 1720 :

2226 1737 2292 1791 In
2320 1740 2385 1792 iis
2404 1756 2519 1811 qum
2544 1742 2668 1795 mihi
2697 1743 3014 1814 injungenda
3045 1748 3182 1802 dives
3204 1750 3393 1822 inopim
3407 1756 3695 1810 mstimator
3713 1775 3810 1828 pu-

548 1841 721 1887 mortc
747 1833 1028 1901 magniﬁco
1049 1842 1104 1888 et.
1129 1834 1340 1889 sublimi
1365 1835 1504 1905 ston
1532 1844 1830 1900 tractasset,
1857 1851 1916 1890 se
1941 1838 2120 1893 statim
2157 1833 2195 1889 ll
2223 1832 2364 1893 tosti,
2391 1843 2624 1887 sanctam
2650 1836 2853 1906 quidem
2875 1839 3164 1907 purissimm
3186 1844 3417 1899 caritatis
3444 1845 3692 1915 ﬁduciam
3716 1850 3808 1902 de-

547 1925 696 1991 quasi
720 1936 746 1959 σι
775 1925 1092 1981 temeritatis
1112 1934 1168 1979 et
1187 1925 1449 1994 superbiae
1468 1927 1742 1981 conscium
1769 1927 1961 1994 arguit,
1985 1943 2049 1983 ac
2069 1944 2129 1983 se

549 2014 573 2051 ιι
600 2018 892 2084 praesentiae
918 2016 1115 2072 Niceta:
1142 2018 1489 2072 excusatione
1513 2018 1769 2083 delendit,
1794 2035 1912 2088 quae
1952 2020 2130 2075 insoli-

546 2118 658 2161 tum
688 2108 787 2163 sibi
816 2109 959 2163 hunc
981 2110 1314 2164 incitavisset
1335 2107 1603 2175 ardorem,
1630 2118 1687 2165 et
1710 2110 1855 2164 addit
1882 2124 1900 2144 τ
1932 2130 1946 2164 :

667 2242 764 2291 Sed
785 2246 1052 2304 reprimam
1070 2244 1277 2292 tumidus
1297 2244 1463 2304 ﬂatus;
1485 2258 1576 2293 nec
1592 2257 1764 2292 magna
1786 2258 1935 2305 super
1954 2259 2031 2292 me

669 2305 890 2365 Exiguus
905 2308 1098 2365 spirabo
1122 2306 1270 2365 loqui,
1300 2306 1585 2365 ιιιΐμιηιιημιυ
1614 2306 1801 2354 relic‘a:

668 2366 852 2413 Parvus
872 2371 1033 2424 humo,
1054 2376 1104 2416 et
1128 2365 1268 2429 plano
1286 2367 1455 2414 modici
1478 2372 1602 2426 pede
1630 2371 1853 2415 carminis
1872 2369 1967 2415 ibo.

623 2488 701 2541 Ad
755 2487 1103 2556 Augustinum
1133 2490 1319 2545 scribit
1358 2504 1417 2544 se
1459 2490 1589 2544 nihil
1632 2489 1699 2544 de
1722 2491 1876 2543 beata
1900 2490 2124 2546 Melania

544 2580 758 2634 seniore
815 2582 1051 2635 sanctius
1098 2591 1190 2636 aut
1243 2582 1432 2638 melius
1465 2598 1623 2653 posse
1652 2584 1940 2652 praedicare
1961 2599 2122 2650 quam

544 2673 635 2727 ille
663 2673 714 2726 in
745 2688 862 2726 eam
892 2672 1134 2743 profatus
1158 2674 1347 2741 fuerat,
1376 2685 1433 2727 ut
1459 2676 1596 2746 quia,
1624 2674 1793 2741 inquit
1821 2674 1870 2736 ἀ,
1894 2691 1985 2743 ego
2006 2691 2125 2744 pec-

542 2773 690 2818 cator
708 2766 971 2819 immunda
998 2765 1135 2819 labia
1160 2767 1353 2827 habens
1384 2768 1514 2821 nihil
1540 2768 1749 2837 dignum
1771 2768 1907 2838 loqui
1947 2777 2123 2837 potue-

542 2872 675 2919 ram,
707 2866 763 2909 ut
788 2858 1093 2927 longinquus
1122 2876 1154 2911 a
1193 2860 1386 2912 meritis
1415 2859 1536 2927 ﬁdei
1567 2857 1678 2927 ejus
1704 2860 1987 2930 animmque
2014 2861 2119 2912 vir-

545 2945 766 3011 tatibus;
796 2957 847 2999 tu
868 2947 957 3000 ille
981 2950 1056 3000 vir
1083 2947 1290 3008 Christi,
1321 2949 1501 3001 doctor
1529 2951 1580 3001 in
1613 2947 1845 3001 Ecclesia
1891 2950 2120 3002 veritatis

541 3049 850 3106 procurante
876 3040 930 3091 in
958 3039 1140 3091 melius
1169 3038 1267 3092 Dei
1286 3042 1477 3109 gratia,
1506 3041 1764 3107 parareris
1793 3039 1999 3110 dignior
2017 3049 2123 3093 tam

542 3129 703 3182 virilis
730 3131 783 3182 in
808 3128 1010 3189 Christo
1034 3131 1223 3183 animm
1242 3131 1571 3200 prmdicator,
1594 3130 1679 3199 qui
1706 3138 1754 3181 et
1776 3140 1993 3183 mentem
2011 3131 2122 3199 ejus

546 3308 791 3376 spiceres,
823 3318 870 3361 et
919 3311 1138 3362 mixtam
1186 3326 1298 3362 cum
1346 3311 1527 3363 virtute
1558 3309 2013 3381 oietatemcloquio
2039 3311 2122 3364 di-

541 3401 719 3470 gniore
747 3402 1006 3456 laudares.

606 3509 661 3564 9..
695 3509 906 3576 Quanto
927 3520 1044 3566 erat
1071 3513 1229 3566 vilior
1254 3512 1335 3566 sui
1386 3511 1547 3581 ipsius
1576 3512 1920 3575 existimatio,
1974 3520 2123 3566 tanto

543 3600 719 3667 major
765 3611 880 3654 erat
926 3603 1063 3671 apud
1107 3602 1241 3656 alios
1283 3603 1422 3656 illius
1451 3601 1587 3656 fama
1619 3604 1708 3671 qui
1738 3619 1859 3656 eum
1883 3602 1935 3656 in
1966 3603 2124 3657 rebus

474 3761 486 3768 _
542 3689 941 3745 obscurioribus
992 3693 1363 3757 consulebant,
1415 3701 1469 3747 et
1498 3695 1765 3762 prmcipue
1794 3693 1931 3761 apud
1956 3692 2126 3761 Augu-

541 3782 761 3848 stinum,
805 3784 895 3852 qui
935 3783 1210 3837 Paulinum
1258 3786 1621 3853 interrogavit,
1678 3798 1699 3822 ε
1730 3801 1972 3853 quaenam
2004 3792 2124 3854 post

543 3875 988 3929 resurrectionem
1019 3876 1196 3930 carnis
1220 3875 1271 3929 iu
1296 3876 1387 3929 illo
1407 3876 1591 3930 seculo
1619 3877 1898 3929 beatorum
1946 3874 2121 3929 futura

540 3974 685 4023 esset
711 3967 869 4022 actio.
904 3968 980 4021 Ad
1012 3968 1124 4023 lucc
1178 3968 1265 4023 ille
1296 3967 1569 4037 respondit
1597 3967 1613 4004 τ
1643 3987 1656 4022 ;
1687 3970 1753 4021 At
1776 3985 1870 4038 ego
1896 3967 1961 4020 de
1988 3984 2122 4037 pra:-

540 4063 670 4115 scnti
693 4063 809 4115 vitm
837 4079 963 4116 mem
991 4072 1129 4115 statu
1158 4072 1206 4115 et
1235 4065 1534 4132 magistrum
1558 4070 1606 4114 et
1629 4063 1881 4115 medicum
1904 4062 2116 4129 spirita-

539 4152 636 4206 lem
661 4153 890 4217 consulo,
915 4162 968 4205 ut
988 4153 1168 4206 doceat
1200 4169 1277 4205 me
1298 4155 1468 4223 facere
1488 4155 1804 4207 voluntatem
1855 4150 1969 4214 Dei,
2021 4152 2118 4204 tuis

537 4243 761 4312 uestigiis
780 4231 1044 4295 ambulare
1073 4252 1186 4313 post
1220 4238 1501 4305 Christum,
1530 4252 1579 4294 et
1608 4251 1771 4295 morte
1814 4241 1915 4293 ista
1944 4238 2118 4293 Evan-

538 4333 697 4401 gelica
717 4334 859 4403 prius
887 4334 1065 4396 emori,
1103 4349 1204 4403 qua
1250 4334 1512 4385 carnalem
1542 4333 1899 4385 resolutionem
1937 4329 2117 4383 volun-

540 4426 673 4477 tario
698 4426 1036 4492 prmvenimus
1062 4440 1293 4483 excessu,
1321 4440 1423 4476 non
1443 4422 1602 4486 obitu,
1624 4422 1714 4475 sed
1754 4421 2006 4475 sententia
2044 4437 2122 4474 re-

539 4512 772 4566 cedentes
818 4511 881 4564 ab
934 4513 1088 4582 hujus
1138 4511 1293 4564 seculi
1338 4513 1439 4564 rita
1490 4528 1603 4582 qum
1645 4521 1750 4564 tota
1776 4512 2117 4565 tentationum

540 4605 709 4672 plena,
738 4602 832 4667 vel,
854 4613 909 4656 ut
938 4613 962 4650 ε
992 4612 1044 4656 tu
1066 4603 1345 4675 aliquando
1367 4603 1436 4655 ad
1457 4620 1535 4656 me
1555 4604 1754 4657 locutus
1781 4620 1856 4669 es,
1879 4609 1986 4656 tota
2006 4610 2118 4655 ten-

541 4697 667 4749 tatio
686 4703 781 4749 est.
808 4694 1018 4749 Utinam
1043 4712 1163 4767 ergo
1191 4695 1266 4747 sic
1292 4696 1587 4765 dirigantur
1617 4697 1712 4750 vim
1748 4712 1873 4750 mem
1896 4703 2012 4766 post
2030 4711 2116 4748 ve-

539 4789 692 4859 stigia
715 4797 819 4853 tua,
849 4798 904 4841 ut
932 4792 1165 4860 exemplo
1196 4796 1282 4841 tuo
1303 4788 1501 4842 solvens
1528 4788 1927 4843 calceamentum
1976 4797 2115 4842 vetus

539 4900 572 4932 ιι
592 4878 801 4950 pedibus
828 4880 937 4952 40
978 4883 1104 4936 meis
1132 4882 1448 4951 disrumpunt
1478 4883 1680 4936 vincula
1727 4899 1857 4947 mea,
1890 4889 1939 4935 et
1986 4882 2116 4935 liber

538 4972 788 5025 exsultem
816 4972 885 5025 ad
906 4972 1210 5026 currendum
1231 4973 1364 5026 tiam
1395 4990 1491 5044 quo
1518 4974 1711 5044 possim
1739 4974 1939 5045 assequi
1968 4990 2113 5027 mor-

539 5072 638 5117 tem
662 5063 816 5116 istaut
836 5080 937 5132 qua
958 5072 1011 5116 tu
1032 5074 1259 5117 mortuus
1279 5081 1332 5119 es
1360 5066 1478 5118 huic
1502 5066 1691 5127 seculo,
1728 5072 1786 5117 ut
1832 5066 1970 5118 vivas
1999 5064 2109 5120 Deo

537 5156 589 5207 in
620 5151 821 5207 Christo
844 5154 1036 5206 vivente
1056 5153 1109 5206 in
1138 5163 1202 5217 te,
1227 5155 1371 5223 cujus
1400 5164 1449 5207 et
1471 5171 1607 5208 mors
1635 5165 1684 5208 et
1709 5156 1806 5208 rita
1828 5155 1879 5208 in
1901 5172 2114 5224 corpore

537 5258 622 5302 tuo
668 5255 719 5299 et
772 5245 925 5299 corde
970 5253 1022 5298 et
1062 5260 1151 5298 ore
1202 5248 1545 5314 cognoscitur,
1576 5248 1695 5317 quia
1724 5263 1824 5300 non
1854 5249 1989 5317 sapit
2026 5264 2115 5301 cor

535 5350 676 5391 tuum
704 5346 924 5401 terrena,
948 5353 1039 5391 nec
1058 5353 1115 5391 os
1139 5345 1276 5389 tuum
1296 5336 1518 5407 loquitur
1538 5356 1696 5406 opera
1718 5339 1998 5403 hominum,
2021 5341 2113 5393 sed

539 5431 735 5484 nubunt
761 5431 952 5485 Christi
977 5428 1206 5484 abundat
1233 5431 1287 5483 in
1314 5439 1516 5499 pectore
1542 5441 1649 5497 tuo,
1672 5441 1720 5484 et
1742 5433 1953 5501 spiritus
1981 5433 2111 5485 veri-

539 5522 657 5575 tatis
701 5522 981 5590 effunditur
1034 5523 1087 5576 in
1116 5521 1295 5590 lingua
1324 5528 1411 5573 tua
1440 5524 1647 5593 superni
1681 5523 1891 5576 luminis
1920 5525 2109 5591 impetu

610 5724 633 5750 ⁸
665 5714 842 5767 Carm.
871 5714 958 5779 ΕΗ,
984 5732 1030 5767 v.
1057 5716 1178 5768 507.
1258 5715 1282 5753 ι’
1307 5714 1457 5775 lbid.,
1490 5732 1538 5766 ν.
1573 5715 1696 5768 515.

537 5800 623 5857 ep.
656 5783 740 5851 93,
766 5800 799 5841 ιι
849 5784 885 5840 ιὶ
972 5783 997 5820 ιι
1023 5785 1176 5849 lbid.,
1212 5805 1263 5841 ιι.
1301 5786 1331 5839 Ei
1437 5786 1630 5852 'lbid.,
1683 5801 1734 5841 ιι.
1770 5786 1818 5839 2.

1789 5728 1809 5753 ε
1847 5715 1999 5777 lbid.,
2033 5734 2083 5770 ν.
2114 5720 2234 5774 3‘30.

1903 5789 1916 5837 ι
1961 5786 2160 5843 l‘aulin.
2197 5809 2281 5862 rp.
2315 5786 2457 5854 55,}:

2229 1927 2546 1988 monstrasti,
2602 1918 2745 1997 fama
2774 1937 2942 1981 tamen
2983 1941 3227 2001 quantum
3264 1935 3515 2006 intelligo,
3561 1938 3809 1994 dominici

2226 2018 2395 2085 operis
2442 2019 2783 2088 persuadente
2832 2021 3040 2076 indutus
3078 2041 3131 2078 es
3157 2034 3214 2077 ut
3242 2028 3514 2095 fecundum
3541 2046 3668 2100 opus
3700 2031 3808 2085 Do-

2228 2109 2375 2171 mini,
2412 2126 2511 2180 quo
2540 2110 2688 2164 nobis
2730 2129 2907 2166 curam
2947 2114 3313 2185 redcmplionis
3337 2131 3526 2173 nostra:
3554 2123 3808 2191 inspirare

2227 2199 2474 2268 dignatus
2503 2210 2599 2266 est,
2627 2203 2824 2271 ingenii
2851 2221 3046 2275 quoque
3070 2216 3119 2259 et
3141 2210 3245 2262 oris
3275 2227 3394 2277 opes
3418 2222 3689 2282 suppetere
3717 2232 3807 2268 no-

2226 2288 2305 2342 bis
2348 2290 2696 2355 arbitrarer-is,
2752 2293 2842 2345 sed
2886 2292 3072 2348 bonam
3126 2300 3590 2367 concupiscentiam
3617 2319 3807 2373 magna

2226 2381 2331 2450 ﬁde
2357 2383 2530 2436 vacuis
2558 2383 2882 2452 opinionibus
2902 2402 3014 2456 spes
3044 2387 3198 2440 illusa
3242 2388 3456 2459 decepit.
3495 2391 3646 2445 Unde
3671 2396 3805 2447 enim

2227 2474 2351 2527 mihi
2382 2483 2583 2528 tantum
2608 2491 2785 2547 aqum,
2804 2488 3049 2548 quantum
3070 2480 3219 2534 sitis?
3247 2480 3395 2535 Unde
3420 2484 3526 2537 tale
3544 2487 3803 2554 poculum,

2222 2566 2361 2634 quod
2386 2566 2541 2635 digne
2562 2566 2742 2621 bibas?
2767 2568 2915 2622 Unde
2938 2571 3067 2623 tanti
3098 2588 3274 2641 panes,
3296 2582 3511 2644 quantos
3539 2577 3768 2645 postulas
3783 2577 3808 2629 .’

2227 2655 2333 2708 Scd
2359 2657 2457 2725 ipsi
2487 2657 2574 2709 tibi
2594 2667 2775 2711 auctor
2798 2658 3003 2728 injurim
3031 2668 3133 2713 tum
3155 2663 3256 2715 eris
3286 2663 3473 2716 diutius
3502 2666 3698 2718 esurire
3722 2667 3804 2738 qui

2224 2744 2547 2813 euangelicos
2568 2745 2695 2799 lucis
2724 2757 2774 2799 et
2794 2748 2911 2801 vitm
2929 2749 3067 2802 cibos
3093 2752 3147 2803 in
3169 2750 3278 2803 alta
3299 2751 3448 2821 hujus
3475 2757 3635 2809 seculi
3662 2766 3804 2810 nocte

2224 2833 2540 2898 desiderans,
2556 2838 2865 2891 somnolenti
2882 2849 2932 2892 et
2950 2842 3190 2910 pauperis
3210 2844 3361 2895 amici
3385 2862 3598 2914 egenam
3621 2865 3802 2917 penum

2225 2926 2419 2993 pulsas,
2470 2930 2557 2998 qui
2583 2930 2801 2998 ﬁumina
2827 2948 2973 3001 aqum
3001 2934 3125 2987 virm
3151 2936 3347 3001 sitiens,
3392 2949 3625 2992 arentem
3653 2959 3802 2994 renu-

2222 3014 2327 3068 tant
2349 3018 2557 3086 scalpis,
2587 3028 2636 3072 et
2660 3021 2922 3089 humorem
2946 3022 3009 3076 de
3037 3026 3235 3094 pumice
3262 3030 3466 3083 conaris
3493 3034 3799 3101 exprimere.

2222 3106 2324 3159 Aut
2369 3111 2507 3162 enim
2554 3111 2727 3165 nullus
2775 3114 2899 3167 mihi
2946 3116 3011 3168 de
3057 3117 3381 3187 inspirantim
3425 3123 3671 3188 siccitate,
3714 3133 3804 3178 aut

542 3215 717 3271 divina
743 3218 927 3272 virtute
946 3219 1226 3288 (innatam,
1257 3230 1313 3271 ut
1333 3219 1463 3282 diri,
1486 3220 1670 3288 spiritu
1717 3220 1955 3289 propiore
2000 3236 2124 3273 con-
2151 3199 2190 3257 (δ
2226 3215 2435 3253 "man"
2457 3201 2520 3254 de
2560 3204 2773 3258 malum
2802 3206 2921 3275 Ῑείίθ
2972 3209 3087 3278 fons
3116 3210 3253 3264 mn“
3282 3219 3375 3276 es”
3405 3230 3553 3282 quem
3601 3218 3804 3270 "unum

2224 3294 2481 3348 orationes
2509 3304 2558 3348 et
2584 3297 2765 3350 littera:
2787 3308 2886 3352 tum
2902 3303 3096 3371 smpius
3124 3303 3367 3371 impensm
3390 3306 3514 3359 mihi
3543 3309 3804 3363 emundare

2224 3399 2286 3435 ac
2306 3384 2593 3439 dulcescere
2613 3389 2808 3457 faciant
2827 3390 2948 3458 ﬁdei
2974 3400 3073 3445 tum
3092 3393 3232 3463 ligno
3251 3404 3300 3448 et
3320 3396 3506 3466 eloquii
3532 3400 3799 3451 suavitate.

2224 3473 2299 3529 De
2338 3476 2547 3531 duobus
2577 3478 2769 3533 libellis
2797 3497 2826 3535 a
2856 3497 2915 3535 se
2944 3486 3275 3554 compositis,
3302 3487 3452 3555 cujus
3507 3491 3649 3544 alter
3690 3502 3802 3546 erat

2224 3564 2581 3638 Panegyricus
2607 3586 2701 3624 seu
2726 3572 2979 3641 Apologia
3006 3590 3103 3645 pro
3128 3575 3429 3631 Theodosio
3456 3579 3803 3648 imperatore,

2202 3664 2277 3708 'et
2302 3661 2456 3720 cuius
2483 3658 2805 3714 desiderium
2832 3662 3006 3717 doctis
3037 3665 3162 3719 viris
3194 3667 3583 3724 intolerabilius
3630 3672 3807 3726 reddit

2224 3747 2501 3816 magniﬁca
2534 3750 2621 3803 illa
2651 3750 2706 3805 S.
2742 3751 3050 3824 Hieronymi
3082 3758 3421 3824 approbatio,
3450 3761 3520 3813 ita
3547 3762 3615 3815 ad
3640 3762 3805 3818 Serc-
3866 3774 3881 3791 ‘

2222 3854 2339 3891 rum
2369 3854 2521 3893 suum
2551 3842 2731 3894 scribit
2757 3846 2776 3877 κ
2816 3861 2826 3894 :
2865 3843 2931 3896 Ut
2955 3845 3150 3914 aliquid
3186 3847 3249 3901 de
3294 3852 3560 3920 prmceptis
3590 3855 3692 3906 tuis
3721 3858 3805 3920 [a-

2223 3943 2407 3991 cerem,
2454 3931 2571 3982 misi
2599 3947 2664 3983 ex.
2694 3930 2769 3984 his
2811 3949 2925 4002 qum
2962 3945 3129 3988 metuo
3174 3954 3238 3989 ue
3279 3938 3481 3992 inertim
3516 3945 3689 4010 potius
3732 3945 3805 3996 rei

2222 4020 2579 4088 imprudentim
2604 4039 2729 4075 mem
2759 4026 3050 4078 testimonia
3079 4028 3185 4080 sint
3229 4045 3379 4098 quam
3424 4047 3661 4100 superum
3704 4038 3805 4089 mi-

2222 4110 2543 4165 nistrationis
2571 4114 2815 4183 insignia,
2845 4126 2933 4168 aut
2970 4127 3104 4170 certe
3129 4119 3204 4172 rel
3230 4119 3469 4175 humanm
3497 4123 3806 4178 documenta

2220 4202 2488 4271 sipientim
2511 4220 2529 4256 :
2559 4204 2678 4257 misi
2697 4215 2865 4259 tamen
2892 4206 3001 4271 tibi,
3027 4208 3083 4261 id
3102 4217 3179 4262 est
3199 4213 3431 4265 commisi
3459 4230 3570 4267 meo
3609 4219 3806 4283 pectori

2219 4309 2359 4346 meas
2388 4310 2569 4365 nugas,
2602 4313 2705 4349 non
2732 4305 2787 4349 ut
2815 4314 2994 4351 sensus
3017 4307 3126 4353 tuos
3147 4301 3383 4370 polluant
3412 4304 3632 4359 tenebrm
3654 4324 3803 4373 mem,

2221 4383 2313 4436 sed
2337 4393 2393 4436 ut
2416 4385 2516 4437 tuis
2545 4385 2777 4439 sensibus
2816 4387 3105 4442 diluuntur.
3142 4389 3327 4462 Nugas
3356 4405 3523 4448 autent
3551 4414 3696 4451 meas
3741 4399 3808 4453 de

2221 4471 2382 4526 verbis
2411 4490 2471 4526 ac
2493 4477 2756 4529 sententiis
2779 4479 2901 4532 meis
2924 4480 3033 4533 diri
3058 4497 3075 4534 :
3101 4490 3339 4536 cmterum
3360 4488 3574 4539 materia
3596 4500 3806 4555 sancta,

2149 4578 2196 4637 ο
2220 4572 2267 4615 et
2290 4572 2373 4617 tuo
2400 4565 2569 4634 potius
2597 4566 2802 4636 ingenio
2826 4569 3123 4642 eloquioque
3143 4573 3299 4644 digna
3318 4580 3412 4630 etsi
3452 4578 3576 4630 nuis
3602 4596 3807 4634 sermo-

2222 4652 2372 4707 nibus
2404 4656 2533 4708 eelut
2558 4666 2673 4711 atro
2696 4657 2869 4713 habitu
2892 4664 3155 4729 vestiatur,
3199 4666 3414 4734 speciem
3446 4678 3615 4721 tamen
3644 4671 3808 4726 dit-ini

2221 4742 2448 4808 luminis,
2479 4748 2669 4800 interni
2693 4749 2912 4816 decoris,
2937 4768 3225 4821 quartanam
3269 4756 3321 4808 in
3363 4775 3535 4828 egeam
3578 4764 3808 4831 supellc-

2218 4835 2353 4889 ctilis
2385 4838 2577 4891 vilitate
2604 4841 2841 4893 custodit.

2788 4953 3014 5009 CAPUT
3055 4955 3207 5010 XXII.

2220 5061 2433 5115 Paulini
2478 5064 2639 5132 pietas
2679 5082 2808 5141 erga
2832 5076 3076 5141 sanctos,_
3097 5079 3145 5123 et
3164 5072 3419 5141 pra'cipue
3447 5075 3499 5126 in
3525 5076 3806 5133 sanctissi-

2285 5149 2425 5220 mum
2451 5141 2727 5202 patronum
2763 5135 3004 5190 Felicem.
3040 5135 3425 5220 Quotannisnad
3468 5161 3620 5199 sacra
3674 5166 3805 5220 apo-

2288 5204 2537 5259 stolarum
2562 5221 2780 5275 corpora
2808 5224 2981 5261 coram
3001 5211 3290 5265 veneranda
3314 5211 3531 5267 Romam
3559 5219 3708 5286 petit.

2286 5338 2338 5391 1.
2368 5339 2534 5405 Quam
2565 5354 2774 5393 memor
2800 5349 2943 5394 esset
2969 5341 3346 5399 beneﬁciorum
3370 5346 3484 5412 Dei,
3513 5364 3651 5418 quas
3679 5366 3804 5420 gra-

2210 5429 2403 5484 tiarum
2449 5430 2691 5484 actiones
2744 5432 3049 5486 refunderet
3099 5434 3227 5502 Deo,
3260 5439 3493 5505 proclive
3524 5442 3799 5498 intellectu

2211 5531 2295 5577 est
2326 5538 2391 5577 ex
2425 5530 2582 5592 grato
2612 5530 2666 5577 et
2699 5522 2843 5578 bdeli
2874 5524 3131 5595 obsequio
3160 5541 3267 5596 quo
3316 5530 3656 5588 sanctissimo
3708 5552 3799 5606 pa-

2311 5718 2335 5757 d
2361 5720 2456 5789 Ep.
2482 5719 2569 5785 45,
2595 5682 2646 5772 ιι..
2675 5726 2725 5773 ιτ.
2807 5737 2829 5758 ε
2855 5723 3006 5781 ιιιίιΙ..
3041 5744 3091 5780 ιι.
3125 5727 3175 5781 4.

2502 5731 2646 5813 £0,111.
2855 5731 3006 5813 nitida
3041 5744 3091 5813 ις..
3125 5731 3175 5781 4.
3260 5731 3270 5767 ί
3303 5731 3434 5787 Ibid.
3518 5743 3541 5780 ε
3571 5731 3781 5806 August

2469 5790 2540 5843 Β.
2620 5794 2638 5827 ι
2670 5790 2835 5860 Epist.
2862 5793 2947 5857 2‘5,
2975 5812 3025 5849 n.
3050 5798 3099 5850 ϐ.

3260 5729 3270 5767 ¹
3303 5730 3434 5787 Ibid.
