4056 6358
250 322 310 377 (ll
1266 351 1275 359 .
1614 305 1846 362 PROLEl

1942 306 2137 361 llENA.
3422 310 3493 366 οἱ

250 445 407 489 ιι-οιιο
432 427 601 484 Felici
621 422 997 487 famulabatur,
1022 419 1127 491 ιι
1148 434 1245 491 per
1262 432 1423 487 quem
1444 417 1538 471 Dei
1556 417 1698 472 dona
1721 417 1821 471 sibi
1850 420 1893 477 Α
1928 419 1995 471 tis
2022 416 2233 487 praediis
2259 418 2361 473 sibi
2390 426 2687 487 supererat,
2715 419 2922 487 glebula
2951 434 3009 474 se
3038 435 3141 474 non
3172 421 3361 475 teneri.
3386 421 3494 479 Nec

248 535 505 581 concessa
534 515 891 574 existimabat.
920 512 1162 567 Natalem
1183 509 1324 563 illius
1342 507 1534 562 festum
1575 507 1823 561 omnibus

250 608 626 669 exsultationis
651 614 707 662 et
731 604 931 660 laetitia:
951 601 1094 658 diem
1116 614 1236 655 esse
1260 597 1407 663 dicit,
1438 596 1534 652 sed
1561 596 1663 652 sibi
1700 611 1824 666 spe-

252 704 480 760 cialiter.

809 784 947 845 Quod
971 796 1056 834 nos
1079 783 1164 832 tibi
1196 781 1411 845 Christus

375 852 497 904 Esse
521 849 661 899 dedit
683 848 807 897 viles
827 844 939 895 caro
961 845 1163 896 largitus
1183 844 1334 891 amico
1359 856 1372 891 :

377 916 481 963 bon
505 916 618 971 quia
643 919 691 957 tu
715 910 890 971 dignus
912 905 1099 955 famulis
1115 912 1209 971 tam
1226 904 1400 971 vilibus
1423 913 1560 971 esses

376 966 592 1025 Aiternis
610 966 808 1024 dignate
828 970 931 1017 Deo
950 980 1118 1016 clunes
1143 967 1214 1013 ire
1247 966 1518 1026 triumphis.

377 1038 476 1085 Sed
495 1036 605 1096 quia
633 1046 719 1096 nos
737 1032 906 1096 inopes
921 1029 1034 1096 justi
1060 1028 1378 1096 indignosque
1406 1026 1569 1096 salutis

378 1099 462 1147 Sic
488 1087 639 1144 voluit
656 1087 984 1141 ditare-Pater
1007 1091 1180 1147 bonus,
1210 1094 1263 1135 ut
1283 1087 1407 1135 male
1426 1090 1557 1135 dites

382 1158 670 1207 Criminibus
689 1166 827 1203 versa
851 1156 897 1200 iu
922 1150 1095 1200 melius
1113 1151 1218 1197 vice
1248 1149 1523 1197 divitiarum

379 1218 478 1268 Pro
498 1219 687 1265 cunctis
707 1216 882 1273 apibus
904 1214 1188 1272 cunctisque
1212 1209 1484 1265 all‘ectibus.
1518 1215 1566 1257 et
1591 1222 1680 1269 pro

380 1279 635 1330 Nobilibus
657 1275 810 1325 titulis
833 1282 885 1325 et
906 1274 1170 1323 honoribus
1188 1273 1344 1318 omnia
1364 1283 1513 1323 vanis,

380 1340 598 1390 Felicem
623 1349 909 1399 caperemus
927 1347 1066 1399 epes.
1084 1333 1406 1399 patriamque,
1424 1336 1733 1399 domumque.

379 1402 455 1451 'I‘u
481 1401 646 1456 Pater,
670 1394 722 1447 et
742 1398 911 1457 patria,
935 1404 986 1444 et
1008 1398 1199 1449 domus,
1224 1400 1275 1457 et
1293 1396 1556 1457 substantia
1580 1394 1738 1453 nobis,

380 1463 437 1513 In
456 1454 691 1522 gremium
719 1454 947 1522 translata
973 1464 1105 1522 tuum
1127 1454 1360 1522 cunabula
1381 1462 1563 1522 riclini-5,,

382 1514 580 1574 Ειῖιιιιε
598 1530 668 1570 est
692 1521 833 1570 nobis
856 1519 968 1566 nido
986 1519 1146 1569 sinus;
1175 1516 1263 1561 hor
1285 1516 1415 1561 bene
1438 1514 1523 1563 fotl

381 1584 673 1639 Crescimus,
694 1585 839 1642 inque
859 1579 999 1628 aliam
1016 1582 1258 1642 mutantes
1278 1587 1483 1642 corpora
1503 1580 1719 1642 turmam,

379 1646 604 1696 Terrena
629 1636 857 1706 e’xuimur
879 1643 1033 1706 stirpe
1049 1676 1069 1706 ,_
1088 1644 1139 1706 et
1160 1636 1484 1706 subeuntibus
1495 1636 1589 1706 abs

389 1706 637 1756 Vertimur
661 1706 710 1752 iu
737 1704 955 1750 volucres
976 1702 1125 1748 divini
1148 1699 1337 1745 semine
1368 1699 1526 1745 verbi.

381 1768 456 1816 'l‘e
476 1764 728 1815 relevante
746 1766 916 1824 iugum
940 1762 1116 1824 illiriin
1138 1758 1250 1824 levi}
1275 1762 1517 1824 noscimus
1537 1773 1548 1807 :
1569 1760 1617 1824 in
1638 1766 1690 1808 te

382 1828 597 1877 Blandus
619 1834 669 1874 el.
692 1818 919 1885 indignis,
948 1830 999 1872 et
1021 1823 1175 1885 dulcis
1196 1818 1277 1885 illi}
1292 1823 1412 1885 istos
1437 1821 1625 1885 auiaris.

385 1889 484 1938 Ista
504 1890 613 1936 dies
629 1898 759 1948 ergo
775 1879 827 1934 et
844 1879 983 1933 nobis
1004 1881 1236 1948 solemnis
1258 1879 1497 1948 habenda,

387 1953 507 2008 Ome
530 1950 614 1998 tibi
636 1942 841 2007 baiulis;
865 1948 978 2008 quia
1004 1953 1053 1993 te
1079 1942 1203 1993 mala
1228 1952 1387 2008 Ilosira
1412 1944 1640 2008 eliciente

385 2003 662 2061 Occidimus
678 2003 1145 2066 mundo,'nascamur
1163 2011 1215 2053 ut
1244 2005 1292 2053 in
1319 2006 1441 2053 bona
1462 2006 1653 2053 Chrisw
1678 2003 1725 2052 ⁸.

327 2112 473 2168 Nihil
498 2110 776 2166 dubitabat
800 2108 1053 2164 Paulinus
1079 2124 1138 2164 se
1165 2108 1333 2163 amari
1361 2123 1392 2162 a
1416 2106 1473 2162 8.
1505 2106 1700 2174 Felice,
1731 2105 1842 2161 sal-

256 2214 371 2260 tem
399 2212 459 2258 ut
483 2201 729 2258 dominus
755 2199 784 2239 δ
812 2199 1061 2255 catellum
1088 2214 1271 2255 amare
1292 2198 1543 2268 dignatur
1568 2215 1582 2251 :

386 2316 504 2366 Cum
527 2315 640 2362 mihi
664 2314 781 2373 vita,
802 2314 995 2374 domus,
1019 2323 1122 2372 res,
1148 2312 1322 2374 gratia,
1342 2310 1520 2373 gloria,
1545 2312 1700 2372 panis,

389 2378 465 2425 Sit
486 2375 628 2425 Felix
649 2371 863 2423 donante
879 2371 985 2422 Deo
1008 2374 1052 2421 °.

336 2497 469 2553 Cum
498 2497 639 2552 illius
665 2496 856 2552 domus
885 2494 1106 2562 hujusce
1132 2496 1305 2551 sancti
1346 2494 1578 2551 basilica:
1609 2495 1846 2552 coluere—

257 2595 370 2654 ret,
402 2603 524 2643 eum
550 2601 693 2656 stepe
720 2586 913 2656 saepius
940 2584 967 2622 (ι
997 2586 1361 2641 dominantium
1385 2601 1560 2653 suum,
1590 2593 1845 2656 tanquam

256 2681 537 2736 dominum
564 2679 778 2744 aedium,
809 2679 1068 2749 appellat;
1102 2687 1126 2715 ο
1156 2679 1391 2746 itemque
1433 2678 1649 2732 domum
1699 2695 1846 2731 suam

256 2780 322 2825 ct
349 2770 623 2825 hortulum
650 2786 827 2834 suum,
856 2770 913 2824 8.
946 2768 1138 2826 Felicis
1163 2769 1308 2824 mdes
1345 2778 1400 2822 et
1427 2769 1641 2823 hortum
1671 2778 1846 2822 vocat.

255 2856 323 2914 In
358 2858 377 2898 ί
409 2860 588 2928 vigilia
622 2860 977 2914 solemnitatis
1012 2858 1071 2914 8.
1114 2858 1308 2913 Felicis
1341 2874 1462 2914 eum
1506 2868 1619 2911 tota
1656 2857 1851 2910 familia

255 2947 519 3018 jejunare
549 2948 777 3012 solebat,
808 2956 866 3001 et
891 2948 1069 3002 libatis
1098 2962 1320 3015 vespere
1356 2947 1542 3008 sacris.
1572 2947 1854 3016 soluteque

260 3049 436 3102 ocetu,
469 3038 687 3092 domum
719 3038 1022 3102 remeabat;
1068 3045 1126 3092 et
1162 3046 1370 3105 sumpta
1399 3038 1553 3107 dape.
1582 3039 1852 3093 exsultans

1921 509 2259 565 solummodo
2287 510 2343 563 S.
2377 509 2607 565 Felicem
2636 512 2866 576 colebat,
2895 510 2990 567 sed
3018 521 3073 566 et
3101 513 3233 567 alios
3260 523 3495 575 sanctos.

1922 608 1980 654 ut
2007 617 2073 657 ex
2103 602 2219 670 ejus
2246 603 2459 673 scriptis
2494 612 2722 668 constat,
2763 604 2994 657 maxima
3024 603 3379 659 venerabatur
3406 622 3496 661 re-

1920 695 2180 756 verentia,
2214 709 2275 748 ac
2302 709 2412 765 pra:
2451 694 2660 749 caeteris
2696 693 2754 749 S.
2800 694 3083 750 Martinum
3131 694 3499 753 Turonensem

1924 783 2257 854 episcopum,
2289 783 2508 853 ejusque
2536 784 2851 853 discipulum
2879 783 3114 840 Clarum.

1993 873 2046 927 2.
2087 872 2317 942 Singulis
2338 873 2362 911 ι
2381 875 2534 930 annis
2554 872 2777 929 Romam
2800 875 2867 929 ad
2889 877 3117 930 natalem
3139 877 3502 947 apostolorum

1926 979 1984 1019 se
2005 963 2316 1018 conferebat
2337 979 2437 1033 pro
2458 967 2804 1020 veneratione
2828 968 3193 1036 apostolorum
3223 976 3276 1022 et
3306 977 3505 1040 marty-

1929 1068 2071 1119 rum,
2103 1060 2163 1107 ut
2190 1053 2254 1106 ad
2285 1069 2471 1107 eorum
2501 1069 2680 1109 sacras
2708 1052 2815 1126 52
2841 1057 3127 1110 memorias
3151 1064 3276 1111 vota
3302 1072 3395 1111 sua
3422 1057 3505 1110 of-

1930 1142 2091 1197 ferret
2118 1161 2130 1195 :
2157 1159 2317 1212 quam
2354 1145 2424 1198 ob
2461 1159 2678 1199 causam
2719 1145 2849 1199 dicit
2884 1160 2943 1200 se
2974 1160 3040 1200 eo
3079 1144 3344 1215 proﬁcisci
3382 1147 3510 1200 soli-

1934 1244 2044 1286 tum
2082 1232 2095 1271 ι
2130 1242 2307 1287 ωειιιιε
2333 1233 2550 1297 labente,
2582 1234 2773 1304 quibus
2800 1241 2980 1289 tamen
3003 1235 3180 1289 verbis
3209 1251 3315 1289 non
3358 1234 3509 1289 vide-

1938 1330 2025 1376 tur
2049 1323 2194 1377 aliud
2224 1324 2481 1378 denotare
2520 1339 2679 1392 quam
2726 1332 2891 1378 totam
2933 1333 3189 1380 :estatem.
3235 1323 3513 1380 Difficilius

1933 1422 2017 1469 est
2043 1416 2333 1470 conciliare
2360 1431 2480 1484 qua:
2507 1416 2637 1470 dicit
2664 1417 2717 1469 in
2746 1425 2785 1453 ω
2815 1417 3040 1486 epistola
3069 1417 3295 1486 quadam
3340 1418 3512 1471 idibus

1934 1503 2060 1558 Maii
2087 1504 2233 1572 data,
2264 1522 2459 1575 nempe
2493 1521 2552 1560 se
2585 1507 2743 1563 ivisse
2784 1506 3010 1562 Romam
3036 1516 3158 1578 post
3184 1507 3385 1564 Pascha
3408 1507 3514 1564 Do-

1936 1596 2065 1650 mini
2091 1597 2246 1665 juxta
2277 1598 2571 1652 solemnem
2599 1614 2752 1653 suum
2782 1614 2987 1654 morem
3023 1616 3122 1670 pro
3150 1600 3514 1670 apostolorum

1937 1700 1994 1747 et
2026 1699 2323 1762 martyrum
2367 1693 2736 1745 veneratione.
2787 1689 2970 1761 Neque
3010 1691 3152 1745 enim
3188 1692 3294 1747 dici
3340 1700 3515 1761 potest

1865 1776 1913 1836 Β
1940 1798 2061 1837 eum
2090 1781 2173 1836 bis
2199 1780 2420 1847 singulis
2457 1781 2611 1835 annis
2654 1780 2880 1835 Romam
2927 1781 3136 1836 venisse
3164 1786 3211 1847 ",
3240 1797 3360 1835 cum
3404 1782 3516 1850 ipse

1942 1888 2096 1927 suum
2124 1872 2222 1924 iter
2250 1886 2480 1924 annuum
2508 1879 2692 1934 vocet;
2725 1870 2958 1940 itemque
2994 1869 3060 1924 ad
3099 1885 3220 1924 eum
3264 1870 3517 1940 Augusti-

1941 1970 2089 2016 nus"
2116 1979 2128 2013 :
2153 1977 2266 2014 cum
2316 1959 2534 2015 Romam
2574 1970 2681 2016 toto
2720 1963 3073 2016 anniversario
3116 1962 3363 2032 pergitfs;
3391 1962 3517 2032 quin

1942 2060 1998 2108 et
2025 2050 2233 2106 Paulini
2270 2051 2336 2106 ad
2374 2051 2695 2121 Delphinum
2736 2063 2761 2101 Ρ
2794 2052 3019 2121 epistola
3061 2053 3309 2121 vigesima
3349 2053 3519 2122 ipsum

1943 2145 2230 2215 quotannis
2256 2143 2422 2199 semel
2461 2151 2666 2198 tantum
2702 2158 2768 2199 eo
2798 2145 2957 2199 ivisse
2989 2144 3119 2197 satis
3161 2143 3380 2198 iudicat.
3408 2143 3520 2197 Nec

1944 2237 2105 2291 etiam
2125 2235 2230 2289 dici
2253 2242 2432 2304 potest
2453 2243 2559 2289 tam
2589 2235 2890 2305 proximum
2913 2233 3159 2289 Pascbati
3184 2233 3345 2288 fuisse
3372 2231 3520 2286 Nata-

1946 2328 2050 2382 Iem
2097 2326 2486 2397 apostolorum,
2535 2333 2658 2381 cum
2709 2325 2824 2396 ipse
2871 2333 3093 2381 testctur
3137 2325 3280 2380 hunc
3329 2324 3520 2378 festum

1947 2429 2135 2475 testate
2164 2419 2326 2474 fuisse
2353 2417 2715 2483 celebratum;
2752 2434 2927 2487 neque
2970 2418 3131 2472 ullum
3170 2417 3379 2471 i'idetur
3406 2433 3522 2471 essu

1947 2511 2225 2565 dubitandi
2265 2511 2666 2564 fundamentum
2695 2510 2821 2579 quin
2852 2509 3053 2563 Natalis
3091 2509 3177 2563 ille
3215 2509 3329 2562 dies
3367 2508 3522 2562 luerit

1950 2602 2094 2659 Petri
2136 2610 2191 2657 et
2230 2600 2399 2655 Pauli.
2446 2601 2654 2655 Etenim
2698 2616 2818 2656 cum
2867 2601 3103 2671 perrexit
3142 2600 3365 2653 Romam
3404 2609 3524 2669 post

1955 2694 2176 2755 Pascha,
2218 2708 2325 2745 non
2369 2691 2516 2753 dicit,
2563 2699 2622 2743 ut
2666 2690 2816 2752 alias,
2862 2704 2920 2743 se
2969 2690 3162 2743 adiisse
3206 2688 3429 2742 Romain
3459 2689 3523 2743 ad

1955 2783 2185 2837 natalem
2238 2778 2625 2850 aposlolorum.
2682 2778 2870 2833 Simile
2928 2779 3088 2847 igitur
3140 2796 3266 2833 vero
3317 2780 3526 2832 videtur

1953 2888 2074 2924 ctau
2105 2875 2246 2941 (cum
2271 2870 2561 2925 necessitas
2588 2869 2663 2923 illi
2695 2869 2989 2923 incubuerit
3013 2886 3079 2923 eo
3104 2886 3243 2923 anno
3273 2881 3468 2939 perge"
3494 2870 3524 2922 'i

1955 2960 2180 3014 Romam
2210 2962 2369 3029 paulo
2395 2967 2517 3029 post
2553 2957 2775 3021 Pascha,
2806 2971 3033 3027 cumque
3061 2955 3127 3014 eo
3156 2975 3214 3014 se
3253 2975 3435 3013 rursus
3459 2957 3525 3012 ad

1953 3046 2182 3105 natalem
2204 3048 2567 3119 apostolorum
2591 3066 2696 3103 non
2721 3050 2916 3104 iturum
2941 3048 3249 3119 judicaret),
3276 3049 3400 3103 illud
3427 3050 3527 3103 iter

258 3129 386 3183 Deo
413 3128 628 3198 hymnis
655 3136 711 3183 et
735 3128 954 3197 psalmis
981 3136 1193 3183 noctem
1223 3128 1440 3181 omnino
1475 3136 1565 3180 aut
1600 3143 1664 3182 ex
1697 3136 1846 3197 parte

1948 3149 2098 3194 (ἓΧΙΙὮ
2143 3150 2455 3195 (εοιιειιοιιιιιι
2492 3147 2790 3210 temporum
2827 3140 3066 3195 ordinem
3096 3151 3399 3210 susceptum
3430 3158 3526 3212 pro

255 3217 623 3291 producebat.
664 3216 904 3287 Corpore
934 3227 959 3265 σ
988 3228 1042 3271 et
1094 3218 1282 3286 spiritu
1328 3225 1582 3285 quantum
1634 3229 1845 3287 poterat

256 3309 472 3365 cmlesti
501 3309 577 3365 illi
602 3318 831 3377 patrono
855 3309 1093 3377 quotidie
1117 3308 1485 3372 famulabatur,
1517 3310 1610 3363 sed
1637 3309 1844 3363 solebat

258 3400 556 3473 quotannis
580 3400 812 3454 natalem
834 3399 1055 3468 hujusce
1080 3402 1251 3455 sancti
1272 3399 1412 3455 diem
1436 3417 1577 3457 novo
1602 3401 1844 3455 natalitio

258 3494 504 3548 carmine
556 3493 849 3557 honorare,
900 3491 1079 3559 lingua
1124 3492 1485 3547 dulcissimum
1531 3492 1844 3547 voluntaria:

260 3584 543 3639 servitutis
577 3582 831 3637 tributum
861 3583 1156 3651 pensitans,
1196 3583 1477 3637 immolans
1504 3583 1718 3638 Christo
1744 3584 1843 3636 ho-

262 3677 424 3731 stiam
465 3673 659 3742 laudis,
693 3682 749 3729 et
790 3673 1017 3730 reddens
1043 3672 1315 3728 Altissimo
1344 3683 1469 3729 vota
1495 3689 1611 3728 sua.
1642 3673 1845 3743 Super-

263 3773 392 3820 sunt
418 3764 723 3834 quindecim
754 3764 894 3819 illius
923 3764 990 3819 de
1017 3763 1075 3819 S.
1106 3764 1284 3819 Felice
1316 3764 1556 3819 natalitia
1584 3766 1842 3827 carmina,

265 3872 332 3910 ex
357 3856 552 3925 quibus
587 3863 755 3927 totam
784 3854 1108 3911 confessoris
1134 3855 1316 3919 vitam,
1347 3871 1499 3911 sacra
1529 3856 1842 3921 certamina,

268 3957 324 4002 et
343 3956 553 4017 patrata
592 3948 659 4001 ad
685 3947 989 4015 sepulcrum
1016 3946 1134 4015 ejus
1160 3948 1417 4003 miracula
1461 3948 1744 4009 habemus;
1773 3948 1847 4001 ita

277 4047 352 4104 ut,
386 4040 432 4094 si
458 4038 713 4095 Paulinus
740 4048 923 4093 noster
949 4039 1284 4092 sanctissimo
1328 4038 1492 4093 Felici
1535 4054 1644 4093 suae
1688 4039 1850 4093 debet

270 4129 491 4196 gloriam
526 4129 920 4191 conversionis,
953 4128 1182 4183 vicissim
1228 4128 1285 4183 8.
1330 4128 1479 4182 Felix
1518 4144 1670 4182 suam
1709 4127 1849 4196 apud

267 4220 516 4276 homines
545 4222 769 4290 gloriam
798 4220 993 4277 debeat
1028 4217 1273 4283 Paulino,
1304 4220 1396 4288 qui
1423 4219 1480 4272 8.
1510 4219 1703 4273 Felicis
1738 4219 1849 4272 No-

270 4310 375 4364 Iani
406 4325 605 4365 nomen
635 4318 747 4364 tum
775 4311 1114 4365 basilicarum
1148 4307 1558 4388 magniﬁcentia,
1591 4316 1705 4362 tum
1732 4323 1852 4363 car-

266 4401 499 4456 minibus
528 4400 684 4470 longe
704 4403 917 4471 lateque
944 4417 1041 4470 per
1083 4408 1254 4456 terras
1280 4400 1587 4459 venerabile
1612 4408 1669 4455 et
1694 4400 1850 4456 incli-

1947 3230 2217 3283 ordinario
2246 3229 2512 3290 habuisse.
2544 3244 2774 3297 eumque
2806 3229 3027 3284 Romam
3055 3236 3113 3283 se
3141 3231 3431 3287 contulisse
3460 3247 3524 3284 ea

1950 3331 2149 3385 mente,
2176 3328 2232 3373 ut
2253 3336 2371 3374 eam
2395 3321 2505 3374 tdm
2525 3321 2725 3375 sanctis
2744 3320 3143 3376 venerationem
3164 3336 3322 3389 quam
3344 3337 3527 3375 mense

1943 3411 2101 3467 Junio
2128 3412 2316 3466 solitus
2335 3420 2452 3465 erat
2473 3413 2769 3467 exhiberet.
2793 3410 3073 3465 Hominum
3102 3421 3128 3459 ιι
3154 3412 3321 3465 turbis
3344 3411 3528 3480 Oppri-

1947 3505 2194 3558 mebatur
2218 3518 2340 3558 cum
2385 3504 2461 3557 sic
2512 3502 2734 3555 Romam
2763 3501 3028 3555 veniebat.
3063 3499 3293 3570 Tempus
3322 3512 3373 3564 τ,
3406 3510 3527 3556 ante

1947 3595 2225 3650 meridiem
2254 3595 2307 3648 in
2336 3591 2476 3648 votis
2503 3594 2613 3649 suis
2639 3608 2737 3663 per
2760 3591 3125 3662 apostolorum
3152 3601 3207 3646 et
3234 3602 3527 3664 martyrum

1945 3700 2128 3741 sacras
2172 3684 2457 3739 memorias
2509 3682 2898 3751 conspmebat;
2943 3697 3172 3751 cumque
3224 3682 3417 3738 deinde
3462 3682 3529 3738 ad

1948 3776 2238 3847 hospitium
2268 3775 2517 3840 redierat,
2549 3774 2840 3829 innumeris
2867 3774 3192 3829 visitantium
3223 3772 3530 3843 frequenta-

1948 3867 2187 3922 tionibus
2213 3865 2596 3934 occupabatur,
2639 3875 2773 3934 quas
2818 3865 3011 3933 partim
3053 3864 3303 3929 amicitia,
3340 3863 3530 3934 partim

1948 3958 2135 4026 religio
2163 3948 2546 4010 contrahebat:
2580 3955 2652 4009 ita
2680 3962 2741 4008 ut
2776 3970 3001 4024 vespera
3050 3962 3252 4008 tantum
3299 3954 3530 4009 solveret

1950 4058 2139 4111 cattus,
2192 4046 2500 4115 Paulinique
2539 4046 2776 4101 animum
2832 4045 3064 4106 laxaret;
3115 4051 3169 4096 et
3216 4043 3337 4097 cuin
3389 4052 3530 4098 totos

1953 4139 2027 4193 ibi
2052 4146 2075 4173 ³
2106 4137 2293 4191 decem
2323 4137 2441 4190 dies
2469 4146 2672 4202 ageret,
2718 4134 3003 4202 aliquando
3046 4140 3223 4186 tamen
3250 4133 3531 4201 epistolam

1961 4224 2252 4289 scribendi,
2284 4232 2376 4277 aut
2404 4223 2603 4292 aliquid
2643 4224 2759 4276 sine
2798 4220 3192 4275 intermissione
3223 4220 3429 4289 tegendi
3457 4220 3532 4275 [εις

1952 4315 2123 4370 cultas
2152 4313 2226 4367 illi
2256 4327 2365 4367 non
2385 4320 2519 4367 erat.
2554 4311 2634 4367 Ab
2665 4311 2792 4381 ipsis
2820 4310 3155 4380 temporibus
3192 4309 3368 4366 Siricii
3397 4310 3532 4367 hanc

1951 4408 2145 4465 inierat
2163 4404 2625 4469 consuetudinem,
2647 4401 3075 4472 quandoquidem
3099 4415 3289 4458 cumse
3310 4402 3532 4461 Romam

266 4500 375 4546 tum
409 4492 554 4548 fecit.
580 4493 638 4546 In
665 4494 1010 4561 sequentibus
1040 4494 1066 4530 ιι
1087 4492 1384 4547 videbimus
1411 4494 1683 4561 quomodo
1710 4494 1850 4549 illius
1880 4501 1925 4561 ο
1951 4497 2175 4552 contulit
2204 4496 2433 4567 primum
2476 4495 2575 4550 sub
2622 4497 2638 4532 ι
2673 4494 2955 4549 Anastasio
2986 4508 3121 4563 papa
3148 4510 3290 4548 anno
3328 4502 3534 4549 trcceu~

263 4580 543 4638 basilicam
583 4584 986 4654 ampliﬁcaverit
1023 4592 1080 4638 et
1118 4583 1408 4637 ornaverit.
1438 4582 1545 4638 Sed
1570 4586 1851 4653 quantavis

266 4674 470 4743 pietate
512 4674 719 4729 coleret
755 4674 812 4729 8.
859 4674 1116 4738 Felicem,
1145 4681 1201 4727 et
1231 4674 1355 4727 licet
1383 4682 1490 4727 tam
1520 4674 1642 4729 lmtn
1671 4675 1850 4730 animo

264 4780 324 4818 se
352 4764 464 4819 Deo
487 4764 555 4818 ad
575 4764 690 4832 ejus
719 4765 979 4818 tumulum
1004 4780 1102 4834 pro
1124 4774 1238 4817 toto
1268 4764 1388 4817 vita:
1415 4779 1524 4818 sua:
1551 4765 1725 4833 spatio
1754 4764 1851 4820 de-

266 4857 522 4921 vovisset,
561 4856 828 4911 scribebat
855 4864 1032 4909 taincn
1073 4855 1138 4909 ad
1178 4856 1532 4922 Augustinum
1565 4854 1578 4892 ί
1607 4857 1679 4910 ita
1708 4871 1765 4910 se
1795 4856 1848 4909 in

268 4947 360 5001 illo
387 4963 497 5017 quo
536 4946 761 5001 feliciter
803 4948 1076 5011 utebatur,
1109 4946 1227 5001 loco
1264 4962 1608 5015 perseverare
1659 4947 1841 5002 decre-

268 5038 426 5105 visse,
456 5047 536 5105 ut,
566 5038 610 5091 si
634 5037 763 5107 quid
790 5038 856 5092 de
885 5052 944 5092 se
979 5037 1122 5091 aliud
1162 5036 1391 5090 Domino
1427 5036 1705 5106 placuerit,
1738 5036 1854 5105 ejus

266 5131 604 5184 voluntatem
628 5145 736 5183 sua:
758 5138 902 5184 esset
920 5128 1253 5198 praelaturos.
1275 5127 1405 5181 Item
1427 5127 1662 5196 Sulpicio
1681 5128 1694 5177 ι
1716 5145 1789 5184 se:
1806 5133 1852 5181 i-

268 5219 346 5275 bit
370 5238 428 5276 se
458 5222 588 5275 limo
618 5228 772 5274 teme
797 5222 850 5274 in
881 5221 1075 5274 hortuli
1105 5220 1207 5285 sui,
1236 5219 1329 5288 qui
1359 5220 1505 5273 solus
1524 5235 1555 5273 e
1577 5228 1684 5275 tam
1709 5222 1839 5274 mul-

339 5407 364 5433 ⁸·
386 5395 593 5450 Paulin.
621 5412 787 5450 carm.
815 5392 898 5457 15,
923 5411 975 5449 v.
1006 5392 1057 5450 5.
1135 5395 1158 5431 ι’
1181 5392 1361 5448 Carm.
1383 5392 1471 5451 ξι.
1500 5410 1550 5445 v.
1577 5392 1696 5446 602.

273 5466 356 5530 li),
386 5476 441 5520 et
468 5484 633 5521 carm.
667 5465 757 5530 ΞΟ,
788 5482 838 5535 v.
877 5464 1017 5535 l09._
1089 5475 1110 5502 ε
1142 5464 1237 5535 Ep.
1285 5462 1335 5528 5,
1368 5481 1423 5535 ιι.
1462 5462 1523 5516 15
1552 5464 1718 5535 ctlli.

280 5539 458 5607 "Aug.
488 5554 574 5607 ep.
608 5536 698 5607 80,
730 5534 867 5607 u._
950 5533 1206 5607 liPaulin.
1237 5533 1442 5607 epuli,
1476 5550 1528 5607 ιι.
1572 5533 1648 5607 Η.

274 5604 355 5669 93,
388 5624 442 5660 ιι.
468 5603 537 5660 tif
607 5606 618 5644 '
656 5606 752 5673 IS).
783 5605 863 5672 l7,
894 5623 942 5658 ιι.
971 5606 1014 5657 l.
1154 5605 1256 5673 Ep.
1283 5603 1378 5667 ~55,
1409 5621 1463 5658 ιι.
1492 5606 1521 5655 ’ἶ
1546 5614 1600 5657 ct
1638 5604 1681 5656 I.

275 5681 322 5731 L‘.
400 5691 424 5727 ‘I
452 5677 549 5736 Ep.
588 5677 673 5739 ~55,
706 5672 763 5729 ιι.
800 5676 842 5730 I.
933 5687 947 5711 τ
977 5672 1071 5743 Ep.
1115 5672 1271 5741 l7,i:.
1306 5675 1357 5729 Ξ.
1439 5685 1458 5710 ε*
1493 5673 1589 5744 Ep.
1625 5674 1709 5739 43,
1737 5693 1786 5730 ιι.
1822 5675 1864 5729 ι.

1955 4588 2145 4642 tesiino
2174 4588 2520 4656 nonagesimo
2551 4601 2712 4648 nono,
2767 4594 2994 4639 testatur
3021 4602 3079 4639 se
3131 4584 3257 4639 illud
3305 4585 3407 4640 iter
3448 4603 3536 4640 ro-

1952 4679 2106 4733 lemui
2157 4678 2522 4732 ronnietudine
2566 4677 2862 4732 confecisse
2906 4676 3110 4746 :a'tq'ue
3157 4677 3229 4729 ita
3259 4675 3539 4745 probabile

1952 4770 2173 4823 omnino
2190 4769 2406 4822 videtur
2419 4768 2666 4822 Siricium
2695 4766 2842 4820 brevi
2869 4782 3007 4831 eam,
3034 4782 3140 4835 qua
3168 4766 3221 4820 in
3253 4764 3541 4825 Paulinum.

1950 4868 2175 4926 arserat,
2207 4859 2524 4930 zelotypiam
2550 4857 2861 4927 deposuisse
2883 4865 2927 4909 υ.

2520 4967 2749 5023 CAPUT
2778 4966 2961 5021 XXIII.

1956 5060 2211 5115 Paulinus
2238 5062 2522 5116 amicitiam
2535 5060 2730 5199 ’{irnigit
2755 5059 3189 5181 cumrAugustino
3238 5070 3287 5114 et
3313 5060 3433 5112 aliis
3480 5059 3541 5110 iis

2608 5146 2716 5183 rus:
2738 5145 2863 5183 sane
2888 5144 2950 5183 ιε.

2608 5146 2716 5183 ιἰια
2738 5144 2950 5183 sanctis.

2067 5264 2083 5277 .
2124 5222 2277 5279 Brevi
2300 5220 2585 5277 admodum
2618 5229 2860 5276 tempore
2884 5235 3015 5275 sane
3042 5228 3322 5291 postquam
3345 5217 3539 5273 Nolam

1781 5406 1802 5433 ι·
1838 5394 1995 5460 Ibid.,
2026 5413 2076 5459 v,
2105 5395 2230 5449 605.
2305 5393 2328 5430 ἀ
2355 5393 2448 5464 Ep.
2483 5392 2532 5455 5,
2568 5411 2620 5446 n.
2654 5393 2753 5455 15;
2781 5394 2867 5461 l8,
2896 5412 2950 5449 ιι.
2982 5395 3044 5457 3;
3074 5393 3161 5464 2/8,
3193 5394 3331 5464 n._6_;
3356 5390 3535 5464 Filii.

1822 5466 1837 5501 ί
1869 5464 2047 5518 Carm.
2082 5465 2168 5518 ill.
2202 5482 2251 5518 v.
2292 5464 2404 5517 ΙΙΙ.

1730 5532 1749 5569 ³*
1778 5533 2092 5620 Ρειυιίιι..ριι.
2133 5535 2211 5620 l3,
2245 5551 2298 5588 ιι.
2334 5535 2394 5620 εἷς
2426 5533 2513 5597 20,
2544 5532 2607 5587 ιι.
2726 5533 2898 5620 45w.
2939 5533 2954 5584 l
2982 5532 3193 5620 ;‘:is‘i,'n.
3234 5532 3278 5595 I;
3310 5533 3527 5620 etaAug.

1761 5615 1784 5640 "
1815 5604 1911 5673 l‘Ip.
1944 5604 2033 5671 45,
2067 5624 2117 5659 ιι.
2152 5605 2204 5658 5.
2284 5617 2307 5638 υ
2340 5606 2430 5669 Aut

1761 5696 1786 5727 ι.
1822 5675 1864 5729 l.
1951 5675 2159 5745 ‘Elisl.
2186 5675 2272 5741 '20,
2301 5693 2352 5729 ιε.
2381 5675 2430 5727 ‘2.

2502 5474 2526 5511 Β
2550 5464 2648 5533 Ep.
2689 5464 2777 5529 28,
2812 5481 2863 5517 ιι.
2895 5465 2946 5517 6.
3025 5461 3214 5533 νίζειν.
3238 5461 3317 5533 42
3353 5472 3407 5516 et
3439 5462 3525 5518 45.

2284 5617 2307 5638 υ
2340 5606 2471 5671 Aug.
2504 5620 2589 5673 cp.
2631 5603 2717 5662 93,
2750 5622 2800 5656 ιι.
2828 5603 2886 5655 ϐ..
2960 5614 2983 5650 P
3008 5602 3212 5655 l‘attliu.
3240 5618 3324 5672 ep.
3355 5601 3440 5667 ’21),
3476 5622 3527 5657 ll.

2301 5693 2352 5727 ιι.
2381 5675 2430 5727 tl.
2511 5684 2533 5710 υ
2565 5673 2688 5727 Vide
2713 5689 2826 5727 (ιειιι.
2861 5671 2939 5727 l7.
2975 5689 3023 5724 ιι.
3052 5671 3104 5723 :2.
3526 5672 3531 5677 ’

2608 5686 2688 5727 ιιῖυ
2713 5689 2826 5740 cap.
2862 5686 2939 5736 ιι,
2975 5689 3023 5724 ιι.
3052 5686 3104 5723 ::.
