  <div class='ocr_page' id='page_1' title='image "/cluster/home/n/w/nwhite01/storage/ocr_20150623/61/hvd.32044004824777/037.png"; bbox 0 0 4056 6358; ppageno 0'>
   <div class='ocr_carea' id='block_1_1' title="bbox 476 242 3735 312">
    <p class='ocr_par' dir='ltr' id='par_1_1' title="bbox 476 242 3735 312">
     <span class='ocr_line' id='line_1_1' title="bbox 476 242 3735 312; baseline 0 -10"><span class='ocrx_word' id='word_1_1' title='bbox 476 253 551 312; x_wconf 74' lang='lat'><strong>65</strong></span> <span class='ocrx_word' id='word_1_2' title='bbox 1489 247 1545 303; x_wconf 75' lang='grc'><strong>8.</strong></span> <span class='ocrx_word' id='word_1_3' title='bbox 1588 242 1929 300; x_wconf 73' lang='lat' dir='ltr'><strong>PAULINUS</strong></span> <span class='ocrx_word' id='word_1_4' title='bbox 1967 243 2282 300; x_wconf 67' lang='lat' dir='ltr'><strong>NULANISS</strong></span> <span class='ocrx_word' id='word_1_5' title='bbox 2321 244 2717 302; x_wconf 79' lang='lat' dir='ltr'><strong>EPISCOPUS.</strong></span> <span class='ocrx_word' id='word_1_6' title='bbox 3659 254 3735 311; x_wconf 74' lang='grc' dir='ltr'>οι</span> 
     </span>
    </p>
   </div>
   <div class='ocr_carea' id='block_1_2' title="bbox 477 359 3737 439">
    <p class='ocr_par' dir='ltr' id='par_1_2' title="bbox 477 359 3737 439">
     <span class='ocr_line' id='line_1_2' title="bbox 477 359 3737 439; baseline 0.002 -21"><span class='ocrx_word' id='word_1_7' title='bbox 477 390 535 426; x_wconf 66' lang='lat' dir='ltr'><strong>se</strong></span> <span class='ocrx_word' id='word_1_8' title='bbox 556 376 833 439; x_wconf 78' lang='lat' dir='ltr'><strong>receperat</strong></span> <span class='ocrx_word' id='word_1_9' title='bbox 861 364 1131 427; x_wconf 83' lang='lat' dir='ltr'><strong>Paulinus,</strong></span> <span class='ocrx_word' id='word_1_10' title='bbox 1157 372 1289 434; x_wconf 81' lang='lat' dir='ltr'><strong>perIl</strong></span> <span class='ocrx_word' id='word_1_11' title='bbox 1311 362 1575 417; x_wconf 75' lang='lat' dir='ltr'><strong>lulianum</strong></span> <span class='ocrx_word' id='word_1_12' title='bbox 1597 378 1751 415; x_wconf 81' lang='lat' dir='ltr'><strong>suum</strong></span> <span class='ocrx_word' id='word_1_13' title='bbox 1782 359 2053 414; x_wconf 81' lang='lat' dir='ltr'><strong>hominem</strong></span> <span class='ocrx_word' id='word_1_14' title='bbox 2085 363 2125 417; x_wconf 83' lang='grc' dir='ltr'><strong>Α</strong></span> <span class='ocrx_word' id='word_1_15' title='bbox 2164 376 2308 415; x_wconf 92' lang='lat' dir='ltr'><strong>mum</strong></span> <span class='ocrx_word' id='word_1_16' title='bbox 2341 364 2749 430; x_wconf 74' lang='lat' dir='ltr'><strong>nonagesimum</strong></span> <span class='ocrx_word' id='word_1_17' title='bbox 2778 372 3050 431; x_wconf 83' lang='lat' dir='ltr'><strong>quartum,</strong></span> <span class='ocrx_word' id='word_1_18' title='bbox 3081 364 3204 422; x_wconf 86' lang='lat' dir='ltr'><strong>tnde</strong></span> <span class='ocrx_word' id='word_1_19' title='bbox 3232 381 3446 422; x_wconf 85' lang='lat' dir='ltr'><strong>necesse</strong></span> <span class='ocrx_word' id='word_1_20' title='bbox 3475 369 3737 431; x_wconf 78' lang='lat' dir='ltr'><strong>habemus</strong></span> 
     </span>
    </p>
   </div>
   <div class='ocr_carea' id='block_1_3' title="bbox 479 449 3740 529">
    <p class='ocr_par' dir='ltr' id='par_1_3' title="bbox 479 449 3740 529">
     <span class='ocr_line' id='line_1_3' title="bbox 479 449 3740 529; baseline 0.001 -19"><span class='ocrx_word' id='word_1_21' title='bbox 479 460 547 513; x_wconf 87' lang='lat' dir='ltr'><strong>de</strong></span> <span class='ocrx_word' id='word_1_22' title='bbox 588 456 911 525; x_wconf 86' lang='lat' dir='ltr'><strong>Carthagine</strong></span> <span class='ocrx_word' id='word_1_23' title='bbox 959 462 1315 510; x_wconf 89' lang='lat' dir='ltr'><strong>revertentem</strong></span> <span class='ocrx_word' id='word_1_24' title='bbox 1354 453 1403 505; x_wconf 87' lang='lat' dir='ltr'><strong>ei</strong></span> <span class='ocrx_word' id='word_1_25' title='bbox 1458 450 1674 505; x_wconf 73' lang='lat' dir='ltr'><strong>rediitm</strong></span> <span class='ocrx_word' id='word_1_26' title='bbox 1702 458 1828 503; x_wconf 86' lang='lat' dir='ltr'><strong>sunt</strong></span> <span class='ocrx_word' id='word_1_27' title='bbox 1878 450 2050 520; x_wconf 76' lang='lat' dir='ltr'><strong>Alypii</strong></span> <span class='ocrx_word' id='word_1_28' title='bbox 2161 449 2343 505; x_wconf 89' lang='lat' dir='ltr'><strong>dicere</strong></span> <span class='ocrx_word' id='word_1_29' title='bbox 2358 450 2467 517; x_wconf 87' lang='lat' dir='ltr'><strong>jam</strong></span> <span class='ocrx_word' id='word_1_30' title='bbox 2493 462 2604 504; x_wconf 90' lang='lat' dir='ltr'><strong>tum</strong></span> <span class='ocrx_word' id='word_1_31' title='bbox 2632 452 2960 522; x_wconf 78' lang='lat' dir='ltr'><strong>temporibus</strong></span> <span class='ocrx_word' id='word_1_32' title='bbox 2988 454 3104 509; x_wconf 87' lang='lat' dir='ltr'><strong>istis</strong></span> <span class='ocrx_word' id='word_1_33' title='bbox 3119 454 3740 529; x_wconf 82' lang='lat' dir='ltr'><strong>Nolamsesereeepisse</strong></span> 
     </span>
    </p>
   </div>
   <div class='ocr_carea' id='block_1_4' title="bbox 482 540 3737 618">
    <p class='ocr_par' dir='ltr' id='par_1_4' title="bbox 482 540 3737 618">
     <span class='ocr_line' id='line_1_4' title="bbox 482 540 3737 618; baseline 0.002 -18"><span class='ocrx_word' id='word_1_34' title='bbox 482 548 669 601; x_wconf 68' lang='lat' dir='ltr'><strong>litterae</strong></span> <span class='ocrx_word' id='word_1_35' title='bbox 692 544 942 616; x_wconf 43' lang='lat' dir='ltr'><strong>laquibus</strong></span> <span class='ocrx_word' id='word_1_36' title='bbox 962 545 1245 599; x_wconf 81' lang='lat' dir='ltr'><strong>amicitiam</strong></span> <span class='ocrx_word' id='word_1_37' title='bbox 1261 558 1380 596; x_wconf 88' lang='lat' dir='ltr'><strong>cum</strong></span> <span class='ocrx_word' id='word_1_38' title='bbox 1402 540 1761 609; x_wconf 85' lang='lat' dir='ltr'><strong>cojungeret;</strong></span> <span class='ocrx_word' id='word_1_39' title='bbox 1787 542 2058 608; x_wconf 77' lang='lat' dir='ltr'><strong>etiamque</strong></span> <span class='ocrx_word' id='word_1_40' title='bbox 2165 540 2463 596; x_wconf 88' lang='lat' dir='ltr'><strong>Paulinum.</strong></span> <span class='ocrx_word' id='word_1_41' title='bbox 2499 542 2690 597; x_wconf 73' lang='lat' dir='ltr'><strong>Merito</strong></span> <span class='ocrx_word' id='word_1_42' title='bbox 2719 544 2880 598; x_wconf 86' lang='lat' dir='ltr'><strong>etiam</strong></span> <span class='ocrx_word' id='word_1_43' title='bbox 2922 546 3043 616; x_wconf 85' lang='lat' dir='ltr'><strong>quis</strong></span> <span class='ocrx_word' id='word_1_44' title='bbox 3090 557 3273 618; x_wconf 79' lang='lat' dir='ltr'><strong>posset</strong></span> <span class='ocrx_word' id='word_1_45' title='bbox 3297 550 3517 605; x_wconf 83' lang='lat' dir='ltr'><strong>credere</strong></span> <span class='ocrx_word' id='word_1_46' title='bbox 3545 554 3599 606; x_wconf 93' lang='lat' dir='ltr'><strong>in</strong></span> <span class='ocrx_word' id='word_1_47' title='bbox 3647 554 3737 607; x_wconf 91' lang='lat' dir='ltr'><strong>illa</strong></span> 
     </span>
    </p>
   </div>
   <div class='ocr_carea' id='block_1_5' title="bbox 484 633 3741 709">
    <p class='ocr_par' dir='ltr' id='par_1_5' title="bbox 484 633 3741 709">
     <span class='ocr_line' id='line_1_5' title="bbox 484 633 3741 709; baseline 0.002 -18"><span class='ocrx_word' id='word_1_48' title='bbox 484 640 552 691; x_wconf 89' lang='lat' dir='ltr'><strong>ab</strong></span> <span class='ocrx_word' id='word_1_49' title='bbox 577 654 643 693; x_wconf 89' lang='lat' dir='ltr'><strong>eo</strong></span> <span class='ocrx_word' id='word_1_50' title='bbox 664 639 864 707; x_wconf 89' lang='lat' dir='ltr'><strong>accepit</strong></span> <span class='ocrx_word' id='word_1_51' title='bbox 890 636 1164 705; x_wconf 76' lang='lat' dir='ltr'><strong>Augustini</strong></span> <span class='ocrx_word' id='word_1_52' title='bbox 1188 635 1379 688; x_wconf 90' lang='lat' dir='ltr'><strong>librum</strong></span> <span class='ocrx_word' id='word_1_53' title='bbox 1408 634 1475 688; x_wconf 86' lang='lat' dir='ltr'><strong>de</strong></span> <span class='ocrx_word' id='word_1_54' title='bbox 1506 634 1640 687; x_wconf 86' lang='lat' dir='ltr'><strong>Vera</strong></span> <span class='ocrx_word' id='word_1_55' title='bbox 1672 634 1970 702; x_wconf 84' lang='lat' dir='ltr'><strong>Religione,</strong></span> <span class='ocrx_word' id='word_1_56' title='bbox 2003 640 2057 687; x_wconf 87' lang='lat' dir='ltr'><strong>et</strong></span> <span class='ocrx_word' id='word_1_57' title='bbox 2162 633 2292 687; x_wconf 87' lang='lat' dir='ltr'><strong>urbe</strong></span> <span class='ocrx_word' id='word_1_58' title='bbox 2320 648 2440 687; x_wconf 91' lang='lat' dir='ltr'><strong>eum</strong></span> <span class='ocrx_word' id='word_1_59' title='bbox 2467 644 2857 689; x_wconf 84' lang='lat' dir='ltr'><strong>commoratum</strong></span> <span class='ocrx_word' id='word_1_60' title='bbox 2896 636 3059 691; x_wconf 88' lang='lat' dir='ltr'><strong>fuisse</strong></span> <span class='ocrx_word' id='word_1_61' title='bbox 3086 639 3170 693; x_wconf 87' lang='lat' dir='ltr'><strong>vel</strong></span> <span class='ocrx_word' id='word_1_62' title='bbox 3220 639 3334 709; x_wconf 88' lang='lat' dir='ltr'><strong>ipso</strong></span> <span class='ocrx_word' id='word_1_63' title='bbox 3364 650 3741 698; x_wconf 45' lang='lat' dir='ltr'><strong>anno&#39;trecen-</strong></span> 
     </span>
    </p>
   </div>
   <div class='ocr_carea' id='block_1_6' title="bbox 484 724 3744 799">
    <p class='ocr_par' dir='ltr' id='par_1_6' title="bbox 484 724 3744 799">
     <span class='ocr_line' id='line_1_6' title="bbox 484 724 3744 799; baseline 0.002 -19"><span class='ocrx_word' id='word_1_64' title='bbox 484 729 722 796; x_wconf 89' lang='lat' dir='ltr'><strong>ejusdem</strong></span> <span class='ocrx_word' id='word_1_65' title='bbox 764 729 899 783; x_wconf 89' lang='lat' dir='ltr'><strong>alios</strong></span> <span class='ocrx_word' id='word_1_66' title='bbox 917 734 1148 796; x_wconf 82' lang='lat' dir='ltr'><strong>quatuor</strong></span> <span class='ocrx_word' id='word_1_67' title='bbox 1170 726 1425 780; x_wconf 86' lang='lat' dir='ltr'><strong>adversus</strong></span> <span class='ocrx_word' id='word_1_68' title='bbox 1450 724 1856 779; x_wconf 74' lang='lat' dir='ltr'><strong>Manichmornnt</strong></span> <span class='ocrx_word' id='word_1_69' title='bbox 1886 726 2052 779; x_wconf 80' lang='lat' dir='ltr'><strong>bmrc-</strong></span> <span class='ocrx_word' id='word_1_70' title='bbox 2164 725 2354 777; x_wconf 87' lang='lat' dir='ltr'><strong>tesimo</strong></span> <span class='ocrx_word' id='word_1_71' title='bbox 2387 725 2738 791; x_wconf 87' lang='lat' dir='ltr'><strong>nonagesimo</strong></span> <span class='ocrx_word' id='word_1_72' title='bbox 2769 727 2944 789; x_wconf 89' lang='lat' dir='ltr'><strong>tertio,</strong></span> <span class='ocrx_word' id='word_1_73' title='bbox 2969 728 3446 799; x_wconf 82' lang='lat' dir='ltr'><strong>presbyterumque</strong></span> <span class='ocrx_word' id='word_1_74' title='bbox 3467 731 3631 786; x_wconf 85' lang='lat' dir='ltr'><strong>fuisse</strong></span> <span class='ocrx_word' id='word_1_75' title='bbox 3656 748 3744 786; x_wconf 88' lang='lat' dir='ltr'><strong>or-</strong></span> 
     </span>
    </p>
   </div>
   <div class='ocr_carea' id='block_1_7' title="bbox 482 812 3743 889">
    <p class='ocr_par' dir='ltr' id='par_1_7' title="bbox 482 812 3743 889">
     <span class='ocr_line' id='line_1_7' title="bbox 482 812 3743 889; baseline 0.004 -19"><span class='ocrx_word' id='word_1_76' title='bbox 482 835 588 871; x_wconf 82' lang='lat' dir='ltr'><strong>ses.</strong></span> <span class='ocrx_word' id='word_1_77' title='bbox 620 817 787 873; x_wconf 89' lang='lat' dir='ltr'><strong>Simul</strong></span> <span class='ocrx_word' id='word_1_78' title='bbox 817 816 1093 870; x_wconf 79' lang='lat' dir='ltr'><strong>Paulinum</strong></span> <span class='ocrx_word' id='word_1_79' title='bbox 1116 816 1346 884; x_wconf 78' lang='lat' dir='ltr'><strong>rogabat</strong></span> <span class='ocrx_word' id='word_1_80' title='bbox 1372 816 1590 889; x_wconf 81' lang='lat' dir='ltr'><strong>Alypius</strong></span> <span class='ocrx_word' id='word_1_81' title='bbox 1618 823 1673 867; x_wconf 91' lang='lat' dir='ltr'><strong>ut</strong></span> <span class='ocrx_word' id='word_1_82' title='bbox 1702 815 1801 868; x_wconf 92' lang='lat' dir='ltr'><strong>sibi</strong></span> <span class='ocrx_word' id='word_1_83' title='bbox 1825 816 2060 869; x_wconf 77' lang='lat' dir='ltr'><strong>mitteret</strong></span> <span class='ocrx_word' id='word_1_84' title='bbox 2160 812 2402 881; x_wconf 70' lang='lat' dir='ltr'><strong>dittalum</strong></span> <span class='ocrx_word' id='word_1_85' title='bbox 2451 829 2593 868; x_wconf 75' lang='lat' dir='ltr'><strong>anno</strong></span> <span class='ocrx_word' id='word_1_86' title='bbox 2623 813 2744 868; x_wconf 65' lang='lat'><strong>393.</strong></span> <span class='ocrx_word' id='word_1_87' title='bbox 2777 816 2881 871; x_wconf 80' lang='lat' dir='ltr'><strong>Sed</strong></span> <span class='ocrx_word' id='word_1_88' title='bbox 2929 818 3213 874; x_wconf 76' lang='lat' dir='ltr'><strong>maluimus</strong></span> <span class='ocrx_word' id='word_1_89' title='bbox 3252 836 3373 875; x_wconf 87' lang='lat' dir='ltr'><strong>cum</strong></span> <span class='ocrx_word' id='word_1_90' title='bbox 3419 822 3653 876; x_wconf 80' lang='lat' dir='ltr'><strong>Baronio</strong></span> <span class='ocrx_word' id='word_1_91' title='bbox 3686 834 3743 878; x_wconf 70' lang='lat' dir='ltr'><strong>et</strong></span> 
     </span>
    </p>
   </div>
   <div class='ocr_carea' id='block_1_8' title="bbox 487 900 3747 979">
    <p class='ocr_par' dir='ltr' id='par_1_8' title="bbox 487 900 3747 979">
     <span class='ocr_line' id='line_1_8' title="bbox 487 900 3747 979; baseline 0.002 -20"><span class='ocrx_word' id='word_1_92' title='bbox 487 919 511 945; x_wconf 83' lang='grc' dir='ltr'><strong><em>ο</em></strong></span> <span class='ocrx_word' id='word_1_93' title='bbox 550 906 759 961; x_wconf 81' lang='lat' dir='ltr'><strong>Eusebii</strong></span> <span class='ocrx_word' id='word_1_94' title='bbox 804 905 873 961; x_wconf 91' lang='lat' dir='ltr'><strong>de</strong></span> <span class='ocrx_word' id='word_1_95' title='bbox 920 906 1127 961; x_wconf 89' lang='lat' dir='ltr'><strong>cunctis</strong></span> <span class='ocrx_word' id='word_1_96' title='bbox 1164 904 1493 975; x_wconf 80' lang='lat' dir='ltr'><strong>temporibus</strong></span> <span class='ocrx_word' id='word_1_97' title='bbox 1543 904 1817 958; x_wconf 80' lang='lat' dir='ltr'><strong>historiam</strong></span> <span class='ocrx_word' id='word_1_98' title='bbox 1842 944 1857 967; x_wconf 95' lang='lat'><strong>,</strong></span> <span class='ocrx_word' id='word_1_99' title='bbox 1898 920 2059 972; x_wconf 89' lang='lat' dir='ltr'><strong>quam</strong></span> <span class='ocrx_word' id='word_1_100' title='bbox 2163 900 2430 955; x_wconf 75' lang='lat' dir='ltr'><strong>Chililetio</strong></span> <span class='ocrx_word' id='word_1_101' title='bbox 2454 901 2506 955; x_wconf 92' lang='lat' dir='ltr'><strong>id</strong></span> <span class='ocrx_word' id='word_1_102' title='bbox 2535 902 2759 970; x_wconf 87' lang='lat' dir='ltr'><strong>rejicere</strong></span> <span class='ocrx_word' id='word_1_103' title='bbox 2781 904 2833 957; x_wconf 92' lang='lat' dir='ltr'><strong>in</strong></span> <span class='ocrx_word' id='word_1_104' title='bbox 2862 920 3059 960; x_wconf 89' lang='lat' dir='ltr'><strong>annum</strong></span> <span class='ocrx_word' id='word_1_105' title='bbox 3087 916 3421 977; x_wconf 86' lang='lat' dir='ltr'><strong>sequentem,</strong></span> <span class='ocrx_word' id='word_1_106' title='bbox 3446 911 3571 979; x_wconf 84' lang='lat' dir='ltr'><strong>quia</strong></span> <span class='ocrx_word' id='word_1_107' title='bbox 3593 911 3747 966; x_wconf 55' lang='lat' dir='ltr'><strong>vide‘I</strong></span> 
     </span>
    </p>
   </div>
   <div class='ocr_carea' id='block_1_9' title="bbox 488 993 2064 1065">
    <p class='ocr_par' dir='ltr' id='par_1_9' title="bbox 488 993 2064 1065">
     <span class='ocr_line' id='line_1_9' title="bbox 488 993 2064 1065; baseline -0.002 -16"><span class='ocrx_word' id='word_1_108' title='bbox 488 996 669 1050; x_wconf 74' lang='lat' dir='ltr'><strong>Roma:</strong></span> <span class='ocrx_word' id='word_1_109' title='bbox 694 995 833 1065; x_wconf 86' lang='lat' dir='ltr'><strong>apud</strong></span> <span class='ocrx_word' id='word_1_110' title='bbox 873 996 1225 1051; x_wconf 89' lang='lat' dir='ltr'><strong>Domnionem</strong></span> <span class='ocrx_word' id='word_1_111' title='bbox 1257 995 1517 1063; x_wconf 89' lang='lat' dir='ltr'><strong>reperiret</strong></span> <span class='ocrx_word' id='word_1_112' title='bbox 1576 993 1651 1048; x_wconf 78' lang='lat' dir='ltr'><strong>Ex</strong></span> <span class='ocrx_word' id='word_1_113' title='bbox 1681 995 1873 1064; x_wconf 81' lang='lat' dir='ltr'><strong>quibus</strong></span> <span class='ocrx_word' id='word_1_114' title='bbox 1897 1011 2064 1064; x_wconf 88' lang='lat' dir='ltr'><strong>appa—</strong></span> 
     </span>
    </p>
   </div>
   <div class='ocr_carea' id='block_1_10' title="bbox 486 1082 2064 1155">
    <p class='ocr_par' dir='ltr' id='par_1_10' title="bbox 486 1082 2064 1155">
     <span class='ocr_line' id='line_1_10' title="bbox 486 1082 2064 1155; baseline -0.002 -17"><span class='ocrx_word' id='word_1_115' title='bbox 486 1095 571 1139; x_wconf 88' lang='lat' dir='ltr'><strong>ret</strong></span> <span class='ocrx_word' id='word_1_116' title='bbox 599 1084 845 1155; x_wconf 81' lang='lat' dir='ltr'><strong>Alypium</strong></span> <span class='ocrx_word' id='word_1_117' title='bbox 877 1085 1165 1141; x_wconf 80' lang='lat' dir='ltr'><strong>credidisse</strong></span> <span class='ocrx_word' id='word_1_118' title='bbox 1195 1082 1468 1138; x_wconf 88' lang='lat' dir='ltr'><strong>Paulinum</strong></span> <span class='ocrx_word' id='word_1_119' title='bbox 1501 1100 1604 1137; x_wconf 90' lang='lat' dir='ltr'><strong>non</strong></span> <span class='ocrx_word' id='word_1_120' title='bbox 1633 1092 1759 1138; x_wconf 89' lang='lat' dir='ltr'><strong>tunc</strong></span> <span class='ocrx_word' id='word_1_121' title='bbox 1789 1083 1841 1136; x_wconf 92' lang='lat' dir='ltr'><strong>in</strong></span> <span class='ocrx_word' id='word_1_122' title='bbox 1873 1082 2064 1152; x_wconf 84' lang='lat' dir='ltr'><strong>Hispa-</strong></span> 
     </span>
    </p>
   </div>
   <div class='ocr_carea' id='block_1_11' title="bbox 485 1174 2062 1243">
    <p class='ocr_par' dir='ltr' id='par_1_11' title="bbox 485 1174 2062 1243">
     <span class='ocr_line' id='line_1_11' title="bbox 485 1174 2062 1243; baseline -0.001 -13"><span class='ocrx_word' id='word_1_123' title='bbox 485 1179 572 1230; x_wconf 91' lang='lat' dir='ltr'><strong>nia</strong></span> <span class='ocrx_word' id='word_1_124' title='bbox 612 1186 706 1231; x_wconf 88' lang='lat' dir='ltr'><strong>aut</strong></span> <span class='ocrx_word' id='word_1_125' title='bbox 736 1177 786 1230; x_wconf 92' lang='lat' dir='ltr'><strong>in</strong></span> <span class='ocrx_word' id='word_1_126' title='bbox 826 1177 1011 1231; x_wconf 82' lang='lat' dir='ltr'><strong>Galliis</strong></span> <span class='ocrx_word' id='word_1_127' title='bbox 1041 1176 1252 1243; x_wconf 83' lang='lat' dir='ltr'><strong>degere,</strong></span> <span class='ocrx_word' id='word_1_128' title='bbox 1295 1190 1479 1229; x_wconf 90' lang='lat' dir='ltr'><strong>verum</strong></span> <span class='ocrx_word' id='word_1_129' title='bbox 1530 1175 1696 1238; x_wconf 74' lang='lat' dir='ltr'><strong>Nube,</strong></span> <span class='ocrx_word' id='word_1_130' title='bbox 1725 1184 1818 1229; x_wconf 91' lang='lat' dir='ltr'><strong>aut</strong></span> <span class='ocrx_word' id='word_1_131' title='bbox 1858 1174 2062 1229; x_wconf 78' lang='lat' dir='ltr'><strong>Romae.</strong></span> 
     </span>
    </p>
   </div>
   <div class='ocr_carea' id='block_1_12' title="bbox 485 1267 2058 1338">
    <p class='ocr_par' dir='ltr' id='par_1_12' title="bbox 485 1267 2058 1338">
     <span class='ocr_line' id='line_1_12' title="bbox 485 1267 2058 1338; baseline -0.002 -16"><span class='ocrx_word' id='word_1_132' title='bbox 485 1269 509 1305; x_wconf 74' lang='grc' dir='ltr'><strong>ιι</strong></span> <span class='ocrx_word' id='word_1_133' title='bbox 529 1268 775 1323; x_wconf 79' lang='lat' dir='ltr'><strong>Aurelius</strong></span> <span class='ocrx_word' id='word_1_134' title='bbox 796 1268 1227 1338; x_wconf 87' lang='lat' dir='ltr'><strong>Carthaginensis</strong></span> <span class='ocrx_word' id='word_1_135' title='bbox 1254 1268 1537 1337; x_wconf 84' lang='lat' dir='ltr'><strong>episcopus</strong></span> <span class='ocrx_word' id='word_1_136' title='bbox 1564 1268 1628 1320; x_wconf 86' lang='lat' dir='ltr'><strong>ad</strong></span> <span class='ocrx_word' id='word_1_137' title='bbox 1651 1283 1771 1321; x_wconf 89' lang='lat' dir='ltr'><strong>eum</strong></span> <span class='ocrx_word' id='word_1_138' title='bbox 1792 1270 1890 1321; x_wconf 87' lang='lat' dir='ltr'><strong>sub</strong></span> <span class='ocrx_word' id='word_1_139' title='bbox 1921 1267 2058 1321; x_wconf 88' lang='lat' dir='ltr'><strong>idem</strong></span> 
     </span>
    </p>
   </div>
   <div class='ocr_carea' id='block_1_13' title="bbox 488 1359 2072 1430">
    <p class='ocr_par' dir='ltr' id='par_1_13' title="bbox 488 1359 2072 1430">
     <span class='ocr_line' id='line_1_13' title="bbox 488 1359 2072 1430; baseline 0 -17"><span class='ocrx_word' id='word_1_140' title='bbox 488 1369 699 1429; x_wconf 84' lang='lat' dir='ltr'><strong>tempus</strong></span> <span class='ocrx_word' id='word_1_141' title='bbox 722 1361 953 1430; x_wconf 89' lang='lat' dir='ltr'><strong>scripsit,</strong></span> <span class='ocrx_word' id='word_1_142' title='bbox 980 1368 1033 1414; x_wconf 92' lang='lat' dir='ltr'><strong>et</strong></span> <span class='ocrx_word' id='word_1_143' title='bbox 1055 1359 1297 1428; x_wconf 70' lang='lat' dir='ltr'><strong>quzedam</strong></span> <span class='ocrx_word' id='word_1_144' title='bbox 1326 1359 1393 1414; x_wconf 92' lang='lat' dir='ltr'><strong>de</strong></span> <span class='ocrx_word' id='word_1_145' title='bbox 1421 1359 1718 1427; x_wconf 76' lang='lat' dir='ltr'><strong>Augustino</strong></span> <span class='ocrx_word' id='word_1_146' title='bbox 1747 1375 2072 1413; x_wconf 68' lang='lat' dir='ltr'><strong>commemo~</strong></span> 
     </span>
    </p>
   </div>
   <div class='ocr_carea' id='block_1_14' title="bbox 489 1450 2071 1513">
    <p class='ocr_par' dir='ltr' id='par_1_14' title="bbox 489 1450 2071 1513">
     <span class='ocr_line' id='line_1_14' title="bbox 489 1450 2071 1513; baseline 0.001 -9"><span class='ocrx_word' id='word_1_147' title='bbox 489 1453 641 1506; x_wconf 85' lang='lat' dir='ltr'><strong>ravit.</strong></span> <span class='ocrx_word' id='word_1_148' title='bbox 676 1463 698 1489; x_wconf 76' lang='grc' dir='ltr'>ι·</span> <span class='ocrx_word' id='word_1_149' title='bbox 729 1451 1055 1506; x_wconf 73' lang='lat' dir='ltr'><strong>Gratissima:</strong></span> <span class='ocrx_word' id='word_1_150' title='bbox 1107 1450 1331 1505; x_wconf 90' lang='lat' dir='ltr'><strong>Paulino</strong></span> <span class='ocrx_word' id='word_1_151' title='bbox 1386 1450 1597 1506; x_wconf 91' lang='lat' dir='ltr'><strong>fuerunt</strong></span> <span class='ocrx_word' id='word_1_152' title='bbox 1645 1452 1745 1505; x_wconf 74' lang='lat' dir='ltr'><strong>illa:</strong></span> <span class='ocrx_word' id='word_1_153' title='bbox 1774 1452 1983 1513; x_wconf 73' lang='lat' dir='ltr'><strong>litterre,</strong></span> <span class='ocrx_word' id='word_1_154' title='bbox 2016 1459 2071 1505; x_wconf 86' lang='lat' dir='ltr'><strong>et</strong></span> 
     </span>
    </p>
   </div>
   <div class='ocr_carea' id='block_1_15' title="bbox 492 1541 2072 1608">
    <p class='ocr_par' dir='ltr' id='par_1_15' title="bbox 492 1541 2072 1608">
     <span class='ocr_line' id='line_1_15' title="bbox 492 1541 2072 1608; baseline 0 -14"><span class='ocrx_word' id='word_1_155' title='bbox 492 1542 646 1595; x_wconf 91' lang='lat' dir='ltr'><strong>istam</strong></span> <span class='ocrx_word' id='word_1_156' title='bbox 672 1541 765 1596; x_wconf 92' lang='lat' dir='ltr'><strong>Dei</strong></span> <span class='ocrx_word' id='word_1_157' title='bbox 797 1542 1091 1597; x_wconf 87' lang='lat' dir='ltr'><strong>amicorum</strong></span> <span class='ocrx_word' id='word_1_158' title='bbox 1138 1542 1190 1595; x_wconf 91' lang='lat' dir='ltr'><strong>in</strong></span> <span class='ocrx_word' id='word_1_159' title='bbox 1221 1541 1405 1608; x_wconf 88' lang='lat' dir='ltr'><strong>ignoto</strong></span> <span class='ocrx_word' id='word_1_160' title='bbox 1438 1542 1569 1595; x_wconf 91' lang='lat' dir='ltr'><strong>orbe</strong></span> <span class='ocrx_word' id='word_1_161' title='bbox 1598 1554 1724 1608; x_wconf 83' lang='lat' dir='ltr'><strong>erga</strong></span> <span class='ocrx_word' id='word_1_162' title='bbox 1753 1556 1811 1596; x_wconf 90' lang='lat' dir='ltr'><strong>se</strong></span> <span class='ocrx_word' id='word_1_163' title='bbox 1838 1541 2072 1594; x_wconf 82' lang='lat' dir='ltr'><strong>benevo-</strong></span> 
     </span>
    </p>
   </div>
   <div class='ocr_carea' id='block_1_16' title="bbox 488 1629 2072 1701">
    <p class='ocr_par' dir='ltr' id='par_1_16' title="bbox 488 1629 2072 1701">
     <span class='ocr_line' id='line_1_16' title="bbox 488 1629 2072 1701; baseline 0.001 -18"><span class='ocrx_word' id='word_1_164' title='bbox 488 1630 706 1689; x_wconf 81' lang='lat' dir='ltr'><strong>tentiam</strong></span> <span class='ocrx_word' id='word_1_165' title='bbox 738 1630 1005 1700; x_wconf 86' lang='lat' dir='ltr'><strong>reputavit</strong></span> <span class='ocrx_word' id='word_1_166' title='bbox 1032 1629 1049 1667; x_wconf 69' lang='grc' dir='ltr'><strong>ί</strong></span> <span class='ocrx_word' id='word_1_167' title='bbox 1081 1630 1186 1701; x_wconf 66' lang='grc'><strong>43</strong></span> <span class='ocrx_word' id='word_1_168' title='bbox 1214 1630 1441 1698; x_wconf 75' lang='lat' dir='ltr'><strong>gratiam</strong></span> <span class='ocrx_word' id='word_1_169' title='bbox 1478 1630 1817 1685; x_wconf 86' lang='lat' dir='ltr'><strong>retributoris</strong></span> <span class='ocrx_word' id='word_1_170' title='bbox 1855 1630 1946 1684; x_wconf 86' lang='lat' dir='ltr'><strong>Dei</strong></span> <span class='ocrx_word' id='word_1_171' title='bbox 1975 1647 2072 1698; x_wconf 90' lang='lat' dir='ltr'><strong>pro</strong></span> 
     </span>
    </p>
   </div>
   <div class='ocr_carea' id='block_1_17' title="bbox 2168 993 3741 1068">
    <p class='ocr_par' dir='ltr' id='par_1_17' title="bbox 2168 993 3741 1068">
     <span class='ocr_line' id='line_1_17' title="bbox 2168 993 3741 1068; baseline 0.008 -23"><span class='ocrx_word' id='word_1_172' title='bbox 2168 1003 2254 1046; x_wconf 92' lang='lat' dir='ltr'><strong>tur</strong></span> <span class='ocrx_word' id='word_1_173' title='bbox 2282 993 2529 1064; x_wconf 83' lang='lat' dir='ltr'><strong>Alypium</strong></span> <span class='ocrx_word' id='word_1_174' title='bbox 2554 994 2786 1050; x_wconf 90' lang='lat' dir='ltr'><strong>voluisse</strong></span> <span class='ocrx_word' id='word_1_175' title='bbox 2815 1012 2935 1051; x_wconf 92' lang='lat' dir='ltr'><strong>cum</strong></span> <span class='ocrx_word' id='word_1_176' title='bbox 2981 1012 3048 1053; x_wconf 91' lang='lat' dir='ltr'><strong>eo</strong></span> <span class='ocrx_word' id='word_1_177' title='bbox 3071 1000 3300 1068; x_wconf 86' lang='lat' dir='ltr'><strong>jungere</strong></span> <span class='ocrx_word' id='word_1_178' title='bbox 3327 1001 3621 1057; x_wconf 85' lang='lat' dir='ltr'><strong>amicitiam</strong></span> <span class='ocrx_word' id='word_1_179' title='bbox 3654 1004 3741 1057; x_wconf 92' lang='lat' dir='ltr'><strong>ubi</strong></span> 
     </span>
    </p>
   </div>
   <div class='ocr_carea' id='block_1_18' title="bbox 2166 1085 3747 1162">
    <p class='ocr_par' dir='ltr' id='par_1_18' title="bbox 2166 1085 3747 1162">
     <span class='ocr_line' id='line_1_18' title="bbox 2166 1085 3747 1162; baseline 0.007 -26"><span class='ocrx_word' id='word_1_180' title='bbox 2166 1085 2383 1139; x_wconf 85' lang='lat' dir='ltr'><strong>rescivit</strong></span> <span class='ocrx_word' id='word_1_181' title='bbox 2403 1099 2525 1139; x_wconf 90' lang='lat' dir='ltr'><strong>eum</strong></span> <span class='ocrx_word' id='word_1_182' title='bbox 2549 1085 2736 1139; x_wconf 81' lang='lat' dir='ltr'><strong>Nolam</strong></span> <span class='ocrx_word' id='word_1_183' title='bbox 2765 1086 3099 1143; x_wconf 82' lang='lat' dir='ltr'><strong>adventasse.</strong></span> <span class='ocrx_word' id='word_1_184' title='bbox 3123 1088 3276 1156; x_wconf 84' lang='lat' dir='ltr'><strong>Quod</strong></span> <span class='ocrx_word' id='word_1_185' title='bbox 3297 1091 3341 1145; x_wconf 92' lang='lat' dir='ltr'><strong>si</strong></span> <span class='ocrx_word' id='word_1_186' title='bbox 3363 1107 3574 1146; x_wconf 89' lang='lat' dir='ltr'><strong>sacrum</strong></span> <span class='ocrx_word' id='word_1_187' title='bbox 3604 1109 3747 1162; x_wconf 85' lang='lat' dir='ltr'><strong>pres-</strong></span> 
     </span>
    </p>
   </div>
   <div class='ocr_carea' id='block_1_19' title="bbox 2172 1174 3743 1250">
    <p class='ocr_par' dir='ltr' id='par_1_19' title="bbox 2172 1174 3743 1250">
     <span class='ocr_line' id='line_1_19' title="bbox 2172 1174 3743 1250; baseline 0.006 -23"><span class='ocrx_word' id='word_1_188' title='bbox 2172 1174 2446 1245; x_wconf 75' lang='lat' dir='ltr'><strong>byteratus</strong></span> <span class='ocrx_word' id='word_1_189' title='bbox 2476 1175 2717 1230; x_wconf 88' lang='lat' dir='ltr'><strong>ordinem</strong></span> <span class='ocrx_word' id='word_1_190' title='bbox 2752 1175 2840 1231; x_wconf 89' lang='lat' dir='ltr'><strong>die</strong></span> <span class='ocrx_word' id='word_1_191' title='bbox 2887 1177 3151 1234; x_wconf 73' lang='lat' dir='ltr'><strong>dominica</strong></span> <span class='ocrx_word' id='word_1_192' title='bbox 3206 1182 3442 1250; x_wconf 86' lang='lat' dir='ltr'><strong>suscepit</strong></span> <span class='ocrx_word' id='word_1_193' title='bbox 3487 1182 3743 1250; x_wconf 87' lang='lat' dir='ltr'><strong>vigesima</strong></span> 
     </span>
    </p>
   </div>
   <div class='ocr_carea' id='block_1_20' title="bbox 2171 1265 3749 1335">
    <p class='ocr_par' dir='ltr' id='par_1_20' title="bbox 2171 1265 3749 1335">
     <span class='ocr_line' id='line_1_20' title="bbox 2171 1265 3749 1335; baseline 0.007 -18"><span class='ocrx_word' id='word_1_194' title='bbox 2171 1266 2357 1334; x_wconf 87' lang='lat' dir='ltr'><strong>qttinta</strong></span> <span class='ocrx_word' id='word_1_195' title='bbox 2390 1265 2698 1320; x_wconf 83' lang='lat' dir='ltr'><strong>Decembris</strong></span> <span class='ocrx_word' id='word_1_196' title='bbox 2724 1267 2831 1335; x_wconf 86' lang='lat' dir='ltr'><strong>die,</strong></span> <span class='ocrx_word' id='word_1_197' title='bbox 2881 1284 2943 1321; x_wconf 88' lang='lat' dir='ltr'><strong>ea</strong></span> <span class='ocrx_word' id='word_1_198' title='bbox 2971 1269 3058 1323; x_wconf 92' lang='lat' dir='ltr'><strong>die</strong></span> <span class='ocrx_word' id='word_1_199' title='bbox 3099 1271 3280 1324; x_wconf 83' lang='lat' dir='ltr'><strong>incidit</strong></span> <span class='ocrx_word' id='word_1_200' title='bbox 3307 1272 3576 1327; x_wconf 88' lang='lat' dir='ltr'><strong>dominica</strong></span> <span class='ocrx_word' id='word_1_201' title='bbox 3605 1289 3749 1328; x_wconf 71' lang='lat' dir='ltr'><strong>anno</strong></span> 
     </span>
    </p>
   </div>
   <div class='ocr_carea' id='block_1_21' title="bbox 2171 1358 3744 1431">
    <p class='ocr_par' dir='ltr' id='par_1_21' title="bbox 2171 1358 3744 1431">
     <span class='ocr_line' id='line_1_21' title="bbox 2171 1358 3744 1431; baseline 0.006 -22"><span class='ocrx_word' id='word_1_202' title='bbox 2171 1358 2551 1411; x_wconf 85' lang='lat' dir='ltr'><strong>trecentesimo</strong></span> <span class='ocrx_word' id='word_1_203' title='bbox 2581 1360 2926 1431; x_wconf 68' lang='lat' dir='ltr'><strong>nonagesimo</strong></span> <span class='ocrx_word' id='word_1_204' title='bbox 2950 1363 3126 1425; x_wconf 91' lang='lat' dir='ltr'><strong>tertio,</strong></span> <span class='ocrx_word' id='word_1_205' title='bbox 3154 1378 3258 1415; x_wconf 92' lang='lat' dir='ltr'><strong>non</strong></span> <span class='ocrx_word' id='word_1_206' title='bbox 3294 1379 3423 1417; x_wconf 86' lang='lat' dir='ltr'><strong>vero</strong></span> <span class='ocrx_word' id='word_1_207' title='bbox 3452 1379 3596 1417; x_wconf 90' lang='lat' dir='ltr'><strong>anno</strong></span> <span class='ocrx_word' id='word_1_208' title='bbox 3621 1362 3744 1418; x_wconf 73' lang='lat'><strong>592.</strong></span> 
     </span>
    </p>
   </div>
   <div class='ocr_carea' id='block_1_22' title="bbox 2177 1446 3748 1518">
    <p class='ocr_par' dir='ltr' id='par_1_22' title="bbox 2177 1446 3748 1518">
     <span class='ocr_line' id='line_1_22' title="bbox 2177 1446 3748 1518; baseline 0.004 -17"><span class='ocrx_word' id='word_1_209' title='bbox 2177 1446 2316 1512; x_wconf 66' lang='lat' dir='ltr'><strong>Quin</strong></span> <span class='ocrx_word' id='word_1_210' title='bbox 2367 1448 2530 1500; x_wconf 84' lang='lat' dir='ltr'><strong>etiam</strong></span> <span class='ocrx_word' id='word_1_211' title='bbox 2563 1449 2733 1501; x_wconf 86' lang='lat' dir='ltr'><strong>series</strong></span> <span class='ocrx_word' id='word_1_212' title='bbox 2762 1450 3057 1502; x_wconf 79' lang='lat' dir='ltr'><strong>carminum</strong></span> <span class='ocrx_word' id='word_1_213' title='bbox 3101 1465 3219 1518; x_wconf 63' lang='lat' dir='ltr'><strong>qua:</strong></span> <span class='ocrx_word' id='word_1_214' title='bbox 3255 1452 3477 1518; x_wconf 87' lang='lat' dir='ltr'><strong>singulis</strong></span> <span class='ocrx_word' id='word_1_215' title='bbox 3517 1454 3674 1507; x_wconf 84' lang='lat' dir='ltr'><strong>annis</strong></span> <span class='ocrx_word' id='word_1_216' title='bbox 3699 1471 3748 1507; x_wconf 90' lang='lat' dir='ltr'><strong>tn</strong></span> 
     </span>
    </p>
   </div>
   <div class='ocr_carea' id='block_1_23' title="bbox 2177 1537 3751 1608">
    <p class='ocr_par' dir='ltr' id='par_1_23' title="bbox 2177 1537 3751 1608">
     <span class='ocr_line' id='line_1_23' title="bbox 2177 1537 3751 1608; baseline 0.003 -17"><span class='ocrx_word' id='word_1_217' title='bbox 2177 1538 2437 1591; x_wconf 89' lang='lat' dir='ltr'><strong>honorem</strong></span> <span class='ocrx_word' id='word_1_218' title='bbox 2465 1538 2523 1591; x_wconf 86' lang='lat' dir='ltr'><strong>S.</strong></span> <span class='ocrx_word' id='word_1_219' title='bbox 2556 1537 2747 1593; x_wconf 77' lang='lat' dir='ltr'><strong>Felicis</strong></span> <span class='ocrx_word' id='word_1_220' title='bbox 2786 1540 2997 1608; x_wconf 73' lang='lat' dir='ltr'><strong>scripsit</strong></span> <span class='ocrx_word' id='word_1_221' title='bbox 3020 1537 3288 1605; x_wconf 82' lang='lat' dir='ltr'><strong>Paulinus,</strong></span> <span class='ocrx_word' id='word_1_222' title='bbox 3320 1539 3472 1596; x_wconf 75' lang='lat' dir='ltr'><strong>facile</strong></span> <span class='ocrx_word' id='word_1_223' title='bbox 3499 1558 3569 1596; x_wconf 90' lang='lat' dir='ltr'><strong>eo</strong></span> <span class='ocrx_word' id='word_1_224' title='bbox 3588 1544 3751 1597; x_wconf 83' lang='lat' dir='ltr'><strong>modo</strong></span> 
     </span>
    </p>
   </div>
   <div class='ocr_carea' id='block_1_24' title="bbox 2175 1629 3749 1699">
    <p class='ocr_par' dir='ltr' id='par_1_24' title="bbox 2175 1629 3749 1699">
     <span class='ocr_line' id='line_1_24' title="bbox 2175 1629 3749 1699; baseline 0.002 -16"><span class='ocrx_word' id='word_1_225' title='bbox 2175 1646 2295 1683; x_wconf 90' lang='lat' dir='ltr'><strong>cum</strong></span> <span class='ocrx_word' id='word_1_226' title='bbox 2317 1629 2537 1683; x_wconf 86' lang='lat' dir='ltr'><strong>historia</strong></span> <span class='ocrx_word' id='word_1_227' title='bbox 2567 1638 2864 1699; x_wconf 85' lang='lat' dir='ltr'><strong>temporum</strong></span> <span class='ocrx_word' id='word_1_228' title='bbox 2893 1632 3157 1698; x_wconf 87' lang='lat' dir='ltr'><strong>congruit.</strong></span> <span class='ocrx_word' id='word_1_229' title='bbox 3183 1630 3320 1686; x_wconf 90' lang='lat' dir='ltr'><strong>Dicit</strong></span> <span class='ocrx_word' id='word_1_230' title='bbox 3338 1632 3435 1685; x_wconf 86' lang='lat' dir='ltr'><strong>sibi</strong></span> <span class='ocrx_word' id='word_1_231' title='bbox 3456 1633 3619 1686; x_wconf 83' lang='lat' dir='ltr'><strong>luisse</strong></span> <span class='ocrx_word' id='word_1_232' title='bbox 3641 1642 3749 1687; x_wconf 89' lang='lat' dir='ltr'><strong>tum</strong></span> 
     </span>
    </p>
   </div>
   <div class='ocr_carea' id='block_1_25' title="bbox 491 1720 3754 1792">
    <p class='ocr_par' dir='ltr' id='par_1_25' title="bbox 491 1720 3754 1792">
     <span class='ocr_line' id='line_1_25' title="bbox 491 1720 3754 1792; baseline 0.002 -22"><span class='ocrx_word' id='word_1_233' title='bbox 491 1720 841 1789; x_wconf 85' lang='lat' dir='ltr'><strong>patrimoniis,</strong></span> <span class='ocrx_word' id='word_1_234' title='bbox 874 1720 1045 1790; x_wconf 88' lang='lat' dir='ltr'><strong>patria</strong></span> <span class='ocrx_word' id='word_1_235' title='bbox 1084 1728 1138 1775; x_wconf 90' lang='lat' dir='ltr'><strong>et</strong></span> <span class='ocrx_word' id='word_1_236' title='bbox 1164 1720 1477 1790; x_wconf 87' lang='lat' dir='ltr'><strong>parentibus</strong></span> <span class='ocrx_word' id='word_1_237' title='bbox 1519 1721 1634 1787; x_wconf 81' lang='lat' dir='ltr'><strong>ejus</strong></span> <span class='ocrx_word' id='word_1_238' title='bbox 1671 1735 1831 1775; x_wconf 89' lang='lat' dir='ltr'><strong>causa</strong></span> <span class='ocrx_word' id='word_1_239' title='bbox 1868 1720 2066 1775; x_wconf 88' lang='lat' dir='ltr'><strong>dereli—</strong></span> <span class='ocrx_word' id='word_1_240' title='bbox 2105 1727 2144 1782; x_wconf 73' lang='lat' dir='ltr'><strong>lt</strong></span> <span class='ocrx_word' id='word_1_241' title='bbox 2174 1730 2199 1757; x_wconf 83' lang='grc' dir='ltr'>υ</span> <span class='ocrx_word' id='word_1_242' title='bbox 2229 1737 2346 1774; x_wconf 89' lang='lat' dir='ltr'><strong>eam</strong></span> <span class='ocrx_word' id='word_1_243' title='bbox 2380 1728 2613 1787; x_wconf 84' lang='lat' dir='ltr'><strong>:etatem,</strong></span> <span class='ocrx_word' id='word_1_244' title='bbox 2634 1735 2737 1789; x_wconf 91' lang='lat' dir='ltr'><strong>qua</strong></span> <span class='ocrx_word' id='word_1_245' title='bbox 2764 1720 2859 1777; x_wconf 88' lang='lat' dir='ltr'><strong>fuit</strong></span> <span class='ocrx_word' id='word_1_246' title='bbox 2886 1721 3104 1776; x_wconf 88' lang='lat' dir='ltr'><strong>claudus</strong></span> <span class='ocrx_word' id='word_1_247' title='bbox 3133 1722 3199 1776; x_wconf 91' lang='lat' dir='ltr'><strong>ab</strong></span> <span class='ocrx_word' id='word_1_248' title='bbox 3226 1723 3482 1792; x_wconf 89' lang='lat' dir='ltr'><strong>apostolis</strong></span> <span class='ocrx_word' id='word_1_249' title='bbox 3509 1722 3672 1777; x_wconf 88' lang='lat' dir='ltr'><strong>Petro</strong></span> <span class='ocrx_word' id='word_1_250' title='bbox 3700 1731 3754 1776; x_wconf 89' lang='lat' dir='ltr'><strong>et</strong></span> 
     </span>
    </p>
   </div>
   <div class='ocr_carea' id='block_1_26' title="bbox 493 1810 2069 1880">
    <p class='ocr_par' dir='ltr' id='par_1_26' title="bbox 493 1810 2069 1880">
     <span class='ocr_line' id='line_1_26' title="bbox 493 1810 2069 1880; baseline 0.001 -16"><span class='ocrx_word' id='word_1_251' title='bbox 493 1812 609 1865; x_wconf 80' lang='lat' dir='ltr'><strong>etis.</strong></span> <span class='ocrx_word' id='word_1_252' title='bbox 635 1810 710 1865; x_wconf 75' lang='lat' dir='ltr'><strong>Ex</strong></span> <span class='ocrx_word' id='word_1_253' title='bbox 736 1827 801 1866; x_wconf 93' lang='lat' dir='ltr'><strong>eo</strong></span> <span class='ocrx_word' id='word_1_254' title='bbox 824 1822 1063 1880; x_wconf 89' lang='lat' dir='ltr'><strong>tempore</strong></span> <span class='ocrx_word' id='word_1_255' title='bbox 1086 1823 1109 1855; x_wconf 77' lang='grc' dir='ltr'><strong>κ</strong></span> <span class='ocrx_word' id='word_1_256' title='bbox 1135 1812 1484 1880; x_wconf 85' lang='lat' dir='ltr'><strong>Augustinum</strong></span> <span class='ocrx_word' id='word_1_257' title='bbox 1509 1821 1563 1866; x_wconf 89' lang='lat' dir='ltr'><strong>et</strong></span> <span class='ocrx_word' id='word_1_258' title='bbox 1590 1812 1809 1867; x_wconf 84' lang='lat' dir='ltr'><strong>miratus</strong></span> <span class='ocrx_word' id='word_1_259' title='bbox 1828 1822 1910 1867; x_wconf 85' lang='lat' dir='ltr'><strong>est</strong></span> <span class='ocrx_word' id='word_1_260' title='bbox 1933 1815 2069 1867; x_wconf 90' lang='lat' dir='ltr'><strong>ntul-</strong></span> 
     </span>
    </p>
   </div>
   <div class='ocr_carea' id='block_1_27' title="bbox 495 1901 2071 1972">
    <p class='ocr_par' dir='ltr' id='par_1_27' title="bbox 495 1901 2071 1972">
     <span class='ocr_line' id='line_1_27' title="bbox 495 1901 2071 1972; baseline 0.003 -19"><span class='ocrx_word' id='word_1_261' title='bbox 495 1911 624 1965; x_wconf 89' lang='lat' dir='ltr'><strong>tum,</strong></span> <span class='ocrx_word' id='word_1_262' title='bbox 643 1910 698 1954; x_wconf 87' lang='lat' dir='ltr'><strong>et</strong></span> <span class='ocrx_word' id='word_1_263' title='bbox 724 1912 1004 1956; x_wconf 87' lang='lat' dir='ltr'><strong>veneratus</strong></span> <span class='ocrx_word' id='word_1_264' title='bbox 1033 1902 1114 1956; x_wconf 85' lang='lat' dir='ltr'><strong>e&#39;st</strong></span> <span class='ocrx_word' id='word_1_265' title='bbox 1138 1911 1496 1972; x_wconf 88' lang='lat' dir='ltr'><strong>peratnanter.</strong></span> <span class='ocrx_word' id='word_1_266' title='bbox 1526 1902 1818 1957; x_wconf 74' lang='lat' dir='ltr'><strong>Accersivit</strong></span> <span class='ocrx_word' id='word_1_267' title='bbox 1846 1901 1871 1939; x_wconf 76' lang='grc' dir='ltr'><strong>ιι</strong></span> <span class='ocrx_word' id='word_1_268' title='bbox 1906 1903 2071 1959; x_wconf 72' lang='lat' dir='ltr'><strong>Roma</strong></span> 
     </span>
    </p>
   </div>
   <div class='ocr_carea' id='block_1_28' title="bbox 498 1990 2075 2065">
    <p class='ocr_par' dir='ltr' id='par_1_28' title="bbox 498 1990 2075 2065">
     <span class='ocr_line' id='line_1_28' title="bbox 498 1990 2075 2065; baseline 0.003 -20"><span class='ocrx_word' id='word_1_269' title='bbox 498 1990 714 2047; x_wconf 89' lang='lat' dir='ltr'><strong>Eusebii</strong></span> <span class='ocrx_word' id='word_1_270' title='bbox 749 1993 815 2049; x_wconf 90' lang='lat' dir='ltr'><strong>de</strong></span> <span class='ocrx_word' id='word_1_271' title='bbox 850 1996 1054 2050; x_wconf 87' lang='lat' dir='ltr'><strong>cunctis</strong></span> <span class='ocrx_word' id='word_1_272' title='bbox 1104 1996 1434 2065; x_wconf 89' lang='lat' dir='ltr'><strong>temporibus</strong></span> <span class='ocrx_word' id='word_1_273' title='bbox 1463 1996 1736 2050; x_wconf 86' lang='lat' dir='ltr'><strong>historiam</strong></span> <span class='ocrx_word' id='word_1_274' title='bbox 1770 1996 1946 2065; x_wconf 85' lang='lat' dir='ltr'><strong>(unde</strong></span> <span class='ocrx_word' id='word_1_275' title='bbox 1976 1996 2075 2050; x_wconf 89' lang='lat' dir='ltr'><strong>fuit</strong></span> 
     </span>
    </p>
   </div>
   <div class='ocr_carea' id='block_1_29' title="bbox 500 2084 2075 2159">
    <p class='ocr_par' dir='ltr' id='par_1_29' title="bbox 500 2084 2075 2159">
     <span class='ocr_line' id='line_1_29' title="bbox 500 2084 2075 2159; baseline 0.003 -22"><span class='ocrx_word' id='word_1_276' title='bbox 500 2084 849 2159; x_wconf 85' lang='lat' dir='ltr'><strong>respondendi</strong></span> <span class='ocrx_word' id='word_1_277' title='bbox 880 2086 1051 2153; x_wconf 87' lang='lat' dir='ltr'><strong>mora)</strong></span> <span class='ocrx_word' id='word_1_278' title='bbox 1082 2100 1240 2154; x_wconf 89' lang='lat' dir='ltr'><strong>quam</strong></span> <span class='ocrx_word' id='word_1_279' title='bbox 1259 2086 1404 2141; x_wconf 88' lang='lat' dir='ltr'><strong>misit</strong></span> <span class='ocrx_word' id='word_1_280' title='bbox 1427 2085 1659 2151; x_wconf 81' lang='lat' dir='ltr'><strong>Aurelio,</strong></span> <span class='ocrx_word' id='word_1_281' title='bbox 1691 2087 1784 2157; x_wconf 90' lang='lat' dir='ltr'><strong>qtti</strong></span> <span class='ocrx_word' id='word_1_282' title='bbox 1811 2102 1930 2141; x_wconf 90' lang='lat' dir='ltr'><strong>eam</strong></span> <span class='ocrx_word' id='word_1_283' title='bbox 1953 2086 2075 2142; x_wconf 88' lang='lat' dir='ltr'><strong>red-</strong></span> 
     </span>
    </p>
   </div>
   <div class='ocr_carea' id='block_1_30' title="bbox 499 2175 2074 2246">
    <p class='ocr_par' dir='ltr' id='par_1_30' title="bbox 499 2175 2074 2246">
     <span class='ocr_line' id='line_1_30' title="bbox 499 2175 2074 2246; baseline 0.005 -20"><span class='ocrx_word' id='word_1_284' title='bbox 499 2175 651 2228; x_wconf 90' lang='lat' dir='ltr'><strong>deret</strong></span> <span class='ocrx_word' id='word_1_285' title='bbox 681 2175 869 2246; x_wconf 84' lang='lat' dir='ltr'><strong>Alypio</strong></span> <span class='ocrx_word' id='word_1_286' title='bbox 899 2175 966 2231; x_wconf 88' lang='lat' dir='ltr'><strong>ad</strong></span> <span class='ocrx_word' id='word_1_287' title='bbox 1010 2192 1170 2245; x_wconf 87' lang='lat' dir='ltr'><strong>quem</strong></span> <span class='ocrx_word' id='word_1_288' title='bbox 1220 2193 1321 2232; x_wconf 88' lang='lat' dir='ltr'><strong>ttna</strong></span> <span class='ocrx_word' id='word_1_289' title='bbox 1350 2177 1496 2232; x_wconf 88' lang='lat' dir='ltr'><strong>dedit</strong></span> <span class='ocrx_word' id='word_1_290' title='bbox 1542 2177 1794 2233; x_wconf 87' lang='lat' dir='ltr'><strong>Paulinus</strong></span> <span class='ocrx_word' id='word_1_291' title='bbox 1838 2180 2074 2245; x_wconf 84' lang='lat' dir='ltr'><strong>litteras,</strong></span> 
     </span>
    </p>
   </div>
   <div class='ocr_carea' id='block_1_31' title="bbox 503 2270 2069 2340">
    <p class='ocr_par' dir='ltr' id='par_1_31' title="bbox 503 2270 2069 2340">
     <span class='ocr_line' id='line_1_31' title="bbox 503 2270 2069 2340; baseline 0.004 -21"><span class='ocrx_word' id='word_1_292' title='bbox 503 2283 615 2335; x_wconf 63' lang='lat' dir='ltr'><strong>qua!</strong></span> <span class='ocrx_word' id='word_1_293' title='bbox 645 2270 933 2322; x_wconf 90' lang='lat' dir='ltr'><strong>etiamnum</strong></span> <span class='ocrx_word' id='word_1_294' title='bbox 988 2276 1221 2334; x_wconf 80' lang='lat' dir='ltr'><strong>exstant,</strong></span> <span class='ocrx_word' id='word_1_295' title='bbox 1260 2270 1311 2324; x_wconf 91' lang='lat' dir='ltr'><strong>in</strong></span> <span class='ocrx_word' id='word_1_296' title='bbox 1355 2270 1548 2340; x_wconf 89' lang='lat' dir='ltr'><strong>quibus</strong></span> <span class='ocrx_word' id='word_1_297' title='bbox 1585 2271 1828 2340; x_wconf 87' lang='lat' dir='ltr'><strong>Alypium</strong></span> <span class='ocrx_word' id='word_1_298' title='bbox 1859 2280 2013 2338; x_wconf 83' lang='lat' dir='ltr'><strong>rogat</strong></span> <span class='ocrx_word' id='word_1_299' title='bbox 2056 2271 2069 2308; x_wconf 73' lang='grc'><strong><em>⁸</em></strong></span> 
     </span>
    </p>
   </div>
   <div class='ocr_carea' id='block_1_32' title="bbox 505 2360 2076 2417">
    <p class='ocr_par' dir='ltr' id='par_1_32' title="bbox 505 2360 2076 2417">
     <span class='ocr_line' id='line_1_32' title="bbox 505 2360 2076 2417; baseline 0.004 -7"><span class='ocrx_word' id='word_1_300' title='bbox 505 2366 562 2410; x_wconf 82' lang='grc' dir='ltr'><strong>ιιι</strong></span> <span class='ocrx_word' id='word_1_301' title='bbox 590 2374 805 2412; x_wconf 88' lang='lat' dir='ltr'><strong>omnem</strong></span> <span class='ocrx_word' id='word_1_302' title='bbox 833 2360 956 2413; x_wconf 80' lang='lat' dir='ltr'><strong>vita:</strong></span> <span class='ocrx_word' id='word_1_303' title='bbox 984 2374 1091 2414; x_wconf 73' lang='lat' dir='ltr'><strong>sum</strong></span> <span class='ocrx_word' id='word_1_304' title='bbox 1119 2360 1396 2415; x_wconf 90' lang='lat' dir='ltr'><strong>historiam</strong></span> <span class='ocrx_word' id='word_1_305' title='bbox 1443 2362 1542 2416; x_wconf 91' lang='lat' dir='ltr'><strong>sibi</strong></span> <span class='ocrx_word' id='word_1_306' title='bbox 1594 2360 1813 2416; x_wconf 78' lang='lat' dir='ltr'><strong>referat.</strong></span> <span class='ocrx_word' id='word_1_307' title='bbox 1846 2363 1923 2416; x_wconf 89' lang='lat' dir='ltr'><strong>Ad</strong></span> <span class='ocrx_word' id='word_1_308' title='bbox 1954 2379 2076 2417; x_wconf 90' lang='lat' dir='ltr'><strong>eum</strong></span> 
     </span>
    </p>
   </div>
   <div class='ocr_carea' id='block_1_33' title="bbox 507 2448 2081 2522">
    <p class='ocr_par' dir='ltr' id='par_1_33' title="bbox 507 2448 2081 2522">
     <span class='ocr_line' id='line_1_33' title="bbox 507 2448 2081 2522; baseline 0.004 -21"><span class='ocrx_word' id='word_1_309' title='bbox 507 2448 663 2501; x_wconf 64' lang='lat' dir='ltr'><strong>etiam</strong></span> <span class='ocrx_word' id='word_1_310' title='bbox 697 2448 710 2498; x_wconf 84' lang='lat' dir='ltr'><strong>i</strong></span> <span class='ocrx_word' id='word_1_311' title='bbox 743 2448 888 2502; x_wconf 91' lang='lat' dir='ltr'><strong>misit</strong></span> <span class='ocrx_word' id='word_1_312' title='bbox 914 2456 1128 2519; x_wconf 82' lang='lat' dir='ltr'><strong>panem,</strong></span> <span class='ocrx_word' id='word_1_313' title='bbox 1169 2466 1327 2520; x_wconf 90' lang='lat' dir='ltr'><strong>quem</strong></span> <span class='ocrx_word' id='word_1_314' title='bbox 1357 2452 1491 2521; x_wconf 88' lang='lat' dir='ltr'><strong>petit</strong></span> <span class='ocrx_word' id='word_1_315' title='bbox 1527 2460 1585 2507; x_wconf 92' lang='lat' dir='ltr'><strong>ut</strong></span> <span class='ocrx_word' id='word_1_316' title='bbox 1608 2453 1835 2521; x_wconf 84' lang='lat' dir='ltr'><strong>accipiat</strong></span> <span class='ocrx_word' id='word_1_317' title='bbox 1862 2469 1959 2522; x_wconf 91' lang='lat' dir='ltr'><strong>pro</strong></span> <span class='ocrx_word' id='word_1_318' title='bbox 1987 2470 2081 2507; x_wconf 88' lang='lat' dir='ltr'><strong>eu-</strong></span> 
     </span>
    </p>
   </div>
   <div class='ocr_carea' id='block_1_34' title="bbox 506 2535 2076 2610">
    <p class='ocr_par' dir='ltr' id='par_1_34' title="bbox 506 2535 2076 2610">
     <span class='ocr_line' id='line_1_34' title="bbox 506 2535 2076 2610; baseline 0.004 -21"><span class='ocrx_word' id='word_1_319' title='bbox 506 2535 644 2603; x_wconf 80' lang='lat' dir='ltr'><strong>logia</strong></span> <span class='ocrx_word' id='word_1_320' title='bbox 671 2555 683 2588; x_wconf 90' lang='lat'><strong>:</strong></span> <span class='ocrx_word' id='word_1_321' title='bbox 716 2536 858 2605; x_wconf 91' lang='lat' dir='ltr'><strong>quod</strong></span> <span class='ocrx_word' id='word_1_322' title='bbox 897 2537 995 2592; x_wconf 87' lang='lat' dir='ltr'><strong>fuit</strong></span> <span class='ocrx_word' id='word_1_323' title='bbox 1032 2537 1056 2576; x_wconf 83' lang='grc' dir='ltr'>¹ι</span> <span class='ocrx_word' id='word_1_324' title='bbox 1087 2540 1138 2593; x_wconf 92' lang='lat' dir='ltr'><strong>in</strong></span> <span class='ocrx_word' id='word_1_325' title='bbox 1170 2555 1318 2594; x_wconf 89' lang='lat' dir='ltr'><strong>more</strong></span> <span class='ocrx_word' id='word_1_326' title='bbox 1346 2541 1575 2609; x_wconf 89' lang='lat' dir='ltr'><strong>positum</strong></span> <span class='ocrx_word' id='word_1_327' title='bbox 1611 2541 1752 2610; x_wconf 89' lang='lat' dir='ltr'><strong>apttd</strong></span> <span class='ocrx_word' id='word_1_328' title='bbox 1783 2539 2076 2597; x_wconf 90' lang='lat' dir='ltr'><strong>Paulinum.</strong></span> 
     </span>
    </p>
   </div>
   <div class='ocr_carea' id='block_1_35' title="bbox 508 2626 2083 2698">
    <p class='ocr_par' dir='ltr' id='par_1_35' title="bbox 508 2626 2083 2698">
     <span class='ocr_line' id='line_1_35' title="bbox 508 2626 2083 2698; baseline 0.004 -19"><span class='ocrx_word' id='word_1_329' title='bbox 508 2626 851 2694; x_wconf 84' lang='lat' dir='ltr'><strong>Augustinus,</strong></span> <span class='ocrx_word' id='word_1_330' title='bbox 885 2628 1023 2698; x_wconf 89' lang='lat' dir='ltr'><strong>apud</strong></span> <span class='ocrx_word' id='word_1_331' title='bbox 1052 2643 1210 2697; x_wconf 91' lang='lat' dir='ltr'><strong>quem</strong></span> <span class='ocrx_word' id='word_1_332' title='bbox 1236 2630 1281 2684; x_wconf 93' lang='lat' dir='ltr'><strong>is</strong></span> <span class='ocrx_word' id='word_1_333' title='bbox 1307 2645 1423 2684; x_wconf 89' lang='lat' dir='ltr'><strong>mos</strong></span> <span class='ocrx_word' id='word_1_334' title='bbox 1453 2646 1560 2684; x_wconf 90' lang='lat' dir='ltr'><strong>non</strong></span> <span class='ocrx_word' id='word_1_335' title='bbox 1586 2631 1912 2694; x_wconf 88' lang='lat' dir='ltr'><strong>obtinuerat,</strong></span> <span class='ocrx_word' id='word_1_336' title='bbox 1944 2630 2083 2685; x_wconf 89' lang='lat' dir='ltr'><strong>Pau-</strong></span> 
     </span>
    </p>
   </div>
   <div class='ocr_carea' id='block_1_36' title="bbox 510 2716 2085 2792">
    <p class='ocr_par' dir='ltr' id='par_1_36' title="bbox 510 2716 2085 2792">
     <span class='ocr_line' id='line_1_36' title="bbox 510 2716 2085 2792; baseline 0.004 -21"><span class='ocrx_word' id='word_1_337' title='bbox 510 2719 618 2773; x_wconf 89' lang='lat' dir='ltr'><strong>lino</strong></span> <span class='ocrx_word' id='word_1_338' title='bbox 639 2726 815 2778; x_wconf 90' lang='lat' dir='ltr'><strong>tamen</strong></span> <span class='ocrx_word' id='word_1_339' title='bbox 846 2716 868 2759; x_wconf 77' lang='grc' dir='ltr'><strong>ι</strong></span> <span class='ocrx_word' id='word_1_340' title='bbox 899 2721 1045 2776; x_wconf 89' lang='lat' dir='ltr'><strong>misit</strong></span> <span class='ocrx_word' id='word_1_341' title='bbox 1070 2737 1261 2791; x_wconf 90' lang='lat' dir='ltr'><strong>panem</strong></span> <span class='ocrx_word' id='word_1_342' title='bbox 1291 2738 1411 2778; x_wconf 91' lang='lat' dir='ltr'><strong>eum</strong></span> <span class='ocrx_word' id='word_1_343' title='bbox 1442 2723 1687 2792; x_wconf 89' lang='lat' dir='ltr'><strong>epistola,</strong></span> <span class='ocrx_word' id='word_1_344' title='bbox 1719 2723 1772 2776; x_wconf 94' lang='lat' dir='ltr'><strong>in</strong></span> <span class='ocrx_word' id='word_1_345' title='bbox 1799 2722 1951 2792; x_wconf 83' lang='lat' dir='ltr'><strong>cujtis</strong></span> <span class='ocrx_word' id='word_1_346' title='bbox 1982 2722 2085 2778; x_wconf 84' lang='lat' dir='ltr'><strong>line</strong></span> 
     </span>
    </p>
   </div>
   <div class='ocr_carea' id='block_1_37' title="bbox 512 2807 2078 2883">
    <p class='ocr_par' dir='ltr' id='par_1_37' title="bbox 512 2807 2078 2883">
     <span class='ocr_line' id='line_1_37' title="bbox 512 2807 2078 2883; baseline 0.004 -22"><span class='ocrx_word' id='word_1_347' title='bbox 512 2817 644 2874; x_wconf 87' lang='lat' dir='ltr'><strong>erat,</strong></span> <span class='ocrx_word' id='word_1_348' title='bbox 676 2807 839 2863; x_wconf 90' lang='lat' dir='ltr'><strong>Panis</strong></span> <span class='ocrx_word' id='word_1_349' title='bbox 857 2827 1002 2881; x_wconf 82' lang='lat' dir='ltr'><strong>quem</strong></span> <span class='ocrx_word' id='word_1_350' title='bbox 1041 2812 1269 2865; x_wconf 87' lang='lat' dir='ltr'><strong>misimus</strong></span> <span class='ocrx_word' id='word_1_351' title='bbox 1298 2811 1501 2866; x_wconf 85' lang='lat' dir='ltr'><strong>uberior</strong></span> <span class='ocrx_word' id='word_1_352' title='bbox 1520 2811 1799 2867; x_wconf 80' lang='lat' dir='ltr'><strong>benedictio</strong></span> <span class='ocrx_word' id='word_1_353' title='bbox 1817 2814 1906 2883; x_wconf 81' lang='lat' dir='ltr'><strong>[iet</strong></span> <span class='ocrx_word' id='word_1_354' title='bbox 1926 2814 2078 2867; x_wconf 83' lang='lat' dir='ltr'><strong>dilec-</strong></span> 
     </span>
    </p>
   </div>
   <div class='ocr_carea' id='block_1_38' title="bbox 514 2902 2086 2976">
    <p class='ocr_par' dir='ltr' id='par_1_38' title="bbox 514 2902 2086 2976">
     <span class='ocr_line' id='line_1_38' title="bbox 514 2902 2086 2976; baseline 0.006 -24"><span class='ocrx_word' id='word_1_355' title='bbox 514 2902 650 2954; x_wconf 82' lang='lat' dir='ltr'><strong>tione</strong></span> <span class='ocrx_word' id='word_1_356' title='bbox 678 2903 974 2972; x_wconf 87' lang='lat' dir='ltr'><strong>accipientis</strong></span> <span class='ocrx_word' id='word_1_357' title='bbox 1006 2914 1181 2958; x_wconf 77' lang='lat' dir='ltr'><strong>restra:</strong></span> <span class='ocrx_word' id='word_1_358' title='bbox 1201 2905 1553 2976; x_wconf 75' lang='lat' dir='ltr'><strong>benignitatis.</strong></span> <span class='ocrx_word' id='word_1_359' title='bbox 1589 2904 1739 2959; x_wconf 87' lang='lat' dir='ltr'><strong>Unde</strong></span> <span class='ocrx_word' id='word_1_360' title='bbox 1768 2922 1872 2960; x_wconf 90' lang='lat' dir='ltr'><strong>non</strong></span> <span class='ocrx_word' id='word_1_361' title='bbox 1896 2907 2086 2961; x_wconf 84' lang='lat' dir='ltr'><strong>imme-</strong></span> 
     </span>
    </p>
   </div>
   <div class='ocr_carea' id='block_1_39' title="bbox 516 2989 2091 3065">
    <p class='ocr_par' dir='ltr' id='par_1_39' title="bbox 516 2989 2091 3065">
     <span class='ocr_line' id='line_1_39' title="bbox 516 2989 2091 3065; baseline 0.006 -22"><span class='ocrx_word' id='word_1_362' title='bbox 516 2990 618 3045; x_wconf 92' lang='lat' dir='ltr'><strong>rito</strong></span> <span class='ocrx_word' id='word_1_363' title='bbox 640 2989 936 3048; x_wconf 79' lang='lat' dir='ltr'><strong>dixerimus</strong></span> <span class='ocrx_word' id='word_1_364' title='bbox 966 3008 1131 3063; x_wconf 87' lang='lat' dir='ltr'><strong>panes</strong></span> <span class='ocrx_word' id='word_1_365' title='bbox 1171 2994 1291 3048; x_wconf 90' lang='lat' dir='ltr'><strong>illos</strong></span> <span class='ocrx_word' id='word_1_366' title='bbox 1315 2995 1478 3050; x_wconf 90' lang='lat' dir='ltr'><strong>fuisse</strong></span> <span class='ocrx_word' id='word_1_367' title='bbox 1505 2995 1834 3060; x_wconf 78' lang='lat' dir='ltr'><strong>benedictus,</strong></span> <span class='ocrx_word' id='word_1_368' title='bbox 1865 2998 2010 3065; x_wconf 89' lang='lat' dir='ltr'><strong>quod</strong></span> <span class='ocrx_word' id='word_1_369' title='bbox 2035 3006 2091 3052; x_wconf 90' lang='lat' dir='ltr'><strong>et</strong></span> 
     </span>
    </p>
   </div>
   <div class='ocr_carea' id='block_1_40' title="bbox 516 3082 2160 3156">
    <p class='ocr_par' dir='ltr' id='par_1_40' title="bbox 516 3082 2160 3156">
     <span class='ocr_line' id='line_1_40' title="bbox 516 3082 2160 3156; baseline 0.009 -23"><span class='ocrx_word' id='word_1_370' title='bbox 516 3082 730 3153; x_wconf 74' lang='lat' dir='ltr'><strong>eulogia:</strong></span> <span class='ocrx_word' id='word_1_371' title='bbox 752 3084 970 3138; x_wconf 85' lang='lat' dir='ltr'><strong>verbum</strong></span> <span class='ocrx_word' id='word_1_372' title='bbox 993 3083 1210 3139; x_wconf 90' lang='lat' dir='ltr'><strong>indicat.</strong></span> <span class='ocrx_word' id='word_1_373' title='bbox 1241 3085 1372 3139; x_wconf 89' lang='lat' dir='ltr'><strong>Cum</strong></span> <span class='ocrx_word' id='word_1_374' title='bbox 1401 3083 1650 3141; x_wconf 82' lang='lat' dir='ltr'><strong>Paulinus</strong></span> <span class='ocrx_word' id='word_1_375' title='bbox 1677 3096 1715 3123; x_wconf 76' lang='grc' dir='ltr'>ω</span> <span class='ocrx_word' id='word_1_376' title='bbox 1742 3103 1906 3156; x_wconf 86' lang='lat' dir='ltr'><strong>panes</strong></span> <span class='ocrx_word' id='word_1_377' title='bbox 1933 3088 2087 3156; x_wconf 90' lang='lat' dir='ltr'><strong>quin-</strong></span> <span class='ocrx_word' id='word_1_378' title='bbox 2115 3087 2160 3147; x_wconf 89' lang='lat' dir='ltr'><strong>C</strong></span> 
     </span>
    </p>
   </div>
   <div class='ocr_carea' id='block_1_41' title="bbox 519 3174 2089 3241">
    <p class='ocr_par' dir='ltr' id='par_1_41' title="bbox 519 3174 2089 3241">
     <span class='ocr_line' id='line_1_41' title="bbox 519 3174 2089 3241; baseline 0.006 -18"><span class='ocrx_word' id='word_1_379' title='bbox 519 3189 620 3237; x_wconf 79' lang='lat' dir='ltr'><strong>que</strong></span> <span class='ocrx_word' id='word_1_380' title='bbox 642 3175 708 3228; x_wconf 90' lang='lat' dir='ltr'><strong>ad</strong></span> <span class='ocrx_word' id='word_1_381' title='bbox 739 3174 1128 3230; x_wconf 82' lang='lat' dir='ltr'><strong>Romanianum</strong></span> <span class='ocrx_word' id='word_1_382' title='bbox 1163 3176 1416 3241; x_wconf 89' lang='lat' dir='ltr'><strong>mitteret,</strong></span> <span class='ocrx_word' id='word_1_383' title='bbox 1441 3177 1509 3231; x_wconf 91' lang='lat' dir='ltr'><strong>ad</strong></span> <span class='ocrx_word' id='word_1_384' title='bbox 1538 3179 1786 3233; x_wconf 87' lang='lat' dir='ltr'><strong>eumdem</strong></span> <span class='ocrx_word' id='word_1_385' title='bbox 1813 3180 1928 3234; x_wconf 85' lang='lat' dir='ltr'><strong>haec</strong></span> <span class='ocrx_word' id='word_1_386' title='bbox 1955 3180 2089 3233; x_wconf 86' lang='lat' dir='ltr'><strong>scri-</strong></span> 
     </span>
    </p>
   </div>
   <div class='ocr_carea' id='block_1_42' title="bbox 522 3266 2093 3343">
    <p class='ocr_par' dir='ltr' id='par_1_42' title="bbox 522 3266 2093 3343">
     <span class='ocr_line' id='line_1_42' title="bbox 522 3266 2093 3343; baseline 0.001 -18"><span class='ocrx_word' id='word_1_387' title='bbox 522 3270 645 3338; x_wconf 79' lang='lat' dir='ltr'><strong>psit.</strong></span> <span class='ocrx_word' id='word_1_388' title='bbox 673 3266 757 3323; x_wconf 85' lang='lat' dir='ltr'><strong>Ne</strong></span> <span class='ocrx_word' id='word_1_389' title='bbox 778 3286 990 3324; x_wconf 84' lang='lat' dir='ltr'><strong>racuum</strong></span> <span class='ocrx_word' id='word_1_390' title='bbox 1018 3270 1264 3338; x_wconf 71' lang='lat' dir='ltr'><strong>fraterna:</strong></span> <span class='ocrx_word' id='word_1_391' title='bbox 1292 3271 1624 3327; x_wconf 78' lang='lat' dir='ltr'><strong>humanitatis</strong></span> <span class='ocrx_word' id='word_1_392' title='bbox 1650 3273 1868 3343; x_wconf 79' lang='lat' dir='ltr'><strong>o/ﬁcium</strong></span> <span class='ocrx_word' id='word_1_393' title='bbox 1895 3271 2093 3326; x_wconf 74' lang='lat' dir='ltr'><strong>ridere~</strong></span> 
     </span>
    </p>
   </div>
   <div class='ocr_carea' id='block_1_43' title="bbox 522 3360 2095 3435">
    <p class='ocr_par' dir='ltr' id='par_1_43' title="bbox 522 3360 2095 3435">
     <span class='ocr_line' id='line_1_43' title="bbox 522 3360 2095 3435; baseline 0.001 -20"><span class='ocrx_word' id='word_1_394' title='bbox 522 3374 624 3428; x_wconf 84' lang='lat' dir='ltr'><strong>tur,</strong></span> <span class='ocrx_word' id='word_1_395' title='bbox 672 3362 735 3416; x_wconf 85' lang='lat' dir='ltr'><strong>de</strong></span> <span class='ocrx_word' id='word_1_396' title='bbox 770 3362 1048 3417; x_wconf 83' lang='lat' dir='ltr'><strong>buceellato</strong></span> <span class='ocrx_word' id='word_1_397' title='bbox 1088 3360 1399 3417; x_wconf 75' lang='lat' dir='ltr'><strong>Christiana:</strong></span> <span class='ocrx_word' id='word_1_398' title='bbox 1439 3364 1799 3432; x_wconf 75' lang='lat' dir='ltr'><strong>expeditionis.</strong></span> <span class='ocrx_word' id='word_1_399' title='bbox 1851 3365 1904 3420; x_wconf 88' lang='lat' dir='ltr'><strong>in</strong></span> <span class='ocrx_word' id='word_1_400' title='bbox 1950 3365 2095 3435; x_wconf 85' lang='lat' dir='ltr'><strong>cujus</strong></span> 
     </span>
    </p>
   </div>
   <div class='ocr_carea' id='block_1_44' title="bbox 524 3452 2094 3525">
    <p class='ocr_par' dir='ltr' id='par_1_44' title="bbox 524 3452 2094 3525">
     <span class='ocr_line' id='line_1_44' title="bbox 524 3452 2094 3525; baseline 0.002 -20"><span class='ocrx_word' id='word_1_401' title='bbox 524 3454 782 3522; x_wconf 74' lang='lat' dir='ltr'><strong>procinctu</strong></span> <span class='ocrx_word' id='word_1_402' title='bbox 810 3452 879 3505; x_wconf 84' lang='lat' dir='ltr'><strong>ad</strong></span> <span class='ocrx_word' id='word_1_403' title='bbox 926 3453 1243 3525; x_wconf 75' lang='lat' dir='ltr'><strong>frugalitatis</strong></span> <span class='ocrx_word' id='word_1_404' title='bbox 1290 3472 1552 3508; x_wconf 87' lang='lat' dir='ltr'><strong>annonam</strong></span> <span class='ocrx_word' id='word_1_405' title='bbox 1589 3456 1892 3521; x_wconf 83' lang='lat' dir='ltr'><strong>militamus,</strong></span> <span class='ocrx_word' id='word_1_406' title='bbox 1936 3472 2094 3524; x_wconf 75' lang='lat' dir='ltr'><strong>panes</strong></span> 
     </span>
    </p>
   </div>
   <div class='ocr_carea' id='block_1_45' title="bbox 526 3542 2096 3614">
    <p class='ocr_par' dir='ltr' id='par_1_45' title="bbox 526 3542 2096 3614">
     <span class='ocr_line' id='line_1_45' title="bbox 526 3542 2096 3614; baseline 0.003 -19"><span class='ocrx_word' id='word_1_407' title='bbox 526 3542 615 3596; x_wconf 89' lang='lat' dir='ltr'><strong>tibi</strong></span> <span class='ocrx_word' id='word_1_408' title='bbox 655 3545 871 3614; x_wconf 71' lang='lat' dir='ltr'><strong>quittqtt:</strong></span> <span class='ocrx_word' id='word_1_409' title='bbox 898 3546 1094 3613; x_wconf 83' lang='lat' dir='ltr'><strong>pariter</strong></span> <span class='ocrx_word' id='word_1_410' title='bbox 1133 3554 1181 3597; x_wconf 88' lang='lat' dir='ltr'><strong>et</strong></span> <span class='ocrx_word' id='word_1_411' title='bbox 1221 3545 1333 3614; x_wconf 77' lang='lat' dir='ltr'><strong>filio</strong></span> <span class='ocrx_word' id='word_1_412' title='bbox 1371 3555 1545 3599; x_wconf 88' lang='lat' dir='ltr'><strong>nostro</strong></span> <span class='ocrx_word' id='word_1_413' title='bbox 1569 3543 1797 3598; x_wconf 73' lang='lat' dir='ltr'><strong>Licentia</strong></span> <span class='ocrx_word' id='word_1_414' title='bbox 1818 3546 2047 3600; x_wconf 80' lang='lat' dir='ltr'><strong>misimus</strong></span> <span class='ocrx_word' id='word_1_415' title='bbox 2078 3562 2096 3600; x_wconf 92' lang='lat'><strong><em>:</em></strong></span> 
     </span>
    </p>
   </div>
   <div class='ocr_carea' id='block_1_46' title="bbox 533 3633 2099 3717">
    <p class='ocr_par' dir='ltr' id='par_1_46' title="bbox 533 3633 2099 3717">
     <span class='ocr_line' id='line_1_46' title="bbox 533 3633 2099 3717; baseline 0.003 -32"><span class='ocrx_word' id='word_1_416' title='bbox 533 3650 634 3687; x_wconf 85' lang='lat' dir='ltr'><strong>non</strong></span> <span class='ocrx_word' id='word_1_417' title='bbox 673 3636 811 3687; x_wconf 86' lang='lat' dir='ltr'><strong>enim</strong></span> <span class='ocrx_word' id='word_1_418' title='bbox 853 3636 1108 3703; x_wconf 86' lang='lat' dir='ltr'><strong>potuimus</strong></span> <span class='ocrx_word' id='word_1_419' title='bbox 1146 3652 1178 3688; x_wconf 85' lang='grc' dir='ltr'><em>α</em></span> <span class='ocrx_word' id='word_1_420' title='bbox 1223 3633 1572 3717; x_wconf 70' lang='lat' dir='ltr'><strong>benedictione</strong></span> <span class='ocrx_word' id='word_1_421' title='bbox 1616 3652 1909 3698; x_wconf 83' lang='lat' dir='ltr'><strong>secernere,</strong></span> <span class='ocrx_word' id='word_1_422' title='bbox 1953 3653 2099 3707; x_wconf 86' lang='lat' dir='ltr'><strong>quem</strong></span> 
     </span>
    </p>
   </div>
   <div class='ocr_carea' id='block_1_47' title="bbox 528 3727 2101 3800">
    <p class='ocr_par' dir='ltr' id='par_1_47' title="bbox 528 3727 2101 3800">
     <span class='ocr_line' id='line_1_47' title="bbox 528 3727 2101 3800; baseline 0.002 -20"><span class='ocrx_word' id='word_1_423' title='bbox 528 3730 756 3797; x_wconf 80' lang='lat' dir='ltr'><strong>rupimus</strong></span> <span class='ocrx_word' id='word_1_424' title='bbox 784 3728 961 3781; x_wconf 79' lang='lat' dir='ltr'><strong>cadent</strong></span> <span class='ocrx_word' id='word_1_425' title='bbox 1001 3727 1145 3782; x_wconf 84' lang='lat' dir='ltr'><strong>nobis</strong></span> <span class='ocrx_word' id='word_1_426' title='bbox 1174 3731 1343 3800; x_wconf 83' lang='lat' dir='ltr'><strong>gratia</strong></span> <span class='ocrx_word' id='word_1_427' title='bbox 1368 3731 1570 3799; x_wconf 87' lang='lat' dir='ltr'><strong>penitus</strong></span> <span class='ocrx_word' id='word_1_428' title='bbox 1598 3737 1882 3783; x_wconf 72' lang='lat' dir='ltr'><strong>(innectere.</strong></span> <span class='ocrx_word' id='word_1_429' title='bbox 1908 3728 2101 3783; x_wconf 83' lang='lat' dir='ltr'><strong>Possu-</strong></span> 
     </span>
    </p>
   </div>
   <div class='ocr_carea' id='block_1_48' title="bbox 528 3816 2105 3888">
    <p class='ocr_par' dir='ltr' id='par_1_48' title="bbox 528 3816 2105 3888">
     <span class='ocr_line' id='line_1_48' title="bbox 528 3816 2105 3888; baseline 0.003 -19"><span class='ocrx_word' id='word_1_430' title='bbox 528 3832 647 3870; x_wconf 86' lang='lat' dir='ltr'><strong>mus</strong></span> <span class='ocrx_word' id='word_1_431' title='bbox 675 3817 835 3885; x_wconf 88' lang='lat' dir='ltr'><strong>igitur</strong></span> <span class='ocrx_word' id='word_1_432' title='bbox 860 3816 981 3871; x_wconf 90' lang='lat' dir='ltr'><strong>inde</strong></span> <span class='ocrx_word' id='word_1_433' title='bbox 1003 3816 1340 3886; x_wconf 89' lang='lat' dir='ltr'><strong>interpretari</strong></span> <span class='ocrx_word' id='word_1_434' title='bbox 1370 3834 1537 3888; x_wconf 84' lang='lat' dir='ltr'><strong>panes</strong></span> <span class='ocrx_word' id='word_1_435' title='bbox 1566 3818 1695 3872; x_wconf 82' lang='lat' dir='ltr'><strong>istos</strong></span> <span class='ocrx_word' id='word_1_436' title='bbox 1724 3834 1828 3871; x_wconf 91' lang='lat' dir='ltr'><strong>non</strong></span> <span class='ocrx_word' id='word_1_437' title='bbox 1859 3818 1924 3871; x_wconf 86' lang='lat' dir='ltr'><strong>ad</strong></span> <span class='ocrx_word' id='word_1_438' title='bbox 1948 3836 2105 3888; x_wconf 83' lang='lat' dir='ltr'><strong>quos-</strong></span> 
     </span>
    </p>
   </div>
   <div class='ocr_carea' id='block_1_49' title="bbox 529 3907 2103 3971">
    <p class='ocr_par' dir='ltr' id='par_1_49' title="bbox 529 3907 2103 3971">
     <span class='ocr_line' id='line_1_49' title="bbox 529 3907 2103 3971; baseline 0.002 -11"><span class='ocrx_word' id='word_1_439' title='bbox 529 3908 610 3961; x_wconf 84' lang='lat' dir='ltr'><strong>vis</strong></span> <span class='ocrx_word' id='word_1_440' title='bbox 659 3907 1116 3961; x_wconf 88' lang='lat' dir='ltr'><strong>indiscriminatim</strong></span> <span class='ocrx_word' id='word_1_441' title='bbox 1173 3908 1335 3963; x_wconf 87' lang='lat' dir='ltr'><strong>fuisse</strong></span> <span class='ocrx_word' id='word_1_442' title='bbox 1384 3909 1608 3971; x_wconf 85' lang='lat' dir='ltr'><strong>missos,</strong></span> <span class='ocrx_word' id='word_1_443' title='bbox 1668 3907 1764 3961; x_wconf 73' lang='lat' dir='ltr'><strong>sed</strong></span> <span class='ocrx_word' id='word_1_444' title='bbox 1810 3907 1874 3960; x_wconf 89' lang='lat' dir='ltr'><strong>ad</strong></span> <span class='ocrx_word' id='word_1_445' title='bbox 1923 3908 2103 3963; x_wconf 82' lang='lat' dir='ltr'><strong>fideles</strong></span> 
     </span>
    </p>
   </div>
   <div class='ocr_carea' id='block_1_50' title="bbox 530 3996 2102 4068">
    <p class='ocr_par' dir='ltr' id='par_1_50' title="bbox 530 3996 2102 4068">
     <span class='ocr_line' id='line_1_50' title="bbox 530 3996 2102 4068; baseline -0.001 -16"><span class='ocrx_word' id='word_1_446' title='bbox 530 3998 706 4066; x_wconf 84' lang='lat' dir='ltr'><strong>vulgo,</strong></span> <span class='ocrx_word' id='word_1_447' title='bbox 734 4014 853 4051; x_wconf 90' lang='lat' dir='ltr'><strong>nam</strong></span> <span class='ocrx_word' id='word_1_448' title='bbox 885 4006 910 4033; x_wconf 78' lang='grc' dir='ltr'><strong>ιι</strong></span> <span class='ocrx_word' id='word_1_449' title='bbox 937 4006 1160 4068; x_wconf 89' lang='lat' dir='ltr'><strong>apparet</strong></span> <span class='ocrx_word' id='word_1_450' title='bbox 1189 3996 1480 4052; x_wconf 87' lang='lat' dir='ltr'><strong>Licentium</strong></span> <span class='ocrx_word' id='word_1_451' title='bbox 1512 3997 1845 4066; x_wconf 69' lang='lat' dir='ltr'><strong>baptismatis</strong></span> <span class='ocrx_word' id='word_1_452' title='bbox 1871 3996 2102 4051; x_wconf 88' lang='lat' dir='ltr'><strong>nondum</strong></span> 
     </span>
    </p>
   </div>
   <div class='ocr_carea' id='block_1_51' title="bbox 528 4088 2103 4159">
    <p class='ocr_par' dir='ltr' id='par_1_51' title="bbox 528 4088 2103 4159">
     <span class='ocr_line' id='line_1_51' title="bbox 528 4088 2103 4159; baseline -0.001 -14"><span class='ocrx_word' id='word_1_453' title='bbox 528 4091 680 4159; x_wconf 90' lang='lat' dir='ltr'><strong>aquis</strong></span> <span class='ocrx_word' id='word_1_454' title='bbox 702 4099 824 4145; x_wconf 90' lang='lat' dir='ltr'><strong>tunc</strong></span> <span class='ocrx_word' id='word_1_455' title='bbox 847 4090 1008 4145; x_wconf 90' lang='lat' dir='ltr'><strong>fuisse</strong></span> <span class='ocrx_word' id='word_1_456' title='bbox 1042 4098 1355 4146; x_wconf 85' lang='lat' dir='ltr'><strong>renovatum</strong></span> <span class='ocrx_word' id='word_1_457' title='bbox 1383 4108 1395 4143; x_wconf 90' lang='lat'><strong>:</strong></span> <span class='ocrx_word' id='word_1_458' title='bbox 1430 4090 1482 4144; x_wconf 88' lang='lat' dir='ltr'><strong>itt</strong></span> <span class='ocrx_word' id='word_1_459' title='bbox 1508 4105 1616 4159; x_wconf 86' lang='lat' dir='ltr'><strong>quo</strong></span> <span class='ocrx_word' id='word_1_460' title='bbox 1645 4105 1782 4159; x_wconf 90' lang='lat' dir='ltr'><strong>pane</strong></span> <span class='ocrx_word' id='word_1_461' title='bbox 1808 4088 2057 4144; x_wconf 87' lang='lat' dir='ltr'><strong>Paulinus</strong></span> <span class='ocrx_word' id='word_1_462' title='bbox 2078 4100 2103 4126; x_wconf 87' lang='lat'>°</span> 
     </span>
    </p>
   </div>
   <div class='ocr_carea' id='block_1_52' title="bbox 528 4177 2106 4245">
    <p class='ocr_par' dir='ltr' id='par_1_52' title="bbox 528 4177 2106 4245">
     <span class='ocr_line' id='line_1_52' title="bbox 528 4177 2106 4245; baseline -0.001 -9"><span class='ocrx_word' id='word_1_463' title='bbox 528 4181 654 4236; x_wconf 89' lang='lat' dir='ltr'><strong>dicit</strong></span> <span class='ocrx_word' id='word_1_464' title='bbox 681 4189 987 4237; x_wconf 71' lang='lat' dir='ltr'><strong>contentas]</strong></span> <span class='ocrx_word' id='word_1_465' title='bbox 1029 4180 1193 4236; x_wconf 85' lang='lat' dir='ltr'><strong>fuisse</strong></span> <span class='ocrx_word' id='word_1_466' title='bbox 1247 4179 1523 4235; x_wconf 85' lang='lat' dir='ltr'><strong>Trinitatis</strong></span> <span class='ocrx_word' id='word_1_467' title='bbox 1569 4179 1921 4245; x_wconf 84' lang='lat' dir='ltr'><strong>soliditatem,</strong></span> <span class='ocrx_word' id='word_1_468' title='bbox 1968 4177 2106 4235; x_wconf 86' lang='lat' dir='ltr'><strong>forte</strong></span> 
     </span>
    </p>
   </div>
   <div class='ocr_carea' id='block_1_53' title="bbox 528 4273 2105 4343">
    <p class='ocr_par' dir='ltr' id='par_1_53' title="bbox 528 4273 2105 4343">
     <span class='ocr_line' id='line_1_53' title="bbox 528 4273 2105 4343; baseline -0.001 -17"><span class='ocrx_word' id='word_1_469' title='bbox 528 4275 650 4343; x_wconf 80' lang='lat' dir='ltr'><strong>quia</strong></span> <span class='ocrx_word' id='word_1_470' title='bbox 684 4285 706 4323; x_wconf 76' lang='grc' dir='ltr'>ι»</span> <span class='ocrx_word' id='word_1_471' title='bbox 737 4274 942 4329; x_wconf 84' lang='lat' dir='ltr'><strong>trilidus</strong></span> <span class='ocrx_word' id='word_1_472' title='bbox 963 4282 1095 4329; x_wconf 88' lang='lat' dir='ltr'><strong>erat.</strong></span> <span class='ocrx_word' id='word_1_473' title='bbox 1131 4273 1414 4327; x_wconf 83' lang='lat' dir='ltr'><strong>Eusebium</strong></span> <span class='ocrx_word' id='word_1_474' title='bbox 1441 4274 1821 4327; x_wconf 72' lang='lat' dir='ltr'><strong>Cmsariensem</strong></span> <span class='ocrx_word' id='word_1_475' title='bbox 1845 4284 1869 4321; x_wconf 81' lang='grc' dir='ltr'><strong>ιι</strong></span> <span class='ocrx_word' id='word_1_476' title='bbox 1894 4289 2105 4325; x_wconf 81' lang='lat' dir='ltr'><strong>venera-</strong></span> 
     </span>
    </p>
   </div>
   <div class='ocr_carea' id='block_1_54' title="bbox 531 4360 2105 4434">
    <p class='ocr_par' dir='ltr' id='par_1_54' title="bbox 531 4360 2105 4434">
     <span class='ocr_line' id='line_1_54' title="bbox 531 4360 2105 4434; baseline -0.003 -17"><span class='ocrx_word' id='word_1_477' title='bbox 531 4364 679 4417; x_wconf 81' lang='lat' dir='ltr'><strong>bilem</strong></span> <span class='ocrx_word' id='word_1_478' title='bbox 726 4364 1020 4434; x_wconf 82' lang='lat' dir='ltr'><strong>episc0pum</strong></span> <span class='ocrx_word' id='word_1_479' title='bbox 1069 4371 1229 4417; x_wconf 87' lang='lat' dir='ltr'><strong>vocat</strong></span> <span class='ocrx_word' id='word_1_480' title='bbox 1274 4360 1571 4414; x_wconf 81' lang='lat' dir='ltr'><strong>Paulinus:</strong></span> <span class='ocrx_word' id='word_1_481' title='bbox 1632 4360 1773 4414; x_wconf 89' lang='lat' dir='ltr'><strong>unde</strong></span> <span class='ocrx_word' id='word_1_482' title='bbox 1827 4362 2105 4428; x_wconf 88' lang='lat' dir='ltr'><strong>probatur,</strong></span> 
     </span>
    </p>
   </div>
   <div class='ocr_carea' id='block_1_55' title="bbox 531 4450 2036 4523">
    <p class='ocr_par' dir='ltr' id='par_1_55' title="bbox 531 4450 2036 4523">
     <span class='ocr_line' id='line_1_55' title="bbox 531 4450 2036 4523; baseline -0.001 -20"><span class='ocrx_word' id='word_1_483' title='bbox 531 4454 673 4523; x_wconf 84' lang='lat' dir='ltr'><strong>quod</strong></span> <span class='ocrx_word' id='word_1_484' title='bbox 706 4456 817 4523; x_wconf 89' lang='lat' dir='ltr'><strong>ipse</strong></span> <span class='ocrx_word' id='word_1_485' title='bbox 845 4462 860 4489; x_wconf 76' lang='grc' dir='ltr'><strong><em>π</em></strong></span> <span class='ocrx_word' id='word_1_486' title='bbox 890 4452 1106 4515; x_wconf 79' lang='lat' dir='ltr'><strong>fatetur,</strong></span> <span class='ocrx_word' id='word_1_487' title='bbox 1140 4467 1262 4505; x_wconf 90' lang='lat' dir='ltr'><strong>eum</strong></span> <span class='ocrx_word' id='word_1_488' title='bbox 1295 4450 1347 4504; x_wconf 90' lang='lat' dir='ltr'><strong>in</strong></span> <span class='ocrx_word' id='word_1_489' title='bbox 1379 4450 1607 4505; x_wconf 87' lang='lat' dir='ltr'><strong>llistoria</strong></span> <span class='ocrx_word' id='word_1_490' title='bbox 1640 4450 1801 4504; x_wconf 74' lang='lat' dir='ltr'><strong>fuisse</strong></span> <span class='ocrx_word' id='word_1_491' title='bbox 1832 4451 2036 4503; x_wconf 86' lang='lat' dir='ltr'><strong>rudem.</strong></span> 
     </span>
    </p>
   </div>
   <div class='ocr_carea' id='block_1_56' title="bbox 598 4540 2111 4612">
    <p class='ocr_par' dir='ltr' id='par_1_56' title="bbox 598 4540 2111 4612">
     <span class='ocr_line' id='line_1_56' title="bbox 598 4540 2111 4612; baseline -0.001 -15"><span class='ocrx_word' id='word_1_492' title='bbox 598 4544 653 4597; x_wconf 76' lang='grc'><strong>2.</strong></span> <span class='ocrx_word' id='word_1_493' title='bbox 693 4541 802 4598; x_wconf 89' lang='lat' dir='ltr'><strong>Sub</strong></span> <span class='ocrx_word' id='word_1_494' title='bbox 822 4542 961 4598; x_wconf 89' lang='lat' dir='ltr'><strong>idem</strong></span> <span class='ocrx_word' id='word_1_495' title='bbox 984 4549 1192 4612; x_wconf 91' lang='lat' dir='ltr'><strong>tempus</strong></span> <span class='ocrx_word' id='word_1_496' title='bbox 1213 4541 1279 4595; x_wconf 88' lang='lat' dir='ltr'><strong>ad</strong></span> <span class='ocrx_word' id='word_1_497' title='bbox 1305 4541 1653 4609; x_wconf 87' lang='lat' dir='ltr'><strong>Augustinum</strong></span> <span class='ocrx_word' id='word_1_498' title='bbox 1684 4547 1703 4574; x_wconf 83' lang='grc'>⁸</span> <span class='ocrx_word' id='word_1_499' title='bbox 1735 4541 1880 4594; x_wconf 89' lang='lat' dir='ltr'><strong>misit</strong></span> <span class='ocrx_word' id='word_1_500' title='bbox 1910 4540 2111 4595; x_wconf 84' lang='lat' dir='ltr'><strong>litteras</strong></span> 
     </span>
    </p>
   </div>
   <div class='ocr_carea' id='block_1_57' title="bbox 532 4631 2113 4706">
    <p class='ocr_par' dir='ltr' id='par_1_57' title="bbox 532 4631 2113 4706">
     <span class='ocr_line' id='line_1_57' title="bbox 532 4631 2113 4706; baseline -0.003 -17"><span class='ocrx_word' id='word_1_501' title='bbox 532 4636 724 4706; x_wconf 90' lang='lat' dir='ltr'><strong>quibus</strong></span> <span class='ocrx_word' id='word_1_502' title='bbox 753 4635 1147 4704; x_wconf 81' lang='lat' dir='ltr'><strong>conglutinaret</strong></span> <span class='ocrx_word' id='word_1_503' title='bbox 1166 4633 1463 4694; x_wconf 84' lang='lat' dir='ltr'><strong>caritatem,</strong></span> <span class='ocrx_word' id='word_1_504' title='bbox 1495 4646 1652 4700; x_wconf 90' lang='lat' dir='ltr'><strong>quam</strong></span> <span class='ocrx_word' id='word_1_505' title='bbox 1685 4632 1826 4686; x_wconf 89' lang='lat' dir='ltr'><strong>inter</strong></span> <span class='ocrx_word' id='word_1_506' title='bbox 1852 4647 1910 4686; x_wconf 86' lang='lat' dir='ltr'><strong>se</strong></span> <span class='ocrx_word' id='word_1_507' title='bbox 1938 4647 1967 4685; x_wconf 94' lang='lat' dir='ltr'><strong>a</strong></span> <span class='ocrx_word' id='word_1_508' title='bbox 1990 4631 2113 4700; x_wconf 88' lang='lat' dir='ltr'><strong>Spi-</strong></span> 
     </span>
    </p>
   </div>
   <div class='ocr_carea' id='block_1_58' title="bbox 534 4724 2107 4798">
    <p class='ocr_par' dir='ltr' id='par_1_58' title="bbox 534 4724 2107 4798">
     <span class='ocr_line' id='line_1_58' title="bbox 534 4724 2107 4798; baseline -0.002 -16"><span class='ocrx_word' id='word_1_509' title='bbox 534 4728 638 4782; x_wconf 87' lang='lat' dir='ltr'><strong>ritu</strong></span> <span class='ocrx_word' id='word_1_510' title='bbox 668 4726 867 4783; x_wconf 90' lang='lat' dir='ltr'><strong>Sancto</strong></span> <span class='ocrx_word' id='word_1_511' title='bbox 894 4742 991 4798; x_wconf 87' lang='lat' dir='ltr'><strong>per</strong></span> <span class='ocrx_word' id='word_1_512' title='bbox 1017 4726 1266 4797; x_wconf 80' lang='lat' dir='ltr'><strong>Alypium</strong></span> <span class='ocrx_word' id='word_1_513' title='bbox 1318 4724 1598 4778; x_wconf 88' lang='lat' dir='ltr'><strong>formatatn</strong></span> <span class='ocrx_word' id='word_1_514' title='bbox 1640 4740 1759 4780; x_wconf 87' lang='lat' dir='ltr'><strong>esse</strong></span> <span class='ocrx_word' id='word_1_515' title='bbox 1787 4724 2107 4779; x_wconf 76' lang='lat' dir='ltr'><strong>conﬁdebat.</strong></span> 
     </span>
    </p>
   </div>
   <div class='ocr_carea' id='block_1_59' title="bbox 535 4815 2110 4885">
    <p class='ocr_par' dir='ltr' id='par_1_59' title="bbox 535 4815 2110 4885">
     <span class='ocr_line' id='line_1_59' title="bbox 535 4815 2110 4885; baseline -0.001 -16"><span class='ocrx_word' id='word_1_516' title='bbox 535 4816 615 4869; x_wconf 91' lang='lat' dir='ltr'><strong>Ab</strong></span> <span class='ocrx_word' id='word_1_517' title='bbox 652 4816 841 4871; x_wconf 89' lang='lat' dir='ltr'><strong>eodem</strong></span> <span class='ocrx_word' id='word_1_518' title='bbox 886 4817 1178 4884; x_wconf 88' lang='lat' dir='ltr'><strong>Augustino</strong></span> <span class='ocrx_word' id='word_1_519' title='bbox 1226 4815 1403 4869; x_wconf 90' lang='lat' dir='ltr'><strong>omnia</strong></span> <span class='ocrx_word' id='word_1_520' title='bbox 1455 4830 1572 4885; x_wconf 71' lang='lat' dir='ltr'><strong>qute</strong></span> <span class='ocrx_word' id='word_1_521' title='bbox 1622 4815 1908 4884; x_wconf 85' lang='lat' dir='ltr'><strong>scripserat</strong></span> <span class='ocrx_word' id='word_1_522' title='bbox 1945 4829 2110 4884; x_wconf 89' lang='lat' dir='ltr'><strong>opera</strong></span> 
     </span>
    </p>
   </div>
   <div class='ocr_carea' id='block_1_60' title="bbox 534 4906 2112 4976">
    <p class='ocr_par' dir='ltr' id='par_1_60' title="bbox 534 4906 2112 4976">
     <span class='ocr_line' id='line_1_60' title="bbox 534 4906 2112 4976; baseline -0.001 -15"><span class='ocrx_word' id='word_1_523' title='bbox 534 4907 909 4976; x_wconf 79' lang='lat' dir='ltr'><strong>expostulavit.</strong></span> <span class='ocrx_word' id='word_1_524' title='bbox 942 4906 1050 4961; x_wconf 74' lang='lat' dir='ltr'><strong>llas</strong></span> <span class='ocrx_word' id='word_1_525' title='bbox 1090 4909 1106 4943; x_wconf 73' lang='grc' dir='ltr'><strong>ι</strong></span> <span class='ocrx_word' id='word_1_526' title='bbox 1142 4907 1347 4961; x_wconf 88' lang='lat' dir='ltr'><strong>litteras</strong></span> <span class='ocrx_word' id='word_1_527' title='bbox 1376 4923 1471 4975; x_wconf 89' lang='lat' dir='ltr'><strong>per</strong></span> <span class='ocrx_word' id='word_1_528' title='bbox 1518 4923 1677 4960; x_wconf 90' lang='lat' dir='ltr'><strong>umnn</strong></span> <span class='ocrx_word' id='word_1_529' title='bbox 1708 4922 1738 4961; x_wconf 91' lang='lat' dir='ltr'><strong>e</strong></span> <span class='ocrx_word' id='word_1_530' title='bbox 1766 4908 1876 4961; x_wconf 87' lang='lat' dir='ltr'><strong>suis</strong></span> <span class='ocrx_word' id='word_1_531' title='bbox 1904 4907 1971 4961; x_wconf 90' lang='lat' dir='ltr'><strong>ad</strong></span> <span class='ocrx_word' id='word_1_532' title='bbox 2002 4907 2112 4960; x_wconf 88' lang='lat' dir='ltr'><strong>Au-</strong></span> 
     </span>
    </p>
   </div>
   <div class='ocr_carea' id='block_1_61' title="bbox 540 4996 2113 5068">
    <p class='ocr_par' dir='ltr' id='par_1_61' title="bbox 540 4996 2113 5068">
     <span class='ocr_line' id='line_1_61' title="bbox 540 4996 2113 5068; baseline -0.001 -15"><span class='ocrx_word' id='word_1_533' title='bbox 540 4999 811 5068; x_wconf 85' lang='lat' dir='ltr'><strong>gustinum</strong></span> <span class='ocrx_word' id='word_1_534' title='bbox 862 4997 1102 5067; x_wconf 89' lang='lat' dir='ltr'><strong>aliosque</strong></span> <span class='ocrx_word' id='word_1_535' title='bbox 1137 4998 1248 5052; x_wconf 91' lang='lat' dir='ltr'><strong>Deo</strong></span> <span class='ocrx_word' id='word_1_536' title='bbox 1275 4997 1498 5052; x_wconf 88' lang='lat' dir='ltr'><strong>dilectos</strong></span> <span class='ocrx_word' id='word_1_537' title='bbox 1526 4996 1838 5052; x_wconf 87' lang='lat' dir='ltr'><strong>salutandos</strong></span> <span class='ocrx_word' id='word_1_538' title='bbox 1858 5009 1975 5052; x_wconf 86' lang='lat' dir='ltr'><strong>ante</strong></span> <span class='ocrx_word' id='word_1_539' title='bbox 2004 4998 2113 5051; x_wconf 78' lang='lat' dir='ltr'><strong>hie-</strong></span> 
     </span>
    </p>
   </div>
   <div class='ocr_carea' id='block_1_62' title="bbox 536 5088 2111 5159">
    <p class='ocr_par' dir='ltr' id='par_1_62' title="bbox 536 5088 2111 5159">
     <span class='ocr_line' id='line_1_62' title="bbox 536 5088 2111 5159; baseline -0.002 -14"><span class='ocrx_word' id='word_1_540' title='bbox 536 5108 667 5146; x_wconf 86' lang='lat' dir='ltr'><strong>mem</strong></span> <span class='ocrx_word' id='word_1_541' title='bbox 697 5089 857 5144; x_wconf 85' lang='lat' dir='ltr'><strong>misit.</strong></span> <span class='ocrx_word' id='word_1_542' title='bbox 887 5089 1125 5159; x_wconf 88' lang='lat' dir='ltr'><strong>Cumque</strong></span> <span class='ocrx_word' id='word_1_543' title='bbox 1149 5104 1215 5144; x_wconf 78' lang='lat' dir='ltr'><strong>ex</strong></span> <span class='ocrx_word' id='word_1_544' title='bbox 1236 5088 1513 5157; x_wconf 88' lang='lat' dir='ltr'><strong>Augustini</strong></span> <span class='ocrx_word' id='word_1_545' title='bbox 1539 5089 1759 5143; x_wconf 89' lang='lat' dir='ltr'><strong>historia</strong></span> <span class='ocrx_word' id='word_1_546' title='bbox 1784 5090 1832 5143; x_wconf 90' lang='lat' dir='ltr'><strong>id</strong></span> <span class='ocrx_word' id='word_1_547' title='bbox 1867 5089 1976 5144; x_wconf 84' lang='lat' dir='ltr'><strong>fieri</strong></span> <span class='ocrx_word' id='word_1_548' title='bbox 2008 5105 2111 5142; x_wconf 91' lang='lat' dir='ltr'><strong>non</strong></span> 
     </span>
    </p>
   </div>
   <div class='ocr_carea' id='block_1_63' title="bbox 536 5181 2109 5256">
    <p class='ocr_par' dir='ltr' id='par_1_63' title="bbox 536 5181 2109 5256">
     <span class='ocr_line' id='line_1_63' title="bbox 536 5181 2109 5256; baseline -0.003 -18"><span class='ocrx_word' id='word_1_549' title='bbox 536 5183 771 5256; x_wconf 88' lang='lat' dir='ltr'><strong>potuerit</strong></span> <span class='ocrx_word' id='word_1_550' title='bbox 809 5197 984 5252; x_wconf 89' lang='lat' dir='ltr'><strong>neque</strong></span> <span class='ocrx_word' id='word_1_551' title='bbox 1021 5189 1147 5236; x_wconf 89' lang='lat' dir='ltr'><strong>ante</strong></span> <span class='ocrx_word' id='word_1_552' title='bbox 1194 5196 1366 5252; x_wconf 90' lang='lat' dir='ltr'><strong>neque</strong></span> <span class='ocrx_word' id='word_1_553' title='bbox 1406 5189 1529 5250; x_wconf 89' lang='lat' dir='ltr'><strong>post</strong></span> <span class='ocrx_word' id='word_1_554' title='bbox 1568 5196 1765 5235; x_wconf 90' lang='lat' dir='ltr'><strong>annum</strong></span> <span class='ocrx_word' id='word_1_555' title='bbox 1797 5181 2109 5236; x_wconf 86' lang='lat' dir='ltr'><strong>trecentesi-</strong></span> 
     </span>
    </p>
   </div>
   <div class='ocr_carea' id='block_1_64' title="bbox 611 5316 2089 5431">
    <p class='ocr_par' dir='ltr' id='par_1_64' title="bbox 611 5358 2054 5431">
     <span class='ocr_line' id='line_1_64' title="bbox 611 5358 2054 5431; baseline 0 -18"><span class='ocrx_word' id='word_1_556' title='bbox 611 5360 980 5431; x_wconf 65' lang='lat' dir='ltr'><strong>&quot;Paulin._ep.</strong></span> <span class='ocrx_word' id='word_1_557' title='bbox 1024 5359 1249 5431; x_wconf 51' lang='lat'><strong>3.11.1.</strong></span> <span class='ocrx_word' id='word_1_558' title='bbox 1324 5358 1699 5431; x_wconf 62' lang='lat' dir='ltr'><strong>blbitl.,n.2.</strong></span> <span class='ocrx_word' id='word_1_559' title='bbox 1780 5358 2054 5431; x_wconf 64' lang='lat' dir='ltr'><strong>rlbid.,o.</strong></span> 
     </span>
    </p>
   </div>
   <div class='ocr_carea' id='block_1_65' title="bbox 2192 5316 2607 5431">
    <p class='ocr_par' dir='ltr' id='par_1_65' title="bbox 2224 5359 2607 5431">
     <span class='ocr_line' id='line_1_65' title="bbox 2224 5359 2607 5431; baseline 0 -16"><span class='ocrx_word' id='word_1_560' title='bbox 2224 5359 2247 5398; x_wconf 71' lang='grc' dir='ltr'><em>δ</em></span> <span class='ocrx_word' id='word_1_561' title='bbox 2276 5361 2376 5431; x_wconf 83' lang='lat' dir='ltr'><strong>Ep.</strong></span> <span class='ocrx_word' id='word_1_562' title='bbox 2418 5363 2532 5421; x_wconf 68' lang='lat' dir='ltr'><strong>tim.</strong></span> <span class='ocrx_word' id='word_1_563' title='bbox 2554 5361 2607 5415; x_wconf 77' lang='lat'><strong>9..</strong></span> 
     </span>
    </p>
   </div>
   <div class='ocr_carea' id='block_1_66' title="bbox 1403 5429 2224 5494">
    <p class='ocr_par' dir='ltr' id='par_1_66' title="bbox 1403 5429 2224 5494">
     <span class='ocr_line' id='line_1_66' title="bbox 1403 5429 2224 5494; baseline 0.006 -14"><span class='ocrx_word' id='word_1_564' title='bbox 1403 5441 1411 5464; x_wconf 83' lang='lat'>&#39;</span> <span class='ocrx_word' id='word_1_565' title='bbox 1453 5430 1604 5489; x_wconf 85' lang='lat' dir='ltr'><strong>lbid.,</strong></span> <span class='ocrx_word' id='word_1_566' title='bbox 1639 5446 1690 5483; x_wconf 90' lang='grc' dir='ltr'><strong>ιι.</strong></span> <span class='ocrx_word' id='word_1_567' title='bbox 1722 5431 1773 5483; x_wconf 74' lang='lat'><strong>5.</strong></span> <span class='ocrx_word' id='word_1_568' title='bbox 1855 5445 1866 5479; x_wconf 86' lang='grc' dir='ltr'><strong>ι</strong></span> <span class='ocrx_word' id='word_1_569' title='bbox 1903 5429 2060 5494; x_wconf 86' lang='lat' dir='ltr'><strong>lbid.,</strong></span> <span class='ocrx_word' id='word_1_570' title='bbox 2093 5448 2144 5483; x_wconf 89' lang='grc' dir='ltr'><strong>ιι.</strong></span> <span class='ocrx_word' id='word_1_571' title='bbox 2174 5431 2224 5485; x_wconf 80' lang='lat'><strong>6.</strong></span> 
     </span>
    </p>
   </div>
   <div class='ocr_carea' id='block_1_67' title="bbox 538 5429 1318 5495">
    <p class='ocr_par' dir='ltr' id='par_1_67' title="bbox 538 5429 1318 5495">
     <span class='ocr_line' id='line_1_67' title="bbox 538 5429 1318 5495; baseline 0.003 -13"><span class='ocrx_word' id='word_1_572' title='bbox 538 5429 591 5488; x_wconf 79' lang='lat'><strong>&#39;5.</strong></span> <span class='ocrx_word' id='word_1_573' title='bbox 614 5449 663 5483; x_wconf 91' lang='grc' dir='ltr'><strong>ιι.</strong></span> <span class='ocrx_word' id='word_1_574' title='bbox 689 5429 741 5483; x_wconf 74' lang='grc'><strong>2.</strong></span> <span class='ocrx_word' id='word_1_575' title='bbox 817 5432 841 5468; x_wconf 71' lang='grc' dir='ltr'><strong><em>ὀ</em></strong></span> <span class='ocrx_word' id='word_1_576' title='bbox 865 5429 1020 5495; x_wconf 81' lang='lat' dir='ltr'><strong>lbid.,</strong></span> <span class='ocrx_word' id='word_1_577' title='bbox 1049 5448 1098 5484; x_wconf 91' lang='lat' dir='ltr'><strong>tt.</strong></span> <span class='ocrx_word' id='word_1_578' title='bbox 1124 5430 1158 5483; x_wconf 82' lang='lat'><strong>5</strong></span> <span class='ocrx_word' id='word_1_579' title='bbox 1183 5438 1237 5482; x_wconf 76' lang='lat' dir='ltr'><strong>et</strong></span> <span class='ocrx_word' id='word_1_580' title='bbox 1264 5433 1318 5484; x_wconf 76' lang='lat' dir='ltr'><strong>li.</strong></span> 
     </span>
    </p>
   </div>
   <div class='ocr_carea' id='block_1_68' title="bbox 541 5498 1248 5571">
    <p class='ocr_par' dir='ltr' id='par_1_68' title="bbox 541 5498 1248 5571">
     <span class='ocr_line' id='line_1_68' title="bbox 541 5498 1248 5571; baseline 0.001 -20"><span class='ocrx_word' id='word_1_581' title='bbox 541 5498 594 5571; x_wconf 66' lang='grc' dir='ltr'><strong>ἶ,</strong></span> <span class='ocrx_word' id='word_1_582' title='bbox 623 5500 754 5571; x_wconf 59' lang='grc' dir='ltr'><strong>ιμρ.</strong></span> <span class='ocrx_word' id='word_1_583' title='bbox 830 5501 1018 5571; x_wconf 68' lang='lat' dir='ltr'><strong>&quot;Aug.</strong></span> <span class='ocrx_word' id='word_1_584' title='bbox 1051 5516 1134 5571; x_wconf 85' lang='lat' dir='ltr'><strong>ep.</strong></span> <span class='ocrx_word' id='word_1_585' title='bbox 1162 5498 1248 5571; x_wconf 65' lang='lat'><strong>35.</strong></span> 
     </span>
    </p>
   </div>
   <div class='ocr_carea' id='block_1_69' title="bbox 543 5567 1216 5641">
    <p class='ocr_par' dir='ltr' id='par_1_69' title="bbox 543 5567 1216 5641">
     <span class='ocr_line' id='line_1_69' title="bbox 543 5567 1216 5641; baseline 0.003 -21"><span class='ocrx_word' id='word_1_586' title='bbox 543 5568 565 5620; x_wconf 77' lang='grc'>1</span> <span class='ocrx_word' id='word_1_587' title='bbox 605 5578 657 5641; x_wconf 68' lang='lat' dir='ltr'><strong>et</strong></span> <span class='ocrx_word' id='word_1_588' title='bbox 686 5567 753 5641; x_wconf 69' lang='lat'><strong>5._</strong></span> <span class='ocrx_word' id='word_1_589' title='bbox 816 5573 834 5608; x_wconf 72' lang='grc' dir='ltr'>ί</span> <span class='ocrx_word' id='word_1_590' title='bbox 862 5567 1044 5641; x_wconf 50' lang='grc' dir='ltr'><strong>Ερίϐ,</strong></span> <span class='ocrx_word' id='word_1_591' title='bbox 1079 5567 1130 5627; x_wconf 76' lang='grc' dir='ltr'><strong>ιί.</strong></span> <span class='ocrx_word' id='word_1_592' title='bbox 1171 5569 1216 5623; x_wconf 85' lang='lat' dir='ltr'><strong>l.</strong></span> 
     </span>
    </p>
   </div>
   <div class='ocr_carea' id='block_1_70' title="bbox 547 5637 1180 5704">
    <p class='ocr_par' dir='ltr' id='par_1_70' title="bbox 547 5637 1180 5704">
     <span class='ocr_line' id='line_1_70' title="bbox 547 5637 1180 5704; baseline 0.008 -15"><span class='ocrx_word' id='word_1_593' title='bbox 547 5647 570 5688; x_wconf 83' lang='lat' dir='ltr'><strong>t</strong></span> <span class='ocrx_word' id='word_1_594' title='bbox 606 5637 815 5695; x_wconf 84' lang='lat' dir='ltr'><strong>Paulin.</strong></span> <span class='ocrx_word' id='word_1_595' title='bbox 845 5637 929 5704; x_wconf 63' lang='grc' dir='ltr'><strong>(τιν’.</strong></span> <span class='ocrx_word' id='word_1_596' title='bbox 962 5642 1012 5704; x_wconf 84' lang='lat'><strong>6,</strong></span> <span class='ocrx_word' id='word_1_597' title='bbox 1047 5661 1097 5700; x_wconf 86' lang='grc' dir='ltr'><strong>ιι.</strong></span> <span class='ocrx_word' id='word_1_598' title='bbox 1133 5642 1180 5695; x_wconf 89' lang='lat' dir='ltr'><strong>l.</strong></span> 
     </span>
    </p>
   </div>
   <div class='ocr_carea' id='block_1_71' title="bbox 1328 5498 1943 5566">
    <p class='ocr_par' dir='ltr' id='par_1_71' title="bbox 1328 5498 1943 5566">
     <span class='ocr_line' id='line_1_71' title="bbox 1328 5498 1943 5566; baseline 0.005 -16"><span class='ocrx_word' id='word_1_599' title='bbox 1328 5511 1352 5533; x_wconf 72' lang='grc' dir='ltr'><strong>σο</strong></span> <span class='ocrx_word' id='word_1_600' title='bbox 1377 5498 1579 5551; x_wconf 79' lang='lat' dir='ltr'><strong>l’anlin.</strong></span> <span class='ocrx_word' id='word_1_601' title='bbox 1604 5515 1688 5566; x_wconf 86' lang='lat' dir='ltr'><strong>ep.</strong></span> <span class='ocrx_word' id='word_1_602' title='bbox 1715 5500 1766 5555; x_wconf 83' lang='grc'><strong>5.</strong></span> <span class='ocrx_word' id='word_1_603' title='bbox 1811 5517 1863 5553; x_wconf 93' lang='grc' dir='ltr'><strong>ιι.</strong></span> <span class='ocrx_word' id='word_1_604' title='bbox 1890 5501 1943 5553; x_wconf 83' lang='lat' dir='ltr'><strong>ti.</strong></span> 
     </span>
    </p>
   </div>
   <div class='ocr_carea' id='block_1_72' title="bbox 1305 5568 2057 5637">
    <p class='ocr_par' dir='ltr' id='par_1_72' title="bbox 1305 5568 2057 5637">
     <span class='ocr_line' id='line_1_72' title="bbox 1305 5568 2057 5637; baseline -0.001 -15"><span class='ocrx_word' id='word_1_605' title='bbox 1305 5578 1331 5605; x_wconf 79' lang='grc' dir='ltr'><strong>υ</strong></span> <span class='ocrx_word' id='word_1_606' title='bbox 1364 5568 1528 5637; x_wconf 79' lang='lat' dir='ltr'><strong>Epist.</strong></span> <span class='ocrx_word' id='word_1_607' title='bbox 1564 5568 1618 5632; x_wconf 71' lang='grc'><strong>4,</strong></span> <span class='ocrx_word' id='word_1_608' title='bbox 1652 5586 1703 5622; x_wconf 90' lang='grc' dir='ltr'><strong>ιι.</strong></span> <span class='ocrx_word' id='word_1_609' title='bbox 1736 5569 1785 5621; x_wconf 81' lang='lat'><strong>3.</strong></span> <span class='ocrx_word' id='word_1_610' title='bbox 1874 5580 1897 5606; x_wconf 72' lang='grc' dir='ltr'><strong><em>τ</em></strong></span> <span class='ocrx_word' id='word_1_611' title='bbox 1929 5569 2057 5623; x_wconf 84' lang='lat' dir='ltr'><strong>Ibid.</strong></span> 
     </span>
    </p>
   </div>
   <div class='ocr_carea' id='block_1_73' title="bbox 1262 5638 1997 5707">
    <p class='ocr_par' dir='ltr' id='par_1_73' title="bbox 1262 5638 1997 5707">
     <span class='ocr_line' id='line_1_73' title="bbox 1262 5638 1997 5707; baseline -0.003 -12"><span class='ocrx_word' id='word_1_612' title='bbox 1262 5651 1282 5677; x_wconf 84' lang='lat'><em>’</em></span> <span class='ocrx_word' id='word_1_613' title='bbox 1317 5640 1533 5695; x_wconf 74' lang='lat' dir='ltr'><strong>Hieron.</strong></span> <span class='ocrx_word' id='word_1_614' title='bbox 1567 5655 1651 5707; x_wconf 80' lang='lat' dir='ltr'><strong>ep.</strong></span> <span class='ocrx_word' id='word_1_615' title='bbox 1691 5639 1808 5700; x_wconf 69' lang='lat'><strong>“:5,</strong></span> <span class='ocrx_word' id='word_1_616' title='bbox 1839 5648 1877 5693; x_wconf 93' lang='lat' dir='ltr'><strong>t.</strong></span> <span class='ocrx_word' id='word_1_617' title='bbox 1909 5638 1997 5693; x_wconf 83' lang='lat' dir='ltr'><strong>Ill.</strong></span> 
     </span>
    </p>
   </div>
   <div class='ocr_carea' id='block_1_74' title="bbox 2025 5499 2892 5569">
    <p class='ocr_par' dir='ltr' id='par_1_74' title="bbox 2025 5499 2892 5569">
     <span class='ocr_line' id='line_1_74' title="bbox 2025 5499 2892 5569; baseline -0.001 -17"><span class='ocrx_word' id='word_1_618' title='bbox 2025 5514 2033 5546; x_wconf 85' lang='grc' dir='ltr'><strong>ι</strong></span> <span class='ocrx_word' id='word_1_619' title='bbox 2078 5500 2206 5555; x_wconf 75' lang='lat' dir='ltr'><strong>Vide</strong></span> <span class='ocrx_word' id='word_1_620' title='bbox 2229 5510 2338 5561; x_wconf 84' lang='lat' dir='ltr'><strong>not,</strong></span> <span class='ocrx_word' id='word_1_621' title='bbox 2371 5502 2420 5554; x_wconf 87' lang='lat'><strong>7.</strong></span> <span class='ocrx_word' id='word_1_622' title='bbox 2498 5512 2522 5549; x_wconf 81' lang='grc' dir='ltr'><strong>ιι</strong></span> <span class='ocrx_word' id='word_1_623' title='bbox 2552 5500 2695 5569; x_wconf 75' lang='lat' dir='ltr'><strong>Ep.5</strong></span> <span class='ocrx_word' id='word_1_624' title='bbox 2716 5542 2729 5563; x_wconf 87' lang='lat'><strong>,</strong></span> <span class='ocrx_word' id='word_1_625' title='bbox 2754 5515 2806 5553; x_wconf 80' lang='grc' dir='ltr'><strong>ιι.</strong></span> <span class='ocrx_word' id='word_1_626' title='bbox 2840 5499 2892 5551; x_wconf 70' lang='lat'><strong>3.</strong></span> 
     </span>
    </p>
   </div>
   <div class='ocr_carea' id='block_1_75' title="bbox 2148 5565 3625 5635">
    <p class='ocr_par' dir='ltr' id='par_1_75' title="bbox 2148 5565 3625 5635">
     <span class='ocr_line' id='line_1_75' title="bbox 2148 5565 3625 5635; baseline -0.004 -11"><span class='ocrx_word' id='word_1_627' title='bbox 2148 5580 2169 5606; x_wconf 77' lang='lat'>&quot;</span> <span class='ocrx_word' id='word_1_628' title='bbox 2200 5571 2447 5626; x_wconf 74' lang='lat' dir='ltr'><strong>Sarcbitt.</strong></span> <span class='ocrx_word' id='word_1_629' title='bbox 2484 5565 2823 5625; x_wconf 35' lang='lat' dir='ltr'><strong>Vital’auiitt.</strong></span> <span class='ocrx_word' id='word_1_630' title='bbox 2858 5584 2908 5632; x_wconf 80' lang='grc' dir='ltr'><strong>[ι.</strong></span> <span class='ocrx_word' id='word_1_631' title='bbox 2942 5565 3153 5635; x_wconf 67' lang='grc' dir='ltr'><strong>6(ἰ4,ξ(»ι</strong></span> <span class='ocrx_word' id='word_1_632' title='bbox 3197 5566 3371 5620; x_wconf 73' lang='lat' dir='ltr'><strong>Chii&quot;.</strong></span> <span class='ocrx_word' id='word_1_633' title='bbox 3422 5575 3559 5635; x_wconf 76' lang='lat' dir='ltr'><strong>part.</strong></span> <span class='ocrx_word' id='word_1_634' title='bbox 3590 5565 3625 5618; x_wconf 65' lang='grc' dir='ltr'><strong>ἶ)-</strong></span> 
     </span>
    </p>
   </div>
   <div class='ocr_carea' id='block_1_76' title="bbox 2073 5638 2932 5710">
    <p class='ocr_par' dir='ltr' id='par_1_76' title="bbox 2073 5638 2932 5710">
     <span class='ocr_line' id='line_1_76' title="bbox 2073 5638 2932 5710; baseline -0.002 -17"><span class='ocrx_word' id='word_1_635' title='bbox 2073 5648 2127 5675; x_wconf 71' lang='grc'><strong>⁸⁸</strong></span> <span class='ocrx_word' id='word_1_636' title='bbox 2161 5639 2287 5693; x_wconf 71' lang='grc' dir='ltr'>ΙΙεὶιΙ.</span> <span class='ocrx_word' id='word_1_637' title='bbox 2367 5642 2420 5678; x_wconf 72' lang='grc' dir='ltr'><strong>ω·</strong></span> <span class='ocrx_word' id='word_1_638' title='bbox 2448 5642 2665 5694; x_wconf 70' lang='grc' dir='ltr'>κῆρι-(ιιι.</span> <span class='ocrx_word' id='word_1_639' title='bbox 2697 5655 2783 5710; x_wconf 83' lang='lat' dir='ltr'><strong>rp.</strong></span> <span class='ocrx_word' id='word_1_640' title='bbox 2812 5638 2855 5689; x_wconf 85' lang='lat' dir='ltr'><strong>lt</strong></span> <span class='ocrx_word' id='word_1_641' title='bbox 2878 5638 2932 5691; x_wconf 80' lang='grc'>5.</span> 
     </span>
    </p>
   </div>
   <div class='ocr_carea' id='block_1_77' title="bbox 2174 1811 3754 1882">
    <p class='ocr_par' dir='ltr' id='par_1_77' title="bbox 2174 1811 3754 1882">
     <span class='ocr_line' id='line_1_77' title="bbox 2174 1811 3754 1882; baseline 0 -17"><span class='ocrx_word' id='word_1_642' title='bbox 2174 1811 2418 1865; x_wconf 84' lang='lat' dir='ltr'><strong>Jobanne</strong></span> <span class='ocrx_word' id='word_1_643' title='bbox 2444 1811 2498 1865; x_wconf 90' lang='lat' dir='ltr'><strong>itt</strong></span> <span class='ocrx_word' id='word_1_644' title='bbox 2549 1819 2702 1879; x_wconf 88' lang='lat' dir='ltr'><strong>porta</strong></span> <span class='ocrx_word' id='word_1_645' title='bbox 2743 1811 2997 1879; x_wconf 88' lang='lat' dir='ltr'><strong>Speciosa</strong></span> <span class='ocrx_word' id='word_1_646' title='bbox 3036 1820 3272 1876; x_wconf 87' lang='lat' dir='ltr'><strong>sanatus,</strong></span> <span class='ocrx_word' id='word_1_647' title='bbox 3307 1828 3498 1882; x_wconf 87' lang='lat' dir='ltr'><strong>nempe</strong></span> <span class='ocrx_word' id='word_1_648' title='bbox 3523 1812 3754 1882; x_wconf 88' lang='lat' dir='ltr'><strong>quadra-</strong></span> 
     </span>
    </p>
   </div>
   <div class='ocr_carea' id='block_1_78' title="bbox 2175 1900 3752 1969">
    <p class='ocr_par' dir='ltr' id='par_1_78' title="bbox 2175 1900 3752 1969">
     <span class='ocr_line' id='line_1_78' title="bbox 2175 1900 3752 1969; baseline 0 -15"><span class='ocrx_word' id='word_1_649' title='bbox 2175 1901 2434 1968; x_wconf 79' lang='lat' dir='ltr'><strong>gesimum</strong></span> <span class='ocrx_word' id='word_1_650' title='bbox 2463 1908 2519 1953; x_wconf 88' lang='lat' dir='ltr'><strong>et</strong></span> <span class='ocrx_word' id='word_1_651' title='bbox 2542 1916 2702 1969; x_wconf 86' lang='lat' dir='ltr'><strong>supra</strong></span> <span class='ocrx_word' id='word_1_652' title='bbox 2751 1915 2948 1954; x_wconf 89' lang='lat' dir='ltr'><strong>annum</strong></span> <span class='ocrx_word' id='word_1_653' title='bbox 3005 1918 3017 1953; x_wconf 92' lang='lat'>:</span> <span class='ocrx_word' id='word_1_654' title='bbox 3066 1900 3206 1955; x_wconf 91' lang='lat' dir='ltr'><strong>unde</strong></span> <span class='ocrx_word' id='word_1_655' title='bbox 3234 1902 3593 1957; x_wconf 86' lang='lat' dir='ltr'><strong>conclusimus</strong></span> <span class='ocrx_word' id='word_1_656' title='bbox 3631 1917 3752 1955; x_wconf 88' lang='lat' dir='ltr'><strong>eum</strong></span> 
     </span>
    </p>
   </div>
   <div class='ocr_carea' id='block_1_79' title="bbox 2176 1992 3754 2061">
    <p class='ocr_par' dir='ltr' id='par_1_79' title="bbox 2176 1992 3754 2061">
     <span class='ocr_line' id='line_1_79' title="bbox 2176 1992 3754 2061; baseline 0 -16"><span class='ocrx_word' id='word_1_657' title='bbox 2176 2000 2357 2045; x_wconf 90' lang='lat' dir='ltr'><strong>natum</strong></span> <span class='ocrx_word' id='word_1_658' title='bbox 2378 2007 2495 2046; x_wconf 89' lang='lat' dir='ltr'><strong>esse</strong></span> <span class='ocrx_word' id='word_1_659' title='bbox 2510 2007 2654 2045; x_wconf 91' lang='lat' dir='ltr'><strong>anno</strong></span> <span class='ocrx_word' id='word_1_660' title='bbox 2682 1992 2894 2046; x_wconf 88' lang='lat' dir='ltr'><strong>circiter</strong></span> <span class='ocrx_word' id='word_1_661' title='bbox 2916 1993 3292 2046; x_wconf 87' lang='lat' dir='ltr'><strong>trecentesimo</strong></span> <span class='ocrx_word' id='word_1_662' title='bbox 3311 1992 3754 2061; x_wconf 85' lang='lat' dir='ltr'><strong>quinquagesimo</strong></span> 
     </span>
    </p>
   </div>
   <div class='ocr_carea' id='block_1_80' title="bbox 2176 2082 3756 2152">
    <p class='ocr_par' dir='ltr' id='par_1_80' title="bbox 2176 2082 3756 2152">
     <span class='ocr_line' id='line_1_80' title="bbox 2176 2082 3756 2152; baseline 0 -15"><span class='ocrx_word' id='word_1_663' title='bbox 2176 2084 2367 2147; x_wconf 88' lang='lat' dir='ltr'><strong>tertio;</strong></span> <span class='ocrx_word' id='word_1_664' title='bbox 2402 2083 2581 2151; x_wconf 89' lang='lat' dir='ltr'><strong>itaque</strong></span> <span class='ocrx_word' id='word_1_665' title='bbox 2609 2097 2751 2135; x_wconf 89' lang='lat' dir='ltr'><strong>anno</strong></span> <span class='ocrx_word' id='word_1_666' title='bbox 2794 2098 2899 2137; x_wconf 90' lang='lat' dir='ltr'><strong>uno</strong></span> <span class='ocrx_word' id='word_1_667' title='bbox 2928 2090 3045 2137; x_wconf 89' lang='lat' dir='ltr'><strong>erat</strong></span> <span class='ocrx_word' id='word_1_668' title='bbox 3072 2084 3318 2152; x_wconf 88' lang='lat' dir='ltr'><strong>superior</strong></span> <span class='ocrx_word' id='word_1_669' title='bbox 3345 2082 3644 2150; x_wconf 79' lang='lat' dir='ltr'><strong>Augustino</strong></span> <span class='ocrx_word' id='word_1_670' title='bbox 3672 2082 3756 2137; x_wconf 87' lang='lat' dir='ltr'><strong>die</strong></span> 
     </span>
    </p>
   </div>
   <div class='ocr_carea' id='block_1_81' title="bbox 2177 2171 3763 2241">
    <p class='ocr_par' dir='ltr' id='par_1_81' title="bbox 2177 2171 3763 2241">
     <span class='ocr_line' id='line_1_81' title="bbox 2177 2171 3763 2241; baseline -0.002 -13"><span class='ocrx_word' id='word_1_671' title='bbox 2177 2175 2383 2228; x_wconf 80' lang='lat' dir='ltr'><strong>decima</strong></span> <span class='ocrx_word' id='word_1_672' title='bbox 2408 2174 2561 2227; x_wconf 90' lang='lat' dir='ltr'><strong>tertia</strong></span> <span class='ocrx_word' id='word_1_673' title='bbox 2591 2171 2907 2228; x_wconf 80' lang='lat' dir='ltr'><strong>Novembris</strong></span> <span class='ocrx_word' id='word_1_674' title='bbox 2936 2174 3061 2227; x_wconf 90' lang='lat' dir='ltr'><strong>anni</strong></span> <span class='ocrx_word' id='word_1_675' title='bbox 3091 2173 3450 2227; x_wconf 89' lang='lat' dir='ltr'><strong>trecentestmi</strong></span> <span class='ocrx_word' id='word_1_676' title='bbox 3491 2172 3763 2241; x_wconf 53' lang='lat' dir='ltr'><strong>quinqua‘</strong></span> 
     </span>
    </p>
   </div>
   <div class='ocr_carea' id='block_1_82' title="bbox 2179 2261 3756 2334">
    <p class='ocr_par' dir='ltr' id='par_1_82' title="bbox 2179 2261 3756 2334">
     <span class='ocr_line' id='line_1_82' title="bbox 2179 2261 3756 2334; baseline -0.003 -15"><span class='ocrx_word' id='word_1_677' title='bbox 2179 2265 2367 2334; x_wconf 86' lang='lat' dir='ltr'><strong>gesimi</strong></span> <span class='ocrx_word' id='word_1_678' title='bbox 2395 2266 2571 2333; x_wconf 91' lang='lat' dir='ltr'><strong>quarti</strong></span> <span class='ocrx_word' id='word_1_679' title='bbox 2626 2273 2772 2318; x_wconf 89' lang='lat' dir='ltr'><strong>nato.</strong></span> <span class='ocrx_word' id='word_1_680' title='bbox 2806 2264 2861 2318; x_wconf 90' lang='lat' dir='ltr'><strong>ltt</strong></span> <span class='ocrx_word' id='word_1_681' title='bbox 2910 2264 3173 2318; x_wconf 83' lang='lat' dir='ltr'><strong>natalibus</strong></span> <span class='ocrx_word' id='word_1_682' title='bbox 3204 2279 3329 2319; x_wconf 88' lang='lat' dir='ltr'><strong>vero</strong></span> <span class='ocrx_word' id='word_1_683' title='bbox 3358 2263 3548 2317; x_wconf 70' lang='lat' dir='ltr'><strong>animm</strong></span> <span class='ocrx_word' id='word_1_684' title='bbox 3577 2261 3708 2317; x_wconf 90' lang='lat' dir='ltr'><strong>dicit</strong></span> <span class='ocrx_word' id='word_1_685' title='bbox 3730 2272 3756 2298; x_wconf 84' lang='lat'><strong>&#39;</strong></span> 
     </span>
    </p>
   </div>
   <div class='ocr_carea' id='block_1_83' title="bbox 2185 2355 3759 2427">
    <p class='ocr_par' dir='ltr' id='par_1_83' title="bbox 2185 2355 3759 2427">
     <span class='ocr_line' id='line_1_83' title="bbox 2185 2355 3759 2427; baseline -0.001 -16"><span class='ocrx_word' id='word_1_686' title='bbox 2185 2360 2287 2412; x_wconf 86' lang='lat' dir='ltr'><strong>sibi</strong></span> <span class='ocrx_word' id='word_1_687' title='bbox 2318 2367 2531 2426; x_wconf 83' lang='lat' dir='ltr'><strong>tempus</strong></span> <span class='ocrx_word' id='word_1_688' title='bbox 2554 2357 2682 2411; x_wconf 92' lang='lat' dir='ltr'><strong>illud</strong></span> <span class='ocrx_word' id='word_1_689' title='bbox 2711 2373 2831 2411; x_wconf 89' lang='lat' dir='ltr'><strong>esse</strong></span> <span class='ocrx_word' id='word_1_690' title='bbox 2861 2357 3110 2421; x_wconf 65' lang='lat' dir='ltr'><strong>infantia‘,</strong></span> <span class='ocrx_word' id='word_1_691' title='bbox 3142 2373 3279 2427; x_wconf 73' lang='lat' dir='ltr'><strong>qum.</strong></span> <span class='ocrx_word' id='word_1_692' title='bbox 3307 2357 3581 2411; x_wconf 87' lang='lat' dir='ltr'><strong>intentatis</strong></span> <span class='ocrx_word' id='word_1_693' title='bbox 3608 2355 3759 2410; x_wconf 84' lang='lat' dir='ltr'><strong>Chri-</strong></span> 
     </span>
    </p>
   </div>
   <div class='ocr_carea' id='block_1_84' title="bbox 2183 2440 3761 2520">
    <p class='ocr_par' dir='ltr' id='par_1_84' title="bbox 2183 2440 3761 2520">
     <span class='ocr_line' id='line_1_84' title="bbox 2183 2440 3761 2520; baseline -0.001 -14"><span class='ocrx_word' id='word_1_694' title='bbox 2183 2460 2268 2506; x_wconf 88' lang='lat' dir='ltr'><strong>sto</strong></span> <span class='ocrx_word' id='word_1_695' title='bbox 2298 2451 2625 2510; x_wconf 77' lang='lat' dir='ltr'><strong>vulneribus,</strong></span> <span class='ocrx_word' id='word_1_696' title='bbox 2658 2451 2929 2503; x_wconf 87' lang='lat' dir='ltr'><strong>immotata</strong></span> <span class='ocrx_word' id='word_1_697' title='bbox 2958 2459 3012 2504; x_wconf 91' lang='lat' dir='ltr'><strong>et</strong></span> <span class='ocrx_word' id='word_1_698' title='bbox 3036 2440 3355 2506; x_wconf 81' lang='lat' dir='ltr'><strong>dominicam</strong></span> <span class='ocrx_word' id='word_1_699' title='bbox 3385 2451 3658 2520; x_wconf 85' lang='lat' dir='ltr'><strong>auspicata</strong></span> <span class='ocrx_word' id='word_1_700' title='bbox 3680 2460 3761 2505; x_wconf 86' lang='lat' dir='ltr'><strong>est</strong></span> 
     </span>
    </p>
   </div>
   <div class='ocr_carea' id='block_1_85' title="bbox 2184 2540 3759 2611">
    <p class='ocr_par' dir='ltr' id='par_1_85' title="bbox 2184 2540 3759 2611">
     <span class='ocr_line' id='line_1_85' title="bbox 2184 2540 3759 2611; baseline 0.002 -20"><span class='ocrx_word' id='word_1_701' title='bbox 2184 2543 2515 2611; x_wconf 84' lang='lat' dir='ltr'><strong>passionem;</strong></span> <span class='ocrx_word' id='word_1_702' title='bbox 2547 2540 2654 2611; x_wconf 61' lang='grc' dir='ltr'>Μ</span> <span class='ocrx_word' id='word_1_703' title='bbox 2696 2541 2890 2611; x_wconf 88' lang='lat' dir='ltr'><strong>quibus</strong></span> <span class='ocrx_word' id='word_1_704' title='bbox 2918 2541 3095 2596; x_wconf 89' lang='lat' dir='ltr'><strong>verbis</strong></span> <span class='ocrx_word' id='word_1_705' title='bbox 3119 2549 3144 2578; x_wconf 75' lang='grc' dir='ltr'><strong>ι</strong></span> <span class='ocrx_word' id='word_1_706' title='bbox 3175 2541 3411 2596; x_wconf 89' lang='lat' dir='ltr'><strong>indicare</strong></span> <span class='ocrx_word' id='word_1_707' title='bbox 3437 2540 3653 2596; x_wconf 83' lang='lat' dir='ltr'><strong>videtur</strong></span> <span class='ocrx_word' id='word_1_708' title='bbox 3678 2542 3759 2595; x_wconf 91' lang='lat' dir='ltr'><strong>in-</strong></span> 
     </span>
    </p>
   </div>
   <div class='ocr_carea' id='block_1_86' title="bbox 2191 2632 3763 2702">
    <p class='ocr_par' dir='ltr' id='par_1_86' title="bbox 2191 2632 3763 2702">
     <span class='ocr_line' id='line_1_86' title="bbox 2191 2632 3763 2702; baseline 0 -17"><span class='ocrx_word' id='word_1_709' title='bbox 2191 2632 2492 2686; x_wconf 89' lang='lat' dir='ltr'><strong>nocentium</strong></span> <span class='ocrx_word' id='word_1_710' title='bbox 2534 2639 2779 2696; x_wconf 71' lang='lat' dir='ltr'><strong>mtatem,</strong></span> <span class='ocrx_word' id='word_1_711' title='bbox 2832 2648 3023 2702; x_wconf 83' lang='lat' dir='ltr'><strong>nempe</strong></span> <span class='ocrx_word' id='word_1_712' title='bbox 3062 2632 3368 2695; x_wconf 87' lang='lat' dir='ltr'><strong>biennium.</strong></span> <span class='ocrx_word' id='word_1_713' title='bbox 3415 2640 3638 2701; x_wconf 86' lang='lat' dir='ltr'><strong>propter</strong></span> <span class='ocrx_word' id='word_1_714' title='bbox 3676 2632 3763 2685; x_wconf 86' lang='lat' dir='ltr'><strong>illa</strong></span> 
     </span>
    </p>
   </div>
   <div class='ocr_carea' id='block_1_87' title="bbox 2188 2720 3771 2791">
    <p class='ocr_par' dir='ltr' id='par_1_87' title="bbox 2188 2720 3771 2791">
     <span class='ocr_line' id='line_1_87' title="bbox 2188 2720 3771 2791; baseline 0 -18"><span class='ocrx_word' id='word_1_715' title='bbox 2188 2724 2372 2787; x_wconf 81' lang='lat' dir='ltr'><strong>verba,</strong></span> <span class='ocrx_word' id='word_1_716' title='bbox 2405 2739 2437 2775; x_wconf 91' lang='lat' dir='ltr'><strong>a</strong></span> <span class='ocrx_word' id='word_1_717' title='bbox 2458 2721 2670 2785; x_wconf 83' lang='lat' dir='ltr'><strong>bimatu,</strong></span> <span class='ocrx_word' id='word_1_718' title='bbox 2695 2730 2799 2777; x_wconf 91' lang='lat' dir='ltr'><strong>etc.</strong></span> <span class='ocrx_word' id='word_1_719' title='bbox 2835 2721 2984 2777; x_wconf 69' lang='lat' dir='ltr'><strong>[inde</strong></span> <span class='ocrx_word' id='word_1_720' title='bbox 3012 2730 3067 2777; x_wconf 89' lang='lat' dir='ltr'><strong>et</strong></span> <span class='ocrx_word' id='word_1_721' title='bbox 3111 2721 3240 2776; x_wconf 90' lang='lat' dir='ltr'><strong>illud</strong></span> <span class='ocrx_word' id='word_1_722' title='bbox 3269 2721 3409 2791; x_wconf 91' lang='lat' dir='ltr'><strong>quod</strong></span> <span class='ocrx_word' id='word_1_723' title='bbox 3442 2722 3563 2776; x_wconf 88' lang='lat' dir='ltr'><strong>iniit</strong></span> <span class='ocrx_word' id='word_1_724' title='bbox 3603 2720 3771 2777; x_wconf 72' lang='lat' dir='ltr'><strong>facul-</strong></span> 
     </span>
    </p>
   </div>
   <div class='ocr_carea' id='block_1_88' title="bbox 2189 2813 3767 2883">
    <p class='ocr_par' dir='ltr' id='par_1_88' title="bbox 2189 2813 3767 2883">
     <span class='ocr_line' id='line_1_88' title="bbox 2189 2813 3767 2883; baseline 0.001 -18"><span class='ocrx_word' id='word_1_725' title='bbox 2189 2824 2329 2866; x_wconf 85' lang='lat' dir='ltr'><strong>tates</strong></span> <span class='ocrx_word' id='word_1_726' title='bbox 2355 2813 2635 2868; x_wconf 87' lang='lat' dir='ltr'><strong>abdicandi</strong></span> <span class='ocrx_word' id='word_1_727' title='bbox 2667 2814 2967 2877; x_wconf 88' lang='lat' dir='ltr'><strong>consilium,</strong></span> <span class='ocrx_word' id='word_1_728' title='bbox 2997 2815 3152 2869; x_wconf 85' lang='lat' dir='ltr'><strong>sicuti</strong></span> <span class='ocrx_word' id='word_1_729' title='bbox 3180 2823 3235 2869; x_wconf 88' lang='lat' dir='ltr'><strong>et</strong></span> <span class='ocrx_word' id='word_1_730' title='bbox 3255 2815 3396 2883; x_wconf 89' lang='lat' dir='ltr'><strong>quod</strong></span> <span class='ocrx_word' id='word_1_731' title='bbox 3425 2816 3554 2870; x_wconf 89' lang='lat' dir='ltr'><strong>dicit</strong></span> <span class='ocrx_word' id='word_1_732' title='bbox 3572 2814 3641 2869; x_wconf 88' lang='lat' dir='ltr'><strong>de</strong></span> <span class='ocrx_word' id='word_1_733' title='bbox 3669 2828 3767 2868; x_wconf 78' lang='lat' dir='ltr'><strong>na-</strong></span> 
     </span>
    </p>
   </div>
   <div class='ocr_carea' id='block_1_89' title="bbox 2189 2904 3767 2974">
    <p class='ocr_par' dir='ltr' id='par_1_89' title="bbox 2189 2904 3767 2974">
     <span class='ocr_line' id='line_1_89' title="bbox 2189 2904 3767 2974; baseline 0 -17"><span class='ocrx_word' id='word_1_734' title='bbox 2189 2905 2281 2958; x_wconf 89' lang='lat' dir='ltr'><strong>tali</strong></span> <span class='ocrx_word' id='word_1_735' title='bbox 2310 2920 2408 2958; x_wconf 87' lang='lat' dir='ltr'><strong>suo</strong></span> <span class='ocrx_word' id='word_1_736' title='bbox 2436 2905 2683 2974; x_wconf 88' lang='lat' dir='ltr'><strong>spiritali,</strong></span> <span class='ocrx_word' id='word_1_737' title='bbox 2712 2905 2992 2960; x_wconf 90' lang='lat' dir='ltr'><strong>retulimus</strong></span> <span class='ocrx_word' id='word_1_738' title='bbox 3021 2904 3089 2959; x_wconf 88' lang='lat' dir='ltr'><strong>ad</strong></span> <span class='ocrx_word' id='word_1_739' title='bbox 3108 2919 3303 2959; x_wconf 89' lang='lat' dir='ltr'><strong>annum</strong></span> <span class='ocrx_word' id='word_1_740' title='bbox 3333 2905 3767 2959; x_wconf 87' lang='lat' dir='ltr'><strong>trecentesimum</strong></span> 
     </span>
    </p>
   </div>
   <div class='ocr_carea' id='block_1_90' title="bbox 2196 2995 2945 3063">
    <p class='ocr_par' dir='ltr' id='par_1_90' title="bbox 2196 2995 2945 3063">
     <span class='ocr_line' id='line_1_90' title="bbox 2196 2995 2945 3063; baseline 0 -15"><span class='ocrx_word' id='word_1_741' title='bbox 2196 2996 2601 3063; x_wconf 82' lang='lat' dir='ltr'><strong>nonagesimum</strong></span> <span class='ocrx_word' id='word_1_742' title='bbox 2631 2995 2945 3049; x_wconf 85' lang='lat' dir='ltr'><strong>secundum.</strong></span> 
     </span>
    </p>
   </div>
   <div class='ocr_carea' id='block_1_91' title="bbox 2747 3083 3199 3140">
    <p class='ocr_par' dir='ltr' id='par_1_91' title="bbox 2747 3083 3199 3140">
     <span class='ocr_line' id='line_1_91' title="bbox 2747 3083 3199 3140; baseline 0 -2"><span class='ocrx_word' id='word_1_743' title='bbox 2747 3083 2978 3140; x_wconf 88' lang='lat' dir='ltr'><strong>CAPUT</strong></span> <span class='ocrx_word' id='word_1_744' title='bbox 3015 3084 3199 3139; x_wconf 78' lang='lat' dir='ltr'><strong>XXIV.</strong></span> 
     </span>
    </p>
   </div>
   <div class='ocr_carea' id='block_1_92' title="bbox 2195 3173 3766 3247">
    <p class='ocr_par' dir='ltr' id='par_1_92' title="bbox 2195 3173 3766 3247">
     <span class='ocr_line' id='line_1_92' title="bbox 2195 3173 3766 3247; baseline 0 -20"><span class='ocrx_word' id='word_1_745' title='bbox 2195 3173 2451 3228; x_wconf 78' lang='lat' dir='ltr'><strong>Paulinus</strong></span> <span class='ocrx_word' id='word_1_746' title='bbox 2492 3174 3209 3247; x_wconf 12' lang='lat' dir='ltr'><strong>iserithtAadllieronymum,</strong></span> <span class='ocrx_word' id='word_1_747' title='bbox 3258 3194 3291 3229; x_wconf 92' lang='lat' dir='ltr'><strong>a</strong></span> <span class='ocrx_word' id='word_1_748' title='bbox 3332 3192 3449 3247; x_wconf 76' lang='lat' dir='ltr'><strong>quo</strong></span> <span class='ocrx_word' id='word_1_749' title='bbox 3473 3189 3766 3244; x_wconf 76' lang='lat' dir='ltr'><strong>responsum</strong></span> 
     </span>
    </p>
   </div>
   <div class='ocr_carea' id='block_1_93' title="bbox 2390 3244 3568 3317">
    <p class='ocr_par' dir='ltr' id='par_1_93' title="bbox 2390 3244 3568 3317">
     <span class='ocr_line' id='line_1_93' title="bbox 2390 3244 3568 3317; baseline -0.001 -19"><span class='ocrx_word' id='word_1_750' title='bbox 2390 3246 2597 3313; x_wconf 82' lang='lat' dir='ltr'><strong>accipit.</strong></span> <span class='ocrx_word' id='word_1_751' title='bbox 2633 3244 2907 3300; x_wconf 79' lang='lat' dir='ltr'><strong>Theodosii</strong></span> <span class='ocrx_word' id='word_1_752' title='bbox 2936 3244 3298 3317; x_wconf 78' lang='lat' dir='ltr'><strong>panegyricum</strong></span> <span class='ocrx_word' id='word_1_753' title='bbox 3325 3244 3568 3299; x_wconf 78' lang='lat' dir='ltr'><strong>celebrat.</strong></span> 
     </span>
    </p>
   </div>
   <div class='ocr_carea' id='block_1_94' title="bbox 2267 3353 3771 3426">
    <p class='ocr_par' dir='ltr' id='par_1_94' title="bbox 2267 3353 3771 3426">
     <span class='ocr_line' id='line_1_94' title="bbox 2267 3353 3771 3426; baseline -0.002 -18"><span class='ocrx_word' id='word_1_754' title='bbox 2267 3356 2317 3409; x_wconf 86' lang='lat' dir='ltr'><strong>t.</strong></span> <span class='ocrx_word' id='word_1_755' title='bbox 2350 3355 2484 3410; x_wconf 91' lang='lat' dir='ltr'><strong>Cum</strong></span> <span class='ocrx_word' id='word_1_756' title='bbox 2534 3370 2601 3411; x_wconf 92' lang='lat' dir='ltr'><strong>eo</strong></span> <span class='ocrx_word' id='word_1_757' title='bbox 2649 3364 2842 3409; x_wconf 66' lang='lat' dir='ltr'><strong>anne!</strong></span> <span class='ocrx_word' id='word_1_758' title='bbox 2869 3370 3093 3426; x_wconf 89' lang='lat' dir='ltr'><strong>puerum</strong></span> <span class='ocrx_word' id='word_1_759' title='bbox 3144 3370 3300 3410; x_wconf 92' lang='lat' dir='ltr'><strong>suum</strong></span> <span class='ocrx_word' id='word_1_760' title='bbox 3343 3353 3411 3409; x_wconf 86' lang='lat' dir='ltr'><strong>ad</strong></span> <span class='ocrx_word' id='word_1_761' title='bbox 3453 3360 3673 3408; x_wconf 81' lang='lat' dir='ltr'><strong>sanctos</strong></span> <span class='ocrx_word' id='word_1_762' title='bbox 3719 3354 3771 3405; x_wconf 83' lang='lat' dir='ltr'><strong>in</strong></span> 
     </span>
    </p>
   </div>
   <div class='ocr_carea' id='block_1_95' title="bbox 2198 3444 3777 3513">
    <p class='ocr_par' dir='ltr' id='par_1_95' title="bbox 2198 3444 3777 3513">
     <span class='ocr_line' id='line_1_95' title="bbox 2198 3444 3777 3513; baseline -0.003 -10"><span class='ocrx_word' id='word_1_763' title='bbox 2198 3449 2373 3504; x_wconf 63' lang='lat' dir='ltr'><strong>Africa</strong></span> <span class='ocrx_word' id='word_1_764' title='bbox 2408 3448 2720 3505; x_wconf 89' lang='lat' dir='ltr'><strong>salutandos</strong></span> <span class='ocrx_word' id='word_1_765' title='bbox 2759 3449 2967 3503; x_wconf 84' lang='lat' dir='ltr'><strong>miserit</strong></span> <span class='ocrx_word' id='word_1_766' title='bbox 3003 3447 3286 3513; x_wconf 87' lang='lat' dir='ltr'><strong>Paulinus,</strong></span> <span class='ocrx_word' id='word_1_767' title='bbox 3328 3447 3518 3503; x_wconf 87' lang='lat' dir='ltr'><strong>eodem</strong></span> <span class='ocrx_word' id='word_1_768' title='bbox 3565 3444 3777 3500; x_wconf 82' lang='lat' dir='ltr'><strong>forteet</strong></span> 
     </span>
    </p>
   </div>
   <div class='ocr_carea' id='block_1_96' title="bbox 2201 3537 3778 3610">
    <p class='ocr_par' dir='ltr' id='par_1_96' title="bbox 2201 3537 3778 3610">
     <span class='ocr_line' id='line_1_96' title="bbox 2201 3537 3778 3610; baseline -0.003 -17"><span class='ocrx_word' id='word_1_769' title='bbox 2201 3551 2442 3610; x_wconf 84' lang='lat' dir='ltr'><strong>tempore</strong></span> <span class='ocrx_word' id='word_1_770' title='bbox 2463 3548 2519 3594; x_wconf 90' lang='lat' dir='ltr'><strong>et</strong></span> <span class='ocrx_word' id='word_1_771' title='bbox 2544 3540 2770 3594; x_wconf 88' lang='lat' dir='ltr'><strong>consilio</strong></span> <span class='ocrx_word' id='word_1_772' title='bbox 2793 3539 2843 3593; x_wconf 92' lang='lat' dir='ltr'><strong>in</strong></span> <span class='ocrx_word' id='word_1_773' title='bbox 2872 3537 3205 3593; x_wconf 74' lang='lat' dir='ltr'><strong>Palmstinam</strong></span> <span class='ocrx_word' id='word_1_774' title='bbox 3228 3538 3569 3594; x_wconf 87' lang='lat' dir='ltr'><strong>Ambrosium</strong></span> <span class='ocrx_word' id='word_1_775' title='bbox 3591 3551 3778 3605; x_wconf 81' lang='lat' dir='ltr'><strong>quem—</strong></span> 
     </span>
    </p>
   </div>
   <div class='ocr_carea' id='block_1_97' title="bbox 2198 3623 3786 3698">
    <p class='ocr_par' dir='ltr' id='par_1_97' title="bbox 2198 3623 3786 3698">
     <span class='ocr_line' id='line_1_97' title="bbox 2198 3623 3786 3698; baseline -0.004 -15"><span class='ocrx_word' id='word_1_776' title='bbox 2198 3631 2320 3683; x_wconf 89' lang='lat' dir='ltr'><strong>dam</strong></span> <span class='ocrx_word' id='word_1_777' title='bbox 2355 3640 2378 3667; x_wconf 80' lang='grc' dir='ltr'><strong>ι</strong></span> <span class='ocrx_word' id='word_1_778' title='bbox 2409 3625 2552 3683; x_wconf 85' lang='lat' dir='ltr'><strong>misit</strong></span> <span class='ocrx_word' id='word_1_779' title='bbox 2579 3632 2634 3683; x_wconf 89' lang='lat' dir='ltr'><strong>et</strong></span> <span class='ocrx_word' id='word_1_780' title='bbox 2662 3644 2759 3698; x_wconf 89' lang='lat' dir='ltr'><strong>per</strong></span> <span class='ocrx_word' id='word_1_781' title='bbox 2784 3644 2906 3682; x_wconf 89' lang='lat' dir='ltr'><strong>eum</strong></span> <span class='ocrx_word' id='word_1_782' title='bbox 2954 3628 3158 3682; x_wconf 89' lang='lat' dir='ltr'><strong>litteras</strong></span> <span class='ocrx_word' id='word_1_783' title='bbox 3203 3637 3255 3683; x_wconf 91' lang='lat' dir='ltr'><strong>et</strong></span> <span class='ocrx_word' id='word_1_784' title='bbox 3304 3627 3677 3683; x_wconf 87' lang='lat' dir='ltr'><strong>munusculum</strong></span> <span class='ocrx_word' id='word_1_785' title='bbox 3714 3623 3786 3678; x_wconf 82' lang='lat' dir='ltr'><strong>ad</strong></span> 
     </span>
    </p>
   </div>
   <div class='ocr_carea' id='block_1_98' title="bbox 2201 3718 3781 3793">
    <p class='ocr_par' dir='ltr' id='par_1_98' title="bbox 2201 3718 3781 3793">
     <span class='ocr_line' id='line_1_98' title="bbox 2201 3718 3781 3793; baseline -0.001 -17"><span class='ocrx_word' id='word_1_786' title='bbox 2201 3722 2603 3793; x_wconf 70' lang='lat' dir='ltr'><strong>literonymum,</strong></span> <span class='ocrx_word' id='word_1_787' title='bbox 2637 3722 2720 3775; x_wconf 94' lang='lat' dir='ltr'><strong>eui</strong></span> <span class='ocrx_word' id='word_1_788' title='bbox 2750 3718 3084 3789; x_wconf 83' lang='lat' dir='ltr'><strong>significabat</strong></span> <span class='ocrx_word' id='word_1_789' title='bbox 3112 3737 3170 3775; x_wconf 89' lang='lat' dir='ltr'><strong>se</strong></span> <span class='ocrx_word' id='word_1_790' title='bbox 3197 3720 3334 3775; x_wconf 75' lang='lat' dir='ltr'><strong>velle</strong></span> <span class='ocrx_word' id='word_1_791' title='bbox 3353 3721 3419 3774; x_wconf 88' lang='lat' dir='ltr'><strong>ab</strong></span> <span class='ocrx_word' id='word_1_792' title='bbox 3438 3735 3506 3775; x_wconf 91' lang='lat' dir='ltr'><strong>eo</strong></span> <span class='ocrx_word' id='word_1_793' title='bbox 3532 3720 3781 3792; x_wconf 87' lang='lat' dir='ltr'><strong>Scriptu-</strong></span> 
     </span>
    </p>
   </div>
   <div class='ocr_carea' id='block_1_99' title="bbox 2204 3809 3785 3883">
    <p class='ocr_par' dir='ltr' id='par_1_99' title="bbox 2204 3809 3785 3883">
     <span class='ocr_line' id='line_1_99' title="bbox 2204 3809 3785 3883; baseline -0.001 -17"><span class='ocrx_word' id='word_1_794' title='bbox 2204 3828 2274 3866; x_wconf 76' lang='lat' dir='ltr'><strong>m:</strong></span> <span class='ocrx_word' id='word_1_795' title='bbox 2296 3826 2462 3866; x_wconf 67' lang='lat' dir='ltr'><strong>sacra!</strong></span> <span class='ocrx_word' id='word_1_796' title='bbox 2509 3812 2761 3881; x_wconf 88' lang='lat' dir='ltr'><strong>mysteria</strong></span> <span class='ocrx_word' id='word_1_797' title='bbox 2792 3810 3055 3864; x_wconf 85' lang='lat' dir='ltr'><strong>ediscere.</strong></span> <span class='ocrx_word' id='word_1_798' title='bbox 3087 3809 3429 3865; x_wconf 70' lang='lat' dir='ltr'><strong>Suavissimm</strong></span> <span class='ocrx_word' id='word_1_799' title='bbox 3455 3810 3785 3883; x_wconf 81' lang='lat' dir='ltr'><strong>Hieronymo</strong></span> 
     </span>
    </p>
   </div>
   <div class='ocr_carea' id='block_1_100' title="bbox 2204 3902 3786 3973">
    <p class='ocr_par' dir='ltr' id='par_1_100' title="bbox 2204 3902 3786 3973">
     <span class='ocr_line' id='line_1_100' title="bbox 2204 3902 3786 3973; baseline 0.001 -17"><span class='ocrx_word' id='word_1_800' title='bbox 2204 3902 2421 3957; x_wconf 88' lang='lat' dir='ltr'><strong>fuerunt</strong></span> <span class='ocrx_word' id='word_1_801' title='bbox 2467 3903 2570 3957; x_wconf 73' lang='lat' dir='ltr'><strong>illa:</strong></span> <span class='ocrx_word' id='word_1_802' title='bbox 2611 3903 2831 3966; x_wconf 69' lang='lat' dir='ltr'><strong>litterte,</strong></span> <span class='ocrx_word' id='word_1_803' title='bbox 2872 3917 2991 3973; x_wconf 64' lang='lat' dir='ltr'><strong>qua:</strong></span> <span class='ocrx_word' id='word_1_804' title='bbox 3036 3919 3066 3956; x_wconf 84' lang='lat' dir='ltr'><strong>a</strong></span> <span class='ocrx_word' id='word_1_805' title='bbox 3106 3903 3369 3973; x_wconf 84' lang='lat' dir='ltr'><strong>principio</strong></span> <span class='ocrx_word' id='word_1_806' title='bbox 3426 3903 3786 3959; x_wconf 83' lang='lat' dir='ltr'><strong>amicitiarum</strong></span> 
     </span>
    </p>
   </div>
   <div class='ocr_carea' id='block_1_101' title="bbox 2207 3992 3791 4064">
    <p class='ocr_par' dir='ltr' id='par_1_101' title="bbox 2207 3992 3791 4064">
     <span class='ocr_line' id='line_1_101' title="bbox 2207 3992 3791 4064; baseline 0.001 -18"><span class='ocrx_word' id='word_1_807' title='bbox 2207 3993 2372 4064; x_wconf 86' lang='lat' dir='ltr'><strong>(quod</strong></span> <span class='ocrx_word' id='word_1_808' title='bbox 2400 3992 2637 4047; x_wconf 88' lang='lat' dir='ltr'><strong>indicare</strong></span> <span class='ocrx_word' id='word_1_809' title='bbox 2667 3992 2876 4046; x_wconf 87' lang='lat' dir='ltr'><strong>videtur</strong></span> <span class='ocrx_word' id='word_1_810' title='bbox 2913 3992 3084 4047; x_wconf 85' lang='lat' dir='ltr'><strong>nullas</strong></span> <span class='ocrx_word' id='word_1_811' title='bbox 3113 3992 3260 4061; x_wconf 85' lang='lat' dir='ltr'><strong>prius</strong></span> <span class='ocrx_word' id='word_1_812' title='bbox 3300 3993 3550 4062; x_wconf 86' lang='lat' dir='ltr'><strong>utrinque</strong></span> <span class='ocrx_word' id='word_1_813' title='bbox 3596 3994 3791 4047; x_wconf 88' lang='lat' dir='ltr'><strong>utissas</strong></span> 
     </span>
    </p>
   </div>
   <div class='ocr_carea' id='block_1_102' title="bbox 2207 4084 3790 4155">
    <p class='ocr_par' dir='ltr' id='par_1_102' title="bbox 2207 4084 3790 4155">
     <span class='ocr_line' id='line_1_102' title="bbox 2207 4084 3790 4155; baseline 0 -17"><span class='ocrx_word' id='word_1_814' title='bbox 2207 4084 2369 4140; x_wconf 86' lang='lat' dir='ltr'><strong>fuisse</strong></span> <span class='ocrx_word' id='word_1_815' title='bbox 2396 4085 2687 4155; x_wconf 89' lang='lat' dir='ltr'><strong>epistolas)</strong></span> <span class='ocrx_word' id='word_1_816' title='bbox 2732 4085 2893 4138; x_wconf 80' lang='lat' dir='ltr'><strong>fidem</strong></span> <span class='ocrx_word' id='word_1_817' title='bbox 2919 4085 3161 4153; x_wconf 73' lang='lat' dir='ltr'><strong>probata:</strong></span> <span class='ocrx_word' id='word_1_818' title='bbox 3186 4086 3296 4153; x_wconf 86' lang='lat' dir='ltr'><strong>jam</strong></span> <span class='ocrx_word' id='word_1_819' title='bbox 3331 4093 3387 4139; x_wconf 87' lang='lat' dir='ltr'><strong>et</strong></span> <span class='ocrx_word' id='word_1_820' title='bbox 3423 4086 3624 4139; x_wconf 87' lang='lat' dir='ltr'><strong>veteris</strong></span> <span class='ocrx_word' id='word_1_821' title='bbox 3654 4086 3790 4139; x_wconf 88' lang='lat' dir='ltr'><strong>ami-</strong></span> 
     </span>
    </p>
   </div>
   <div class='ocr_carea' id='block_1_103' title="bbox 2207 4173 3795 4246">
    <p class='ocr_par' dir='ltr' id='par_1_103' title="bbox 2207 4173 3795 4246">
     <span class='ocr_line' id='line_1_103' title="bbox 2207 4173 3795 4246; baseline -0.002 -15"><span class='ocrx_word' id='word_1_822' title='bbox 2207 4177 2345 4231; x_wconf 78' lang='lat' dir='ltr'><strong>citia:</strong></span> <span class='ocrx_word' id='word_1_823' title='bbox 2367 4175 2743 4246; x_wconf 67' lang='lat' dir='ltr'><strong>prteferebant,</strong></span> <span class='ocrx_word' id='word_1_824' title='bbox 2763 4175 2888 4229; x_wconf 90' lang='lat' dir='ltr'><strong>item</strong></span> <span class='ocrx_word' id='word_1_825' title='bbox 2916 4173 3122 4229; x_wconf 87' lang='lat' dir='ltr'><strong>Paulini</strong></span> <span class='ocrx_word' id='word_1_826' title='bbox 3143 4175 3475 4245; x_wconf 86' lang='lat' dir='ltr'><strong>prudentiam</strong></span> <span class='ocrx_word' id='word_1_827' title='bbox 3502 4184 3560 4229; x_wconf 90' lang='lat' dir='ltr'><strong>et</strong></span> <span class='ocrx_word' id='word_1_828' title='bbox 3589 4175 3795 4245; x_wconf 89' lang='lat' dir='ltr'><strong>eloquii</strong></span> 
     </span>
    </p>
   </div>
   <div class='ocr_carea' id='block_1_104' title="bbox 2208 4266 3795 4337">
    <p class='ocr_par' dir='ltr' id='par_1_104' title="bbox 2208 4266 3795 4337">
     <span class='ocr_line' id='line_1_104' title="bbox 2208 4266 3795 4337; baseline -0.001 -14"><span class='ocrx_word' id='word_1_829' title='bbox 2208 4278 2561 4323; x_wconf 87' lang='lat' dir='ltr'><strong>venustatem.</strong></span> <span class='ocrx_word' id='word_1_830' title='bbox 2585 4267 2764 4321; x_wconf 86' lang='lat' dir='ltr'><strong>Adfuit</strong></span> <span class='ocrx_word' id='word_1_831' title='bbox 2787 4275 2843 4303; x_wconf 68' lang='grc' dir='ltr'><strong>ιι</strong></span> <span class='ocrx_word' id='word_1_832' title='bbox 2871 4268 3032 4321; x_wconf 84' lang='lat' dir='ltr'><strong>etiam</strong></span> <span class='ocrx_word' id='word_1_833' title='bbox 3052 4267 3190 4336; x_wconf 89' lang='lat' dir='ltr'><strong>apud</strong></span> <span class='ocrx_word' id='word_1_834' title='bbox 3209 4266 3591 4337; x_wconf 72' lang='lat' dir='ltr'><strong>Hieronymum</strong></span> <span class='ocrx_word' id='word_1_835' title='bbox 3619 4266 3795 4321; x_wconf 78' lang='lat' dir='ltr'><strong>Euse-</strong></span> 
     </span>
    </p>
   </div>
   <div class='ocr_carea' id='block_1_105' title="bbox 2210 4356 3798 4427">
    <p class='ocr_par' dir='ltr' id='par_1_105' title="bbox 2210 4356 3798 4427">
     <span class='ocr_line' id='line_1_105' title="bbox 2210 4356 3798 4427; baseline 0 -16"><span class='ocrx_word' id='word_1_836' title='bbox 2210 4359 2327 4411; x_wconf 89' lang='lat' dir='ltr'><strong>bius</strong></span> <span class='ocrx_word' id='word_1_837' title='bbox 2348 4358 2581 4427; x_wconf 89' lang='lat' dir='ltr'><strong>quidam,</strong></span> <span class='ocrx_word' id='word_1_838' title='bbox 2606 4356 2990 4411; x_wconf 87' lang='lat' dir='ltr'><strong>Cremonensis</strong></span> <span class='ocrx_word' id='word_1_839' title='bbox 3016 4358 3168 4420; x_wconf 89' lang='lat' dir='ltr'><strong>forte,</strong></span> <span class='ocrx_word' id='word_1_840' title='bbox 3200 4356 3293 4411; x_wconf 84' lang='lat' dir='ltr'><strong>cui</strong></span> <span class='ocrx_word' id='word_1_841' title='bbox 3326 4371 3448 4412; x_wconf 89' lang='lat' dir='ltr'><strong>cum</strong></span> <span class='ocrx_word' id='word_1_842' title='bbox 3478 4357 3798 4412; x_wconf 86' lang='lat' dir='ltr'><strong>notissimus</strong></span> 
     </span>
    </p>
   </div>
   <div class='ocr_carea' id='block_1_106' title="bbox 2143 4444 3809 4519">
    <p class='ocr_par' dir='ltr' id='par_1_106' title="bbox 2143 4444 3809 4519">
     <span class='ocr_line' id='line_1_106' title="bbox 2143 4444 3809 4519; baseline 0.002 -19"><span class='ocrx_word' id='word_1_843' title='bbox 2143 4444 2187 4500; x_wconf 91' lang='lat' dir='ltr'><strong>D</strong></span> <span class='ocrx_word' id='word_1_844' title='bbox 2215 4450 2428 4503; x_wconf 88' lang='lat' dir='ltr'><strong>aliunde</strong></span> <span class='ocrx_word' id='word_1_845' title='bbox 2470 4449 2883 4516; x_wconf 79' lang='lat' dir='ltr'><strong>carissimusque</strong></span> <span class='ocrx_word' id='word_1_846' title='bbox 2928 4459 3071 4503; x_wconf 83' lang='lat' dir='ltr'><strong>esset</strong></span> <span class='ocrx_word' id='word_1_847' title='bbox 3101 4447 3377 4513; x_wconf 91' lang='lat' dir='ltr'><strong>Paulinus,</strong></span> <span class='ocrx_word' id='word_1_848' title='bbox 3403 4464 3527 4503; x_wconf 89' lang='lat' dir='ltr'><strong>eum</strong></span> <span class='ocrx_word' id='word_1_849' title='bbox 3562 4449 3809 4519; x_wconf 79' lang='lat' dir='ltr'><strong>amplius</strong></span> 
     </span>
    </p>
   </div>
   <div class='ocr_carea' id='block_1_107' title="bbox 2216 4540 3774 4611">
    <p class='ocr_par' dir='ltr' id='par_1_107' title="bbox 2216 4540 3774 4611">
     <span class='ocr_line' id='line_1_107' title="bbox 2216 4540 3774 4611; baseline 0 -16"><span class='ocrx_word' id='word_1_850' title='bbox 2216 4540 2355 4611; x_wconf 84' lang='lat' dir='ltr'><strong>apud</strong></span> <span class='ocrx_word' id='word_1_851' title='bbox 2385 4543 2557 4611; x_wconf 86' lang='lat' dir='ltr'><strong>ipsum</strong></span> <span class='ocrx_word' id='word_1_852' title='bbox 2581 4542 2996 4608; x_wconf 85' lang='lat' dir='ltr'><strong>commendavit,</strong></span> <span class='ocrx_word' id='word_1_853' title='bbox 3036 4541 3276 4596; x_wconf 85' lang='lat' dir='ltr'><strong>referens</strong></span> <span class='ocrx_word' id='word_1_854' title='bbox 3306 4541 3649 4596; x_wconf 89' lang='lat' dir='ltr'><strong>honestatem</strong></span> <span class='ocrx_word' id='word_1_855' title='bbox 3681 4557 3774 4595; x_wconf 90' lang='lat' dir='ltr'><strong>mo</strong></span> 
     </span>
    </p>
   </div>
   <div class='ocr_carea' id='block_1_108' title="bbox 2218 4634 3803 4707">
    <p class='ocr_par' dir='ltr' id='par_1_108' title="bbox 2218 4634 3803 4707">
     <span class='ocr_line' id='line_1_108' title="bbox 2218 4634 3803 4707; baseline -0.001 -18"><span class='ocrx_word' id='word_1_856' title='bbox 2218 4652 2334 4689; x_wconf 89' lang='lat' dir='ltr'><strong>rutn</strong></span> <span class='ocrx_word' id='word_1_857' title='bbox 2350 4636 2508 4698; x_wconf 87' lang='lat' dir='ltr'><strong>illius,</strong></span> <span class='ocrx_word' id='word_1_858' title='bbox 2525 4644 2891 4707; x_wconf 87' lang='lat' dir='ltr'><strong>contemptum</strong></span> <span class='ocrx_word' id='word_1_859' title='bbox 2904 4637 3084 4699; x_wconf 84' lang='lat' dir='ltr'><strong>seculi,</strong></span> <span class='ocrx_word' id='word_1_860' title='bbox 3101 4635 3345 4690; x_wconf 66' lang='lat' dir='ltr'><strong>amicitia:</strong></span> <span class='ocrx_word' id='word_1_861' title='bbox 3361 4634 3537 4696; x_wconf 79' lang='lat' dir='ltr'><strong>ﬁdem,</strong></span> <span class='ocrx_word' id='word_1_862' title='bbox 3553 4649 3803 4689; x_wconf 85' lang='lat' dir='ltr'><strong>amorem</strong></span> 
     </span>
    </p>
   </div>
   <div class='ocr_carea' id='block_1_109' title="bbox 2216 4724 3803 4801">
    <p class='ocr_par' dir='ltr' id='par_1_109' title="bbox 2216 4724 3803 4801">
     <span class='ocr_line' id='line_1_109' title="bbox 2216 4724 3803 4801; baseline -0.002 -19"><span class='ocrx_word' id='word_1_863' title='bbox 2216 4728 2434 4782; x_wconf 89' lang='lat' dir='ltr'><strong>Christi.</strong></span> <span class='ocrx_word' id='word_1_864' title='bbox 2466 4727 2823 4801; x_wconf 74' lang='lat' dir='ltr'><strong>Hieronymus</strong></span> <span class='ocrx_word' id='word_1_865' title='bbox 2856 4730 3016 4797; x_wconf 81' lang='lat' dir='ltr'><strong>igitur</strong></span> <span class='ocrx_word' id='word_1_866' title='bbox 3051 4724 3115 4782; x_wconf 90' lang='lat' dir='ltr'><strong>ad</strong></span> <span class='ocrx_word' id='word_1_867' title='bbox 3140 4741 3260 4783; x_wconf 88' lang='lat' dir='ltr'><strong>eum</strong></span> <span class='ocrx_word' id='word_1_868' title='bbox 3286 4729 3369 4783; x_wconf 92' lang='lat' dir='ltr'><strong>his</strong></span> <span class='ocrx_word' id='word_1_869' title='bbox 3397 4727 3465 4782; x_wconf 88' lang='lat' dir='ltr'><strong>de</strong></span> <span class='ocrx_word' id='word_1_870' title='bbox 3496 4727 3660 4782; x_wconf 86' lang='lat' dir='ltr'><strong>rebus</strong></span> <span class='ocrx_word' id='word_1_871' title='bbox 3686 4727 3803 4793; x_wconf 84' lang='lat' dir='ltr'><strong>epi-</strong></span> 
     </span>
    </p>
   </div>
   <div class='ocr_carea' id='block_1_110' title="bbox 2217 4817 3810 4891">
    <p class='ocr_par' dir='ltr' id='par_1_110' title="bbox 2217 4817 3810 4891">
     <span class='ocr_line' id='line_1_110' title="bbox 2217 4817 3810 4891; baseline -0.001 -18"><span class='ocrx_word' id='word_1_872' title='bbox 2217 4821 2407 4873; x_wconf 83' lang='lat' dir='ltr'><strong>stolam</strong></span> <span class='ocrx_word' id='word_1_873' title='bbox 2429 4822 2775 4875; x_wconf 89' lang='lat' dir='ltr'><strong>centesimam</strong></span> <span class='ocrx_word' id='word_1_874' title='bbox 2804 4822 3016 4875; x_wconf 86' lang='lat' dir='ltr'><strong>tertiam</strong></span> <span class='ocrx_word' id='word_1_875' title='bbox 3042 4821 3203 4885; x_wconf 90' lang='lat' dir='ltr'><strong>misit,</strong></span> <span class='ocrx_word' id='word_1_876' title='bbox 3233 4820 3284 4874; x_wconf 91' lang='lat' dir='ltr'><strong>in</strong></span> <span class='ocrx_word' id='word_1_877' title='bbox 3306 4835 3407 4891; x_wconf 89' lang='lat' dir='ltr'><strong>qua</strong></span> <span class='ocrx_word' id='word_1_878' title='bbox 3438 4817 3494 4857; x_wconf 64' lang='grc' dir='ltr'>ινδ</span> <span class='ocrx_word' id='word_1_879' title='bbox 3522 4820 3667 4873; x_wconf 89' lang='lat' dir='ltr'><strong>illius</strong></span> <span class='ocrx_word' id='word_1_880' title='bbox 3695 4830 3810 4872; x_wconf 67' lang='lat' dir='ltr'><strong>stu.</strong></span> 
     </span>
    </p>
   </div>
   <div class='ocr_carea' id='block_1_111' title="bbox 2217 4910 3809 4979">
    <p class='ocr_par' dir='ltr' id='par_1_111' title="bbox 2217 4910 3809 4979">
     <span class='ocr_line' id='line_1_111' title="bbox 2217 4910 3809 4979; baseline -0.002 -13"><span class='ocrx_word' id='word_1_881' title='bbox 2217 4912 2362 4966; x_wconf 92' lang='lat' dir='ltr'><strong>dium</strong></span> <span class='ocrx_word' id='word_1_882' title='bbox 2389 4920 2444 4965; x_wconf 89' lang='lat' dir='ltr'><strong>et</strong></span> <span class='ocrx_word' id='word_1_883' title='bbox 2469 4910 2670 4966; x_wconf 77' lang='lat' dir='ltr'><strong>sciendi</strong></span> <span class='ocrx_word' id='word_1_884' title='bbox 2703 4911 2884 4965; x_wconf 89' lang='lat' dir='ltr'><strong>laudat</strong></span> <span class='ocrx_word' id='word_1_885' title='bbox 2910 4910 3192 4973; x_wconf 87' lang='lat' dir='ltr'><strong>ardorem;</strong></span> <span class='ocrx_word' id='word_1_886' title='bbox 3226 4925 3399 4979; x_wconf 86' lang='lat' dir='ltr'><strong>neque</strong></span> <span class='ocrx_word' id='word_1_887' title='bbox 3436 4910 3578 4964; x_wconf 90' lang='lat' dir='ltr'><strong>enim</strong></span> <span class='ocrx_word' id='word_1_888' title='bbox 3607 4925 3809 4979; x_wconf 86' lang='lat' dir='ltr'><strong>quem-</strong></span> 
     </span>
    </p>
   </div>
   <div class='ocr_carea' id='block_1_112' title="bbox 2217 5002 3812 5071">
    <p class='ocr_par' dir='ltr' id='par_1_112' title="bbox 2217 5002 3812 5071">
     <span class='ocr_line' id='line_1_112' title="bbox 2217 5002 3812 5071; baseline -0.002 -14"><span class='ocrx_word' id='word_1_889' title='bbox 2217 5019 2376 5071; x_wconf 90' lang='lat' dir='ltr'><strong>quam</strong></span> <span class='ocrx_word' id='word_1_890' title='bbox 2406 5004 2459 5057; x_wconf 90' lang='lat' dir='ltr'><strong>in</strong></span> <span class='ocrx_word' id='word_1_891' title='bbox 2489 5003 2655 5057; x_wconf 89' lang='lat' dir='ltr'><strong>sacris</strong></span> <span class='ocrx_word' id='word_1_892' title='bbox 2678 5002 2967 5071; x_wconf 82' lang='lat' dir='ltr'><strong>Seriptttris</strong></span> <span class='ocrx_word' id='word_1_893' title='bbox 3009 5004 3125 5056; x_wconf 90' lang='lat' dir='ltr'><strong>sine</strong></span> <span class='ocrx_word' id='word_1_894' title='bbox 3153 5004 3354 5071; x_wconf 66' lang='lat' dir='ltr'><strong>prtevio</strong></span> <span class='ocrx_word' id='word_1_895' title='bbox 3383 5009 3437 5056; x_wconf 88' lang='lat' dir='ltr'><strong>et.</strong></span> <span class='ocrx_word' id='word_1_896' title='bbox 3466 5009 3812 5055; x_wconf 86' lang='lat' dir='ltr'><strong>monstrante</strong></span> 
     </span>
    </p>
   </div>
   <div class='ocr_carea' id='block_1_113' title="bbox 2219 5091 3815 5162">
    <p class='ocr_par' dir='ltr' id='par_1_113' title="bbox 2219 5091 3815 5162">
     <span class='ocr_line' id='line_1_113' title="bbox 2219 5091 3815 5162; baseline -0.003 -15"><span class='ocrx_word' id='word_1_897' title='bbox 2219 5094 2463 5147; x_wconf 83' lang='lat' dir='ltr'><strong>semitam</strong></span> <span class='ocrx_word' id='word_1_898' title='bbox 2494 5109 2651 5162; x_wconf 78' lang='lat' dir='ltr'><strong>posse</strong></span> <span class='ocrx_word' id='word_1_899' title='bbox 2676 5091 2881 5162; x_wconf 82' lang='lat' dir='ltr'><strong>ingredi</strong></span> <span class='ocrx_word' id='word_1_900' title='bbox 2906 5092 3027 5145; x_wconf 81' lang='lat' dir='ltr'><strong>dicit</strong></span> <span class='ocrx_word' id='word_1_901' title='bbox 3046 5109 3059 5156; x_wconf 89' lang='lat'><strong>;</strong></span> <span class='ocrx_word' id='word_1_902' title='bbox 3077 5106 3197 5145; x_wconf 81' lang='lat' dir='ltr'><strong>sese</strong></span> <span class='ocrx_word' id='word_1_903' title='bbox 3226 5091 3535 5161; x_wconf 87' lang='lat' dir='ltr'><strong>magistrum</strong></span> <span class='ocrx_word' id='word_1_904' title='bbox 3555 5104 3815 5154; x_wconf 86' lang='lat' dir='ltr'><strong>renuere,</strong></span> 
     </span>
    </p>
   </div>
   <div class='ocr_carea' id='block_1_114' title="bbox 2220 5179 3817 5253">
    <p class='ocr_par' dir='ltr' id='par_1_114' title="bbox 2220 5179 3817 5253">
     <span class='ocr_line' id='line_1_114' title="bbox 2220 5179 3817 5253; baseline -0.001 -17"><span class='ocrx_word' id='word_1_905' title='bbox 2220 5183 2312 5237; x_wconf 87' lang='lat' dir='ltr'><strong>sed</strong></span> <span class='ocrx_word' id='word_1_906' title='bbox 2347 5184 2595 5238; x_wconf 85' lang='lat' dir='ltr'><strong>comitem</strong></span> <span class='ocrx_word' id='word_1_907' title='bbox 2620 5183 2905 5253; x_wconf 82' lang='lat' dir='ltr'><strong>spondere,</strong></span> <span class='ocrx_word' id='word_1_908' title='bbox 2936 5182 3094 5236; x_wconf 88' lang='lat' dir='ltr'><strong>simul</strong></span> <span class='ocrx_word' id='word_1_909' title='bbox 3121 5182 3491 5250; x_wconf 62' lang='lat' dir='ltr'><strong>quaesiturum,</strong></span> <span class='ocrx_word' id='word_1_910' title='bbox 3519 5179 3682 5235; x_wconf 90' lang='lat' dir='ltr'><strong>simul</strong></span> <span class='ocrx_word' id='word_1_911' title='bbox 3718 5195 3817 5235; x_wconf 78' lang='lat' dir='ltr'><strong>oe-</strong></span> 
     </span>
    </p>
   </div>
   <div class='ocr_carea' id='block_1_115' title="bbox 2687 5353 3814 5428">
    <p class='ocr_par' dir='ltr' id='par_1_115' title="bbox 2687 5353 3814 5428">
     <span class='ocr_line' id='line_1_115' title="bbox 2687 5353 3814 5428; baseline -0.005 -15"><span class='ocrx_word' id='word_1_912' title='bbox 2687 5373 2708 5397; x_wconf 68' lang='grc' dir='ltr'><strong>ο</strong></span> <span class='ocrx_word' id='word_1_913' title='bbox 2736 5359 2832 5428; x_wconf 78' lang='lat' dir='ltr'><strong>Ep.</strong></span> <span class='ocrx_word' id='word_1_914' title='bbox 2865 5359 2918 5420; x_wconf 72' lang='lat'><strong>5,</strong></span> <span class='ocrx_word' id='word_1_915' title='bbox 2949 5376 3001 5413; x_wconf 79' lang='grc' dir='ltr'><strong>ιι.</strong></span> <span class='ocrx_word' id='word_1_916' title='bbox 3030 5358 3077 5412; x_wconf 73' lang='grc' dir='ltr'><strong>Γ.</strong></span> <span class='ocrx_word' id='word_1_917' title='bbox 3132 5365 3182 5428; x_wconf 15' lang='grc' dir='ltr'><strong>ίνγ</strong></span> <span class='ocrx_word' id='word_1_918' title='bbox 3206 5356 3303 5424; x_wconf 88' lang='lat' dir='ltr'><strong>Ep.</strong></span> <span class='ocrx_word' id='word_1_919' title='bbox 3334 5355 3417 5428; x_wconf 66' lang='lat' dir='ltr'><strong>il,</strong></span> <span class='ocrx_word' id='word_1_920' title='bbox 3445 5371 3497 5409; x_wconf 88' lang='grc' dir='ltr'><strong>ιι.</strong></span> <span class='ocrx_word' id='word_1_921' title='bbox 3644 5365 3686 5428; x_wconf 63' lang='lat' dir='ltr'><em>f</em></span> <span class='ocrx_word' id='word_1_922' title='bbox 3704 5353 3814 5423; x_wconf 74' lang='lat' dir='ltr'><strong>Ep.</strong></span> 
     </span>
    </p>
   </div>
   <div class='ocr_carea' id='block_1_116' title="bbox 2305 5424 3817 5509">
    <p class='ocr_par' dir='ltr' id='par_1_116' title="bbox 2305 5424 3817 5509">
     <span class='ocr_line' id='line_1_116' title="bbox 2305 5424 3817 5509; baseline -0.004 -24"><span class='ocrx_word' id='word_1_923' title='bbox 2305 5424 2335 5469; x_wconf 56' lang='grc' dir='ltr'><strong>δ’</strong></span> <span class='ocrx_word' id='word_1_924' title='bbox 2364 5432 2492 5509; x_wconf 56' lang='lat' dir='ltr'><strong>Yide</strong></span> <span class='ocrx_word' id='word_1_925' title='bbox 2523 5441 2633 5509; x_wconf 51' lang='lat' dir='ltr'><strong>iuit.</strong></span> <span class='ocrx_word' id='word_1_926' title='bbox 2783 5424 2813 5467; x_wconf 66' lang='grc' dir='ltr'><strong>ἰ</strong></span> <span class='ocrx_word' id='word_1_927' title='bbox 2840 5430 2985 5509; x_wconf 80' lang='lat' dir='ltr'><strong>_Attg.</strong></span> <span class='ocrx_word' id='word_1_928' title='bbox 3012 5445 3097 5509; x_wconf 66' lang='lat' dir='ltr'><strong>ep.</strong></span> <span class='ocrx_word' id='word_1_929' title='bbox 3127 5427 3225 5509; x_wconf 33' lang='grc' dir='ltr'><strong>δὲ,</strong></span> <span class='ocrx_word' id='word_1_930' title='bbox 3253 5443 3306 5479; x_wconf 88' lang='lat' dir='ltr'><strong>n.</strong></span> <span class='ocrx_word' id='word_1_931' title='bbox 3526 5424 3817 5509; x_wconf 49' lang='lat' dir='ltr'><strong>Rutilium</strong></span> 
     </span>
    </p>
   </div>
   <div class='ocr_carea' id='block_1_117' title="bbox 2973 5493 3819 5619">
    <p class='ocr_par' dir='ltr' id='par_1_117' title="bbox 2973 5493 3819 5619">
     <span class='ocr_line' id='line_1_117' title="bbox 2973 5493 3819 5567; baseline -0.004 -17"><span class='ocrx_word' id='word_1_932' title='bbox 2973 5509 2992 5535; x_wconf 86' lang='lat'><strong>&quot;</strong></span> <span class='ocrx_word' id='word_1_933' title='bbox 3026 5497 3124 5567; x_wconf 83' lang='lat' dir='ltr'><strong>Ep.</strong></span> <span class='ocrx_word' id='word_1_934' title='bbox 3150 5497 3236 5556; x_wconf 66' lang='lat'><strong>23,</strong></span> <span class='ocrx_word' id='word_1_935' title='bbox 3270 5513 3322 5549; x_wconf 94' lang='lat' dir='ltr'><strong>n.</strong></span> <span class='ocrx_word' id='word_1_936' title='bbox 3350 5494 3399 5549; x_wconf 81' lang='grc'><strong>5.</strong></span> <span class='ocrx_word' id='word_1_937' title='bbox 3480 5505 3501 5532; x_wconf 80' lang='grc'><em>³</em></span> <span class='ocrx_word' id='word_1_938' title='bbox 3533 5494 3628 5563; x_wconf 84' lang='lat' dir='ltr'><strong>Ep.</strong></span> <span class='ocrx_word' id='word_1_939' title='bbox 3670 5493 3717 5555; x_wconf 78' lang='grc' dir='ltr'>ι,</span> <span class='ocrx_word' id='word_1_940' title='bbox 3754 5510 3819 5547; x_wconf 89' lang='grc' dir='ltr'><strong>ιι.</strong></span> 
     </span>
     <span class='ocr_line' id='line_1_118' title="bbox 2973 5564 3819 5619; baseline -0.004 0"><span class='ocrx_word' id='word_1_941' title='bbox 2973 5568 3077 5619; x_wconf 66' lang='lat' dir='ltr'><strong>(il-</strong></span> <span class='ocrx_word' id='word_1_942' title='bbox 3099 5578 3153 5619; x_wconf 88' lang='lat' dir='ltr'><strong>et</strong></span> <span class='ocrx_word' id='word_1_943' title='bbox 3197 5566 3371 5619; x_wconf 76' lang='lat' dir='ltr'><strong>Cbiftl.</strong></span> <span class='ocrx_word' id='word_1_944' title='bbox 3422 5575 3559 5619; x_wconf 81' lang='lat' dir='ltr'><strong>nart.</strong></span> <span class='ocrx_word' id='word_1_945' title='bbox 3590 5565 3643 5619; x_wconf 60' lang='grc' dir='ltr'><strong>τ’..</strong></span> <span class='ocrx_word' id='word_1_946' title='bbox 3676 5580 3723 5619; x_wconf 86' lang='lat' dir='ltr'><strong>c.</strong></span> <span class='ocrx_word' id='word_1_947' title='bbox 3757 5564 3819 5617; x_wconf 81' lang='grc'>5.</span> 
     </span>
    </p>
   </div>
  </div>
