4056 6358
246 377 316 437 cs
1629 363 2152 421 PROLEGOML‘NA.
2379 401 2382 404 .
3447 373 3518 427 σο

247 496 490 554 titurum,
522 487 681 542 simul
703 485 1055 557 pulsaturum.
1080 481 1282 536 Deinde
1310 480 1548 543 festinet,
1574 487 1748 548 rogat.
1778 488 1832 531 et
1860 487 1907 541 Α
1936 480 2236 533 orationem
2270 479 2436 532 dubio
2459 482 2648 549 procul
2684 481 2889 550 legerat
2923 483 3252 553 Augustinus
3285 501 3297 538 :
3331 500 3520 541 verum

247 602 317 642 ne
338 581 678 647 recrastinet,
704 579 845 633 diem
874 577 943 632 de
989 575 1076 630 die
1105 574 1342 636 trahens,
1371 583 1529 628 caute
1571 581 1626 627 et
1669 571 1836 642 pede-

249 676 439 733 tentim
463 671 830 744 possessiones
856 682 982 723 suas
1004 664 1266 729 vendere;
1317 679 1410 718 eas
1460 662 1640 732 potius
1668 660 1838 730 proji-

163 818 190 835 .,
249 771 380 834 ciat,
409 775 465 823 et
495 763 748 820 haerentis
777 762 830 815 in
857 761 973 814 salo
1002 757 1260 812 naviculae
1291 755 1469 809 funem
1504 754 1673 820 magis
1699 769 1835 823 prte-

249 857 462 915 scindat
488 870 650 924 quam
680 853 882 916 solvat,
919 850 1031 904 Deo
1059 864 1118 902 se
1148 855 1316 902 totum
1357 845 1542 908 dedat;
1570 843 1838 898 Christum

249 949 472 1005 aliunde
501 947 704 1002 habere
725 943 868 998 unde
892 955 1156 1012 pauperes
1185 939 1321 1002 alat;
1353 937 1585 1001 Christo,
1621 951 1732 990 non
1746 951 1839 988 su-

249 1017 566 1114 perstitibus
595 1037 696 1091 sibi
746 1034 974 1088 fortasse
1026 1030 1396 1090 facultatibus,
1439 1027 1690 1082 confidat.
1725 1025 1840 1091 Qua

250 1129 632 1186 exhortatione
665 1135 774 1180 tam
822 1131 1008 1178 sancta
1054 1121 1252 1176 indicat
1281 1119 1640 1190 Hieronymus
1668 1117 1843 1171 vereri

250 1237 332 1286 se,
367 1237 436 1275 ne
483 1219 528 1273 si
575 1216 860 1272 retinuerit
897 1213 1245 1283 pristinarum
1286 1209 1486 1279 aliqum
1530 1208 1842 1263 facultatum

251 1311 543 1372 Paulinus,
576 1308 770 1377 quibus
809 1306 910 1362 sub
942 1310 1207 1374 pnetextu
1245 1301 1600 1370 eleemosyna:
1629 1297 1844 1366 sapien-

247 1403 366 1456 tius
388 1400 582 1455 deinde
613 1397 939 1468 pauperibus
966 1393 1347 1450 distribuenda:
1389 1390 1711 1454 incubuerit,
1743 1389 1846 1440 illis

252 1497 515 1568 paulatim
547 1495 821 1549 irretiatur
849 1505 1064 1554 rursus;
1090 1503 1264 1556 neque
1292 1487 1453 1540 etiam
1497 1485 1547 1538 in
1580 1492 1690 1538 tota
1738 1481 1848 1551 epi-

250 1589 408 1645 stolae
433 1586 574 1642 serie
587 1584 773 1640 laudat
798 1591 907 1637 tam
929 1580 1200 1650 egregium
1224 1577 1446 1638 facinus,
1471 1575 1622 1643 cujus
1642 1574 1845 1628 exitum

251 1676 489 1732 necdum
527 1674 690 1745 plane
736 1679 1077 1743 perspectum
1125 1667 1377 1722 habebat.
1411 1665 1608 1719 Verum
1657 1671 1844 1733 postea

251 1782 377 1821 cum
399 1763 756 1836 proculdubio
778 1763 946 1816 audiit
972 1776 1132 1830 quam
1165 1759 1334 1813 libens
1354 1773 1449 1810 sua
1479 1770 1704 1824 seseque
1734 1757 1846 1823 ipse

1938 571 1982 624 si
2013 579 2094 626 est
2125 571 2211 624 ille
2237 571 2446 625 libellus
2469 573 2767 627 tIAdvtvsus
2795 572 3004 640 Gentes,
3039 590 3198 644 quem
3229 576 3297 631 ab
3325 592 3393 632 eo
3421 592 3521 648 pe.

1939 664 2004 716 tit
2037 678 2180 716 anno
2213 664 2590 718 trecentesimo
2622 667 2972 734 nonagesimo
2995 674 3169 732 sexto,
3196 681 3356 736 quem
3387 684 3521 723 non-

1939 753 2064 807 dum
2095 755 2254 823 plane
2284 755 2586 809 absolutum
2616 758 2829 812 videtur
2856 775 3159 828 supponere
3187 779 3199 812 :
3225 776 3368 829 eum,
3401 764 3521 817 vivo

1943 843 2269 909 Theodosio,
2315 860 2421 898 non
2452 847 2685 916 scripsit,
2716 864 2892 918 neque
2940 866 3060 904 eum
3106 852 3205 920 ipsi
3233 852 3520 920 dedicavit,

1942 947 2001 990 ut
2041 936 2322 992 Gennadio
2350 939 2546 1008 placet.
2597 941 2924 1008 Augustinus
2956 954 2976 980 ι’
3010 943 3269 1000 denotare
3313 946 3527 1001 videtur

1945 1030 2092 1084 illum
2140 1033 2524 1102 panegyricum
2571 1034 2654 1087 bis
2699 1031 2879 1090 verbis
2933 1054 2944 1088 :
2998 1036 3278 1092 Christiani
3333 1056 3528 1110 quoque

1941 1124 2279 1193 imperatores
2307 1126 2513 1194 plenam
2538 1137 2768 1197 gerentes
2795 1128 3041 1195 fiduciam
3066 1131 3271 1198 pietatis
3295 1131 3352 1184 in
3375 1129 3528 1184 Chri~

1945 1223 2045 1278 sto,
2069 1223 2132 1266 de
2152 1217 2376 1268 inimicis
2397 1217 2687 1291 sacrilegis,
2710 1220 2795 1288 qui
2823 1207 2963 1289 spem
2989 1237 3136 1273 suam
3164 1222 3218 1274 in
3240 1237 3531 1274 sacramen-

1949 1308 2012 1358 tis
2042 1306 2294 1359 idolorum
2341 1308 2729 1378 da’monumq‘ue
2769 1322 3066 1381 posuerant,
3100 1312 3527 1382 gloriosissimam

1947 1397 2212 1449 victoriam
2234 1407 2600 1467 perceperunt;
2632 1416 2744 1452 cum
2786 1402 3122 1470 apertissimis
3153 1405 3532 1474 notissimisque

1948 1488 2284 1551 documentis,
2309 1490 2372 1541 de
2399 1489 2578 1559 quibus
2608 1493 2842 1574 nonnulli
2857 1495 2971 1563 jam
2999 1495 3242 1564 scriptum
3272 1497 3533 1549 memerita

1948 1581 2391 1643 commendarunt,
2421 1583 2537 1636 illos
2580 1586 2821 1653 fallerent
2867 1589 3107 1641 vaticinia
3137 1588 3532 1657 dwmoniorum,

1950 1677 2041 1729 hos
2070 1676 2340 1744 ﬁrmarent
2360 1678 2610 1744 prmdirta
2640 1690 2954 1734 sanctorum.
2980 1681 3184 1748 Quibus
3208 1685 3385 1740 verbis
3412 1700 3534 1739 con-

1949 1775 2054 1821 stat
2083 1782 2203 1820 eum
2235 1767 2470 1822 indicare
2497 1769 2702 1824 cladem
2736 1770 2955 1840 Eugenii
2984 1782 3039 1826 et
3067 1774 3368 1842 Arbogasti.
3395 1775 3533 1830 Men.

253 1862 368 1915 Deo
399 1859 703 1923 obtulisset,
751 1872 856 1911 non
899 1855 1072 1909 solum
1122 1862 1146 1889 ⁸
1189 1853 1336 1906 miris
1359 1867 1481 1904 eum
1511 1858 1567 1902 et
1596 1847 1850 1901 inauditis
1884 1862 1925 1918 η
1954 1858 2153 1909 lioncm
2178 1858 2338 1910 aliam
2368 1857 2491 1912 facit
2539 1858 2894 1916 Cassiodorus
2927 1870 2948 1896 ⁸
2984 1863 3105 1917 libri
3135 1880 3296 1934 quem
3352 1864 3532 1921 Pauli-

253 1953 472 2007 ornavit
505 1950 776 2014 laudibus;
809 1948 902 2002 sed
943 1958 998 2000 et
1041 1946 1252 2000 monuit
1278 1944 1456 2014 potius
1505 1952 1563 1995 ut
1612 1940 1844 2010 sapienti

253 2043 584 2100 discretione
610 2040 809 2109 aliquid
840 2041 906 2093 de
935 2039 1053 2092 zelo
1097 2038 1397 2091 remitteret
1425 2050 1534 2103 quo
1565 2035 1846 2087 facultates

252 2134 536 2202 erogabat,
567 2147 726 2203 quam
765 2129 1015 2185 excitavit
1064 2137 1122 2182 ut
1157 2143 1280 2182 eum
1314 2133 1552 2195 augeret.
1588 2125 1851 2178 Baronius

252 2227 281 2268 δ
316 2226 642 2282 existimavit
665 2224 809 2278 illam
831 2221 1112 2292 epistolam
1137 2219 1298 2274 fuisse
1317 2218 1568 2287 scriptam
1592 2216 1656 2269 ad
1686 2216 1847 2268 alium

254 2318 544 2388 quemdam
573 2314 874 2378 Paulinum,
903 2329 1010 2367 non
1033 2311 1098 2365 ad
1122 2310 1411 2374 Nolanum;
1439 2308 1530 2362 sed
1553 2307 1640 2376 qui
1677 2317 1698 2343 ο
1731 2323 1808 2374 βο.
1829 2313 1853 2358 t

253 2425 382 2462 eum
418 2406 548 2461 illud
596 2405 902 2474 diligentius
933 2401 1255 2472 perscrutati
1277 2407 1425 2462 sunt,
1455 2398 1733 2452 credidere
1765 2414 1850 2450 ra-

249 2500 436 2552 tiones
464 2497 658 2566 quibus
694 2496 882 2550 nititur
909 2493 1026 2548 eius
1054 2492 1259 2558 oninio,
1301 2488 1702 2560 postponendas
1730 2503 1851 2540 esse

254 2591 328 2643 iis
348 2590 543 2658 quibus
571 2587 896 2656 infringitur.

329 2683 385 2738 2.
426 2682 536 2736 Sub
559 2682 697 2736 idem
721 2689 930 2748 tempus
965 2676 1218 2732 Paulinus
1239 2673 1530 2728 Theodosii
1561 2669 1850 2741 panegyri-

253 2792 384 2831 cum
407 2772 716 2838 cclcbravit,
739 2771 784 2825 si
806 2767 1206 2824 assentiendum
1239 2773 1321 2820 est
1349 2763 1376 2801 ἀ
1407 2761 1686 2816 Gennadio
1709 2773 1855 2810 asse-

253 2867 404 2921 renti
429 2866 571 2918 hanc
589 2864 893 2917 orationem
916 2859 1081 2914 fuisse
1112 2873 1141 2910 a
1168 2857 1394 2910 Paulino
1424 2855 1525 2921 ipsi
1551 2851 1855 2905 Theodosio

253 2955 523 3015 dicatam,
555 2952 646 3020 qui
674 2949 893 3018 quidem
928 2949 1178 3018 princeps
1215 2945 1280 2997 Π
1307 2942 1547 2997 Januarii
1570 2941 1681 3002 die,
1715 2955 1856 2992 anno

257 3043 654 3098 trecentesimo
676 3040 1028 3110 nonagesimo
1054 3038 1244 3107 quinto
1284 3035 1436 3091 obiit.
1468 3035 1852 3102 Argumentum

257 3146 287 3172 ε
314 3133 731 3204 suppeditarunt
758 3131 994 3185 victorue
1022 3143 1154 3197 quas
1182 3143 1213 3181 a
1237 3127 1474 3198 tyrannis
1501 3123 1734 3177 Maximo
1760 3123 1854 3176 sci-

1951 1967 2049 2002 nus
2075 1951 2140 2003 de
2187 1949 2490 2005 Theodosio
2542 1953 2848 2021 scripserat,
2897 1955 2990 2009 sed
3019 1971 3137 2024 qua:
3166 1956 3232 2011 de
3258 1972 3324 2012 eo
3348 1957 3531 2025 refert,

1951 2057 2016 2094 ex
2048 2040 2375 2112 Hieronymo
2404 2045 2739 2113 excerpsisse
2776 2045 3006 2099 videtur.

2527 2175 2755 2231 CAPUT
2787 2177 2949 2232 XXV.

2032 2286 2104 2340 De
2124 2287 2331 2342 Paulini
2355 2291 2728 2344 necessitudine
2754 2306 2868 2344 cum
2900 2291 3095 2347 Sancto
3122 2302 3169 2347 et
3205 2294 3458 2349 Amando.

2031 2400 2077 2452 l.
2113 2398 2226 2452 Non
2261 2399 2412 2455 facile
2441 2401 2793 2470 conjicituran
2818 2403 2905 2458 ille
2935 2403 3162 2459 Sanctus
3181 2405 3535 2465 Endelecitius

1954 2491 2018 2544 ad
2072 2507 2230 2560 quem
2292 2491 2545 2547 Paulinus
2597 2495 2740 2548 misn
2787 2495 3073 2552 Theodosii
3123 2503 3533 2573 panegyricum,

1956 2581 2096 2636 idem
2129 2583 2216 2636 ille
2243 2583 2313 2636 sit
2341 2584 2425 2637 cui
2462 2585 2745 2653 epistolam
2784 2587 3248 2656 quadragesiniam
3299 2593 3534 2662 scripsit.

1955 2673 2161 2728 Nomen
2184 2673 2408 2727 Sanctus
2432 2683 2549 2728 erat
2573 2677 2784 2746 utrique
2805 2693 3108 2732 commune.
3153 2679 3394 2750 Cumque
3421 2684 3536 2737 evi-

1954 2763 2145 2816 denter
2172 2775 2426 2833 appareat
2453 2764 2706 2819 Sanctum
2739 2767 2894 2821 istum
2918 2769 3175 2839 ‘hymnos
3211 2771 3540 2832 Christianos

1958 2854 2343 2921 composuisse,
2365 2871 2594 2924 quorum
2616 2857 2822 2926 aliquos
2857 2859 2920 2913 ad
2972 2857 3250 2918 Paulinum
3298 2867 3538 2933 miserat,

1958 2958 2021 2996 ea
2056 2943 2377 3011 persuadere
2407 2956 2630 3014 possunt
2660 2965 2822 3002 unum
2855 2958 2922 3016 yet
2966 2953 3210 3007 eumdem
3253 2971 3372 3011 esse
3400 2958 3540 3014 San-

1957 3041 2101 3087 ctum
2135 3051 2146 3086 :
2181 3041 2234 3086 et
2263 3043 2509 3088 constant
2542 3035 2819 3094 Paulinum
2849 3041 3076 3110 cmpisse
3107 3047 3130 3079 ιι
3156 3059 3276 3100 eum
3321 3047 3542 3116 diligere

1957 3123 2040 3177 vel
2068 3124 2305 3178 nondum
2336 3136 2599 3181 renatum.
2629 3128 2856 3186 Aliunde
2900 3149 3029 3188 vero
3076 3139 3322 3204 quamvis
3375 3142 3540 3196 etiam

253 3225 393 3279 licet
433 3232 489 3276 et
529 3222 772 3290 Eugenio
808 3221 914 3292 45
959 3220 1172 3282 retulit,
1231 3219 1323 3288 qui
1379 3217 1650 3285 Eugenius
1680 3217 1850 3271 victus
1876 3218 1921 3276 C
1957 3223 2066 3268 tum
2099 3218 2427 3286 temporibus
2453 3219 2567 3275 istis
2590 3219 2814 3276 Romani
2838 3216 3016 3280 m'ultis
3046 3227 3426 3296 inéignirentnr
3446 3248 3543 3287 no.
3620 3284 3626 3289 ,

254 3316 526 3369 duntaxat
573 3311 672 3366 fuit
707 3326 891 3366 mense
927 3309 1250 3379 Septembri,
1299 3325 1440 3363 anno
1461 3308 1582 3363 594.
1623 3307 1641 3346 ί
1676 3307 1843 3362 Ende-

255 3407 472 3461 lecbius
501 3403 707 3458 Paulini
736 3403 958 3468 amicus,
993 3402 1240 3471 idemque
1269 3401 1626 3468 Christianus,
1659 3400 1730 3454 illi
1763 3401 1853 3453 bu-

256 3499 344 3567 jns
371 3497 555 3568 operis
583 3505 772 3551 auctor
792 3494 907 3549 fuit.
941 3492 1188 3549 Creditur
1207 3493 1296 3547 hic
1315 3507 1434 3548 esse
1457 3502 1481 3538 κ
1505 3501 1722 3547 sanctus
1750 3490 1849 3546 Se-

254 3603 424 3644 verus
456 3585 812 3642 Endelecbius
839 3585 991 3654 cujus
1032 3585 1325 3639 etiamnum
1355 3591 1572 3638 exstant
1599 3583 1849 3637 nonnulla

257 3681 526 3737 carmina.
560 3679 816 3734 Paulinus
835 3661 912 3734 'eo
944 3678 1194 3732 libentius
1235 3677 1378 3731 hunc
1415 3676 1483 3730 ab
1511 3676 1687 3730 amico
1719 3672 1742 3710 ¹ι
1768 3675 1848 3727 la-

257 3775 450 3828 borem
481 3771 736 3841 suscepit,
766 3768 909 3838 quod
951 3769 1002 3822 in
1051 3767 1357 3822 Theodosio
1406 3781 1512 3819 non
1544 3773 1652 3818 tam
1683 3765 1849 3833 impe-

255 3872 500 3917 ratorem
545 3877 705 3932 quam
743 3859 1226 3924 Christi-servum;
1267 3874 1374 3913 non
1417 3856 1727 3912 dominandi
1762 3872 1850 3908 sn-

263 3954 482 4023 perbia,
532 3953 625 4008 sed
667 3951 967 4006 humilitate
1037 3948 1330 4004 famulandi
1395 3956 1703 4018 potentem;
1749 3962 1850 4000 nec

270 4061 452 4114 regno,
482 4045 579 4101 sed
606 4047 725 4100 viva
752 4052 808 4098 et
834 4042 1045 4098 ardenti
1091 4042 1222 4107 fide,
1253 4042 1553 4112 principem
1589 4039 1848 4109 praedica-

265 4143 365 4189 ret.
394 4133 643 4189 Ostendit
679 4133 692 4170 ί
721 4134 884 4188 etiam
917 4131 1277 4186 Theodosium
1307 4131 1501 4184 vicisse
1529 4129 1711 4198 potius
1748 4127 1850 4180 lide

260 4235 315 4280 et
343 4227 611 4296 precibus,
639 4240 800 4294 quam
830 4223 1013 4277 armis.
1051 4223 1063 4272 i
1097 4221 1297 4289 Legum
1330 4223 1454 4274 item
1480 4221 1545 4273 ab
1567 4220 1682 4288 ipso
1711 4219 1848 4271 lata-

261 4334 381 4372 rum
441 4318 726 4370 utilitatem
777 4332 840 4370 ea
889 4315 942 4369 in
993 4315 1238 4368 oratione
1284 4311 1643 4367 commendat.
1697 4309 1852 4363 Felix

262 4407 607 4470 Theodosius,
649 4399 854 4475 inquit?
902 4403 1262 4475 Hieronymus
1316 4403 1556 4457 scribens
1603 4400 1847 4462 Paulino,

261 4500 344 4570 qui
374 4517 406 4551 α
442 4499 536 4552 tali
561 4496 753 4551 Christi
801 4506 1006 4551 oratore
1046 4478 1359 4567 defenditur.
1406 4484 1689 4549 Illustrasti
1729 4511 1852 4565 pur-

1957 3306 2208 3372 minibus,
2245 3308 2454 3363 videtur
2498 3320 2673 3365 tamen
2726 3314 2776 3366 in
2827 3322 2922 3368 usu
2971 3317 3110 3371 idem
3140 3335 3354 3391 semper
3381 3321 3544 3377 fuisse

1956 3401 2270 3456 adhibitum.
2303 3402 2488 3474 Itaque
2519 3422 2640 3461 cum
2673 3404 2926 3463 Paulinus
2956 3407 3117 3464 alium
3148 3421 3303 3467 vocet
3331 3429 3543 3484 semper

1956 3492 2356 3559 Endelecbium,
2386 3498 2612 3552 alterum
2642 3514 2854 3568 semper
2882 3501 3138 3555 Sanctum
3167 3520 3288 3558 cum
3322 3513 3401 3559 ter
3419 3521 3545 3574 qua-

1956 3595 2104 3641 terve
2131 3587 2268 3642 illius
2289 3603 2482 3642 nomen
2514 3591 2726 3660 repetit,
2753 3607 2857 3645 non
2882 3593 2998 3648 sine
3027 3593 3372 3651 fundamento
3398 3598 3545 3653 vide-

1955 3688 2042 3732 tur
2069 3697 2225 3750 posse
2264 3683 2510 3737 concludi
2555 3698 2650 3738 eos
2678 3700 2707 3738 a
2745 3701 2802 3740 se
2849 3687 3075 3741 invictam
3124 3705 3242 3744 esse
3281 3691 3540 3747 diversos.

1953 3775 2172 3830 Accedit
2217 3779 2402 3831 eodem
2442 3779 2584 3848 quod
2631 3778 2882 3836 Paulinus
2911 3792 2936 3818 ν
2967 3783 3176 3837 videtur
3219 3785 3439 3840 innuere
3477 3801 3545 3841 ex

1951 3882 2059 3934 quo
2087 3868 2258 3921 fuerat
2289 3869 2353 3921 ad
2378 3868 2644 3923 Christum
2667 3887 2963 3927 conversus
2984 3873 3094 3944 46
3115 3891 3270 3928 unam
3298 3891 3357 3929 se
3388 3875 3544 3930 dum-

1954 3969 2098 4012 taxat
2129 3961 2194 4013 ad
2237 3960 2492 4015 Sanctum
2543 3963 2750 4018 misisse
2779 3964 3086 4033 epistolam,
3117 3982 3146 4019 a
3172 3982 3281 4034 quo
3311 3968 3546 4036 recepis-

1951 4058 2033 4103 set
2065 4061 2223 4103 unam
2257 4059 2463 4104 tantum
2494 4068 2721 4120 eamque
2751 4054 3142 4121 brevissimam,
3187 4071 3362 4124 neque
3392 4072 3543 4111 men-

1953 4138 2153 4191 tionem
2188 4141 2270 4194 sui
2304 4142 2610 4210 panegyrici
2642 4141 2785 4202 facit,
2827 4157 2986 4210 quem
3016 4158 3116 4196 nec
3154 4144 3282 4197 dicit
3317 4144 3548 4200 Endele-

1953 4235 2133 4286 cbium
2159 4248 2188 4284 a
2215 4248 2273 4284 se
2297 4231 2532 4300 petiisse.
2561 4231 2690 4296 Quis
2711 4231 2870 4297 igitur
2901 4229 3057 4284 fuerit
3077 4231 3164 4300 ille
3187 4232 3414 4288 Sanctus
3437 4250 3545 4289 non

1953 4325 2113 4394 plane
2161 4329 2405 4392 apparet,
2453 4335 2551 4374 nec
2599 4319 2801 4389 liquido
2840 4330 3072 4387 constat,
3107 4323 3205 4376 nisi
3234 4324 3399 4392 quod,
3430 4339 3551 4379 cum

1953 4414 2189 4482 loquitur
2222 4423 2242 4448 π
2277 4411 2528 4466 Paulinus
2571 4412 2638 4466 de
2679 4427 2745 4466 eo
2793 4423 3034 4482 tempore
3080 4429 3188 4483 quo
3234 4417 3552 4486 corruptela:

1954 4506 2138 4560 mundi
2180 4505 2464 4568 servierat,
2495 4502 2708 4557 videtur
2749 4511 2817 4558 de
2865 4518 2924 4558 se
2966 4504 3125 4558 simul
3155 4513 3209 4560 et
3247 4505 3314 4561 de
3353 4507 3553 4563 Sancto

259 4608 419 4660 puras
459 4591 592 4660 ejus,
623 4600 671 4642 et
699 4591 922 4642 utilitate
943 4606 971 4640 n
1003 4588 1170 4658 legum
1197 4589 1384 4658 futuris
1427 4586 1736 4656 temporibus
1762 4585 1853 4637 de-
1885 4586 1932 4645 Ι)
1961 4597 2157 4650 habere
2187 4611 2511 4650 ερηηοηριη,

259 4682 584 4735 monstrasti.
607 4679 722 4734 Jam
744 4690 935 4734 caetera
955 4680 1233 4734 retulimus
1253 4694 1370 4748 qua:
1391 4677 1604 4747 scripsit
1621 4676 1642 4713 ’ί
1662 4676 1847 4732 Ilicro-

261 4789 456 4843 nyinus
485 4774 538 4826 in
560 4773 772 4827 Iaudem
800 4773 941 4826 illius
972 4774 1249 4839 orationis,
1281 4789 1440 4841 quam
1471 4772 1648 4827 verius
1679 4771 1688 4806 ¹
1725 4787 1856 4840 apo-

261 4865 458 4931 logiam
481 4879 640 4932 quam
667 4865 1038 4936 panegyricum
1061 4864 1278 4918 dixeris.
1307 4865 1382 4918 Ad
1407 4875 1443 4900 ιη
1470 4864 1852 4919 Endelecbium

261 4970 384 5009 eam
438 4955 583 5009 misit
611 4953 884 5023 Paulinus,
914 4972 1075 5027 quam
1108 4973 1212 5011 non
1253 4957 1448 5023 edidit;
1497 4958 1638 5012 illius
1679 4967 1854 5012 tamen

261 5049 597 5119 exemplaria
641 5048 706 5103 ad
754 5065 880 5104 suos
928 5053 1129 5104 amicos
1178 5059 1202 5086 η
1242 5049 1536 5120 Sulpicium
1593 5051 1854 5105 Severum

261 5140 491 5206 scilicet,
531 5148 587 5194 et
624 5148 647 5175 ο
698 5140 1100 5212 Hieronymum,
1152 5142 1314 5195 misit.
1401 5153 1425 5191 ιδ
1453 5140 1858 5212 Pnescripserat

262 5233 454 5286 libello
480 5249 578 5288 suo
607 5249 705 5303 pro
746 5235 984 5289 themate
1027 5234 1330 5303 epistolam,
1381 5249 1486 5304 qua
1515 5234 1672 5303 hujus
1695 5251 1858 5304 opus-

263 5326 374 5380 culi
403 5328 506 5382 sibi
535 5327 700 5382 luisse
727 5336 1002 5383 auctorem
1042 5326 1423 5383 Endelecbium
1455 5327 1688 5383 dicebat.
1722 5328 1854 5381 Eam

341 5517 366 5544 η
394 5504 613 5561 IIieron.
646 5520 740 5575 ep.
769 5504 854 5559 15.
931 5503 958 5542 δ
983 5504 1178 5575 Βατρᾼη.
1208 5519 1294 5558 an.
1323 5503 1444 5566 594,
1473 5503 1500 5575 ,ξ

272 5576 292 5615 ί
331 5558 772 5645 Pauliniepsiw,
892 5575 943 5628 6.
1012 5584 1058 5645 _8
1090 5572 1220 5628 Vide
1249 5584 1362 5629 not.

270 5648 360 5701 13.
438 5645 461 5684 ¹ι
483 5643 616 5700 Ibid;
699 5645 710 5683 ¹
741 5645 874 5700 Ibid.
910 5663 923 5677 '
951 5655 986 5680 η’
1011 5643 1217 5714 Paulin.
1245 5664 1330 5714 cp.
1363 5644 1450 5700 ‘28.
1478 5662 1528 5698 η.

267 5716 360 5782 51,
394 5736 447 5771 n.
481 5717 532 5768 8.
615 5726 634 5752 τ
665 5715 797 5784 Aug.
830 5716 880 5770 in
909 5715 1090 5770 Faust.
1123 5713 1209 5778 22,
1245 5713 1293 5769 c.
1321 5715 1404 5768 76.

267 5787 363 5853 4t),
385 5805 438 5840 η.
470 5785 522 5840 2.
603 5797 625 5823 ν
655 5783 812 5852 Ibid.,
846 5803 899 5840 n.
935 5785 984 5838 I.
1068 5795 1088 5821 ι
1117 5785 1245 5838 IbiJ.
1269 5802 1320 5838 n.
1351 5784 1393 5849 ι,
1421 5783 1452 5835 5
1475 5794 1527 5839 et
1557 5786 1590 5837 6

1532 5503 1583 5557 6.
1623 5515 1643 5540 ε·
1677 5501 2040 5558 Sacchin.Vit.
2074 5501 2280 5556 Paulin.

1609 5571 1632 5610 ἰ
1664 5573 1872 5628 Paulin.
1907 5590 1992 5641 ep.
2033 5572 2112 5637 18,
2147 5590 2197 5625 n.
2232 5574 2282 5626 li.

1947 5658 1970 5677 υ
1998 5643 2216 5698 Ilieron.
2245 5641 2434 5710 ep.15.

1485 5723 1504 5749 ³
1536 5713 1846 5770 Cassiodnr.
1881 5715 1972 5768 lib.
2008 5714 2120 5766 l)iv.
2151 5713 2404 5775 Institut.,
2431 5729 2478 5766 (δ.
2506 5711 2591 5764 2|.

1485 5786 1590 5837 316
1688 5797 1710 5833 θ’
1744 5785 1894 5837 Ibii..
1934 5803 1984 5837 n.
2013 5787 2063 5835 ‘2.
2150 5793 2168 5817 ⁷
2203 5783 2333 5835 Ibid.
2447 5793 2467 5814 "
2503 5781 2591 5834 ibi!

1688 5797 1710 5833 θ’
1744 5797 1814 5839 lbi
1837 5797 1894 5838 l..
1934 5803 1984 5838 Il.
2013 5797 2063 5835 ‘2.

1680 5655 1703 5680 ¹³
1733 5644 1864 5698 ΙῒὶὶιΙ.

2028 4686 2081 4739 ‘2.
2122 4687 2192 4740 Se
2235 4685 2434 4753 jugitcr
2477 4685 2780 4740 dilexerant
2810 4682 3062 4741 Paulinus
3091 4695 3144 4739 ct
3171 4685 3398 4742 Sanctus
3422 4697 3448 4736 θ’
3479 4686 3556 4741 fa-

1961 4779 2281 4834 miliaritatis
2312 4778 2556 4831 humana:
2583 4777 2838 4840 amicitia,
2868 4786 2919 4830 et
2951 4791 3070 4845 qutc
3099 4778 3331 4832 radicem
3360 4779 3411 4832 in
3436 4795 3556 4833 cor-

1961 4872 2116 4925 dibus
2141 4887 2246 4925 non
2271 4871 2524 4934 habebat,
2542 4871 2666 4940 quia
2690 4885 2799 4923 non
2821 4869 3082 4924 aedificata
3107 4879 3222 4924 erat
3247 4871 3297 4926 in
3319 4871 3555 4926 Christo.

1966 4964 2071 5018 Eos
2097 4965 2196 5018 sibi
2225 4964 2420 5018 multas
2451 4963 2673 5017 invicem
2704 4963 2913 5018 misisse
2942 4964 3150 5018 litteras
3175 4972 3415 5035 apparet,
3439 4965 3557 5033 qui-

1963 5055 2062 5110 bus
2093 5064 2271 5108 tamen
2303 5055 2480 5108 anima
2521 5053 2728 5108 Paulini
2760 5070 2867 5108 non
2897 5055 3227 5124 replebatur.
3258 5056 3392 5110 Cum
3424 5071 3558 5108 nun-

1965 5147 2093 5199 tium
2123 5145 2328 5199 remisit
2355 5145 2576 5204 mundo,
2625 5143 2806 5199 Sancti
2831 5153 2853 5180 κ
2876 5145 3124 5199 amicitia:
3163 5161 3269 5199 non
3319 5146 3444 5198 item
3476 5159 3558 5196 re-

1963 5237 2229 5289 nuntiavit
2269 5235 2543 5301 Paulinus,
2575 5235 2669 5289 sed
2699 5235 2999 5290 litterarum
3039 5236 3270 5291 ofﬁcium
3317 5235 3559 5287 intermi-

1963 5330 2063 5392 sit;
2095 5337 2149 5365 ι’·
2178 5328 2343 5382 semel
2373 5328 2545 5382 solum
2575 5327 2624 5381 ei
2653 5329 2885 5398 scripsit,
2912 5337 2967 5384 et
2997 5335 3210 5398 recepta
3240 5327 3306 5380 ab
3339 5340 3405 5378 eo
3440 5325 3560 5379 bre-

2313 5517 2364 5570 p.
2393 5500 2516 5570 65.5.
2597 5498 2620 5537 δ
2655 5500 2898 5560 Gennad.
2926 5497 3096 5570 Calai.
3129 5513 3177 5570 c_.
3381 5507 3400 5533 ο
3426 5496 3499 5550 Ibi
3525 5500 3557 5551 '.

2380 5572 2388 5607 ί
2422 5563 2665 5626 Gennatl.
2699 5570 2872 5623 Catal.
2906 5567 3068 5636 0.748.
3148 5566 3171 5636 7i
3213 5563 3434 5621 IIieron.
3468 5584 3556 5636 ep.

2520 5656 2540 5690 ιη
2567 5640 2773 5693 Paulin.
2808 5655 2892 5706 ep.
2924 5635 3012 5698 28,
3046 5652 3105 5706 η.
3135 5635 3185 5690 6.
3265 5647 3288 5686 q
3309 5635 3558 5706 Augtcp.

2680 5715 2691 5745 ι
2725 5705 2932 5778 Paulin.
2965 5721 3051 5778 ep.
3082 5705 3169 5771 41,
3196 5723 3249 5760 tt.
3276 5706 3326 5759 i.
3403 5705 3427 5742 υ
3459 5705 3560 5775 Ep.

2150 5793 2168 5817 ⁷
2203 5783 2333 5835 Ibid.
2447 5793 2467 5814 "
2503 5781 2660 5840 Ibitl.,
2690 5795 2740 5830 n.
2774 5775 2821 5828 4.
