4056 6358
508 335 572 391 ω
1048 346 1069 351 -
1529 324 1584 380 s.
1625 294 1966 378 PAULINUS
2003 316 2320 374 sonans
2359 317 2747 377 EPISCOPUS.
2818 368 2829 373 -
3697 312 3763 367 es

511 442 995 515 vissimaepistola,
1024 438 1249 498 credidit
1276 436 1603 509 persolutum
1634 451 1752 491 esse
1782 434 1944 490 oﬂicii
1992 434 2085 489 de-
2117 441 2163 497 Α
2192 436 2556 491 immemorem
2586 448 2725 497 esse,
2759 440 2817 487 ut
2856 445 2980 487 suas
3026 445 3145 487 esse
3189 445 3297 486 non
3339 428 3762 499 recognovisset,

510 538 706 601 bitum;
729 543 785 590 et
810 534 1069 588 diuturnae
1103 531 1232 586 satis
1260 527 1609 587 taciturnitati
1636 542 1755 581 sese
1784 526 1975 580 ilercm
1999 539 2089 578 re—

513 627 670 691 tudit,
716 626 889 681 donec
927 634 951 669 ιι
990 621 1207 691 spiculis
1251 618 1491 676 caritatis
1536 615 1736 670 Christi
1784 616 2088 669 vulneratus

512 717 738 770 Sanctus
768 713 1018 784 pnevenit
1067 710 1345 765 Paulinum
1383 709 1437 763 in
1482 707 1632 761 verbi
1678 707 1771 760 Dei
1813 704 2092 760 dulcedine

508 822 605 876 per
631 806 840 876 eloquia
863 805 1158 858 litterarum
1179 809 1321 856 casta
1340 808 1395 853 et
1418 798 1617 864 fidelia,
1643 805 1702 851 ut
1724 798 1837 867 ipse
1866 804 2094 850 testatur

508 896 785 961 Paulinus;
811 896 884 949 ita
906 898 965 948 ut
984 890 1233 961 judicare
1259 890 1527 962 possimus
1548 902 1691 951 eum,
1716 886 1850 940 sicut
1881 893 1936 939 et
1957 883 2093 937 Pau-

507 986 692 1049 linum,
740 998 936 1037 novum
974 981 1190 1036 vivendi
1232 978 1530 1033 instituisse
1578 976 1828 1040 modum;
1869 980 1924 1026 et
1963 986 2093 1026 sane

507 1076 758 1129 Paulinus
786 1074 862 1127 ait
888 1074 941 1128 in
963 1087 1029 1127 eo
1050 1056 1293 1126 habitare
1317 1068 1343 1107 ιι
1365 1069 1640 1123 caritatem
1662 1065 1727 1119 de
1748 1062 1908 1119 corde
1934 1078 2089 1133 puro,

505 1179 560 1223 et
588 1171 726 1225 bona
757 1167 1103 1229 conscientia,
1134 1172 1189 1219 et
1217 1163 1317 1219 fide
1346 1178 1452 1217 non
1489 1160 1628 1215 ficta.
1664 1159 1847 1212 Verbis
1870 1168 1893 1195 ο
1918 1156 2092 1210 beati-

506 1259 790 1315 ficantibus
816 1257 1043 1311 Sanctus
1069 1256 1120 1312 in
1144 1240 1255 1309 suis
1276 1252 1467 1309 litteris
1489 1248 1768 1303 Paulinum
1795 1246 2095 1315 honorabat

508 1354 653 1421 quod
695 1350 893 1405 Christi
940 1348 1158 1401 verbum
1198 1344 1226 1381 ἀ
1266 1342 1589 1411 complesset
1629 1337 1869 1408 jubentis
1914 1337 2092 1390 omnia

509 1442 739 1495 vendere
762 1455 881 1509 quae
903 1437 1222 1508 possideret.
1245 1432 1527 1490 Scribeudi
1549 1431 1618 1487 ad
1650 1428 1928 1483 Paulinum
1956 1426 2095 1481 Sau-

507 1543 625 1586 ctus
666 1532 764 1584 sibi
798 1539 821 1565 θ
850 1529 1050 1583 fecerat
1088 1525 1405 1595 participem
1450 1520 1748 1577 Amandum
1785 1516 2092 1588 quemdam,

506 1620 667 1672 alium
698 1634 858 1687 porro
885 1616 952 1671 ab
981 1616 1237 1685 episcopo
1258 1610 1642 1678 Burdegalensi
1658 1626 1673 1675 ;
1692 1623 1851 1677 quem
1874 1614 2097 1675 apparet

508 1727 614 1765 non
645 1711 803 1779 plane
828 1706 991 1761 fuisse
1013 1704 1239 1759 Paulino
1271 1713 1475 1757 notum.
1511 1699 1737 1753 Puerum
1765 1697 1977 1752 Domini
2007 1698 2093 1750 be-

2195 531 2295 585 nisi
2326 532 2562 599 ipsorum
2592 525 2784 580 litteris
2808 523 3139 578 credidisset.

2732 652 2867 692 uno
2894 650 3101 691 cunis-rt
3127 633 3247 688 595.

2752 726 2976 784 CAPUT
3011 724 3195 779 XXVI.

2196 825 2263 879 In
2302 824 2531 879 morbum
2566 822 2745 876 incidit
2791 820 3057 881 Paulinus,
3087 828 3137 871 et
3175 814 3405 886 Sulpicio
3444 811 3636 868 Severo
3675 828 3768 881 per

2551 892 2885 963 Vigilantiam
2915 891 3069 943 mittit
3098 901 3418 957 responsum.

2268 984 2317 1038 1.
2349 982 2577 1039 Carmen
2608 959 2797 1050 rvquod
2841 979 2893 1033 in
2929 978 3188 1032 honorem
3221 974 3278 1028 S.
3321 971 3515 1028 Felicis
3554 970 3769 1040 scripsit
3806 959 3811 962 ’

2195 1073 2468 1135 Paulinus,
2497 1088 2617 1127 cum
2645 1072 2872 1141 primum
2898 1068 3014 1136 ejus
3044 1066 3273 1120 natalem
3301 1063 3447 1119 Nola:
3473 1062 3769 1118 celebravit

2194 1183 2261 1221 ex
2289 1182 2398 1235 quo
2422 1180 2482 1220 se
2509 1181 2575 1220 eo
2595 1163 2816 1233 recepit,
2839 1177 2907 1217 ex
2931 1162 3118 1215 intimo
3141 1158 3332 1213 lmtitia:
3350 1173 3509 1212 sensu
3536 1155 3766 1225 prodiit:

2193 1258 2366 1328 plenis
2385 1257 2437 1310 in
2458 1271 2524 1311 eo
2542 1255 2682 1309 votis
2696 1254 2806 1308 Deo
2820 1261 3000 1321 grates
3016 1249 3264 1315 refundit,
3278 1250 3367 1317 qui
3383 1248 3479 1317 ipsi
3494 1246 3769 1300 annuisset

2194 1346 2340 1416 quod
2365 1347 2434 1400 ab
2461 1361 2528 1400 eo
2554 1343 2801 1413 precibus
2822 1341 3023 1398 tamdiu
3044 1338 3454 1409 exspostularat.
3480 1335 3594 1390 Sub
3609 1333 3768 1388 tinem

2198 1446 2219 1473 '
2245 1439 2431 1507 petita
2451 1437 2509 1490 S.
2547 1434 2729 1489 Felice
2750 1434 2917 1488 Deum
2941 1439 3129 1492 exoret
3160 1436 3220 1484 ut
3241 1428 3341 1483 sibi
3366 1427 3525 1481 liceat
3560 1438 3771 1493 semper

2198 1528 2250 1582 in
2279 1543 2346 1582 eo
2374 1526 2670 1582 consistam
2688 1531 2870 1594 portu,
2902 1538 3063 1592 quem
3104 1528 3184 1576 tot
3216 1536 3281 1574 ac
3300 1518 3471 1593 tantis
3495 1515 3771 1569 laboribus

2196 1622 2461 1692 superatis
2488 1620 2705 1675 demum
2742 1617 3011 1685 attigerat.
3040 1615 3233 1682 Quinta
3270 1613 3407 1669 illius
3434 1609 3665 1689 epistola
3692 1608 3773 1661 vi-

2197 1711 2556 1780 deturscripta
2569 1724 2710 1763 anno
2724 1707 2963 1763 secundo
2975 1722 3038 1762 ex
3055 1721 3165 1774 quo
3184 1719 3244 1760 se
3264 1703 3450 1757 Nolam
3468 1693 3770 1769 receperat;

507 1802 764 1856 nedictum
791 1794 957 1853 vocat
975 1811 1096 1853 eum
1120 1795 1391 1859 Paulinus,
1415 1800 1471 1847 et
1489 1792 1557 1845 ab
1576 1806 1642 1845 eo
1668 1789 1687 1828 ί
1711 1805 1899 1861 preces
1918 1804 2082 1858 expo-

2203 1818 2352 1873 1uam
2369 1803 2531 1858 etiam
2552 1801 2624 1856 ob
2641 1814 2857 1856 causam
2878 1799 3011 1865 citra
3031 1796 3247 1851 dubium
3268 1809 3384 1848 eam
3399 1791 3575 1861 rejicit
3589 1792 3609 1827 ί
3628 1788 3774 1845 Chif~

507 1897 687 1950 stulat.
735 1892 1068 1945 Adnotarant
1108 1887 1337 1942 Sanctus
1382 1894 1439 1939 et
1484 1882 1755 1937 Amandus
1786 1891 1810 1929 ε
1840 1881 1894 1935 in
1945 1889 2092 1948 tergo

508 1985 749 2055 epistola:
793 1996 903 2036 sum
944 1980 1176 2034 indicem
1222 1976 1571 2046 epistolarum
1613 1971 1852 2037 Paulini,
1900 1970 2095 2038 quibus

510 2077 738 2130 Sanctus
768 2072 1052 2127 nonnullos
1079 2066 1275 2137 adjecit
1302 2066 1533 2137 hymnos
1562 2076 1699 2132 quos
1728 2059 1978 2115 Paulinus
2000 2059 2095 2113 de-

448 2189 453 2195 ’
509 2168 855 2225 sideraverat,
883 2171 939 2217 et
968 2163 1020 2215 in
1048 2160 1261 2228 quibus,
1287 2156 1590 2216 utvidetur,
1614 2154 1801 2208 decem
1830 2150 2094 2219 virginum

509 2256 841 2311 referebatur
867 2252 1142 2323 parabola.
1182 2248 1414 2303 Maximo
1460 2245 1701 2317 perfusus
1740 2255 1824 2298 est
1849 2243 1876 2280 ιι
1897 2241 2094 2310 gaudio

514 2344 785 2407 Paulinus,
814 2350 1031 2412 accepta
1052 2356 1115 2395 ea
1141 2338 1398 2410 epistola;
1427 2345 1483 2391 et
1509 2338 1562 2391 in
1592 2336 1717 2401 hac,
1749 2349 1910 2403 quam
1931 2333 2094 2387 remi-

513 2439 584 2491 sit
604 2437 670 2489 a.|
692 2445 995 2503 utrumque,
1017 2433 1147 2487 dicit
1168 2447 1226 2485 se
1246 2445 1366 2485 eam
1387 2443 1544 2482 unam
1567 2434 1881 2496 computare
1904 2439 1933 2477 a
1954 2422 2094 2477 San-

513 2536 601 2581 cto
630 2526 729 2581 sibi
758 2525 1042 2591 redditam,
1071 2522 1193 2593 quia
1224 2520 1385 2575 talem
1412 2518 1478 2573 ab
1508 2533 1575 2573 eo
1597 2532 1702 2588 qua
1729 2506 1931 2585 mpleta
1955 2521 2097 2569 esset

515 2619 691 2670 anima
722 2615 887 2685 ipsius
906 2603 1078 2667 adhuc
1102 2611 1266 2666 semel
1294 2616 1598 2677 acceperat,
1627 2622 1686 2661 se
1708 2606 1775 2660 ad
1798 2605 1983 2660 Sancti
2006 2605 2095 2657 lit-

513 2714 745 2761 terarum
773 2702 1093 2759 desiderium
1119 2700 1361 2765 excitari,
1394 2698 1553 2752 modo
1582 2697 1596 2734 ί
1622 2704 1810 2751 caveat
1829 2709 1951 2749 eum
1974 2706 2100 2747 one-

513 2810 635 2849 rare
682 2794 924 2848 laudibus
952 2791 1146 2861 quibus
1172 2805 1232 2844 se
1260 2790 1532 2857 indignum
1560 2787 1779 2841 omnino
1817 2782 2093 2840 censebat.

514 2884 715 2938 Deinde
743 2882 812 2936 ad
841 2883 1096 2952 pietatem
1133 2881 1288 2949 quasi
1341 2881 1573 2948 seipsum
1614 2878 1858 2930 hortatur
1884 2874 2096 2941 egregia

514 2978 778 3039 oratione,
796 2983 852 3026 at
874 2971 1224 3042 proculdubio
1243 2985 1349 3038 qua
1369 2969 1624 3023 Sanctum
1645 2966 1917 3032 informet,
1935 2979 2097 3033 quem

516 3065 696 3120 multis
719 3065 770 3117 in
798 3064 927 3117 locis
946 3061 1253 3129 alloquitur.
1283 3059 1357 3112 De
1380 3059 1393 3108 l
1424 3057 1601 3126 seipso
1621 3056 1778 3109 solita
1801 3053 2100 3107 humilitate

2197 1895 2375 1951 ﬂetius
2414 1894 2469 1947 in
2496 1908 2694 1947 annum
2722 1890 3155 1962 trecentesimum
3185 1886 3591 1955 nonagesimum
3618 1884 3774 1953 quin-

2199 1994 2328 2039 tum.
2351 1983 2425 2038 Ex
2451 1998 2517 2038 ea
2544 1991 2572 2018 ιι
2592 1982 2966 2049 cognoscimus
2992 1987 3279 2047 :cgrotasse
3304 1976 3605 2039 Paulinum,
3633 1982 3689 2028 et
3716 1981 3775 2027 ut

2166 2084 2223 2151 ,τ
2245 2074 2457 2129 videtur
2477 2072 2651 2143 prima
2669 2080 2875 2127 testate.
2906 2070 3043 2123 Dicit
3069 2084 3132 2123 ea
3160 2060 3471 2136 aegritudine
3499 2074 3525 2102 ι
3552 2079 3773 2119 suorum

2198 2168 2251 2222 in
2268 2181 2479 2236 poenam
2500 2172 2840 2234 peccatorum
2855 2176 2913 2215 se
2930 2176 2962 2215 a
2982 2161 3090 2216 Deo
3110 2161 3444 2231 castigatum,
3468 2173 3589 2212 cum
3612 2167 3640 2206 γ
3663 2164 3772 2210 tota

2190 2256 2487 2327 Campania
2515 2271 2652 2325 opus
2681 2254 2773 2309 Dei
2802 2252 3099 2307 Salvatoris
3125 2252 3176 2305 in
3199 2266 3264 2304 eo
3290 2257 3661 2311 veneraretur,
3683 2262 3772 2299 as-

2197 2348 2346 2402 sidua
2375 2358 2431 2401 et
2471 2346 2656 2402 sedula
2692 2344 3039 2402 sollicitarum
3075 2341 3391 2403 antistitum,
3432 2338 3772 2399 clericorum,

2196 2438 2605 2501 monachorum,
2637 2445 2799 2505 atque
2825 2435 2985 2489 etiam
3024 2433 3258 2502 ipsorum
3289 2443 3428 2497 saepe
3453 2426 3773 2481 secularium

2199 2537 2314 2583 toto
2358 2527 2498 2583 illius
2525 2524 2853 2595 aegritudinis
2882 2532 3121 2593 tempore
3140 2520 3295 2593 illum
3325 2518 3662 2574 celebrarunt
3695 2515 3773 2568 ol-

2199 2620 2338 2676 lieia.
2367 2619 2535 2673 Nemo
2554 2610 2938 2687 propemodum
2962 2621 3071 2668 tota
3093 2609 3380 2679 Campania
3401 2609 3773 2677 episcoporum

2199 2726 2309 2765 non
2347 2708 2568 2763 visitare
2596 2721 2719 2760 eum
2757 2703 2837 2758 fas
2877 2702 3201 2758 existimavit
3228 2700 3349 2763 sibi,
3378 2707 3433 2754 et
3459 2712 3599 2767 quos
3625 2696 3772 2750 inlir~

2197 2800 2357 2854 mitas
2380 2798 2464 2853 vel
2486 2796 2779 2852 necessitas
2797 2794 2973 2863 aliqua
2993 2792 3323 2869 devinxerat,
3347 2790 3524 2843 missis
3544 2789 3659 2842 vice
3678 2802 3773 2841 sua

2198 2890 2407 2946 clericis
2439 2897 2494 2944 et
2532 2887 2724 2942 litteris
2763 2884 3074 2948 adfuerunt;
3107 2893 3128 2918 ι
3157 2881 3268 2936 Afri
3296 2894 3509 2949 quoque
3538 2878 3774 2949 episcopi

2199 2984 2268 3038 ad
2297 2998 2420 3037 eum
2466 2980 2805 3037 revisendum
2848 2977 3020 3049 prima
3058 2982 3243 3031 testate
3278 2972 3540 3028 miserunt
3582 2988 3595 3023 :
3632 2968 3774 3038 quod

2201 3071 2489 3127 convenire
2515 3077 2699 3140 posset
2726 3066 2916 3122 litteris
2941 3079 3060 3134 qum
3088 3064 3136 3118 ei
3160 3063 3371 3117 fuerunt
3395 3060 3461 3115 ab
3483 3058 3699 3113 Aurelio
3721 3067 3775 3112 et

517 3157 678 3211 verba
708 3154 852 3216 facit,
887 3162 943 3208 et
968 3161 1148 3222 posset
1176 3150 1345 3204 videri
1377 3158 1503 3203 tunc
1529 3156 1829 3217 reptantem
1856 3146 1954 3199 xcvi
1983 3145 2094 3214 spi-
2124 3167 2171 3230 ε
2202 3164 2269 3218 ab
2297 3162 2489 3232 Alypio
2517 3160 2737 3216 reddita,
2774 3172 2915 3212 3mm
2945 3154 3049 3209 394
3086 3154 3130 3207 si
3168 3152 3265 3206 [ηίι
3309 3151 3457 3206 Nola:
3480 3164 3625 3204 anno
3649 3148 3773 3213 595⁹

517 3248 685 3302 ritalis
714 3248 985 3300 infantiam
1012 3244 1187 3297 adhuc
1215 3256 1394 3310 agere,
1426 3242 1523 3294 nisi
1552 3242 1572 3276 ⁵-
1597 3241 1906 3293 diuturnum
1933 3238 2096 3291 silen-

519 3342 650 3393 tium
671 3355 778 3408 quo
801 3354 922 3391 cum
951 3336 1148 3390 Sancto
1178 3344 1295 3389 erat
1324 3350 1448 3387 usus
1478 3333 1752 3386 induceret
1780 3328 1848 3385 ad
1878 3328 2098 3384 creden-

516 3439 640 3483 dum
683 3446 804 3484 eum
847 3430 957 3495 jam
986 3443 1016 3480 a
1047 3427 1223 3479 llltlilis
1251 3426 1403 3478 annis
1431 3423 1575 3477 Nola:
1603 3421 1943 3477 commorari.
1984 3419 1997 3457 ι
2033 3421 2101 3473 At

518 3521 660 3575 enim
709 3521 864 3578 dicit,
915 3528 1249 3572 senectutem
1292 3517 1439 3571 canis
1483 3522 1644 3584 caput
1697 3530 1803 3568 non
1849 3528 2102 3584 spargere

519 3609 698 3670 modo,
728 3609 821 3660 se.l
850 3616 904 3660 et
934 3607 1274 3675 profundere.
1309 3605 1599 3659 Possumus
1639 3606 1814 3659 solum
1857 3604 2100 3672 judicare

521 3711 643 3750 eum
672 3697 946 3764 scripsisse
974 3705 1258 3763 antequam
1285 3695 1351 3749 ad
1376 3707 1739 3764 episcopatum
1766 3693 1952 3748 fuisset
1974 3710 2099 3763 pro-

521 3780 717 3850 motus,
744 3796 903 3855 atquc
924 3786 1121 3839 idcirco
1142 3793 1267 3838 ante
1295 3800 1493 3837 annum
1515 3785 2097 3853 quadringentesimum

520 3885 789 3943 octavum,
818 3891 939 3930 cum
964 3884 1003 3912 πα
1031 3873 1230 3929 scribat
1251 3891 1355 3929 una
1381 3891 1502 3929 cum
1532 3875 1803 3929 'l‘berasia.
1836 3874 1972 3927 Dicit
1994 3884 2016 3908 υ
2041 3889 2100 3927 se

522 3969 721 4038 aliquid
750 3969 1021 4037 accepisse
1051 3983 1081 4021 a
1111 3968 1341 4037 quodam
1377 3969 1477 4022 sibi
1508 3967 1800 4031 carissimo,
1831 3967 1922 4035 qui
1962 3967 2101 4019 mul-

522 4069 634 4114 tum
661 4062 834 4114 fuerat
861 4060 1247 4129 peregrinatus.
1278 4059 1543 4113 ltuﬂinum
1571 4058 1921 4128 proculdubio
1946 4058 2104 4112 intel-

522 4149 637 4218 ligit
674 4150 765 4218 qui
809 4150 861 4202 in
902 4148 1244 4205 Occidentem
1274 4162 1517 4204 reversus
1545 4158 1629 4203 est
1672 4164 1815 4203 anno
1844 4151 2105 4204 duntaxat

521 4242 901 4297 trecentesimo
931 4240 1275 4310 nonagesimo
1303 4242 1552 4309 septimo.

589 4329 644 4382 '5.
676 4327 970 4395 Postquam
1022 4329 1260 4397 epistola:
1305 4330 1469 4382 veluti
1513 4330 1805 4383 clausulam
1854 4332 2106 4398 apposuit

523 4420 794 4483 Paulinus,
824 4418 968 4469 aliud
1002 4433 1185 4471 rursus
1217 4428 1243 4453 ο
1274 4419 1576 4484 aggreditur
1619 4428 2011 4484 argumentum,
2039 4420 2107 4471 de

2200 3267 2519 3321 quamquam
2563 3251 2781 3305 verbum
2826 3249 3042 3302 revisere
3084 3240 3272 3314 parum
3310 3242 3566 3298 convenit
3602 3240 3776 3311 primo

2201 3343 2441 3413 ipsorum
2472 3338 2671 3403 officio,
2712 3339 2869 3408 eique
2911 3352 3008 3407 per
3049 3350 3176 3391 suos
3212 3333 3468 3397 exhibito,
3511 3348 3620 3387 non
3648 3345 3777 3384 vero

2200 3448 2298 3504 per
2325 3433 2467 3487 viros
2488 3432 2588 3485 hac
2607 3429 2673 3483 de
2702 3444 2862 3484 causa
2882 3444 2913 3483 a
2934 3443 2993 3482 se
3018 3426 3233 3481 missos.
3261 3422 3598 3481 Probabilius
3623 3420 3778 3489 igitur

2201 3532 2285 3578 est
2304 3521 2451 3592 quod
2478 3520 2856 3591 supposuimus
2878 3533 3000 3573 eum
3030 3516 3241 3572 venisse
3267 3514 3453 3569 Nolam
3482 3527 3628 3567 anno
3656 3508 3777 3574 394,

2201 3624 2489 3684 :egrotasse
2527 3626 2668 3666 anno
2696 3607 2817 3675 595,
2840 3618 2895 3665 et
2927 3619 3056 3663 tunc
3083 3606 3338 3677 temoris
3351 3604 3626 3659 Aurelium
3645 3601 3779 3656 Car-

2204 3706 2572 3774 thaginensem
2615 3703 2925 3773 episcopum
2949 3741 2966 3767 ,
3006 3714 3167 3768 quem
3209 3697 3428 3751 miserat
3455 3691 3783 3749 visitandum

2207 3794 2462 3849 Paulinus
2493 3809 2634 3848 anno
2675 3793 2790 3863 ipso
2819 3789 2941 3856 591,
2981 3798 3036 3844 et
3074 3788 3300 3867 fortasse
3329 3784 3614 3840 nonnullos
3650 3783 3785 3837 alios

2205 3901 2327 3941 cum
2348 3900 2433 3950 eo,
2461 3885 2563 3955 ipsi
2587 3881 2905 3953 quibusdam
2922 3872 2925 3875 ’
2945 3881 3122 3935 missis
3151 3876 3401 3934 adfuisse.
3431 3874 3787 3955 Augustinum

2206 3978 2396 4033 eodem
2422 3977 2511 4032 illo
2540 3991 2680 4031 anno
2708 3990 2805 4045 per
2832 3973 3222 4028 Romaniauum
3251 3970 3318 4024 ad
3348 3983 3470 4023 eum
3506 3942 3789 4035 scripsisse

2197 4071 2525 4138 videbimus,
2551 4084 2735 4124 verum
2756 4066 3032 4137 probabile
3054 4080 3160 4120 non
3184 4063 3396 4116 videtur
3417 4059 3558 4113 illius
3583 4057 3792 4111 litteras

2207 4164 2378 4235 prima
2411 4169 2596 4216 mstate
2624 4158 2848 4213 Paulino
2878 4155 3039 4211 fuisse
3077 4153 3332 4209 redditas.
3380 4150 3454 4204 De
3490 4149 3791 4219 proborum

2208 4256 2443 4310 virorum
2469 4250 2657 4307 oﬂiciis
2680 4259 2739 4287 ιι
2767 4248 3110 4317 gloriabatur,
3136 4253 3190 4298 at
3219 4245 3270 4297 in
3294 4239 3519 4296 Domino
3550 4246 3785 4300 tantum,

2207 4346 2358 4414 cujus
2380 4344 2564 4412 gratia:
2586 4343 2689 4396 hoc
2712 4354 2846 4409 opus
2865 4347 2920 4392 et
2937 4351 3126 4391 munus
3146 4349 3265 4389 esse
3284 4330 3589 4402 reputabat.
3613 4328 3674 4367 δι’
3702 4327 3795 4382 Dei

2209 4437 2438 4503 gratiam
2484 4433 2537 4487 in
2581 4431 2817 4486 tenebris
2855 4428 3132 4492 reluxisse,
3162 4441 3262 4479 ncc
3288 4423 3576 4478 obscurum
3605 4435 3667 4475 se
3696 4434 3796 4489 per

526 4514 738 4581 hymms
765 4508 970 4562 suum”
997 4523 1132 4576 quos
1161 4522 1192 4560 ³
1220 4506 1419 4561 sane")
1446 4515 1726 4575 “cepam”
1752 4525 1763 4559 ⁵
1806 4510 1951 4575 qm“!
1991 4509 2104 4561 θη·
2135 4530 2184 4588 Ι)
2214 4525 2636 4595 nominisipsius
2656 4522 2951 4579 claritatem
2975 4522 3026 4576 in
3053 4518 3338 4575 solitudine
3366 4516 3539 4584 egisse
3566 4512 3718 4567 dicit.

525 4598 714 4670 ganler
741 4602 973 4671 spectari
995 4608 1172 4670 potest
1198 4609 1289 4652 aut
1318 4600 1480 4653 veluti
1505 4601 1746 4669 epistula:
1767 4602 1933 4654 altera
1963 4618 2107 4671 pars,

528 4691 672 4745 unde
701 4700 755 4745 et
786 4706 887 4745 una
916 4692 1055 4762 typis
1081 4691 1208 4745 olim
1234 4705 1441 4743 excusa:
1463 4700 1607 4756 sunt,
1632 4702 1721 4745 aut
1747 4694 1912 4746 veluti
1942 4698 2111 4749 allera

529 4797 751 4853 prorsus
778 4783 1022 4851 epistola,
1055 4782 1159 4851 47
1189 4789 1245 4835 et
1283 4796 1411 4835 sane
1442 4794 1466 4831 ρ
1494 4783 1546 4837 in
1573 4785 1886 4850 quibusdam
1919 4788 2110 4840 mami-

529 4872 740 4940 scriptis
765 4872 1039 4957 codicibus
1065 4873 1357 4941 separatim
1381 4874 1657 4941 leguntur,
1682 4877 1864 4945 sicque
1899 4877 1947 4928 in
1978 4880 2112 4930 duas

529 4962 824 5015 divisimus.
881 4961 937 5015 lu
996 4962 1097 5016 hac
1145 4972 1415 5032 postrema
1470 4965 1874 5034 quadragesima
1935 4983 2104 5035 [ιιίιιιιι

525 5051 657 5104 dicit
683 5065 742 5103 se
771 5051 842 5103 ita
872 5066 1038 5120 prope
1066 5052 1304 5106 omnium
1333 5054 1677 5123 epistularum
1708 5073 1948 5124 suarum,
1971 5074 2105 5127 quas

526 5146 578 5199 in
609 5154 760 5212 tergo
789 5145 1027 5213 epistola:
1054 5144 1282 5200 Sanctus
1318 5157 1373 5201 et
1418 5148 1687 5205 Amandus
1725 5161 2045 5206 annotarant
2076 5163 2103 5202 σι

600 5446 624 5473 λ
659 5436 866 5491 Paulin.
896 5451 984 5505 ep.
1016 5432 1103 5499 40,
1132 5432 1255 5487 11.2.
1335 5432 1359 5505 if
1387 5434 1544 5505 lbid.,
1567 5451 1622 5488 ιι.
1685 5473 1700 5487 .

532 5506 658 5559 ιι.1.
734 5507 759 5543 ιι
790 5505 957 5575 Epist.
990 5506 1076 5575 4'd_,
1122 5521 1173 5557 n‘.
1218 5508 1259 5558 I.

533 5585 560 5611 η
590 5575 743 5636 lbid.,
773 5573 910 5630 ιιξϋ.
987 5587 1013 5611 ι’
1038 5573 1135 5644 Ε).
1164 5574 1253 5644 ll,
1281 5574 1413 5644 in}.

1778 5445 1800 5473 ε
1833 5435 2062 5489 lbid..n.
2092 5435 2143 5490 δ.
2223 5432 2248 5472 δ
2282 5434 2436 5503 alia,
2468 5453 2522 5490 η.
2553 5434 2640 5488 ιι.

1341 5502 1353 5541 ί
1390 5504 1541 5568 lbid.,
1570 5523 1622 5558 ιι.
1653 5506 1704 5558 5.
1785 5508 1797 5553 i
1831 5506 1986 5570 lbid.,
2011 5521 2066 5559 n.
2097 5506 2149 5560 0.
2230 5505 2253 5542 ¹ί
2284 5502 2441 5571 lhid.,
2466 5522 2519 5559 n.
2552 5505 2579 5557 1
2611 5512 2666 5559 et
2687 5503 2741 5558 5.

1491 5585 1516 5623 ρ
1538 5573 1713 5627 tlhiﬂl.
1744 5582 1882 5643 part.
1910 5575 1963 5641 1,
1986 5591 2033 5630 c.
2058 5575 2145 5628 2i.
2223 5587 2249 5625 τι
2275 5574 2479 5629 Paulin.
2510 5591 2596 5644 ep.
2620 5574 2706 5635 41,
2734 5591 2786 5628 ιι.
2816 5572 2864 5625 1.

2242 4616 2249 4621 ’
2284 4618 2335 4671 ‘2.
2362 4618 2620 4675 Solatium
2647 4627 2700 4655 σε
2725 4615 2820 4685 ipsi
2845 4628 3093 4683 magnum
3132 4620 3187 4666 et
3206 4611 3358 4665 dulce
3386 4609 3438 4662 in
3472 4603 3797 4671 mgritudine

2214 4710 2554 4780 prarbuerunt
2590 4706 2773 4762 Severi
2818 4705 3026 4759 litterm.
3066 4701 3393 4762 Statuerant,
3436 4704 3495 4751 ut
3538 4695 3793 4756 vidimus,

2212 4816 2270 4855 se
2300 4799 2456 4853 simul
2485 4798 2672 4870 Nolam
2710 4796 2969 4864 recipere,
3012 4802 3067 4848 et
3108 4791 3362 4845 Paulinus
3393 4803 3517 4842 cum
3544 4786 3797 4840 hortatus

2215 4890 2386 4945 fuerat
2408 4898 2466 4943 ut
2493 4905 2610 4943 eam
2639 4888 2708 4941 ob
2735 4901 2950 4941 causam
2981 4899 3040 4939 se
3072 4879 3385 4938 conveniret
3413 4875 3794 4939 Barcinonem,

2214 4989 2307 5034 aut
2333 4996 2391 5034 se
2422 4980 2521 5050 ipsi
2563 4979 2614 5032 in
2658 4978 2741 5031 via
2770 4975 3113 5044 adjungeret;
3142 4966 3329 5025 verum
3356 4958 3686 5035 ddgeminas
3724 4981 3795 5020 eo

2212 5088 2353 5125 anno
2376 5070 2596 5140 pertulit
2625 5067 2733 5139 48
2759 5064 3099 5134 aegritudines
3125 5077 3248 5119 cum
3281 5060 3349 5115 ad
3373 5056 3657 5112 Paulinum
3690 5072 3794 5110 vc-

2210 5150 2326 5219 nire
2340 5164 2531 5218 voluit.
2549 5162 2732 5217 ltaeue
2747 5167 2963 5214 coactus
2982 5156 3078 5211 fuit
3096 5169 3155 5211 se
3177 5164 3229 5193 εο
3243 5152 3436 5209 litteris
3450 5147 3594 5220 apud
3617 5148 3801 5218 ipsum

2719 5442 2741 5472 ο
2771 5432 3010 5513 ιιιειῑικιι·
3042 5431 3096 5513 5-
3140 5426 3197 5513 ητ
3221 5427 3459 5513 ιιιφιλέ
3488 5421 3663 5513 Fies:
3694 5420 3788 5513 ξι·

2826 5503 2840 5540 ι
2869 5493 3024 5564 lbid.,
3050 5512 3106 5553 n.
3138 5497 3190 5553 (τ.
3270 5507 3307 5532 ω
3337 5493 3493 5555 lbid.,
3519 5494 3572 5546 in
3604 5493 3789 5564 titulo.

2944 5581 2966 5609 τ
2995 5563 3174 5624 Carm.
3209 5565 3296 5620 15.
3377 5574 3398 5601 ⁸
3429 5564 3588 5626 lbid.,
3618 5578 3672 5616 v.
3700 5563 3793 5615 51.

540 5646 556 5681 ι
589 5629 763 5699 οιιιιιι.
812 5661 863 5713 ι».
890 5629 991 5697 tos
1016 5629 1253 5699 cisia'
1296 5654 1318 5681 ιι
1347 5642 1552 5698 Paulin.
1584 5659 1669 5713 ep.
1780 5659 1832 5697 ιι.
1865 5644 1898 5696 9
1919 5629 1973 5698 ei
2001 5644 2083 5699 to.

2213 5629 2566 5703 11)ιΙ..ιι.ί¹ιῖ
2614 5629 3063 5713 ίιιιιιαηηλο.
3133 5637 3316 5711 “bid.
3344 5652 3397 5691 ιι.
3430 5632 3515 5687 ιι.
3600 5629 3793 5684 ιιικιι.

536 5723 593 5752 ﬂ
618 5714 749 5767 lbiJ‘.
827 5716 879 5752 ω’
905 5716 1057 5781 lbi.l.,
1091 5734 1140 5769 ιι.
1174 5718 1223 5771 ’7.

1297 5728 1349 5756 ετ
1373 5715 1528 5781 lbid.,
1554 5730 1606 5767 ιι.
1636 5715 1688 5768 9.
1766 5714 1817 5750 αι’
1852 5715 2004 5778 Ibid”
2056 5732 2106 5769 ιι.
2141 5717 2192 5770 8.

2275 5725 2328 5752 σε
2354 5715 2506 5777 lbid.,
2528 5730 2580 5769 ιι.
2606 5712 2652 5765 1.
