4056 6358
1132 239 1165 275 ν

208 305 285 367 69
1314 354 1321 367 ,
1574 301 1813 359 PROLEl

1913 302 2091 359 dENA.
3407 307 3479 365 τ’)

210 427 498 476 excusare:
522 414 594 471 Se
617 424 643 453 ι
666 415 952 473 revaluisse
976 423 1263 479 scribebat,
1286 416 1591 486 multosque
1624 419 1649 454 δ
1680 417 1788 470 tra-
1818 426 1859 484 Α
1892 420 2023 473 bare
2052 418 2262 474 consilii
2305 420 2683 484 constantiam,
2708 435 2816 475 non
2845 435 2976 475 vero
2996 420 3289 489 damnare;
3320 422 3473 479 dieit-

213 519 321 567 tres
346 508 617 579 spiritales
644 524 826 564 secum
848 509 948 579 ipsi
977 507 1249 563 adfuturos
1277 508 1596 578 spondebat,
1620 511 1790 563 maxi-

212 601 312 655 mis
335 611 358 640 ε
382 600 666 669 praeconiis
686 599 937 654 virtutem
963 607 1019 654 et
1045 599 1449 654 conversionem
1476 597 1682 653 Paulini
1706 615 1795 653 ex-

216 689 426 744 tollens.
458 686 611 742 llauc
648 688 931 757 epistolam
983 703 1078 759 per
1102 689 1128 725 α
1160 688 1366 759 aliquos
1394 702 1426 742 e
1460 689 1571 743 suis
1600 689 1794 744 virtute

213 780 315 836 sibi
334 794 610 834 connexos
630 778 793 843 misit,
815 793 912 848 per
929 789 951 816 ο
973 778 1314 846 Vigilantiam
1337 779 1540 834 scilicet
1559 787 1612 833 et
1632 780 1792 834 alium

212 872 677 927 catechumenum.
712 871 1029 938 Vigilantius
1056 873 1109 927 in
1139 872 1429 942 Campania
1457 872 1605 927 febre
1647 873 1796 927 labo-

215 962 369 1023 ravit,
413 961 578 1015 etiam
620 967 908 1030 antequam
956 961 1023 1016 ad
1064 960 1343 1016 Paulinum
1372 962 1697 1032 perveniret.
1722 962 1796 1017 De

215 1067 280 1107 eo
306 1050 439 1105 nihil
459 1050 627 1106 refert
650 1050 923 1119 Paulinus,
950 1049 968 1089 ί
994 1052 1091 1105 nisi
1114 1052 1257 1122 quod
1285 1051 1446 1106 fuerit
1467 1051 1794 1120 baptizatus;

217 1142 399 1211 itaque
422 1140 467 1194 si
497 1140 586 1194 ille
615 1140 728 1210 ipse
749 1147 831 1196 est
850 1141 941 1209 qui
971 1142 1247 1211 presbyter
1286 1141 1515 1195 reddidit
1535 1140 1797 1211 Hierony-

218 1248 306 1286 mo
344 1230 553 1285 Paulini
591 1230 814 1296 litteras,
846 1238 901 1285 et
940 1232 1031 1302 qui
1056 1230 1253 1287 deinde
1285 1230 1432 1285 falsis
1462 1230 1799 1299 dogmatibus

219 1338 417 1377 nomen
446 1338 600 1376 suum
628 1322 924 1390 infamavit,
963 1322 1246 1377 verisimile
1293 1331 1375 1376 est
1423 1337 1544 1376 eum
1584 1321 1799 1375 ordinm.-

219 1421 329 1466 tum
352 1412 516 1467 fuisse
537 1411 911 1483 presbyterum
942 1414 1123 1467 statim
1150 1422 1270 1483 post
1289 1428 1443 1466 suum
1464 1412 1516 1465 in
1544 1412 1745 1466 Gallias
1768 1428 1800 1465 e

217 1504 511 1575 Campania
534 1505 780 1559 reditum.
809 1504 1027 1559 Miratus
1054 1513 1135 1559 est
1164 1503 1414 1559 Paulinus
1433 1503 1575 1572 quod
1604 1502 1719 1573 ipse
1747 1511 1802 1556 ct

217 1593 450 1648 Severus
483 1604 507 1639 It
536 1595 721 1648 iisdem
754 1595 1104 1649 incommodis
1140 1595 1296 1648 simul
1327 1593 1547 1648 fuissent
1574 1592 1749 1647 allecti
1784 1610 1795 1645 :

222 1684 271 1737 id
298 1699 410 1739 non
439 1686 556 1738 sine
584 1682 794 1737 Domini
834 1684 1053 1737 numine
1082 1682 1278 1737 factum
1315 1697 1432 1737 esse
1463 1682 1616 1748 dicit,
1650 1680 1801 1749 cujus

1893 524 1998 579 que
2029 518 2052 546 τ
2083 524 2143 564 se
2164 526 2271 564 non
2294 511 2488 575 vereri,
2512 527 2577 565 ne
2603 512 2670 566 ad
2690 511 2831 566 illius
2852 511 3103 567 desiderii
3130 511 3478 581 impedimeno

1895 610 2007 654 tum
2055 615 2182 655 caro
2221 598 2432 654 inﬁrma
2474 602 2782 670 przcvaleat,
2822 616 2982 669 quam
3020 600 3122 655 fide
3170 603 3471 663 roboraret.

1893 697 1999 745 etc.
2030 689 2317 758 Postquam
2347 705 2474 744 vero
2516 689 2585 745 de
2611 691 2921 759 aegritudine
2961 691 3100 746 illius
3127 691 3291 745 verba
3322 689 3472 752 fecit.

1894 779 2044 834 addit
2076 791 2096 815 δ
2135 796 2373 834 amorem
2406 781 2553 850 pacis
2590 796 2714 835 eum
2744 780 2943 837 debere
2970 780 3037 837 de
3063 783 3233 851 patria
3263 797 3481 852 parum-

1894 884 1993 939 per
2019 884 2294 934 sevocare,
2321 878 2378 923 ut
2400 871 2705 937 obstrueret
2724 885 2786 924 os
2812 886 2998 925 eorum
3019 872 3111 942 qui
3140 875 3479 928 occasionem

1895 960 1963 1015 de
1989 961 2106 1029 ipso
2135 960 2277 1014 male
2320 959 2571 1028 loquendi
2607 961 2918 1029 quaerebant
2961 977 2975 1014 :
3022 963 3091 1017 de
3118 963 3312 1033 quibus
3338 977 3481 1031 srepe

1895 1051 2140 1117 queritur
2176 1048 2426 1103 Severus.
2463 1048 2597 1103 Tum
2637 1059 2815 1104 narrat
2842 1052 2857 1086 ι
2884 1057 3143 1120 quantum
3175 1067 3206 1106 a
3232 1052 3483 1122 pontiﬁce

1898 1139 2144 1194 Romano
2175 1148 2227 1194 et
2256 1155 2287 1194 a
2315 1141 2631 1208 quibusdam
2657 1140 2768 1211 ω
2792 1140 2977 1195 Roma:
3016 1142 3228 1197 clericis
3252 1143 3481 1197 scanda—

1899 1230 2106 1284 lizetur.
2142 1233 2276 1284 Eum
2310 1232 2484 1284 denuo
2533 1230 2783 1285 hortatur
2824 1238 2883 1285 ut
2913 1232 3112 1298 veniat,
3151 1240 3208 1286 et
3241 1233 3353 1301 jam
3381 1233 3483 1287 sibi

1899 1319 2092 1389 gaudia
2123 1321 2375 1390 proponit
2409 1321 2603 1391 quibus
2629 1320 2909 1387 afﬁcietur,
2934 1338 3055 1376 cum
3077 1323 3225 1377 illum
3248 1323 3482 1392 excipiet

1900 1413 2097 1465 comite
2126 1411 2421 1465 electorum
2447 1410 2539 1464 Dei
2568 1410 2795 1465 cohorte
2820 1411 3147 1465 venientem.
3178 1410 3383 1466 Locabo
3410 1421 3479 1475 te,

1901 1503 2075 1571 inquit
2093 1509 2118 1536 ι·
2144 1500 2400 1555 Paulinus
2422 1500 2490 1554 ad
2514 1500 2792 1565 Severum,
2813 1503 2866 1554 in
2895 1500 3044 1555 horto
3071 1502 3170 1554 mei
3197 1500 3385 1555 Felicis
3408 1518 3486 1556 co-

1901 1594 2098 1660 lonum,
2128 1592 2219 1646 sed
2245 1593 2441 1662 gratis;
2470 1591 2702 1661 denique
2728 1607 2852 1646 cum
2881 1606 3003 1645 eum
3043 1592 3227 1645 uxoris
3253 1605 3364 1645 sum
3390 1606 3487 1645 no—

1902 1684 2045 1739 mine
2087 1697 2248 1752 quam
2288 1691 2313 1719 ν
2347 1689 2506 1735 vocat
2541 1696 2839 1735 conservam
2875 1683 2929 1733 in
2974 1678 3198 1734 Domina
3238 1695 3404 1743 suasit.
3434 1687 3488 1733 et

220 1774 423 1843 injussu
453 1773 585 1827 nihil
612 1773 665 1826 in
696 1773 893 1827 mundo
922 1773 1134 1838 accidit,
1158 1774 1249 1842 qui
1271 1788 1457 1827 eorum
1489 1772 1707 1825 unitatis
1728 1773 1801 1826 iu-
1833 1788 1874 1844 η
1904 1775 2178 1831 Bassulam
2203 1774 2364 1828 etiam
2385 1772 2625 1841 ejusdem
2653 1770 2841 1826 Severi
2868 1784 3082 1824 socrum
3102 1770 3371 1833 salutavit,
3394 1786 3487 1821 ca-

223 1871 388 1918 terua:
408 1872 679 1933 operator,
710 1863 982 1917 carnalem
1007 1863 1059 1916 in
1082 1865 1208 1932 ipsis
1237 1863 1586 1917 substantiam
1609 1860 1803 1916 discre-

220 1967 353 2018 pare
383 1970 491 2007 non
514 1959 655 2007 esset
677 1968 878 2022 passus.
906 1950 1088 2020 Itaque
1117 1953 1365 2006 solatium
1399 1953 1524 2021 ipsis
1552 1966 1799 2020 magnum

221 2050 276 2096 et
295 2042 453 2097 dulce
484 2042 753 2111 pnebebat
776 2042 874 2095 ista
897 2042 1203 2110 conjunctio
1226 2042 1519 2111 paSsiouis;
1543 2057 1726 2096 verum
1746 2051 1804 2096 ut

222 2134 356 2203 ipsis
376 2133 578 2202 gratius
606 2133 907 2189 concordia:
927 2133 1135 2201 signum
1163 2142 1324 2195 esset,
1356 2148 1422 2188 eo
1449 2132 1564 2204 ipso
1583 2148 1642 2188 se
1668 2133 1807 2188 refe-

221 2233 369 2278 ctuut
392 2223 843 2287 sensitPaulinus,
865 2224 1009 2293 quod
1029 2223 1261 2278 Severus
1286 2239 1344 2278 se
1367 2226 1653 2280 t‘evaluisse
1675 2227 1806 2280 scri-

222 2325 433 2387 pserat,
468 2316 542 2370 ita
570 2324 629 2369 ut
656 2314 842 2371 Severi
882 2317 1143 2371 levamine
1166 2317 1346 2386 aliquo
1375 2317 1536 2372 modo
1577 2319 1810 2388 respira-

220 2416 327 2470 ret,
360 2404 387 2443 ἰ
416 2421 568 2477 teque
597 2421 659 2461 ac
692 2416 996 2460 sanctorum
1037 2406 1390 2468 orationibus,
1428 2415 1589 2475 atque
1619 2408 1810 2478 ipsius-

222 2511 336 2553 met
357 2498 578 2567 Sulpicii
612 2497 818 2563 Severi,
842 2499 925 2553 cui
954 2499 1133 2567 ignota
1162 2507 1278 2553 erat
1297 2497 1503 2553 Paulini
1527 2500 1806 2570 aegritudo.

221 2585 472 2642 Inﬁrmus
507 2586 524 2626 ί
558 2590 649 2643 diu
686 2590 942 2643 remansit
980 2588 1252 2653 Paulinus,
1299 2607 1400 2645 nec
1442 2591 1597 2645 facile
1638 2593 1812 2661 potuit

221 2680 477 2750 corporis
498 2680 581 2733 sui
602 2680 891 2735 exhaustas
926 2682 1115 2736 morbo
1142 2691 1195 2736 et
1235 2682 1637 2736 austeritatibus
1674 2684 1816 2736 vires

220 2785 502 2840 reparare,
533 2772 659 2825 etin
680 2786 743 2825 ea
764 2772 1069 2826 infirmitate
1088 2773 1225 2826 sicut
1247 2771 1443 2826 Paulus
1466 2772 1814 2839 gloriabatur,

220 2874 335 2929 qua
363 2860 617 2930 sperabat
656 2875 715 2915 se
756 2870 1031 2931 potentem
1058 2859 1392 2925 faciendum;
1434 2869 1621 2928 etquo
1651 2862 1819 2927 magis

220 2949 460 3002 adversa
499 2948 805 3002 valetudine
829 2949 1164 3017 frangeretur
1185 2965 1330 3012 caro,
1363 2964 1429 3002 eo
1458 2951 1633 3003 minus
1653 2951 1820 3023 virtu—

223 3046 349 3091 tem
387 3038 682 3105 spiritalem
722 3040 788 3091 ab
817 3054 881 3093 ea
912 3041 1322 3108 cxpugnanJam
1351 3040 1669 3095 confidebat.
1696 3039 1819 3109 Ejus

1902 1885 1978 1935 vc,
2002 1866 2214 1935 inquit"
2238 1906 2253 1931 ,
2276 1881 2479 1919 servum
2509 1874 2555 1918 te
2574 1862 2814 1926 scribere,
2846 1871 2899 1916 et
2928 1861 3198 1932 epistolam
3224 1861 3487 1926 loquacem

1903 1974 2130 2014 excuses
2164 1958 2419 2020 obsecro;
2461 1958 2514 2009 in
2544 1954 2784 2008 dictando
2812 1952 2947 2006 enim
2975 1951 3097 2004 dum
3130 1959 3179 2004 te
3219 1952 3409 2022 regite,
3440 1960 3489 2004 et

1908 2045 2043 2105 latus
2062 2051 2119 2104 in
2147 2058 2196 2103 te
2222 2065 2356 2105 sunt.
2376 2049 2524 2116 quasi
2551 2045 2692 2115 apud
2712 2052 3013 2114 praesentem
3038 2043 3189 2112 longo
3217 2041 3487 2095 interuallo

1906 2143 2105 2214 loquar,
2147 2140 2418 2196 obliviscor
2452 2139 2748 2207 impositum
2777 2136 2929 2206 ﬁnire
2964 2150 3266 2188 sermonem.
3300 2130 3432 2186 Eunt
3459 2141 3489 2180 .r

1907 2240 2063 2301 rogat
2085 2239 2144 2301 u_t
2165 2244 2357 2300 panem
2378 2243 2536 2297 quem
2567 2226 2733 2280 mittit
2757 2224 3003 2294 accipiat,
3030 2224 3267 2291 itemque
3288 2221 3485 2278 scutel-

1908 2294 2015 2378 lam
2035 2294 2283 2387 buxeam,
2303 2294 2436 2386 etc.,
2453 2329 2507 2374 et
2528 2325 2587 2372 ut
2608 2317 2673 2372 ad
2696 2319 2866 2388 ipsum
2892 2325 2913 2352 κ
2936 2306 3112 2370 mittat
3134 2315 3318 2368 vinum
3338 2312 3485 2382 quod

1909 2418 2158 2474 Narbone
2186 2417 2362 2472 adhuc
2389 2430 2447 2471 se
2475 2413 2674 2469 habere
2703 2411 2959 2467 credebat
2985 2408 3258 2472 Paulinus,
3296 2420 3397 2461 nec
3421 2405 3488 2458 ti-

1911 2518 2084 2566 meret
2104 2509 2357 2564 damnum
2379 2508 2422 2561 si
2453 2507 2625 2575 ipsum
2654 2503 2857 2557 Iaceret
2884 2502 3045 2556 etiam
3075 2498 3313 2570 pecunia:
3339 2495 3491 2551 debi-

1913 2609 2108 2655 torem.
2140 2598 2273 2653 lllud
2303 2599 2355 2652 ei
2385 2595 2622 2659 mandat,
2667 2606 2932 2648 summum
2962 2590 3102 2643 illius
3133 2588 3298 2642 animi
3326 2600 3384 2640 se
3407 2586 3493 2654 jus

1917 2692 2113 2745 habere
2138 2686 2435 2752 conlidens,
2462 2686 2586 2753 quia
2630 2698 2818 2737 omnes
2844 2680 3012 2753 ipsius
3040 2678 3182 2732 servi
3220 2676 3287 2730 ab
3314 2690 3381 2730 eo
3402 2675 3496 2729 de-

1920 2777 2176 2832 fecerant.
2208 2774 2449 2841 Qualiter
2472 2787 2531 2827 se
2568 2771 2715 2826 Nolre
2743 2768 2967 2823 haberet
2990 2782 3096 2821 non
3124 2766 3311 2827 refert,
3352 2762 3496 2819 unde

1920 2866 2187 2935 conjicere
2212 2878 2494 2936 possumus
2526 2861 2807 2916 Paulinum
2837 2857 3101 2931 superiori
3129 2870 3274 2911 anno
3302 2849 3371 2909 ad
3398 2846 3495 2939 Se-

1922 2973 2108 3014 verum
2136 2958 2236 3012 bac
2257 2956 2325 3010 de
2347 2970 2406 3010 re
2434 2954 2641 3008 litteras
2661 2951 2959 3021 scripsisse.

2466 3063 2693 3121 CAPUT
2733 3061 2942 3117 XXVII.

222 3128 541 3232 aegritudo!
575 3126 885 3198 responsum
1025 3131 1285 3232 Severum
1314 3132 1819 3232 moratamestNigi-
1844 3150 1888 3209 ρ
1920 3160 2234 3232 Auginum,“
2271 3156 2451 3232 sum!
2488 3156 2564 3232 ad.
2594 3155 2873 3232 panum,“
2911 3154 3016 3232 φί-
3038 3151 3203 3206 deum
3230 3151 3311 3206 iui
3345 3152 3495 3205 minis

223 3219 435 3274 Iantius
455 3206 671 3287 qunque
695 3234 875 3273 rursus
897 3221 946 3273 vi
971 3219 1193 3274 febrium
1217 3221 1492 3275 laboravit.
1517 3221 1633 3276 Non
1654 3237 1817 3290 trgro-

225 3308 368 3363 tavit
396 3307 487 3361 ille
514 3308 927 3363 catechumenus
952 3310 1042 3378 qui
1066 3307 1409 3376 Vigilantium
1437 3312 1811 3367 comitabatur.

230 3400 336 3466 Qui
359 3400 578 3454 necdum
598 3402 760 3455 nostri
781 3403 1010 3471 corporis
1031 3411 1143 3455 erat
1165 3401 1462 3467 membrum,
1491 3403 1657 3471 inquit
1679 3402 1819 3458 Pau-

230 3494 396 3557 linus,
429 3491 456 3530 ιι
485 3492 695 3546 vulnera
723 3502 899 3547 nostra
928 3510 1032 3548 non
1066 3498 1246 3558 sensit,
1271 3505 1320 3548 et
1353 3513 1511 3550 sanus
1541 3498 1639 3567 fuit
1666 3507 1817 3569 atque

232 3599 421 3652 expers
448 3582 756 3652 languorum
776 3590 1087 3646 nostrorum,
1111 3583 1231 3654 quia
1251 3600 1352 3638 non
1376 3600 1483 3638 sua!
1505 3588 1819 3657 compaginis

233 3674 469 3728 dolorem
493 3691 615 3728 caro
633 3674 800 3727 adhuc
818 3675 989 3729 aliena
1010 3675 1200 3729 sentire
1220 3692 1323 3729 non
1345 3687 1566 3747 poterat.
1595 3677 1823 3745 Vigilan-

237 3768 342 3822 tius
368 3766 389 3806 ι
415 3775 475 3822 ut
502 3768 664 3839 carpit
691 3769 1065 3825 convalescere
1101 3772 1347 3840 progredi
1374 3773 1606 3837 volebat,
1637 3790 1821 3828 verum

240 3857 494 3915 Paulinus
518 3874 640 3915 eum
665 3861 886 3915 invitum
906 3863 1145 3927 retinuit,
1176 3865 1382 3932 negatis
1408 3866 1617 3929 litteris,
1649 3867 1823 3922 donec

241 3951 373 4005 satis
416 3952 711 4021 recepisset
750 3946 937 4007 virium
973 3954 1040 4007 ad
1081 3954 1208 4008 illud
1250 3956 1352 4009 iter
1389 3958 1819 4029 suscipiendum,

238 4039 411 4108 ‘quod,
441 4047 501 4095 ut
528 4040 741 4095 videtur
758 4043 1019 4097 denotare
1045 4044 1264 4097 verbum
1305 4048 1562 4116 progredi,
1584 4046 1822 4115 Vigilan—

248 4129 349 4185 tius
370 4132 593 4201 pedibus
613 4130 952 4188 conﬁciebat.
976 4131 1211 4187 Tandem
1235 4134 1395 4202 igitur
1415 4137 1609 4189 deditm
1626 4138 1675 4189 ei
1696 4136 1828 4189 Pau-

245 4220 385 4276 linus
414 4237 729 4292 responsum
759 4221 826 4277 ad
866 4221 1147 4289 Severum,
1178 4223 1265 4276 cui
1302 4225 1563 4277 maximas
1588 4224 1655 4278 de
1688 4224 1828 4277 illius

244 4313 473 4368 caritate
492 4314 601 4383 agit
628 4314 847 4385 gratias,
869 4326 963 4384 pro
991 4329 1091 4385 qua
1114 4314 1223 4378 tibi,
1256 4313 1427 4382 inquit
1454 4321 1502 4377 η,
1529 4314 1830 4367 retribuetur

246 4421 279 4457 a
305 4403 440 4470 Deo,
464 4421 612 4475 quem
641 4406 695 4459 in
717 4414 796 4459 me
823 4402 1018 4477 diligis,
1043 4422 1102 4459 eo
1129 4404 1333 4459 uberius
1366 4406 1499 4477 quod
1531 4396 1634 4459 non
1669 4404 1829 4459 habeo

245 4497 382 4550 unde
404 4497 687 4550 retribuam
727 4497 835 4551 tibi.

314 4588 368 4642 5.
402 4588 609 4643 Severo
636 4589 819 4645 scribit
847 4586 1102 4644 Paulinus
1142 4599 1166 4626 υ
1204 4604 1262 4644 se
1287 4604 1472 4659 pennas
1507 4588 1828 4655 debiturum,

247 4694 366 4734 cum
408 4680 650 4736 honores
690 4682 921 4752 accipiat
960 4683 1275 4746 immeritos,
1319 4683 1527 4752 sibique
1568 4697 1635 4738 eo
1664 4684 1834 4752 magis

2158 3230 2377 3282 litteras.
2414 3226 2624 3281 Paulini
2649 3233 2875 3296 potestas
2904 3226 2957 3275 in
2982 3223 3260 3277 dwmones.

1990 3317 2041 3371 I.
2061 3360 2080 3388 ς
2101 3317 2379 3373 Paulinum
2401 3317 2541 3372 circa
2566 3315 2722 3368 tinem
2757 3312 3048 3383 superioris
3077 3312 3201 3366 anni
3230 3310 3297 3364 ad
3320 3310 3497 3379 Augu-

1919 3407 2118 3462 stinum
2145 3407 2421 3477 scripsisse
2441 3414 2495 3441 ⁸ο
2520 3401 2919 3458 observavimus
2939 3409 2997 3454 ut
3016 3415 3139 3454 eum
3160 3413 3227 3453 eo
3250 3399 3499 3467 jungeret

1922 3497 2210 3552 amicitiam
2236 3538 2252 3560 ,
2293 3510 2452 3564 quam
2482 3493 2804 3560 Augustinus
2822 3477 3010 3544 'euivis
3051 3489 3204 3541 facile
3231 3486 3496 3542 concede-

1922 3587 2036 3651 bat,
2064 3585 2157 3641 sed
2174 3601 2292 3640 eam
2319 3582 2550 3638 maxime
2569 3580 2753 3635 debuit
2778 3577 3022 3642 Paulino,
3048 3576 3200 3647 cujus
3218 3576 3501 3631 exstabant

1924 3687 2007 3734 tot
2030 3694 2093 3734 ac
2118 3687 2263 3733 tanta
2284 3678 2346 3743 in
2377 3675 2727 3744 Augustinum
2762 3664 3497 3738 berievoleutize'argumenta

1925 3781 1980 3828 et
2009 3771 2091 3827 sui
2128 3771 2179 3824 in
2207 3768 2477 3824 Christum
2522 3767 2741 3824 amoris.
2774 3764 2837 3819 Et
2884 3763 3262 3835 quidemnibil
3304 3763 3500 3827 carius,

1927 3863 2056 3918 nihil
2086 3862 2357 3916 ardentius
2398 3858 2674 3928 Augustini
2704 3856 2761 3895 δι’
2792 3858 2981 3911 litteris
3010 3871 3143 3925 quas
3172 3856 3335 3910 hocce
3364 3869 3503 3923 anno

1927 3953 1993 4008 ad
2041 3950 2316 4005 Paulinum
2366 3951 2511 4004 misit
2559 3965 2653 4019 per
2700 3948 3089 4001 Ronmnianum
3130 3947 3358 4000 amicum
3404 3943 3504 3998 sibi

1902 4043 2279 4121 carissimum.
2334 4036 2534 4094 Pribter
2579 4054 2640 4092 ea
2671 4052 2789 4105 qua:
2834 4038 2901 4091 de
2946 4036 3037 4089 illo
3066 4050 3224 4103 supra
3252 4035 3501 4103 diximus,

1929 4133 2237 4187 vehementi
2277 4130 2391 4198 ejus
2420 4128 2629 4182 videndi
2660 4128 2927 4181 desiderio
2958 4127 3127 4179 teneri
3171 4139 3229 4176 se
3258 4133 3503 4177 testatur.

1932 4221 2000 4275 Et
2027 4220 2311 4290 postquam
2340 4213 2643 4285 susceptuni
2670 4217 2736 4268 de
2768 4214 2972 4267 Paulini
3002 4214 3353 4267 conversibne
3378 4225 3507 4278 gau-

1931 4313 2075 4368 dium
2109 4309 2320 4364 abunde
2349 4306 2556 4374 ell'udit,
2588 4307 2794 4360 nescire
2823 4321 2880 4359 se
2908 4306 3098 4359 asserit
3126 4303 3247 4373 quid
3275 4317 3371 4372 pro
3396 4300 3508 4383 ejus

1933 4417 2116 4459 amore
2136 4400 2411 4472 rependat,
2436 4399 2533 4452 nisi
2557 4398 2677 4470 quia
2701 4406 2834 4451 totus
2859 4413 2970 4450 sum
2989 4406 3119 4455 tuus.
3148 4394 3317 4463 inquit
3343 4403 3399 4430 τε
3433 4392 3507 4446 illi

1861 4519 1910 4579 ι)
1934 4499 1987 4551 in
2008 4514 2067 4550 eo
2093 4494 2237 4566 cujus
2261 4503 2392 4547 totus
2415 4508 2467 4546 es
2491 4499 2561 4544 ω.
2587 4489 2648 4544 Si
2676 4506 2855 4561 parum
2884 4497 2977 4549 est.
3007 4486 3120 4558 plus
3143 4496 3275 4539 certe
3301 4502 3402 4538 non
3426 4484 3511 4536 Ira-

1936 4590 2044 4645 beo.
2081 4587 2154 4642 Tu
2184 4597 2353 4641 autem
2397 4587 2562 4659 fecisti
2598 4595 2654 4638 ut
2682 4600 2783 4637 non
2810 4584 2934 4636 mihi
2963 4596 3144 4652 parum
3172 4580 3401 4633 videatur
3426 4578 3510 4646 qui

1936 4696 2017 4732 me
2056 4680 2107 4731 in
2138 4678 2228 4731 illa
2265 4676 2482 4748 epistola
2522 4676 2681 4728 tantis
2721 4671 2959 4726 laudibus
2991 4672 3245 4724 honorare
3273 4667 3513 4737 dignatus

248 4769 563 4840 exprobrari
603 4779 874 4841 torporem
915 4772 1158 4840 ignavitc.
1204 4771 1408 4826 Deinde
1458 4772 1729 4826 humiliter
1779 4781 1837 4825 et
1936 4784 2009 4830 es,
2041 4778 2096 4819 ut
2132 4783 2244 4819 cum
2286 4782 2366 4819 me
2394 4764 2485 4818 tibi
2526 4761 2764 4835 refundq,
2795 4762 3047 4831 siparum
3077 4759 3170 4811 hoc
3200 4757 3288 4810 tibi
3320 4767 3509 4826 putem,

254 4857 534 4927 ingeniose
578 4858 864 4915 admodum
905 4870 1131 4916 conatur
1159 4871 1182 4911 υ
1204 4862 1487 4917 ostendere
1515 4862 1706 4931 majori
1733 4862 1835 4917 mi-

255 4948 438 5005 raculo
492 4948 748 5005 Severum
804 4967 924 5006 esse
969 4965 1309 5018 conversum,
1352 4967 1512 5021 quam
1559 4954 1833 5021 seipsum:

251 5049 439 5107 postea
457 5050 484 5089 (ι
507 5040 700 5096 transit
724 5040 789 5095 ad
810 5040 991 5095 Severi
1006 5042 1326 5110 promissum
1349 5042 1412 5095 ad
1428 5055 1487 5095 se
1503 5041 1768 5105 veniendi,
1785 5050 1841 5095 et

254 5143 407 5201 rogat
430 5142 489 5188 ut
508 5134 749 5201 geminas
768 5133 1111 5203 :egritudines
1134 5148 1267 5202 quas
1294 5135 1589 5203 pertulerat
1617 5128 1839 5190 censeat

256 5235 370 5278 esse
391 5225 699 5294 prannissas
720 5227 1060 5289 tentationes.
1077 5225 1275 5293 quibus
1299 5226 1438 5279 Deus
1459 5225 1700 5279 voluerat
1722 5239 1841 5295 pro-

1939 4876 2040 4911 non
2069 4857 2345 4911 credidisse
2367 4857 2660 4909 convincar.
2680 4851 2868 4905 Narrat
2884 4848 3364 4918 deindequomotlo
3387 4862 3515 4898 con-

1944 4949 2231 5006 cordarent
2261 4944 2502 5007 Paulini,
2534 4945 2726 5013 quibus
2755 4942 3099 5005 ell'crebatur,
3144 4939 3427 5008 praeconia,
3461 4945 3514 4989 ct

1945 5037 2497 5109 ipsametdeliclorum
2518 5048 2734 5087 suorum
2757 5032 3103 5093 conscientia,
3130 5043 3357 5098 pugnam
3382 5027 3515 5078 hanc

1942 5132 2020 5187 sic
2056 5130 2112 5166 αδ
2144 5127 2343 5181 dirimit
2369 5142 2381 5177 :
2410 5123 2533 5178 Non
2564 5139 2643 5175 me
2672 5123 2876 5174 credam
2917 5120 3069 5172 talem
3111 5120 3309 5188 qualem
3343 5128 3511 5182 putas,

1944 5224 2182 5297 quoniam
2230 5236 2333 5273 non
2379 5232 2639 5288 agnosco,
2684 5223 2732 5267 et
2780 5211 2987 5266 credam
3028 5228 3106 5265 me
3146 5210 3235 5263 abs
3276 5220 3322 5260 te
3366 5206 3514 5282 dilig,

321 5405 570 5459 ‘Paulin.
590 5405 746 5475 ep.§,
774 5422 827 5459 n.
846 5404 898 5457 9.
976 5404 1002 5443 ιι
1024 5404 1180 5471 Ibid.,
1206 5420 1259 5459 η.
1292 5405 1372 5459 15.
1456 5419 1473 5441 τ
1500 5404 1655 5465 Ibid..
1688 5421 1743 5458 n.
1769 5403 1813 5456 5.

1913 5400 2102 5475 '_Ib_id.,
2136 5416 2187 5453 n.
2214 5399 2260 5475 l_._
2286 5467 2297 5475 .
2321 5407 2359 5475 f
2393 5396 2637 5475 lbid..-n.
2668 5390 2749 5475 iul.
2771 5460 2785 5475 ‘
2832 5389 2850 5426 τ
2883 5386 3058 5475 ιδῃ-Α
3090 5376 3424 5475 :lbid::'tr:.9
3454 5383 3511 5475 et

258 5474 341 5530 10.
421 5477 446 5511 ¹³
474 5464 682 5531 Ibid.it.
710 5464 796 5527 Β.
880 5474 893 5511 ί
930 5475 1060 5529 Ibid.
1137 5464 1346 5540 i'Ihid”
1374 5493 1426 5529 n.
1462 5476 1545 5531 ll.

256 5544 310 5600 4.
385 5557 411 5595 ι’
441 5544 597 5609 lbid.,
630 5561 683 5598 n.
722 5544 776 5610 5,
808 5545 841 5596 6
870 5551 923 5598 et
952 5545 1004 5597 7.
1068 5548 1107 5593 "l
1138 5545 1288 5608 Ibid.,
1329 5564 1381 5600 n.
1414 5547 1467 5600 8.

258 5631 312 5668 η.
341 5614 426 5669 I9.
514 5625 538 5653 ⁸
565 5614 720 5678 lbid.,
751 5630 804 5669 n.
844 5614 932 5669 ΞΟ.
1018 5622 1046 5661 ῐ
1076 5611 1228 5675 Ibid..
1262 5634 1313 5670 n.
1346 5617 1432 5671 2t.

264 5702 315 5737 n.
346 5685 401 5738 5.
476 5682 533 5722 ιω
565 5684 695 5749 Ibid.

1625 5475 1644 5511 ¹ι
1676 5475 1810 5528 Ibid.

1548 5556 1568 5583 "
1601 5545 1732 5598 Ibid.

1893 5470 1906 5510 ι
1936 5470 2070 5525 Ibid.

1814 5552 1835 5579 ⁸
1866 5541 2023 5603 Ibid.,
2052 5556 2103 5592 η.
2140 5538 2225 5590 15.

1524 5626 1543 5652 ι
1577 5615 1729 5677 lbi.l.,
1771 5629 1825 5666 n.
1854 5612 1941 5664 ‘32.

2159 5448 2379 5524 tit—Ibid"
2408 5448 2463 5517 ιι.
2495 5448 2543 5516 ιζ
2625 5473 2647 5497 ιι
2676 5460 2830 5520 lbid.,
2866 5475 2918 5510 u.
2943 5456 2979 5508 ‘2
3006 5462 3061 5510 et
3090 5454 3245 5524 5.___"
3279 5448 3432 5524 lbic_l.,_
3459 5465 3515 5524 tr.

2310 5517 2599 5594 tlbid.,n.
2648 5531 2729 5582 1t.
2821 5517 3022 5583 ίιιιιίιιη
3060 5518 3231 5594 αλδ.
3310 5517 3518 5594 vittata

2036 5587 2259 5676 sua.
2301 5587 2565 5668 ~25,...'~2.
2648 5591 3193 5663 “'Attgust.ep.27.
3277 5587 3518 5649 πριιιίιι.ν
