4056 6358
502 237 554 291 Λ
780 286 783 289 ,
824 208 829 213 ”
1528 234 1580 289 s.
1626 232 1966 290 PAULINUS
2002 231 2317 290 Nt‘LANtES
2356 236 2745 293 msceres.

490 366 736 416 quoniam
764 357 930 405 sentio
956 358 1005 404 et
1032 349 1188 422 plane
1212 347 1439 420 percipio
1470 364 1487 401 :
1520 351 1591 402 ita
1616 366 1708 403 nec
1733 351 1785 403 in
1815 366 1895 403 me
1924 358 2078 402 tcme-
2107 350 2154 407 Α

408 506 415 514 ,
490 444 686 508 rarius,
703 459 795 497 nec
812 444 868 498 in
887 444 1178 515 teingratus
1199 443 1464 496 exstitere.
1490 440 1884 497 Romanianum
1903 452 1925 477 ⁸
1945 439 2082 494 ami-

494 548 619 589 cum
665 548 820 587 suum
867 514 1057 588 harum
1105 532 1404 587 litterarum
1453 533 1770 602 portitorem
1801 514 2086 603 pollicetur

495 623 759 678 facturum
789 621 1014 677 Paulino
1044 622 1208 692 ipsius
1234 621 1493 677 librorum
1524 622 1759 693 copiam,
1797 621 1865 676 de
1892 619 2085 689 quibus

493 731 703 769 summa
729 715 890 769 animi
931 714 1256 770 demissione
1286 714 1549 784 loquitur,
1592 723 1649 767 et
1676 712 1704 753 δ
1732 714 1868 784 petit
1894 713 1938 767 si
1967 727 2086 783 quze

497 804 723 861 Paulino
747 805 1067 875 displiceant
1092 805 1222 859 velit
1251 805 1559 860 emendare.
1591 803 1751 858 Mittit
1775 805 1994 873 insuper
2020 802 2086 856 ad

498 914 620 954 eum
650 908 671 937 ο
700 884 918 953 carmen
947 896 1173 953 Licentii
1201 897 1292 952 lilii
1316 897 1655 961 Bomauiani,
1685 906 1738 951 et
1761 897 1897 966 petit
1924 895 1992 949 ah
2020 910 2087 948 eo

499 990 976 1058 ut'przeceptorum
1019 1002 1239 1041 suorum
1285 1001 1450 1055 Opera
1486 985 1654 1056 patris
1683 993 1738 1039 et
1782 982 1875 1038 ﬁlii
1904 998 2085 1038 curam

497 1080 688 1134 salutis
736 1079 1031 1149 suscipiat,
1082 1086 1136 1131 et
1182 1078 1246 1132 ad
1277 1079 1525 1132 virtutem
1557 1087 1845 1148 utrumque
1871 1091 2089 1146 promo-

497 1184 627 1225 vere
647 1169 882 1224 studeat.
909 1166 975 1222 Et
994 1166 1020 1205 ά
1047 1168 1213 1231 addit,
1237 1185 1397 1240 neque
1424 1169 1571 1221 velint
1600 1167 1781 1246 credas
1810 1182 1923 1237 qua:
1942 1179 2090 1237 pa'cr

502 1263 566 1315 de
593 1278 674 1317 me
704 1264 837 1333 forte
868 1261 1088 1315 laudans
1120 1260 1338 1321 dixerit,
1366 1275 1430 1312 ne
1458 1260 1505 1312 si
1533 1258 1792 1312 meliorem
1821 1272 1973 1329 quam
2004 1273 2089 1310 rc-

503 1368 622 1407 uera
650 1352 749 1405 sim
788 1351 993 1421 judices
1016 1392 1031 1415 ,
1081 1366 1176 1414 pro
1216 1366 1297 1402 me
1343 1365 1447 1402 non
1494 1366 1609 1403 ores
1638 1357 1885 1418 quantum
1918 1346 2086 1401 velim.

504 1441 838 1511 Responsura
871 1449 895 1477 ο
918 1440 1080 1494 etiam
1111 1454 1266 1494 suum
1296 1439 1360 1492 ad
1396 1439 1618 1493 Licentii
1648 1452 1838 1507 poema
1868 1436 2095 1507 perlerri

503 1533 571 1588 ad
592 1548 718 1588 eum
746 1532 974 1598 curavit,
1007 1532 1061 1586 in
1097 1546 1205 1600 quo
1233 1532 1339 1600 50
1369 1530 1387 1568 τ
1420 1531 1488 1585 de
1528 1529 1750 1584 Paulino
1778 1535 1965 1583 nostro
1995 1527 2094 1580 mi-

503 1622 652 1679 rilice
691 1630 748 1678 et
787 1623 1047 1693 prteclare
1076 1621 1363 1675 admodum
1389 1621 1729 1690 loquebatur.
1760 1618 2042 1673 Paulinum
2068 1627 2093 1665 ε

3705 233 3795 293 73

2729 344 2957 402 CAPL'T
2998 345 3227 402 XXVIII.

2190 438 2268 495 De
2296 441 2567 507 Augustin!
2597 440 2665 491 ad
2693 440 3040 509 episcopatum
3068 436 3387 504 promo'iouc
3424 435 3489 489 ab
3520 437 3638 509 ipso
3664 439 3788 491 Λιι-

2258 514 2465 580 gnstiuo
2489 512 2677 563 certior
2707 507 2874 579 [ortus
2906 507 3156 561 Paulinus
3180 523 3328 561 suum
3351 508 3620 576 singulare
3646 526 3790 580 gmi-

2260 579 2399 635 dium
2435 579 2760 635 Romaniano
2789 586 3024 632 testatur.

2262 711 2312 765 1.
2345 710 2728 773 Romanianus,
2753 709 2903 780 cujus
2924 723 3086 779 opera
3116 724 3243 764 usus
3265 709 3440 764 fuerat
3473 711 3489 746 ί
3526 706 3789 779 Augusti-

2189 819 2291 857 nus
2331 801 2395 856 ad
2442 801 2811 871 perlerendam
2861 816 3003 854 anno
3052 800 3330 870 superiore
3377 799 3445 854 ad
3495 798 3791 855 Paulinum

2190 894 2509 963 epistolam:
2552 904 2675 947 eum
2724 893 2855 947 adiit
2894 908 3013 947 cum
3060 891 3170 960 jam
3218 890 3481 947 sollicitus
3526 901 3674 947 esset
3717 894 3789 947 de

2190 992 2500 1039 sanctorum
2526 981 2748 1037 fratrum
2780 980 3007 1035 Romani
3031 988 3086 1035 et
3115 979 3281 1047 Agilis
3308 981 3506 1036 reditu.
3536 982 3791 1037 Advene-

2191 1084 2363 1130 ruut“
2395 1074 2609 1129 tandem
2637 1082 2758 1144 post
2797 1074 3090 1129 discessum
3139 1073 3489 1136 Romaniani.
3524 1086 3581 1130 et
3609 1077 3678 1131 ab
3722 1078 3791 1132 i‘s

2197 1179 2220 1205 τ
2254 1167 2533 1236 Augustini
2565 1166 2676 1236 jam
2704 1167 2964 1236 episcopi,
2996 1167 3333 1237 aliorumque
3361 1168 3791 1224 clarissimorum

2194 1260 2454 1325 virorum,
2478 1258 2679 1313 Aurelii
2710 1258 2918 1314 scilicet
2945 1256 3403 1329 Carthaginensis,
3429 1260 3629 1331 Alypii,
3656 1258 3792 1315 Pro-

2196 1349 2358 1404 futuri
2393 1349 2671 1404 Cirtensis.
2705 1348 2887 1403 Severi
2936 1348 3225 1403 Milevitani
3251 1389 3266 1413 ,
3296 1350 3537 1404 omnimn
3582 1352 3793 1421 pariter

2197 1442 2572 1512 episcoporum
2603 1441 2812 1495 litteras
2852 1441 3058 1510 recepit
3090 1439 3369 1507 Paulinus,
3412 1457 3644 1511 quarum
3672 1442 3791 1496 sola

2201 1543 2226 1571 ι
2258 1532 2537 1601 Augustini
2578 1540 2755 1586 exstat
2796 1547 2914 1601 qua:
2944 1532 3136 1585 iterum
3162 1530 3229 1585 de
3260 1529 3502 1586 Licentio
3544 1534 3743 1601 agebat
3774 1551 3790 1586 :

2199 1640 2307 1695 qua
2348 1624 2597 1678 nimirum
2627 1622 2912 1692 posteriori
2945 1621 3152 1675 Paulini
3195 1623 3437 1692 epistola:
3465 1639 3790 1694 responsum

505 1712 722 1768 demum
750 1722 871 1767 orat
898 1720 954 1766 et
980 1712 1230 1765 obsecrat
1257 1718 1316 1763 ut
1343 1710 1387 1764 si
1409 1710 1475 1763 ab
1503 1708 1692 1765 ofllciis
1717 1707 2095 1764 ecclesiasticis
2130 1721 2168 1777 η
2199 1706 2504 1785 expendere
2533 1712 2766 1776 volebat,
2796 1720 2852 1766 et
2890 1719 3141 1778 testatur,
3164 1720 3223 1766 ut
3248 1712 3304 1765 in
3345 1712 3620 1782 prioribus
3648 1724 3679 1763 1
3701 1715 3792 1769 lit-

507 1804 610 1860 sibi
638 1818 815 1873 vacet,
847 1805 899 1859 in
929 1803 1162 1859 Africam
1191 1818 1360 1872 usque
1403 1803 1534 1858 velit
1561 1818 1849 1858 excurrere
1868 1842 1883 1867 ,
1914 1812 1975 1856 ut
2010 1801 2095 1855 vi-

510 1897 637 1951 deat
673 1906 930 1966 quantum
960 1910 1148 1950 omnes
1187 1910 1309 1949 eum
1350 1894 1551 1948 sitiant.
1587 1890 1614 1929 ³³
1649 1892 1919 1947 Therasim
1947 1890 2091 1945 deui-

510 2001 616 2056 que
643 1987 872 2041 salutem
907 1986 1191 2057 plurimam
1226 1992 1495 2055 precatur.
1540 1983 1908 2039 Romaniauus
1936 1995 2097 2052 quem

513 2077 748 2147 propria:
776 2077 898 2131 lites
943 2077 995 2131 iu
1023 2077 1229 2130 Italiam
1255 2115 1270 2141 ,
1315 2082 1375 2129 ut
1414 2075 1646 2135 videtur.
1695 2080 2096 2145 pertraxerant,

514 2174 796 2242 Augustini
824 2172 1102 2243 epistolam
1134 2179 1243 2226 tam
1273 2171 1382 2227 cito
1428 2169 1653 2225 Paulino
1682 2186 1791 2225 non
1829 2168 2097 2233 reddidit,

513 2271 570 2318 et
607 2262 948 2318 solummodo
986 2262 1234 2331 sequenti
1262 2278 1405 2316 anno
1436 2260 1621 2333 Nolam
1653 2259 1888 2313 advenit.
1930 2258 2098 2325 Quem

508 2351 539 2390 ‘i
575 2368 798 2424 puerum
828 2351 1080 2407 Paulinus
1110 2353 1161 2405 in
1197 2350 1426 2406 Africam
1455 2366 1597 2405 anno
1633 2350 1913 2421 superiore
1942 2349 2100 2403 mise-

516 2452 621 2508 rat,
655 2445 700 2500 is
728 2445 964 2500 nondum
995 2443 1232 2499 redierat
1265 2461 1278 2497 :
1312 2458 1412 2499 nee
1450 2442 1622 2497 fuerat
1650 2441 1895 2513 profecto
1925 2441 2100 2509 Augu-

515 2537 691 2591 stinus
718 2551 785 2592 ex
814 2536 879 2591 iis
902 2536 1015 2605 qui,
1048 2536 1265 2590 ineunte
1292 2543 1501 2601 :cstate,
1523 2533 1588 2588 ad
1618 2548 1739 2589 eum
1770 2530 2104 2587 invisemlum

514 2628 802 2693 miserant;
852 2628 925 2681 ita
955 2636 1011 2681 ut
1055 2642 1177 2682 cum
1206 2626 1274 2682 de
1321 2625 1548 2696 epistola
1593 2633 1719 2679 ante
1771 2632 1851 2679 tot
1892 2638 2107 2680 menses

515 2720 812 2790 perscripta
866 2719 995 2773 nihil
1026 2718 1237 2773 audiret
1276 2716 1560 2781 Paulinus,
1597 2716 1611 2768 i
1660 2716 1883 2771 alteram
1914 2716 2108 2771 rescri-

517 2810 622 2881 psit
648 2820 931 2880 antequam
959 2818 1267 2878 promotum
1297 2824 1420 2863 eum
1450 2808 1518 2862 ad
1549 2808 1919 2878 episcopatum
1947 2822 2106 2861 acce—

518 2902 724 2971 pisset:
767 2901 912 2970 quod
941 2900 1135 2956 accidit
1172 2900 1271 2954 sub
1317 2899 1476 2953 linem
1518 2900 1643 2953 anni
1682 2898 1806 2962 395,
1838 2915 1959 2953 cum
2001 2899 2108 2952 Au-

517 2994 786 3063 gustinum
817 2994 998 3066 fratris
1047 2992 1264 3048 nomine
1306 2990 1330 3030 ¹ί
1361 2991 1671 3062 compellet.
1706 2990 1810 3046 Per
1857 2990 1866 3026 '
1905 2991 2109 3058 Agilem

519 3094 576 3140 et
605 3084 901 3140 Romanum
929 3083 1228 3152 Augustino
1258 3083 1534 3153 rescripsit
1564 3080 1842 3137 Paulinus.

1053 3356 1188 3415 saxo
1212 3358 1418 3397 cnmsri
1444 3341 1565 3396 596.

587 3541 643 3597 2.
667 3543 745 3597 De
770 3541 994 3611 historia
1025 3541 1155 3595 nihil
1186 3541 1525 3610 excerpimus
1553 3557 1616 3595 ex
1645 3550 1683 3577 ιη
1710 3540 1914 3595 Paulini
1947 3543 2106 3595 tertio

523 3634 577 3689 in
621 3632 831 3688 laudem
878 3632 935 3687 S.
982 3632 1174 3688 Felicis
1216 3634 1463 3687 natalitio
1505 3635 1772 3698 carmine,
1817 3636 1961 3703 quod
2007 3637 2111 3691 hoc

557 3740 666 3780 nno
702 3725 902 3780 editum
943 3726 1281 3779 arbitramur.
1324 3726 1552 3794 Insignia
1584 3727 1864 3781 dumtaxat
1892 3738 1917 3765 ιι
1948 3730 2109 3785 mira-

521 3817 640 3872 cula
666 3831 785 3885 qua:
809 3816 910 3871 hac
937 3816 1023 3870 die
1052 3817 1283 3871 maxime
1311 3818 1363 3871 in
1395 3833 1795 3887 cucrgumenos
1821 3823 2109 3891 patrahan-

521 3914 627 3972 tur,
668 3912 723 3959 et
766 3916 790 3941 υ
837 3906 1020 3975 populi
1050 3906 1115 3960 ad
1164 3907 1304 3962 hanc
1354 3908 1749 3963 solemnitatem
1790 3928 2110 3967 concursum

2197 1807 2329 1863 teris
2356 1821 2497 1860 anno
2527 1806 2805 1873 superiore
2835 1802 3008 1864 datis.
3054 1803 3170 1873 pari
3204 1811 3225 1837 π
3258 1818 3317 1858 sc
3346 1819 3465 1858 cum
3492 1820 3562 1859 eo
3588 1813 3648 1859 et
3675 1814 3794 1860 stu-

2199 1896 2292 1953 di‘o
2332 1906 2388 1953 et
2433 1896 2722 1951 dilectione
2747 1894 2955 1949 vinciri.
2985 1893 3208 1962 Sancti,
3256 1895 3343 1949 cui
3388 1896 3793 1965 respondebat,

2200 2001 2257 2030 ι·
2288 1990 2466 2046 verbis
2483 1987 2798 2059 quibusdam
2816 1991 2948 2043 usus
2970 1996 3070 2051 est,
3097 1986 3253 2056 idque
3273 1985 3343 2042 de
3364 1988 3465 2060 51
3497 1988 3791 2054 industria;

2199 2098 2355 2145 erant
2382 2088 2524 2143 enim
2567 2086 2664 2156 ipsi
2694 2084 3032 2148 suavissima,
3065 2090 3121 2138 et
3148 2082 3205 2120 δι’
3234 2084 3378 2153 quod
3430 2082 3562 2139 vera
3610 2098 3793 2140 essent

2202 2190 2260 2237 et
2278 2180 2422 2251 quod
2448 2178 2654 2234 Paulini
2677 2185 2878 2233 essent.
2921 2175 2981 2231 Ei
3013 2188 3195 2231 narrat
3228 2188 3280 2216 τε
3313 2177 3591 2246 quomodo
3621 2177 3792 2234 factus

2202 2275 2273 2331 sit
2302 2272 2665 2344 Hipponensis
2693 2272 2980 2342 cpiscopus
3001 2312 3016 2336 ,
3058 2279 3114 2325 et
3141 2270 3289 2339 quod
3316 2270 3419 2327 hoc
3444 2286 3671 2326 munere
3697 2273 3793 2326 im-

2204 2367 2523 2439 pediebatur
2548 2381 2615 2420 ne
2642 2364 2977 2420 eum’Nolam
3006 2363 3209 2428 adiret;
3234 2364 3414 2433 itaque
3442 2364 3596 2418 illum
3618 2362 3675 2401 δά
3705 2382 3793 2419 ur-

2205 2467 2295 2527 get
2319 2458 2488 2512 multo
2522 2456 2893 2512 vehementius
2914 2471 3074 2525 quam
3105 2456 3157 2510 in
3187 2456 3708 2525 prioribuslitteris,
3736 2466 3794 2513 ut

2208 2552 2260 2607 in
2293 2551 2520 2606 Africam
2545 2550 2577 2618 ἰ⁶
2599 2565 2658 2604 se
2686 2557 2742 2603 et
2769 2564 2907 2603 uxor
2931 2549 3185 2610 veniant;
3216 2557 3272 2585 οε
3301 2563 3365 2603 ac
3390 2564 3457 2604 eo
3486 2564 3602 2604 rem
3630 2549 3793 2604 addu-

2208 2645 2283 2701 cit
2327 2651 2387 2699 ut
2427 2649 2636 2695 asserat
2663 2640 2884 2695 credere
2924 2654 2982 2695 se
3022 2638 3312 2708 quidquam
3342 2653 3438 2693 eos
3482 2654 3590 2694 non
3618 2640 3793 2695 minus

2210 2737 2320 2792 Deo
2349 2741 2629 2803 acceptum
2677 2740 2895 2786 acturos
2921 2730 2967 2785 si
3010 2729 3213 2786 infusas
3236 2728 3339 2783 sibi
3379 2729 3610 2785 virtutes
3638 2738 3789 2785 tanto

2210 2830 2391 2887 studio
2422 2838 2579 2883 notas
2621 2825 2869 2880 omnibus
2899 2823 3133 2888 faciant,
3163 2831 3367 2892 quanto
3407 2822 3593 2879 labore
3616 2833 3674 2878 et
3711 2822 3793 2876 ar-

2211 2921 2344 2975 dOre
2373 2918 2552 2988 adepti
2600 2916 2816 2970 fuerant
2850 2932 2862 2968 :
2897 2914 3037 2969 unde
3062 2913 3238 2983 quivis
3267 2913 3423 2969 facile
3458 2914 3794 2984 perspexerit

2213 3010 2416 3079 optime
2446 3017 2628 3062 notam
2659 3006 2962 3075 Augustino
3006 3004 3168 3063 fuisse
3207 3004 3413 3060 Paulini
3441 3017 3498 3060 et
3526 2990 3795 3061 Therasite

2118 3089 2179 3151 VC
2212 3099 2553 3157 modestiam.
2586 3098 2778 3153 Iisdem
2828 3098 3041 3152 videtur
3067 3098 3344 3168 principiis
3371 3099 3614 3153 insistere
3656 3097 3800 3154 Gre-

2207 3192 2389 3261 gorius
2418 3190 2489 3245 M.
2518 3207 2636 3246 cum
2665 3191 2796 3245 dicit
2844 3189 2861 3228 ί
2877 3189 2893 3226 ί
2920 3209 2932 3242 :
2967 3188 3209 3262 Quisquis
3237 3191 3408 3245 laudis
3431 3193 3799 3262 concupiscen-

2208 3284 2333 3337 tiam
2362 3281 2566 3335 calcare
2597 3281 2711 3352 jam
2738 3281 2950 3352 suﬁicit,
2991 3280 3357 3350 wdiﬁcatiouis
3398 3281 3637 3352 fraudem
3664 3298 3787 3353 per-

2208 3382 2397 3445 petrat,
2427 3374 2472 3427 si
2512 3370 2645 3425 bona
2666 3387 2782 3443 qua:
2809 3371 2916 3441 agit
2948 3370 3193 3437 occultat,
3216 3380 3265 3423 et
3291 3372 3440 3442 quasi
3472 3372 3674 3442 jactato
3711 3388 3797 3425 se-

2208 3468 2385 3530 mine,
2432 3464 2756 3537 germinandi
2807 3464 3008 3517 radices
3037 3462 3310 3529 subtrahit,
3357 3465 3443 3535 qui
3489 3481 3620 3535 opus
3664 3467 3800 3537 quod

2210 3556 2520 3611 imitandum
2548 3565 2625 3610 est
2647 3597 2662 3622 ,
2706 3572 2810 3610 non
2851 3555 3095 3609 osten'dit.
3140 3555 3391 3626 Idemque
3417 3574 3542 3613 cum
3571 3558 3674 3613 sibt
3703 3559 3800 3615 ob-

2205 3648 2431 3716 jecisset
2470 3646 2614 3715 quod
2656 3645 2876 3700 tradidit
2901 3644 3145 3700 Christus
3171 3646 3478 3701 mandatum
3506 3647 3579 3703 de
3615 3649 3799 3705 occul:

2212 3738 2387 3792 tandis
2414 3738 2571 3792 bonis
2596 3738 2870 3807 operibus,
2898 3736 3186 3807 respondet
3212 3746 3269 3785 κα
3318 3756 3332 3790 :
3371 3734 3475 3801 Qui
3518 3740 3574 3794 in
3598 3741 3801 3811 publico

2215 3828 2345 3883 bono
2368 3846 2521 3897 opere
2549 3845 2649 3882 non
2673 3845 2840 3889 suam,
2864 3829 2957 3882 sed
2983 3830 3192 3898 superni
3223 3827 3399 3883 Patris
3420 3829 3651 3901 gloriam
3671 3848 3804 3903 quc-

2214 3927 2303 3992 rit,
2333 3925 2469 3997 quod
2497 3926 2644 3994 facit,
2674 3917 2962 3988 absco'ndit,
2995 3923 3115 3994 quia
3145 3923 3309 3977 solum
3335 3922 3480 3977 illum
3501 3932 3684 3978 testem
3706 3925 3804 3979 ba;

519 3997 740 4067 exponit
766 3998 855 4067 qui
889 3996 945 4052 S.
977 3997 1018 4051 F
1021 3998 1171 4053 elicis
1217 4009 1242 4048 P
1273 4000 1535 4054 tumulum
1567 3999 1804 4069 ﬂoribus,
1847 4006 2113 4073 sertisque
2215 4014 2323 4068 ιηιίι
2352 4015 2434 4067 cui
2462 4014 2665 4084 placere
2692 4014 2907 4067 επιναινξι,

518 4095 573 4142 et
599 4089 816 4144 coronis
844 4090 1026 4143 limina
1059 4099 1443 4159 prietexercnt,
1474 4101 1528 4145 et
1558 4104 1716 4149 nocte
1741 4095 1935 4166 dieque
1969 4098 2111 4153 circa

518 4178 706 4234 altaria
734 4180 931 4235 micare
965 4181 1161 4235 lumina
1192 4182 1467 4238 describit.
1500 4183 1637 4239 Vota
1669 4197 1697 4236 ει
1726 4186 1919 4243 deinde
1948 4190 2015 4244 ad
2051 4190 2108 4247 S.

2291 4105 2344 4160 2.
2371 4104 2700 4175 Augustinus
2729 4102 2787 4141 διε
2811 4104 2863 4158 in
2891 4104 3118 4175 epistola
3141 4119 3235 4158 sua
3266 4104 3491 4159 Paulino
3527 4120 3808 4162 commen-

2227 4198 2320 4254 dat
2362 4197 2647 4269 quemdam
2691 4196 2910 4251 nomiue
2956 4195 3295 4251 Vetustinum
3338 4195 3528 4250 Nolam
3573 4196 3802 4267 prolici-

520 4269 751 4326 Felicem
793 4271 1004 4337 fundit,
1048 4282 1103 4326 et
1131 4284 1384 4341 precatur
1418 4283 1475 4328 ut
1516 4277 1676 4345 longo
1710 4294 1825 4334 aevo
1855 4298 2009 4335 suum
2042 4284 2114 4338 illi
2217 4298 2461 4346 sccntem
2513 4288 2597 4343 vel
2620 4296 2679 4342 ut
2702 4288 2813 4342 Deo
2841 4301 2964 4341 cum
2996 4285 3086 4339 illo
3118 4285 3392 4347 militaret,
3423 4286 3506 4340 vel
3538 4297 3596 4340 ul.
3623 4286 3811 4342 S.7Fe.

521 4361 800 4452 impendat
828 4363 1143 4425 servitium,
1176 4373 1231 4417 et
1259 4364 1326 4417 ad
1357 4365 1476 4433 ejus
1507 4368 1768 4421 tumulum
1811 4372 1974 4425 vitam
2018 4374 2117 4426 ab-
2218 4382 2336 4436 licis
2389 4381 2638 4450 precibus
2684 4395 2715 4433 e
2759 4379 3077 4448 quibusdem
3136 4381 3437 4449 eriperetur
3482 4380 3639 4435 malis
3691 4397 3813 4452 qua:

521 4451 725 4518 solvat;
758 4452 1100 4523 animamque
1139 4452 1288 4507 Felix
1318 4456 1383 4508 ad
1419 4455 1692 4512 Christum
1742 4470 1971 4528 paterno
2012 4480 2098 4519 ve-

2213 4474 2482 4545 lacrymas
2517 4473 2694 4543 impiis
2726 4474 3111 4539 excussissem,
3138 4479 3367 4543 quicque
3406 4471 3610 4529 inﬂicta
3634 4489 3667 4528 a
3699 4451 3813 4529 Deo

521 4553 672 4599 ctare
700 4548 906 4611 gremio
937 4560 1041 4597 non
1071 4553 1280 4609 renuat,
1308 4554 1368 4599 ut
1400 4548 1605 4603 meritis
1633 4549 1751 4618 ejus
1774 4561 1828 4605 et
1859 4554 2107 4622 precibus
2214 4565 2439 4620 verbera
2469 4563 2806 4618 videbamur.
2825 4562 2958 4618 Tres
2995 4560 3039 4598 Si
3074 4562 3141 4616 ad
3169 4577 3294 4617 cum
3325 4563 3491 4618 ηιποε
3509 4561 3580 4617 de
3608 4562 3813 4619 Libera

520 4632 738 4731 {ﬁdem
782 4631 1013 4731 Ῑθξιάεξιῖθ
1043 4635 1193 4701 asnis
1233 4638 1508 4731 κλεενθεεινί
1535 4651 1825 4698 meream"-
1857 4645 1937 4700 Αά
1963 4646 2105 4702 Ρειυ-
2218 4661 2453 4717 Arbitrio
2474 4659 2698 4731 perferri
2717 4658 2895 4728 jussit,
2930 4672 3137 4712 necnon
3156 4656 3201 4706 ii
3230 4669 3445 4724 panem,
3469 4661 3527 4707 ut
3549 4654 3815 4722 coniicio,

520 4725 685 4781 “num
1066 4738 1086 4764 τ
1121 4730 1361 4825 “mlum
1402 4733 1711 4790 θκίδῑίηκιηι
1754 4740 1919 4795 "luna
1949 4759 2017 4796 ex
2047 4744 2111 4797 iis
2212 4753 2325 4822 jam
2353 4725 2692 4825 benedictum
2719 4725 2960 4821 '(uberior
2988 4747 3275 4802 benedictio
3305 4747 3395 4816 ﬁet
3418 4745 3698 4800 dilectione
3723 4763 3817 4799 ac-

520 4832 641 4915 quif
668 4817 736 4872 ad
868 4816 1064 4915 Felicis
1103 4820 1405 4915 sepflcmm
1437 4833 1588 4915 ἔδεαι
1636 4837 1761 4882 sum
1806 4832 2063 4888 ηιίτίιευιιι
2095 4855 2110 4903 ;
2214 4816 2454 4915 cipientis
2474 4854 2655 4898 vestrm
2675 4816 3050 4912 benignitatis).
3079 4839 3225 4909 Opas
3246 4837 3300 4877 υ
3332 4838 3626 4893 beatissimi
3660 4854 3817 4908 papae

528 4917 551 4947 '
592 4906 902 5011 Gftl_nadiu§
948 4911 1104 5011 enim
1149 4909 1383 5011 amrmat
1450 4914 1726 5011 Paulinum
1774 4941 1878 4980 non
1928 4930 2102 4985 solum
2225 4906 2492 4993 Ambrosii
2521 4942 2709 4990 contra
2740 4906 3091 5003 philosophos
3128 4906 3435 4985 desiderare
3474 4944 3533 4983 se
3574 4906 3817 4984 testaba-

519 4998 826 5104 eruditione
854 5008 909 5054 et
937 5001 1223 5104 sanctitate
1250 5003 1396 5074 vitai,
1437 5008 1531 5062 sed
1561 5020 1615 5065 et
1643 5017 1882 5083 potentia
1913 5021 2104 5078 adver-
2212 5036 2300 5081 tur
2348 5025 2671 5094 Augustinus
2693 5063 2709 5086 ,
2742 4998 2883 5079 cum
2927 4998 3148 5077 minime.
3185 5019 3456 5075 dubitaret
3488 5021 3619 5088 quin
3663 5022 3809 5076 tanti

518 5105 636 5145 sum
664 5088 937 5144 dm‘mones
963 5091 1241 5147 claruisse.

2212 5116 2311 5170 viri
2341 5088 2537 5185 scripta
2563 5115 2744 5170 omnia
2787 5115 3016 5169 haberet
3046 5109 3321 5167 Paulinus.
3352 5109 3497 5165 Citat
3543 5109 3812 5182 frequen-

590 5223 1166 5350 “Aps-eg-B‘th.
1242 5227 1418 5284 blhid.
1453 5241 1508 5287 et
1533 5249 1587 5287 η.
1619 5233 1671 5289 6.
1736 5239 2121 5320 'clbidqme.
2198 5244 2572 5328 dtbiu.,n.t.
2653 5246 2840 5327 οΑειει.
2860 5262 2951 5329 ρει.
2977 5244 3066 5309 ea,
3090 5250 3145 5325 et
3169 5258 3256 5313 ep.
3284 5243 3373 5306 τι,
3401 5260 3455 5297 η.
3480 5241 3573 5327 6..
3618 5242 3813 5306 ‘Aug.

518 5296 803 5360 enimn.
868 5335 881 5350 ο
961 5296 1543 5360 αΑιιεςοεβ-27.η.6.
1622 5303 1985 5360 δΙῠιά..η.2.
2071 5315 2667 5360 inﬂammant
2753 5317 2928 5360 tlhul-
3011 5311 3371 5360 inmune-
3458 5312 3811 5360 ιιιιηιηηλς.

517 5308 803 5456 ξΡορξξξίξῖ
1183 5308 1908 5456 Ὑίιξέἱὲληλνξλὲξᾙὺέὲίιῆἷῂ
1934 5314 2098 5440 ἒ1υεί]

2204 5317 2326 5372 ulin.
2351 5308 2436 5387 ep.
2462 5319 2515 5381 6,
2540 5335 2591 5370 u.
2622 5317 2669 5371 l.
2752 5308 2929 5371 i‘lbid'.
3011 5320 3032 5352 ι
3058 5308 3217 5370 lbid..
3242 5330 3294 5368 n.
3317 5313 3371 5366 2.
3458 5314 3468 5352 ι
3498 5312 3657 5378 lbid.,
3682 5331 3735 5370 n.
3759 5317 3816 5373 3.

2204 5405 2240 5440 νγ.
2269 5387 2339 5439 Η
2438 5400 2461 5437 r
2493 5388 2619 5442 lhid.
2652 5404 2703 5441 ν.
2736 5388 2805 5439 98
2842 5396 2898 5441 et
2924 5401 3074 5456 seqq.
3153 5395 3179 5432 ει
3211 5383 3428 5456 ῌιίιιεᾲν.
3456 5382 3631 5456 llGet
3649 5401 3811 5456 seqq.

521 5434 956 5527 :ﬂichig'yi."
989 5434 1198 5527 Ρθιὶίξθο
1227 5454 1284 5527 νς
1323 5440 1456 5527 τεο..
1525 5453 1545 5480 ο
1570 5434 1819 5527 Gennad:
1842 5434 2098 5511 'Cataliﬂij

2204 5434 2240 5527 ἐξ
2280 5434 2336 5494 Ἰ
2363 5434 2630 5527 Αιίεξξὲῌ.
2660 5434 2900 5527 ein]
2924 5434 3081 5510 ⁷ρῖ¹ὀζ
3110 5434 3427 5527 agriami;
3458 5434 3557 5527 es;
3582 5434 3634 5527 ft,
3651 5434 3744 5510 '67
3756 5434 3813 5512 ἲξ

772 5515 795 5541 Χ
810 5509 946 5594 ᾼ¹Ψ⁶
967 5504 1306 5594 θιὶ·,⁵ἒ.ν.¹Ἐί⁷·
1382 5512 1559 5594 ΞΑΡΞ·
1577 5531 1662 5594 ονε
1678 5518 1778 5594 .27;
1859 5504 1879 5558 ί

2215 5504 2258 5589 i,
2281 5544 2333 5581 η.
2363 5504 2961 5588 1139717ibi].nt
2973 5504 3081 5581 '5."
3110 5523 3168 5563 ιιι»
3194 5504 3650 5594 ιὺίέιῖί“”ὲο’ἡίίᾶ.’,
3669 5504 3729 5580 In.
3753 5504 3813 5583 ἐξ

514 5574 573 5700 ῖς
592 5574 939 5708 ηιξ-έ-
997 5574 1415 5716 ἑῖοιξῖἓιξξᾜιιὲό
1434 5591 1487 5637 et
1511 5574 1562 5642 ῧ.
1609 5574 1692 5628 'tt
1737 5587 1896 5661 Greg.
1930 5574 2398 5661 nf’rIsivi-i'ifm',
2424 5574 2477 5653 ἶ
2508 5574 2598 5651 ξϐ.
2682 5574 3152 5665 αἶ’ίῦἷίιῘῘλυε.
3179 5574 3385 5665 έιῖξέι,
3417 5574 3813 5655 militi-3‘
