4056 6358
220 359 290 417 ’15
1453 315 1458 320 1
1588 359 1810 415 PROLE1

1908 361 2115 417 MENA.
2191 334 2196 340 ’
3395 366 3463 420 τι

225 487 306 532 ter
333 476 437 530 hoc
465 489 602 545 opus
642 474 965 541 Augustulus
991 473 1042 528 in
1067 472 1279 542 scriptis
1314 474 1692 542 sequentibus,
1735 475 1789 528 in
1820 486 1860 535 Α
1892 478 2082 530 librum
2108 493 2259 532 suum
2291 495 2388 548 pro
2426 477 2745 542 Theodosio,
2778 487 2833 535 et
2852 489 2878 530 1
2905 479 3042 550 apud
3071 479 3315 535 eumdem
3345 481 3461 549 plu—

226 584 290 622 eo
317 567 482 621 etiam
511 565 647 619 libro
674 575 696 600 ⁸
713 565 801 633 qui
825 564 889 618 de
912 564 1161 618 Doctrina
1182 563 1481 617 Christiana
1504 565 1796 633 inscriptus
1895 569 2088 640 rimum
2109 570 2514 623 commendabat
2536 569 2870 638 Vigilantmm
2891 571 2978 638 qui
3010 571 3208 626 idcirco
3232 580 3254 607 τ
3278 586 3307 623 a
3336 570 3466 625 divo

229 668 327 722 est,
352 672 510 726 quem
532 656 671 710 forte
699 665 818 724 post
839 656 972 710 duos
997 664 1090 709 aut
1114 665 1222 710 tres
1244 669 1415 710 annos
1439 657 1754 724 conscripsit
1777 672 1791 706 :

225 749 370 818 quod
399 763 536 818 apus
565 763 594 800 a
625 748 848 801 Paulino
875 748 1151 816 excepisse
1180 747 1528 816 Augustinum
1567 763 1694 801 vero
1722 749 1797 801 si-

228 842 353 895 mile
380 848 482 895 est.
530 839 663 892 Dicit
693 847 951 908 praeterea
993 837 1018 877 δ
1050 838 1372 905 Augustinus
1412 853 1470 892 se
1511 837 1738 892 audiisse
1764 852 1797 890 a

227 930 497 992 fratribus,
530 928 687 995 Agili,
721 936 776 980 ut
799 927 1024 992 videtur,
1049 935 1104 982 et
1128 927 1391 990 Romano,
1421 936 1605 981 contra
1634 942 1797 996 paga-

228 1035 330 1075 nos
356 1018 591 1075 scribere
632 1016 910 1071 Paulinum
944 1035 956 1069 :
991 1025 1110 1070 orat
1139 1015 1296 1084 igitur
1322 1032 1443 1070 eum
1474 1032 1539 1069 ne
1566 1017 1665 1070 sibi
1699 1016 1800 1069 du-

226 1110 367 1187 bitet
407 1109 621 1162 mittere
642 1123 760 1176 qua:
789 1107 1107 1176 scripserat:
1140 1106 1279 1159 Nam
1319 1118 1490 1176 pectus
1518 1117 1677 1169 tuum,
1718 1107 1801 1159 in-

127 1232 134 1239 -
227 1202 370 1271 quit,
404 1200 559 1264 °_tale
593 1198 801 1252 Domini
825 1198 1086 1252 oraculum
1113 1207 1205 1256 est.
1233 1207 1288 1249 ut
1307 1215 1366 1250 eo
1395 1196 1538 1250 nobis
1568 1206 1671 1249 tant
1689 1197 1804 1266 pla-

229 1294 338 1346 cita
373 1299 425 1345 et
463 1290 708 1344 adversus
747 1289 1136 1360 loquacissimus
1180 1289 1484 1359 quastiones
1513 1287 1805 1354 explicatis-

227 1385 364 1438 sinta
388 1383 504 1436 dari
539 1397 785 1450 responsa
813 1396 1202 1450 presumamus.
1275 1377 1428 1432 Haud
1456 1379 1566 1432 scio
1607 1392 1673 1430 an
1702 1377 1806 1430 hoc

229 1487 366 1542 opus
392 1470 678 1526 Theodosii
719 1469 1075 1538 panegyricon
1109 1467 1285 1521 luerit.
1329 1467 1460 1520 Cum
1488 1467 1631 1520 enim
1674 1465 1807 1520 refe-

229 1569 317 1616 rat
339 1559 364 1597 ἀ
390 1559 741 1630 Hieronymus
777 1556 1054 1612 Paulinum
1083 1556 1303 1624 hujusce
1335 1555 1590 1625 principis
1618 1555 1806 1623 apolo-

229 1650 372 1719 giam
402 1649 700 1719 scripsisse,
734 1649 910 1716 ibique
937 1647 1003 1701 de
1048 1647 1163 1715 ejus
1196 1646 1401 1714 legibus
1431 1654 1678 1706 tractare,
1709 1660 1805 1713 po-

230 1747 374 1794 terat
413 1739 501 1795 hic
531 1740 668 1793 tueri
699 1739 839 1807 leges
879 1738 1136 1808 imprimis
1173 1746 1359 1792 contra
1407 1752 1644 1806 paganos
1681 1751 1802 1790 san-

1899 655 2225 727 Hieronymo
2267 657 2560 712 honorifie
2603 675 2665 713 ac
2694 667 3030 728 peramanter
3071 669 3327 729 exceptus
3355 667 3457 713 est.

1896 743 2031 798 Cum
2060 762 2188 799 vero
2222 747 2601 817 Hieronymum
2630 750 2769 804 inter
2807 759 2860 804 et
2883 749 3179 805 Iohannem
3210 750 3462 806 Hieroso-

1901 835 2209 905 lymitanum
2239 837 2610 908 Ruﬂinumque
2635 850 2822 894 exorta
2847 850 2988 897 esset
3012 843 3239 896 maxima
3263 843 3465 898 dissen-

1899 925 2013 988 sio,
2050 933 2071 960 ⁸
2114 926 2166 979 in
2209 928 2361 980 istam
2392 928 2564 981 rixam
2607 936 2661 982 et
2688 931 3107 986 controversiam
3136 932 3280 985 venit
3318 931 3462 998 Vigi-

1901 1015 2115 1077 lanlius,
2147 1027 2200 1070 et
2228 1018 2479 1072 adversus
2506 1017 2884 1089 Hieronymum
2922 1021 3128 1075 locutus
3154 1030 3234 1076 est
3267 1039 3278 1074 :
3309 1023 3376 1076 ab
3397 1037 3464 1076 eo

1903 1111 2081 1158 tamen
2111 1106 2334 1174 supplex
2364 1108 2570 1160 veniam
2597 1109 2767 1176 petiit,
2795 1109 2934 1177 apud
2968 1125 3086 1163 eum
3120 1111 3320 1164 invenit
3345 1124 3466 1179 gra-

1905 1195 2051 1257 tiam,
2077 1196 2267 1250 deinde
2295 1213 2361 1251 ex
2384 1196 2662 1252 Palaestina
2681 1199 2971 1254 discessum
2999 1202 3303 1265 maturavit,
3329 1210 3384 1256 et
3411 1203 3466 1257 in

1904 1283 2102 1340 Gallias
2131 1300 2375 1341 reversus
2411 1291 2424 1323 ι
2467 1289 2655 1342 librum
2683 1289 2845 1343 edidit
2874 1299 3059 1344 contra
3088 1291 3466 1363 Hieronymum

1905 1375 1996 1442 qui
2039 1377 2367 1445 respondere
2395 1386 2613 1432 coactus
2640 1387 2739 1433 est.
2775 1378 3066 1433 lnsurrexit
3092 1382 3253 1438 etiam
3283 1389 3466 1452 postea

1908 1465 2220 1533 Vigilantius
2257 1466 2511 1522 adversus
2553 1467 2676 1522 fidei
2703 1469 2980 1524 catholicae
3015 1469 3347 1536 doctrinam,
3389 1474 3469 1526 di-

1905 1569 2194 1624 versasque
2235 1555 2596 1610 disseminavit
2622 1546 2834 1612 errores
2865 1560 3063 1627 quibus
3098 1561 3468 1615 haereticorum

1905 1641 2088 1699 Galliae
2117 1646 2368 1714 principis
2395 1662 2590 1700 nomen
2621 1650 2811 1702 merito
2845 1649 3094 1703 obtinuit.
3125 1650 3203 1704 En
3241 1651 3469 1704 miserri~

1908 1751 2052 1788 mum
2091 1734 2322 1789 hominis
2349 1744 2545 1789 statum
2587 1738 2678 1804 qui
2707 1739 2886 1792 divino
2915 1739 3174 1794 beneﬁcio
3197 1779 3212 1803 ,
3253 1756 3360 1809 quo
3391 1750 3470 1796 tet

232 1832 373 1886 citas
396 1871 413 1897 ,
453 1845 648 1898 easque
677 1830 743 1882 ah
771 1828 963 1897 injuria
993 1828 1284 1893 vindicare,
1318 1827 1688 1897 respondendo
1716 1827 1808 1880 ob-
1838 1831 1880 1890 Β
1908 1825 2105 1880 sanctis
2131 1825 2447 1893 conjunctus
2483 1835 2631 1892 erat,
2682 1825 2748 1880 ad
2787 1828 3010 1880 salutem
3040 1844 3148 1882 non
3191 1844 3316 1884 usus
3341 1839 3422 1884 est
3454 1848 3466 1883 :

227 1919 554 1989 jectionibus
573 1919 640 1972 ab
661 1919 886 1972 ethnicis
904 1927 1090 1972 contra
1119 1918 1428 1986 religionem
1447 1916 1801 1972 Christianam
1834 1935 1843 1944 ι

231 2011 430 2065 allatis.

299 2101 358 2153 5.
390 2099 544 2166 Quod
576 2112 599 2137 ε
631 2100 954 2170 Augustinus
981 2107 1346 2170 episc0patum
1379 2097 1722 2167 suscepisset,
1751 2104 1807 2150 et

227 2190 374 2245 hanc
421 2191 515 2246 Dei
561 2205 744 2245 curam
791 2191 1107 2244 meruissent
1153 2189 1412 2243 Africana:
1448 2187 1700 2242 Ecclesia:
1748 2194 1807 2241 ut

228 2280 397 2334 verba
427 2280 666 2335 omlestia
696 2295 762 2334 ex
789 2280 904 2348 ejus
932 2295 1027 2334 ore
1056 2280 1413 2349 perciperent,
1439 2277 1490 2331 id
1514 2277 1804 2331 maximum

228 2368 458 2425 Paulino
492 2372 742 2439 gaudium
782 2373 1029 2427 contulit.
1073 2371 1263 2426 Statim
1319 2369 1336 2407 τ
1369 2378 1491 2439 post
1525 2370 1658 2424 duos
1691 2367 1806 2422 dies

228 2462 517 2530 singularis
544 2463 740 2518 laetitia:
767 2479 982 2519 causam
1017 2463 1346 2516 [lomaniano
1374 2478 1470 2531 per
1497 2462 1703 2525 Litteras
1726 2461 1809 2514 in-

231 2553 430 2608 timare
457 2555 784 2624 properavit.
823 2564 848 2601 8
893 2553 1066 2608 Panes
1093 2553 1324 2622 quinque
1354 2553 1451 2621 ipsi
1479 2559 1536 2606 et
1564 2551 1674 2605 tilio
1716 2549 1806 2604 Li-

229 2643 420 2697 centia
448 2643 593 2697 misit
623 2641 647 2677 ιι
689 2643 757 2696 ad
781 2657 937 2711 quem
967 2641 1156 2696 eodem
1187 2651 1426 2710 tempore
1447 2681 1464 2705 ,
1507 2648 1562 2693 et
1590 2640 1726 2693 forte
1755 2639 1810 2692 in

233 2733 433 2788 eadem
461 2733 646 2788 charta
674 2734 760 2788 vel
789 2735 977 2788 saltem
1006 2734 1058 2788 in
1087 2733 1275 2788 eodem
1305 2730 1575 2794 fasciculo,
1620 2728 1814 2783 rescri-

230 2823 348 2891 psit
377 2823 553 2876 soluta
581 2831 635 2877 et
665 2824 850 2889 stricta
879 2823 1156 2884 oratione,
1186 2834 1293 2887 quo
1329 2819 1558 2887 impulsu
1591 2816 1606 2854 ί
1642 2817 1817 2882 Aug“-

225 2925 258 2969 8
287 2912 370 2965 ini
417 2928 449 2966 a
488 2912 654 2966 seculi
696 2912 1056 2977 vanitatibus,
1085 2908 1303 2976 hujusce
1339 2907 1550 2975 juvenis
1581 2905 1814 2959 animum

225 3000 577 3065 abduceret,
619 3015 850 3068 eumque
881 3001 1186 3054 hortaretur
1208 3006 1268 3052 ut
1303 2997 1462 3052 saluti
1490 3011 1598 3052 suae
1637 2997 1817 3066 provi-

227 3088 420 3142 iteret.

805 3199 1033 3255 CAPUT
1070 3198 1255 3252 XXIX.

233 3292 355 3346 Per
404 3290 740 3360 Yigilgntium
765 3331 780 3354 ,
835 3291 920 3360 qui
960 3291 1092 3342 male
1118 3305 1261 3360 rent
1286 3289 1443 3358 gerit,
1498 3284 1812 3360 Hieronng

303 3355 517 3479 scribiib
531 3359 802 3414 Paulinus.
847 3355 1060 3413 Summa
1105 3355 1390 3412 humilitate
1418 3371 1581 3409 sacra:
1609 3355 1814 3410 lectioni

305 3432 486 3484 incum
524 3430 580 3481 it.

311 3569 430 3640 53
459 3567 510 3622 1.
541 3567 768 3623 Dubium
806 3583 913 3623 non
941 3575 1022 3622 est
1048 3566 1174 3636 quin
1203 3567 1434 3623 Severus
1479 3574 1534 3620 et
1563 3563 1816 3618 Paulinus

237 3663 354 3718 hoc
390 3675 534 3716 anno
569 3662 668 3717 sibi
715 3661 940 3716 invicem
969 3661 1174 3715 litteras
1211 3659 1456 3714 dederint
1487 3676 1500 3710 :
1532 3672 1652 3727 qua:
1683 3655 1818 3711 desi-

240 3751 524 3806 derantur.
568 3749 836 3816 Quantum
853 3755 930 3804 ἐι
963 3750 978 3800 t
1031 3749 1149 3804 aliis
1176 3749 1416 3818 epistolis
1444 3747 1656 3816 assequi
1693 3761 1817 3816 pos-

241 3858 433 3899 sumus
449 3849 468 3908 ',
518 3839 851 3911 significabat
888 3841 1117 3896 Severus
1155 3855 1372 3910 sperare
1410 3854 1470 3894 se
1515 3853 1620 3893 non
1660 3853 1817 3908 posse

246 3932 363 3988 fore
385 3941 445 3986 ut
466 3931 656 3987 Nolam
687 3930 966 4008 Paulinum
991 3931 1304 3986 conveniret
1328 3971 1342 3998 ,
1385 3938 1442 3985 et
1469 3932 1572 3984 hoc
1600 3929 1699 3983 sibi
1727 3944 1817 3981 su-

251 4038 466 4094 peresse
493 4031 554 4078 ut
581 4024 880 4083 litterarum
924 4022 1132 4077 solatiis
1177 4037 1237 4076 se
1276 4030 1462 4076 mutuo
1490 4027 1814 4074 recrearent.

249 4111 505 4169 Paulinus
536 4112 559 4150 ¹ι
590 4121 769 4168 tamen
797 4127 920 4167 eum
964 4112 1191 4165 invitare
1218 4126 1322 4165 non
1369 4109 1590 4164 destitit.
1633 4107 1820 4162 Severi

245 4201 457 4259 litteras
498 4201 722 4257 Paulino
750 4200 1046 4256 reddidisse
1087 4199 1271 4253 debuit
1305 4198 1648 4266 Vigilantius,
1679 4196 1725 4250 si
1764 4196 1818 4253 in

247 4291 586 4348 Palaestinam
612 4293 702 4353 hic
742 4293 858 4363 ipse
882 4291 1154 4362 profectus
1181 4298 1297 4355 est,
1333 4287 1476 4358 quod
1516 4288 1619 4341 iter
1651 4283 1667 4323 ι
1699 4293 1823 4356 post

247 4401 449 4442 annum
479 4385 582 4440 396
609 4386 906 4455 suscepisse
947 4399 1054 4438 non
1077 4383 1270 4452 potuit.
1301 4381 1428 4435 lllue
1455 4389 1493 4416 ω
1519 4379 1710 4434 detulit
1734 4378 1820 4432 lit-

248 4485 392 4533 teras
435 4474 643 4530 Paulini
687 4475 752 4530 ad
782 4474 1160 4544 Hieronymum
1185 4511 1201 4536 .
1252 4470 1343 4542 qui
1375 4479 1400 4506 ιι
1445 4469 1576 4526 tanti
1607 4467 1702 4522 viri
1740 4473 1821 4520 tot

245 4582 420 4622 annos
447 4567 646 4622 Christi
666 4566 882 4622 servitio
916 4565 1112 4621 addicti
1141 4564 1400 4632 insignem
1440 4563 1691 4632 pietatem
1721 4559 1818 4614 do-

246 4659 587 4727 ctrinamque
635 4656 855 4713 summis
901 4655 1328 4725 prosequebatur
1355 4652 1614 4709 laudibus.
1644 4650 1724 4704 Ab
1751 4664 1817 4704 eo

245 4749 524 4816 quaerebat
555 4745 804 4799 Paulinus
841 4756 866 4780 ο
914 4760 1073 4813 quam
1103 4745 1156 4797 in
1195 4752 1337 4798 statu
1378 4757 1476 4796 suo
1519 4739 1818 4794 monachali

248 4835 476 4892 deberet
510 4835 646 4888 inire
677 4835 850 4900 viam;
881 4841 936 4888 et
964 4833 1244 4887 videbatur
1271 4829 1505 4904 quodam
1521 4829 1698 4904 "teneri
1724 4827 1818 4883 de-

247 4928 449 4986 siderio
487 4924 814 4979 Hierusalem
839 4921 1203 4994 proﬁciscendi
1227 4963 1243 4987 ,
1289 4922 1407 4976 loca
1435 4935 1587 4974 sacra
1617 4918 1816 4973 invisu—

246 5033 357 5082 rus,
388 5024 452 5070 ut
479 5015 706 5070 fortasse
738 5015 794 5070 Β.
828 5013 1153 5086 Hieronymo
1179 5012 1401 5086 propior
1449 5009 1515 5064 iis
1540 5009 1819 5078 praeceptis

247 5106 616 5173 imbueretur,
654 5120 772 5174 qua:
819 5105 871 5158 in
919 5102 1084 5173 priori
1131 5102 1355 5171 epistola
1386 5098 1497 5168 jam
1543 5103 1820 5167 receperat

245 5194 608 5267 Hieronymus
635 5195 703 5250 de
743 5209 908 5250 sacra:
935 5192 1219 5263 Scriptum
1249 5190 1477 5244 lectione
1504 5203 1564 5243 se
1590 5186 1819 5241 traditu-

243 5302 364 5345 rum
409 5287 656 5342 Paulino.
706 5285 949 5342 Mittebat
979 5295 1003 5333 Ρ
1031 5297 1244 5353 quoque
1293 5279 1361 5335 ad
1398 5295 1522 5334 eum
1564 5277 1820 5334 Paulinus

1847 4529 1894 4586 ι)

1903 1929 2129 1983 quorum
2159 1923 2335 1970 tamen
2364 1915 2561 1970 caritas
2580 1930 2687 1969 non
2717 1917 2832 1970 sine
2865 1917 3130 1981 mercede,
3158 1933 3279 1972 cum
3304 1919 3472 1975 virtu-

1903 2011 2011 2068 tem
2053 2019 2213 2073 quam
2264 2004 2379 2072 ejus
2425 2005 2604 2058 animo
2653 2005 2870 2058 inditam
2929 2007 3187 2076 putabant
3231 2010 3472 2065 venerati

1906 2103 2058 2158 sunt,
2105 2102 2160 2147 et
2205 2109 2266 2147 ea
2294 2094 2523 2162 benig..e
2566 2095 2618 2148 in
2660 2095 2750 2149 illo
2778 2105 3166 2151 excusaverunt
3193 2099 3322 2152 vitia
3351 2113 3472 2167 qua

1906 2193 2052 2240 tanto
2081 2184 2195 2238 fore
2235 2184 2483 2240 Ecclesia:
2530 2186 2849 2241 detrimento
2892 2204 2999 2243 non
3045 2190 3470 2249 arbitrabantur.

1906 2276 1984 2331 An
2027 2277 2200 2346 allata:
2228 2278 2294 2331 ab
2323 2278 2438 2346 ipso
2484 2275 2686 2333 Paulini
2727 2281 2965 2350 epistola:
3012 2299 3325 2352 responsum
3372 2299 3470 2353 per

1904 2367 2149 2422 eumdem
2178 2367 2382 2422 dederit
2424 2377 2450 2403 υ
2479 2366 2830 2441 Hieronymus
2852 2409 2866 2433 ,
2901 2372 3159 2432 incertum
3200 2382 3300 2428 est.
3331 2372 3474 2430 Nihil

1906 2459 2162 2514 adversus
2205 2474 2326 2514 eum
2357 2453 2518 2525 dixit,
2551 2469 2606 2514 et
2639 2461 2753 2529 ejus
2779 2462 2993 2531 reliquit
3023 2463 3244 2517 arbitrio
3273 2462 3473 2518 referre

1907 2549 2130 2604 Paulino
2159 2549 2433 2620 quomodo
2466 2550 2553 2605 ille
2585 2551 2652 2604 ab
2681 2551 2796 2620 ipso
2825 2563 3080 2620 exceptus
3109 2551 3266 2606 fuerit
3299 2571 3311 2604 :
3343 2555 3474 2607 satis

1909 2649 2088 2694 tamen
2135 2641 2331 2695 indicat
2361 2641 2545 2695 nescio
2573 2641 2698 2709 quid
2730 2641 3012 2699 molestum
3055 2650 3110 2698 et
3145 2655 3306 2707 grave
3337 2642 3474 2696 inter

1909 2747 2005 2786 eos
2034 2732 2319 2796 accidisse;
2352 2732 2740 2800 plurimumque
2769 2731 2950 2789 laudat
2975 2729 3250 2788 Paulinum

1981 2822 2033 2874 2.
2076 2821 2132 2875 in
2163 2821 2309 2876 hisce
2343 2831 2363 2856 δ’
2396 2821 2601 2880 duabus
2640 2821 2878 2890 epistolis
2908 2819 3180 2879 Paulinum
3210 2823 3262 2882 in
3307 2825 3473 2880 sacris

1914 2911 2128 2967 Litteris
2169 2910 2545 2972 instituendum
2591 2912 2845 2980 supponit
2881 2909 3232 2983 Hieronymus
3278 2932 3290 2966 :
3328 2914 3472 2982 quod

1914 3003 2207 3070 intelligere
2234 3012 2316 3062 est
2353 3003 2418 3057 de
2449 3003 2655 3062 traditis
2697 3018 2728 3058 a
2773 3003 2970 3062 Gnccis
3013 3005 3470 3074 interpretationi-

1912 3093 2028 3147 bus.
2073 3092 2347 3152 Neminem
2391 3093 2531 3150 enim
2581 3092 2691 3148 fel'e
2720 3095 2952 3163 reperias
2995 3097 3061 3148 ek
3094 3092 3336 3150 Patrihus
3380 3097 3472 3165 qui

1837 3175 1883 3236 C
1915 3197 2092 3236 sacras
2122 3182 2324 3236 litteras
2353 3179 2681 3252 frequentius
2709 3184 2760 3237 in
2802 3185 3012 3252 scriptis
3051 3185 3328 3247 adhibeat;
3358 3185 3475 3240 illas

1913 3272 2107 3340 ubique
2136 3272 2360 3337 inserit,
2401 3272 2596 3341 ubique
2624 3273 2693 3327 ad
2721 3289 2814 3328 eas
2842 3275 3056 3339 alludit,
3099 3284 3151 3329 et
3181 3275 3475 3345 pratclaris-

1911 3364 2075 3418 simas
2103 3363 2348 3420 notiones
2375 3363 2572 3431 detegit
2599 3406 2614 3432 ,
2656 3366 2900 3434 quamvis
2928 3367 3102 3422 obiter
3141 3385 3152 3418 :
3186 3367 3344 3436 idque
3371 3367 3476 3437 53

1911 3453 2158 3509 advertes
2197 3470 2228 3508 a
2258 3455 2442 3524 primis
2471 3454 2587 3522 ejus
2625 3455 2883 3526 epistolis,
2914 3457 2985 3510 ita
3016 3464 3071 3511 ut
3100 3457 3344 3524 cuiquam
3375 3457 3476 3510 dus

1912 3547 2058 3602 bium
2089 3563 2195 3601 non
2236 3547 2306 3601 sit
2331 3547 2458 3615 quin
2489 3547 2552 3602 iis
2580 3547 2835 3615 legendis,
2866 3547 3194 3608 evolvendis,
3218 3547 3477 3604 meditans

1913 3636 2022 3700 dis,
2071 3637 2140 3691 ab
2178 3637 2296 3707 ipso
2325 3635 2614 3708 Hispanico
2653 3652 2863 3692 secessu
2909 3645 3052 3696 totus
3080 3638 3393 3702 incubuerit,
3423 3647 3479 3692 et

1915 3728 2107 3786 ardore
2135 3729 2352 3801 pietatis
2376 3738 2431 3785 et
2455 3730 2694 3785 caritatis
2721 3729 3124 3797 quibus-earum
3151 3728 3479 3784 intellectum

1915 3821 2251 3889 assequimur
2291 3834 2514 3892 magnos
2564 3819 2686 3876 inde
2731 3819 2965 3876 scientia:
3002 3817 3177 3873 fontes
3222 3818 3476 3872 hauserit.

1916 3909 2034 3979 lpSe
2056 3913 2216 3965 etiam
2243 3911 2602 3982 Hieronymus
2625 3919 2650 3945 ι
2682 3917 2805 3978 post
2826 3924 3025 3978 paucos
3052 3923 3222 3966 annos
3245 3923 3367 3964 eum
3395 3907 3481 3966 di-

1918 4005 2158 4060 vinarum
2189 4003 2409 4072 perinde
2437 4018 2500 4056 ac
2537 4002 2891 4057 humanarum
2921 3999 3217 4061 litterarum
3252 4006 3481 4068 peritum

1917 4111 2037 4152 esse
2064 4096 2298 4161 agnovit.
2331 4093 2463 4148 Cum
2483 4106 2614 4145 vero
2636 4090 2770 4143 alios
2791 4089 3004 4143 erudire
3032 4104 3138 4144 non
3163 4087 3482 4152 intenderet,

1920 4189 1988 4242 iis
2025 4185 2379 4256 proculdubio
2417 4184 2483 4238 ad
2528 4182 2799 4252 pr0priam
2828 4178 3233 4236 azditieatiouen'i
3263 4177 3484 4232 vacabat

1921 4277 2148 4348 simplici
2175 4275 2415 4330 veritatis
2442 4273 2639 4328 intuitu
2657 4312 2672 4336 ,
2718 4285 2823 4323 non
2852 4267 3091 4324 studiosa
3117 4266 3485 4324 difﬁcultatum

1921 4367 2282 4438 inquisitione.
2299 4363 2651 4430 Quamobrem
2673 4361 2778 4416 hac
2795 4359 2862 4414 de
2877 4373 2936 4413 re
2955 4357 3228 4416 consultus
3243 4355 3370 4411 nulli
3383 4365 3486 4410 un!

1921 4473 2079 4528 quam
2108 4454 2434 4526 respondere
2465 4450 2848 4522 prtesumebat,
2879 4459 2906 4498 γ
2946 4448 3214 4516 indignum
3243 4462 3302 4503 se
3341 4454 3488 4502 ratus

1920 4551 2012 4620 qui
2055 4550 2249 4605 divina:
2301 4545 2638 4601 revelationis
2689 4543 2910 4597 haberet
2958 4539 3222 4595 ﬁduciam.
3271 4539 3489 4596 Summa

1922 4641 2225 4696 humilitate
2269 4638 2323 4692 in
2365 4637 2541 4690 dubiis
2589 4649 2684 4690 eos
2725 4632 3038 4688 consulebat
3082 4631 3175 4701 qui
3216 4631 3490 4700 sapientia:

1923 4741 1978 4787 et
2018 4731 2256 4788 scientiae
2299 4727 2454 4782 laude
2487 4727 2539 4781 in
2577 4724 2810 4780 Ecclesia
2860 4723 3092 4778 illustres
3118 4723 3442 4778 haberentur
3475 4742 3486 4776 :

1921 4821 2065 4892 quod
2099 4828 2284 4890 postea
2311 4815 2714 4874 observabimus
2739 4827 2863 4882 erga
2889 4812 3291 4883 Hieronymum,
3323 4811 3492 4865 Ruﬂi-

1923 4930 2049 4969 num
2075 4905 2142 4967 'et
2169 4911 2538 4978 Augustinum.
2570 4907 2970 4977 Expositionem
2998 4907 3049 4960 in
3079 4907 3319 4976 quaedam
3349 4906 3492 4961 Scri-

1922 5015 2092 5076 pturzn
2133 5004 2251 5057 loca
2289 5003 2357 5056 ab
2398 5000 2693 5068 Augustino
2729 5013 2850 5052 cum
2898 4997 3186 5066 aliquando
3228 5009 3492 5065 qumreri-t

1927 5105 1949 5133 ι
1980 5095 2056 5148 ait
2088 5109 2101 5144 :
2154 5092 2280 5155 Qua:
2307 5092 2351 5145 si
2386 5093 2517 5161 forte
2543 5087 2715 5143 lucida
2743 5095 2880 5149 sunt,
2906 5094 2956 5139 et
2989 5087 3113 5139 mihi
3148 5086 3377 5140 uidentur
3404 5087 3493 5138 ob-

1923 5197 2247 5248 scura,nemo
2275 5180 2597 5250 prudentium
2624 5177 2847 5247 ﬁliorum
2869 5177 2955 5246 qui
2983 5179 3114 5246 forte
3131 5178 3195 5230 de
3223 5178 3408 5230 nostris
3437 5178 3489 5227 in

1925 5278 2054 5331 hora
2081 5269 2396 5330 lectiunculis
2435 5269 2582 5339 hujus
2608 5269 2748 5328 circa
2783 5277 2828 5322 te
2851 5269 3080 5322 steterint
3107 5267 3170 5320 de
3197 5267 3491 5335 insipientia

314 5429 341 5458 ι
374 5418 495 5474 Lib.
528 5434 584 5483 n,
616 5431 666 5473 e.
697 5413 808 5483 9.8.,
861 5411 1054 5483 Mus,
1089 5411 1299 5483 «av-3i.
1331 5407 1470 5483 ηιὲο
1551 5384 1805 5483 ⁶.¹ι)ί⁶.·ξ-

1908 5404 2098 5483 lieron.
2127 5418 2211 5483 ep.
2243 5399 2329 5456 15.
2349 5470 2365 5483 _
2408 5409 2432 5438 ε
2456 5397 2774 5483 ξδξιίᾳι,.(ξρ.
2811 5399 2960 5483 7,.2.
2982 5397 3056 5483 2⁹¹
3094 5395 3412 5483 ἐ).ῥὶἀῶ
3438 5396 3487 5452 1.

245 5496 271 5535 ι
295 5464 666 5554 ιδίᾶῖῖήῗδῗ
701 5464 876 5554 ὶίξιῖρ.
906 5464 1057 5540 ἑζτί
1087 5464 1227 5554 ξύει.
1249 5464 1468 5554 £937,
1501 5495 1554 5532 ιι.
1584 5476 1634 5530 6.
1673 5464 1743 5554 ’_i_
1769 5475 1809 5528 ι)

1908 5476 2102 5554 in:_ep.
2140 5464 2312 5554 [ἵκῃ.
2345 5470 2397 5527 1.
2431 5468 2494 5554 n“
2533 5467 2632 5554 Eg.
2667 5464 2752 5554 HL,
2877 5465 2963 5554 12ἓ
3046 5464 3239 5554 auide
3268 5464 3486 5554 Hieron.

241 5546 469 5616 Ηὶειιοιο.⁷
524 5567 562 5593 ω
591 5555 724 5609 Vide
752 5546 970 5607 Hieron.
998 5565 1051 5621 p.
1087 5546 1218 5621 75.:
1243 5546 1645 5621 P’HieronLep.
1681 5546 1765 5599 15.

241 5623 528 5697 H__stor.,_§
560 5622 764 5697 88,359,
819 5619 1116 5697 _f_lbid.L§

1848 5530 2066 5599 °lbld.'
2113 5530 2296 5598 rlbid.
2375 5537 2526 5608 qiEp.
2564 5530 2648 5589 7'5.
2728 5530 3486 5608 f_§p.15,__'Videllier;on.

1163 5599 1282 5681 iu,
1308 5599 1726 5676 etilibillieron.
1761 5620 1969 5668 advers.
2005 5611 2254 5680 Vigilant.
2329 5618 2355 5648 ιι
2386 5599 2604 5663 Ηίθίὀη.
2631 5621 2716 5676 ep.
2748 5599 2843 5660 1ὅῖ
2911 5613 2936 5640 ν
2968 5599 3187 5654 Hieron.
3223 5616 3308 5661 ep.
3344 5603 3409 5667 l5
3433 5617 3488 5669 οι

242 5681 331 5751 πᾷ
377 5681 905 5765 ’x'E‘i).133,i.lu.
983 5699 1011 5739 1
1040 5681 1242 5743 Ρεῑυιίη.
1276 5701 1362 5757 ep.
1391 5685 1476 5750 (δ,
1509 5686 1638 5740 n.3,
1720 5696 1740 5722 ι
1773 5684 1810 5737 E

1908 5681 2072 5750 ἕλκη.
2110 5685 2154 5738 Ι,

523 5787 798 5850 Panos.
846 5782 1005 5843 LXI.

3141 5762 3180 5828 3
