4056 6358
554 260 648 353 π
1601 293 1658 351 s.
1699 296 2038 352 PAULINUS
2076 295 2390 355 NOLANUS
2429 299 2808 368 EPISCOPUS,
3767 313 3842 373 ἰδ

568 425 688 465 im
713 407 897 474 ritleat,
916 407 1008 462 sed
1029 409 1195 478 potius
1216 409 1278 461 lle
1302 405 1649 461 benevolentia
1674 409 1921 479 [raternw
1949 410 2149 462 carita-
2184 411 2229 469 Α
2261 409 2435 465 Musas
2465 422 2733 485 precatus,
2755 414 2846 467 sed
2876 414 3055 470 divino
3088 416 3336 472 invocato
3363 417 3560 475 Christi
3591 424 3838 493 numine,

574 500 642 568 ti;
680 500 851 569 [aveat
887 498 1212 565 instruendo,
1239 506 1295 550 ut
1334 498 1532 567 e/j‘iciar
1565 498 1845 553 videntium
1872 500 2151 581 particeps,

568 597 625 640 et
648 604 711 640 ea:
733 587 965 640 doctrina
991 595 1078 640 tua
1106 586 1409 640 illuminatis
1433 587 1688 642 mentibus
1712 589 2159 663 considerantium

471 732 489 743 ,
574 676 834 730 mirabilia
863 676 927 729 de
954 676 1066 747 lege
1096 674 1326 730 Domini.
1356 675 1589 731 Videtur
1616 691 1735 745 qua:
1764 691 1871 731 non
1899 677 2159 744 intellige-

577 766 671 819 bat
699 766 837 820 inter
862 765 1146 833 legendum
1188 765 1473 821 adnotasse
1496 804 1512 831 ,
1549 774 1607 821 ut
1635 781 1822 821 eorum
1853 766 2147 834 intelligen-

577 855 708 908 tiam
737 855 804 909 ab
827 855 945 909 aliis
964 854 1295 924 exquireret,
1325 854 1697 911 difficultatem
1717 871 1848 912 vero
1869 865 2153 925 antequam

576 952 903 1015 proponeret
934 945 1011 999 ita
1039 946 1381 1012 discutiebat,
1412 954 1470 1001 ut
1507 930 1635 1015 ejus]
1662 945 1987 1001 solutionem
2014 946 2155 1001 ferre

576 1034 881 1102 attingeret.
921 1032 1075 1090 Unde
1104 1035 1171 1089 ad
1201 1050 1324 1090 eum
1365 1034 1690 1103 Augustinus
1725 1042 1750 1070 ⁸
1779 1050 1791 1086 :
1819 1032 1988 1087 Multa
2017 1050 2152 1104 quic-

572 1124 708 1188 sisti,
736 1133 786 1178 et
806 1125 1085 1194 quterenda
1106 1126 1434 1190 admonuisti,
1453 1133 1501 1179 et
1521 1123 1794 1193 querendo
1817 1123 2147 1178 docuisti.....

577 1232 693 1269 cum
720 1217 857 1270 enim
888 1217 1255 1288 interrogando
1285 1217 1539 1283 disputas,
1568 1224 1618 1269 et
1644 1214 1829 1285 quwris
1862 1214 2070 1277 acriter,
2101 1222 2150 1268 et

577 1304 730 1358 dares
759 1305 1033 1358 humiliter.

1146 1441 1373 1497 CAPUT
1409 1441 1575 1495 XXX.

574 1578 679 1634 SS.
712 1578 969 1650 Delphina
997 1590 1046 1634 et
1074 1581 1308 1635 Amantio
1347 1582 1523 1636 scribit
1560 1580 1840 1635 Paulinus.
1882 1582 2050 1637 Vitam
2079 1581 2142 1635 S.

904 1649 1123 1704 Martini
1146 1651 1297 1703 mittit
1325 1651 1394 1703 ad
1421 1667 1533 1703 eum
1563 1652 1801 1706 Severus.

2260 504 2351 571 qui
2382 503 2557 557 Asina:
2582 505 2850 572 quondam
2876 522 2972 559 ora
2995 508 3230 561 solverat
3262 528 3273 560 :
3301 510 3536 579 citatque
3566 514 3693 568 illud
3711 530 3840 585 poe-

2263 608 2348 647 ma
2380 594 2432 647 in
2462 608 2528 648 eo
2547 594 2689 664 quod
2707 595 2726 630 ί
2754 610 2897 649 anno
2918 597 3161 664 sequenti
3185 598 3366 652 edidit.
3391 600 3448 653 ln
3469 601 3612 657 hunc
3632 619 3836 660 annum

2260 686 2540 741 referimus
2578 687 2863 755 epistolam
2905 688 3239 742 undecimam
3285 690 3351 744 ad
3397 689 3689 759 Severum,
3738 698 3834 766 qui

2258 793 2364 832 non
2389 778 2550 833 modo
2579 793 2765 833 omnes
2786 788 2811 815 υ
2842 780 3160 833 observabat
3185 782 3494 837 occasiones
3521 792 3580 837 ut
3614 787 3681 838 all
3706 802 3832 842 eum

2260 871 2464 926 litteras
2491 871 2660 935 daret,
2691 872 2786 927 sed
2815 874 3058 927 mittebat
3079 889 3292 942 quoque
3321 891 3388 929 ex
3415 878 3525 931 suis
3544 878 3830 947 quosdam,

2249 962 2324 1015 de
2351 961 2544 1031 quibus
2584 969 2773 1031 postea
2815 961 3023 1017 Paulini
3069 966 3351 1019 sanctitate
3392 974 3445 1020 et
3481 968 3732 1037 exemplo
3763 970 3831 1021 ad

2255 1055 2509 1124 pietatem
2539 1055 2829 1118 conversis,
2860 1062 2917 1109 ut
2944 1056 3012 1111 de
3050 1055 3170 1110 ﬁliis
3194 1058 3395 1113 sanctis
3423 1066 3479 1112 et
3507 1059 3574 1113 de
3603 1059 3829 1114 benedi-

2253 1154 2340 1200 cta
2373 1146 2424 1199 ill
2466 1146 2693 1201 Domino
2732 1148 2882 1217 prole
2919 1148 3246 1216 gloriabatur
3292 1151 3404 1219 ipse
3432 1146 3707 1204 Paulinus.
3739 1152 3830 1206 Sic

2253 1245 2279 1273 τ
2309 1252 2406 1306 per
2433 1252 2654 1307 puerum
2684 1252 2838 1291 suum
2866 1238 2971 1293 hoc
2998 1253 3139 1293 anno
3168 1239 3233 1294 ad
3274 1255 3395 1294 eum
3425 1242 3569 1294 misit
3595 1242 3828 1295 Severus

2251 1326 2553 1395 epistolam,
2586 1327 2637 1380 in
2660 1341 2765 1396 qua
2792 1337 2816 1363 ι
2848 1328 2947 1398 ipsi
2968 1343 3026 1383 se
3053 1329 3210 1397 longe
3238 1328 3541 1385 interiorem
3574 1341 3828 1402 reputans

2251 1417 2525 1470 asserebat
2552 1418 2739 1472 ambos
2767 1417 2819 1471 in
2850 1432 3010 1486 agro,
3044 1418 3145 1474 hoc
3180 1431 3262 1473 est
3290 1420 3343 1474 in
3373 1420 3477 1474 lata
3506 1422 3674 1475 seculi
3704 1422 3787 1475 via
3806 1461 3823 1482 ,

2251 1508 2515 1572 inventos,
2547 1508 2772 1563 alterum
2822 1517 3116 1563 assumtum
3139 1549 3153 1575 ,
3184 1510 3427 1564 relictum
3456 1512 3707 1565 alterum.
3731 1512 3825 1565 Fa-

2249 1599 2464 1652 tebatur
2490 1608 2517 1647 ι
2546 1599 2764 1668 insuper
2798 1607 3165 1669 paupertatem
3194 1600 3309 1669 ejus
3336 1616 3394 1656 se
3419 1602 3700 1666 demirari,
3731 1603 3823 1657 sed

2250 1690 2502 1755 horrere;
2532 1704 2691 1758 qualn
2720 1689 2857 1744 velle
2883 1704 2974 1754 se,
3008 1705 3107 1745 nec
3147 1706 3306 1760 posse
3335 1693 3547 1761 assequi
3593 1700 3820 1746 conten-

584 1818 589 1821 -
641 1781 693 1834 1.
734 1780 1028 1852 Epistolam
1056 1797 1251 1838 nonam
1291 1783 1415 1852 hoc,
1448 1792 1503 1837 ut
1549 1781 1779 1852 videtur,
1826 1797 1967 1837 anno
2011 1783 2147 1841 seri-
2178 1760 2221 1817 B
2251 1780 2430 1844 debat,
2462 1790 2521 1835 ut
2544 1781 2745 1837 habens
2769 1781 2968 1835 victum
2993 1789 3049 1835 et
3074 1782 3447 1836 vestimentum
3474 1760 3579 1837 hoc
3598 1792 3822 1837 centen-

572 1871 679 1940 psit
716 1870 969 1929 Paulinus
1013 1873 1079 1927 ad
1121 1873 1442 1941 Amandum,
1474 1888 1578 1929 una
1629 1890 1750 1931 cum
1787 1874 2049 1929 decimam
2079 1873 2148 1928 ad

571 1960 907 2032 Delphinum.
961 1961 1079 2017 iam
1128 1971 1241 2018 tum
1276 1962 1301 2001 δ
1350 1964 1403 2018 in
1448 1965 1564 2034 ipso
1602 1963 1891 2035 Hispanico
1934 1979 2149 2019 secessu

570 2053 777 2109 Paulini
804 2062 860 2109 et
887 2055 1114 2109 Amalldi
1151 2055 1453 2109 litterarum
1488 2056 1853 2111 intercessisse
1880 2071 2149 2111 commer-

568 2144 711 2199 eiuln
736 2144 1162 2208 observavimus;
1190 2155 1213 2185 ο
1242 2146 1385 2216 quod
1412 2146 1571 2201 etiam
1594 2146 1740 2201 Nola:
1770 2147 1940 2201 tenuit
1965 2161 2147 2203 serva-

570 2233 752 2303 vitque
790 2234 953 2290 etiam
990 2250 1111 2291 cum
1150 2236 1452 2306 Delphino:
1494 2237 1643 2306 cujus
1670 2237 1860 2292 littera:
1884 2238 2146 2307 spiritalia

570 2320 796 2377 Paulino
819 2332 975 2379 erant
1001 2324 1356 2390 condimenta,
1387 2327 1584 2396 quippe
1612 2341 1730 2396 qua:
1751 2326 1776 2363 ά
1806 2327 2032 2397 spiritali
2061 2342 2149 2384 sa-

571 2413 786 2482 pientiae
811 2414 941 2481 sale,
962 2428 1071 2484 quo
1105 2415 1218 2484 ipse
1243 2416 1297 2469 in
1324 2416 1648 2486 baptismate
1679 2414 1855 2474 fuerat
1878 2418 2145 2489 perfusus,

568 2503 940 2570 condirentur,
971 2512 1033 2559 ut
1067 2504 1208 2560 illius
1250 2519 1498 2583 saporem
1540 2517 1799 2568 servaret.
1839 2508 2090 2564 Paulinus
2120 2518 2144 2547 ο

570 2606 702 2649 vero
747 2595 994 2665 religiosa
1040 2595 1271 2668 quadam
1301 2612 1425 2667 erga
1452 2613 1575 2655 eum
1620 2600 1959 2655 observantia
1987 2600 2146 2670 plena

568 2683 885 2742 urbanitatis
911 2693 969 2742 et
1002 2687 1316 2761 humilitatis
1343 2702 1599 2758 responsa
1638 2689 1817 2744 dabat.
1846 2688 2089 2744 Liberius
2122 2688 2141 2728 ί

570 2790 694 2830 eum
722 2776 965 2831 Amando
993 2777 1202 2845 agebat,
1232 2785 1289 2834 et
1317 2777 1369 2831 in
1390 2778 1580 2833 charta
1608 2778 1918 2835 familiarius
1947 2779 2145 2835 illditos

569 2866 784 2935 pietatis
802 2882 989 2922 sensus
1010 2870 1334 2938 exponebat,
1363 2884 1610 2924 sermone
1629 2871 1840 2939 quidem
1863 2872 2138 2941 melliiluo,

565 2970 725 3025 quem
753 2954 1004 3012 Paulinus
1029 2957 1227 3027 alioqui
1253 2967 1411 3014 vocat
1436 2960 1673 3029 ineptum
1698 2969 1752 3015 et
1775 2964 2138 3017 temerarium.

567 3043 700 3099 Cum
726 3060 854 3120 vero
892 3054 918 3094 ε
949 3046 1219 3103 Amandus
1246 3049 1412 3118 patris
1432 3051 1732 3105 communis
1759 3051 2001 3120 Delphini
2043 3067 2139 3106 au-

566 3134 712 3191 ribus
740 3136 944 3193 litteras
970 3137 1086 3207 ejus
1113 3138 1447 3205 insinuasset,
1476 3147 1698 3196 sanctus
1727 3141 1816 3197 ille
1842 3141 1927 3196 vir
1953 3156 1983 3195 a
2012 3140 2143 3196 Pau-

566 3227 676 3282 lino
705 3226 729 3265 ¹ι
751 3231 906 3300 petiit
930 3230 1137 3288 litteras
1157 3232 1379 3303 spiritali
1404 3234 1517 3290 sale
1545 3235 1807 3301 conditas,
1830 3236 1884 3289 in
1912 3235 1925 3272 ί
1950 3235 2142 3305 quibus

568 3326 761 3387 pralter
787 3319 950 3376 officii
993 3322 1366 3378 necessitatem
1410 3338 1712 3379 sermonem
1751 3325 1818 3380 de
1855 3324 2141 3395 scripturis

568 3408 823 3478 adiiceret
848 3424 957 3480 quo
980 3412 1290 3467 thesaurum
1317 3413 1492 3469 cordis
1519 3414 1600 3469 sui
1629 3414 1909 3469 revelaret.
1937 3413 2142 3468 Exinde

567 3499 709 3567 piam
751 3514 881 3555 sane
922 3508 978 3555 et
1020 3501 1294 3567 humilem,
1344 3516 1571 3573 eamque
1616 3501 1877 3557 decimam
1927 3503 2142 3573 scripsit

566 3589 863 3657 epistolam,
896 3591 949 3645 in
973 3605 1078 3659 qua
1113 3592 1243 3647 dicit
1273 3593 1287 3643 l
1321 3593 1640 3663 Delphinum
1683 3594 1796 3649 hinc
1837 3609 1966 3649 sane
1998 3595 2141 3664 juste

568 3677 636 3731 ab
661 3691 729 3733 eo
750 3687 1014 3748 repetere,
1035 3688 1095 3734 ut
1119 3680 1347 3751 depositi
1366 3683 1447 3738 sui
1476 3682 1737 3748 debitum,
1762 3692 1819 3739 et
1841 3693 1897 3738 ut
1922 3686 2141 3740 seminis

566 3787 783 3840 germen
803 3781 1135 3844 exspectare,
1157 3776 1250 3831 sed
1269 3777 1441 3831 vereri
1466 3793 1524 3834 se
1550 3792 1618 3832 ne
1644 3793 1744 3847 pro
1767 3779 1945 3833 tritico
1967 3779 2137 3832 tribu-

567 3864 648 3919 los
676 3863 783 3937 55
809 3873 864 3921 et
889 3880 988 3935 pro
1016 3866 1131 3920 uvis
1152 3866 1332 3935 spinas
1358 3866 1501 3921 edat.
1527 3866 1883 3936 Conqueritur
1904 3865 1930 3905 ιι
1947 3854 2140 3921 deinde

563 3956 734 4011 amice
760 3956 901 4026 apud
939 3955 1239 4011 Amandum
1282 3956 1423 4026 quod
1462 3956 1670 4011 litteras
1709 3970 1835 4011 suas
1877 3955 2137 4025 Delphino

561 4047 885 4117 exposuerit,
917 4053 973 4103 et
998 4045 1016 4085 ι
1047 4046 1117 4103 de
1152 4048 1315 4103 variis
1361 4047 1532 4118 iisque
1560 4047 1663 4117 piis
1690 4046 1831 4117 apud
1869 4061 1991 4102 eum
2018 4062 2137 4101 ser-

559 4138 806 4194 monibus
847 4138 1088 4206 disserit,
1131 4139 1325 4209 quibus
1352 4148 1391 4176 ιιι
1420 4137 1620 4210 aliquid
1647 4138 1836 4194 deesse
1879 4138 2131 4193 creditur.

560 4228 688 4285 Post
732 4237 962 4285 mortem
1008 4228 1321 4293 Theodosii,
1351 4244 1493 4284 anno
1521 4227 1625 4284 595
1649 4228 1734 4284 vel
1777 4227 1897 4295 596,
1928 4227 2135 4283 Medio-

560 4319 665 4372 lani
696 4326 724 4355 ιι
769 4318 1084 4374 Ambrosius
1131 4320 1383 4389 martyris
1428 4318 1636 4378 Nazarii
1675 4334 1870 4389 corpus
1913 4319 2131 4388 reperit,

560 4414 585 4444 ο
615 4409 820 4476 aliquas
842 4408 911 4463 ad
935 4409 995 4463 S.
1026 4407 1303 4462 Paulinum
1348 4409 1602 4477 reliquias
1645 4408 1869 4478 perferri
1907 4408 2132 4474 curavit,

558 4498 650 4568 qui
676 4496 731 4551 id
758 4484 995 4553 ιιιιιηει-ιε
1039 4498 1335 4553 humillime
1377 4499 1600 4568 recepit.
1642 4498 1722 4552 Ab
1768 4497 1957 4553 eodem
1995 4496 2135 4553 forte

557 4586 816 4655 quasdam
834 4587 1092 4656 reliquias
1117 4584 1217 4641 SS.
1249 4596 1276 4636 ι»
1302 4586 1486 4642 Vitalis
1511 4595 1565 4642 et
1580 4586 1860 4657 Agricolas,
1882 4597 1910 4637 «ι
1933 4585 2133 4642 Cerva-

558 4677 623 4733 sii
645 4689 862 4748 quoque
887 4685 945 4733 et
972 4675 1220 4744 Protasii,
1249 4684 1545 4748 martyrum
1568 4677 1850 4733 habuerat.

1076 4830 1212 4871 navo
1248 4830 1452 4871 cnnlsrl
1490 4814 1612 4871 397.

627 4923 681 4978 ι.
720 4924 779 4980 Ιιι
806 4885 999 4995 quam
1039 4925 1279 4981 natalitio
1309 4926 1363 4981 in
1390 4925 1446 4981 s.
1478 4926 1671 4982 Felicis
1708 4926 1917 4983 laudem
1954 4938 1976 4967 ε
2004 4944 2125 4985 car-

556 5016 720 5080 mine,
747 5014 890 5086 quod
917 5015 986 5070 ad
1014 5016 1157 5071 hunc
1179 5030 1375 5071 annum
1395 5016 1694 5083 referimus,
1719 5021 1888 5075 sancti
1907 5021 2126 5090 hujusce

554 5106 880 5169 confessoris
922 5105 1089 5162 refert
1133 5106 1368 5162 historia:
1413 5108 1723 5177 primordia,
1772 5110 1932 5180 idque
1964 5124 1985 5149 ⁸
2016 5130 2126 5171 non

2253 1880 2336 1927 tus
2373 1881 2532 1937 esset,
2564 1873 2695 1927 nihil
2734 1873 2870 1927 ultra
2912 1871 3053 1927 diem
3103 1874 3373 1940 cogitans;
3423 1875 3510 1928 cui
3564 1873 3821 1930 imitando

2249 1964 2505 2033 imparem
2519 1964 2737 2018 omnino
2763 1978 2821 2017 se
2841 1964 3113 2018 censebat.
3139 1964 3338 2018 Deinde
3365 1974 3385 2001 ι
3408 1964 3672 2034 adiungit,
3694 1982 3819 2035 pro-

2248 2053 2388 2109 fecto
2416 2070 2512 2125 per
2531 2054 2733 2124 jocum,
2761 2069 2820 2109 se
2864 2053 3083 2109 credere
3123 2055 3196 2108 ita
3238 2069 3359 2109 eum
3405 2055 3644 2109 futurum
3672 2056 3817 2109 brevi

2246 2161 2558 2216 pauperem,
2607 2154 2667 2202 ut
2712 2146 2933 2201 ulterius
2968 2160 3091 2202 eum
3130 2146 3357 2201 invitare
3402 2162 3509 2201 non
3558 2146 3814 2211 auderet;

2240 2249 2477 2305 eumqne
2507 2243 2563 2274 ⁸·
2588 2235 2789 2290 hortuli
2819 2249 2980 2290 causa
3007 2235 3286 2303 reliquisse
3312 2234 3692 2303 Ebromagum.
3722 2236 3813 2290 Vi-

2246 2325 2402 2381 detur
2418 2325 2484 2379 ad
2494 2340 2618 2380 eum
2638 2324 2794 2379 simul
2813 2323 2870 2363 δι
2889 2324 3095 2378 misisse
3115 2325 3279 2379 vitam
3299 2325 3360 2380 Β.
3384 2324 3621 2394 Martini,
3643 2326 3814 2382 adhuc

2243 2417 2371 2480 vivi,
2400 2431 2431 2470 a
2459 2415 2923 2483 seconscriptam.
2951 2413 3286 2484 Responsum
3314 2429 3378 2469 ex
3405 2414 3592 2470 Severi
3619 2427 3675 2455 τε
3699 2417 3784 2486 pie
3802 2447 3815 2457 -

2244 2513 2356 2561 tate
2382 2517 2506 2573 erga
2535 2519 2595 2560 se
2639 2519 2864 2559 exorsus
2896 2512 2978 2559 est
3007 2503 3280 2567 Paulinus,
3322 2512 3378 2559 et
3404 2504 3471 2559 de
3494 2520 3560 2559 ea
3611 2506 3812 2561 fusimi-

2243 2610 2360 2650 mas
2388 2595 2462 2649 illi
2481 2594 2680 2663 gratias
2699 2595 3190 2662 agit,virtutemque
3216 2593 3332 2662 ejus
3352 2593 3408 2631 δά
3427 2595 3610 2649 multis
3621 2595 3814 2650 deinde

2243 2688 2521 2758 praeconiis
2549 2684 2803 2757 prmdicat
2825 2686 2876 2739 in
2917 2685 3108 2755 quibus
3133 2684 3343 2739 Martini
3372 2686 3654 2741 historiam
3676 2688 3813 2741 inse-

2242 2781 2331 2836 rit.
2362 2779 2512 2834 lllllm
2543 2787 2597 2815 ευ
2627 2777 2770 2832 serio
2797 2777 3073 2846 increpare
3096 2776 3306 2830 videtur
3330 2775 3474 2844 quod
3497 2777 3568 2831 de
3588 2792 3813 2847 pauper-

2241 2879 2352 2925 tate
2380 2870 2591 2924 locutus
2632 2867 2898 2922 inﬁmum
2933 2882 2991 2921 se
3018 2863 3070 2920 ih
3100 2864 3203 2921 lide
3243 2874 3298 2921 et
3325 2865 3542 2922 Christo
3569 2866 3813 2921 (ιιιτκιεη-

2240 2968 2350 3015 tem
2375 2957 2702 3029 prodiderit;
2741 2965 2797 3012 et
2826 2955 2876 2995 η
2906 2956 3186 3027 proﬁtetur
3219 2971 3279 3011 se
3307 2956 3390 3011 vel
3417 2957 3810 3027 pauperrimum

2243 3064 2530 3120 numquam
2562 3050 2789 3102 invitare
2834 3062 2956 3105 eum
2984 3046 3391 3114 destituturum,
3430 3034 3487 3100 e't
3511 3061 3673 3115 quam
3698 3057 3811 3101 stu-

2243 3139 2541 3194 diosissime
2568 3138 2922 3192 bortaturum.
2952 3134 3193 3206 Cumque
3219 3149 3554 3206 nequaquam
3584 3137 3811 3193 Severus

2242 3230 2559 3301 polliceatur
2584 3242 2644 3282 se
2672 3235 2953 3282 venturum
2970 3267 2986 3294 ,
3018 3226 3216 3282 idcirco
3243 3227 3523 3296 epistolam
3551 3227 3811 3282 decimam

2240 3320 2521 3390 septimam
2544 3316 2755 3373 nonnisi
2782 3325 2904 3386 post
2922 3316 3058 3371 duos
3079 3330 3250 3371 annos
3271 3317 3617 3372 collocamus.
3638 3316 3810 3384 Quam

2240 3409 2471 3465 Severus
2497 3407 2556 3460 Β.
2589 3406 2800 3461 Martini
2826 3407 2989 3461 vitam
3016 3406 3321 3475 scripserat,
3340 3406 3450 3475 jam
3480 3421 3600 3461 eam
3629 3407 3811 3462 obser-

2239 3502 2482 3555 vavimus
2521 3499 2736 3554 missam
2765 3497 2834 3552 ad
2879 3496 3189 3563 Paulinum,
3218 3498 3312 3567 qui
3341 3507 3397 3546 ss
3434 3498 3579 3553 illam
3608 3501 3811 3569 primus

2242 3592 2469 3648 Romam
2496 3591 2692 3654 attulit,
2720 3591 2773 3644 in
2795 3604 2862 3645 eo
2899 3603 3030 3644 sane
3056 3579 3248 3645 itinere
3278 3588 3421 3657 quod
3447 3590 3588 3645 circa
3618 3590 3809 3646 festum

2239 3687 2337 3742 SS.
2369 3686 2511 3742 Petri
2548 3693 2603 3740 et
2641 3682 2790 3738 Pauli
2835 3683 3023 3739 solitus
3057 3687 3174 3737 erat
3210 3682 3498 3753 suscipere.
3543 3681 3696 3738 illinc
3743 3684 3809 3738 li-

2240 3780 2393 3833 brum
2410 3786 2597 3832 omnes
2608 3775 2809 3830 sitiere.
2841 3771 2975 3826 Eum
2991 3770 3244 3826 Paulinus
3268 3770 3322 3807 ίιιι
3344 3786 3441 3840 per
3458 3770 3663 3825 italiam
3684 3788 3811 3828 nec-

2240 3884 2347 3923 non
2386 3882 2483 3937 per
2514 3867 2741 3938 lllyriam
2768 3864 3166 3928 dissentiuavit;
3207 3878 3307 3919 nec
3339 3865 3511 3933 pietas
3537 3862 3657 3932 ejus
3682 3878 3809 3933 erga

2238 3957 2295 4013 S.
2338 3957 2569 4013 Felicem
2605 3956 2787 4025 gloria:
2826 3955 2887 4009 Β.
2932 3952 3143 4009 Martini
3180 3947 3468 4023 quidquam
3512 3955 3806 4022 invidebat,

2234 4047 2365 4118 quin
2405 4048 2567 4102 etiam
2614 4046 2813 4102 infusas
2838 4061 2870 4099 a
2901 4044 3012 4100 Deo
3040 4045 3094 4100 in
3148 4044 3383 4100 animam
3428 4045 3601 4100 sancti
3648 4044 3810 4113 hujus

2236 4141 2476 4211 episcopi
2516 4138 2747 4194 virtutes
2773 4136 3058 4208 prtcclaras
3085 4136 3334 4205 religiose
3368 4136 3730 4192 venerabatur
3754 4144 3811 4192 et

2235 4231 2547 4287 mirabatur.
2634 4264 2639 4267 -

2795 4336 3022 4393 CAPUT
3059 4335 3249 4390 XXXI.

2163 4450 2213 4510 υ
2316 4450 2432 4504 Vim
2459 4448 2661 4503 cuidam
2687 4448 3010 4518 sanctissimo
3039 4448 3329 4518 presbytero
3361 4445 3566 4500 illatam
3593 4460 3717 4500 arce

2877 4517 3151 4571 Paulinus.

2306 4660 2410 4731 55
2452 4659 2500 4712 ι.
2550 4657 2664 4713 Hoc
2706 4671 2848 4717 anno
2894 4655 3195 4727 ponendam
3234 4656 3483 4712 duximus
3519 4646 3829 4725 epistolam.

2230 4750 2601 4807 duodecimam
2632 4748 2701 4805 ob
2729 4762 2944 4805 causam
2978 4746 3251 4815 cujusdam
3278 4745 3577 4817 presbyteri
3603 4744 3672 4799 de
3700 4760 3813 4816 qua

2237 4841 2253 4879 ί
2268 4844 2283 4880 ί
2305 4841 2403 4897 sub
2416 4839 2573 4896 ﬁnem
2590 4839 2783 4907 agitur.
2807 4838 3062 4908 Inscripta
3084 4846 3166 4892 est
3184 4834 3636 4906 Amando,quemi
3656 4844 3669 4886 ι
3693 4836 3814 4906 epi-

2229 4928 2721 4987 stolarum'Paulini
2758 4943 3015 4997 nusquam
3056 4926 3276 4981 oll'endit
3300 4927 3607 4997 prolixitas;
3637 4925 3812 4981 immo

2229 5038 2396 5078 novas
2424 5029 2478 5077 et
2502 5021 2788 5090 ampliores
2817 5019 2907 5075 ille
2933 5020 3241 5097 postulavit,
3266 5017 3420 5087 cujus
3451 5024 3509 5072 ut
3536 5017 3813 5072 desiderio

2227 5109 2577 5174 satisfaceret,
2607 5111 2746 5165 hanc
2773 5109 2821 5164 ei
2849 5109 3191 5179 prolixiorem
3212 5107 3404 5164 ceteris
3428 5107 3639 5176 scripsit
3666 5103 3815 5162 Pau-

626 5238 821 5319 τρυε.
847 5253 935 5309 ep.
962 5235 1084 5319 119,
1117 5254 1192 5319 n._
1216 5236 1252 5291 2
1274 5246 1329 5319 et
1350 5238 1443 5319 ξι.
1484 5237 1545 5319 Δι’
1566 5237 1697 5319 Cap.
1731 5236 1816 5303 l6,
1851 5240 1986 5319 in}.
2060 5243 2143 5319 εξ

2244 5244 2441 5319 in._ep.
2471 5241 2588 5319 9c}
2607 5238 2695 5306 12,
2725 5254 2811 5319 ep.
2844 5239 2996 5319 tonet
3026 5239 3117 5319 ll;
3187 5237 3215 5276 ἀ
3241 5239 3450 5319 Ιξιιιιιιιιζ
3471 5253 3561 5319 ει).
3590 5238 3647 5319 il,
3672 5254 3725 5293 ιι.
3737 5240 3811 5319 ξ.

557 5320 579 5348 ε
610 5308 742 5365 Ibid.
772 5316 829 5365 et
854 5307 940 5378 ep.
973 5307 1062 5373 10,
1093 5324 1145 5378 ιι.
1174 5307 1261 5378 l.__
1306 5308 1325 5347 ί
1349 5307 1448 5378 Ep.
1482 5307 1537 5376 9,
1560 5324 1620 5378 ιι.
1646 5307 1705 5362 '4.
1726 5319 1809 5378 hs
1851 5308 1984 5365 Ibid.
2059 5310 2089 5350 ιι
2117 5314 2281 5370 ηψπ
2334 5312 2345 5349 i

555 5388 606 5433 ιι.
636 5379 687 5433 1.
746 5379 787 5449 _1
818 5375 1060 5449 lbi—dmin.
1090 5377 1125 5431 2
1149 5375 1294 5449 e55.
1358 5375 1601 5449 "“Chilll.
1634 5394 1687 5448 p.
1718 5376 1849 5449 2_85;
1875 5387 1929 5432 et
1955 5380 2090 5437 Diss.
2124 5382 2143 5436 1

2244 5390 2308 5437 rt.
2343 5380 2427 5433 10.

552 5458 717 5517 carm.
737 5447 825 5513 ει,
854 5463 907 5503 v.
939 5445 1060 5501 456.
1138 5459 1169 5517 ιζ
1187 5446 1318 5517 Ibid.
1345 5486 1360 5511 ,
1388 5456 1441 5502 v‘.
1472 5445 1595 5517 452.
1636 5445 1650 5448 ⁷
1670 5456 1695 5502 ει
1730 5446 1826 5516 Ep.
1858 5449 1955 5517 '52,
1987 5466 2041 5505 ιι.
2074 5452 2162 5507 17.

1360 5526 1382 5554 ι
1415 5516 1580 5586 Ibid,
1629 5533 1682 5586 ιι.
1722 5517 1774 5569 6.
1847 5518 2143 5586 ῖῶίᾱηιι.
2176 5520 2263 5573 is.

1786 5586 2013 5657 ςοιιιιίι.⁹
2038 5581 2091 5644 ii.
2117 5589 2140 5642 ι

2244 5597 2265 5644 ι
2293 5587 2377 5642 15.
2426 5585 2474 5624 τί
2506 5583 2661 5648 ibid,
2688 5600 2741 5639 ιι.
2771 5584 2901 5639 Ιδρι
2921 5584 2999 5639 ιι.
3044 5584 3309 5641 n’Sever.
3331 5584 3530 5653 dialog.
3569 5589 3610 5647 ι,
3641 5598 3695 5639 c.
3715 5581 3808 5637 16.

554 5652 612 5692 ιιι
640 5654 775 5708 Dial.
808 5655 861 5710 δ.
890 5653 1046 5709 c.2o.
1128 5654 1371 5715 “Epist.
1410 5654 1488 5712 ιε.
1519 5654 1684 5709 ιι.11.
1764 5652 2171 5723 iilbid..'n.i.

553 5515 945 5650 illaalii}?
966 5517 1025 5641 ἐξ
1044 5516 1597 5651 ι.’ἑέ’ὶῗ,ξιι.,¹.ξῗ’¹ἓ·έι
1625 5533 1708 5638 i‘i.

2406 5311 2483 5377 ip.
2517 5309 2606 5370 10.
2634 5324 2688 5362 ιι.
2722 5306 2775 5377 ll
2856 5308 2870 5359 i
2909 5308 3007 5377 Ep.
3053 5308 3151 5373 ιο,
3183 5325 3238 5363 ιι.
3272 5308 3297 5360 1
3337 5317 3391 5363 et
3417 5307 3469 5361 2.
3506 5306 3810 5377 'ilﬁps9.

2505 5387 2529 5414 ιι
2565 5377 2679 5431 Vita
2705 5375 2840 5431 Gali.
2874 5375 3121 5433 Anibros.
3152 5379 3188 5432 Ι.
3220 5394 3291 5439 lx,
3322 5392 3374 5431 c.
3408 5377 3459 5430 1.

2688 5455 2711 5481 ⁸
2752 5445 2906 5511 lbid.,
2948 5462 2998 5499 v.
3033 5448 3120 5501 30.
3200 5449 3218 5483 ί
3248 5445 3429 5501 Carm.
3481 5445 3586 5507 lii,
3616 5461 3669 5499 v.
3714 5445 3806 5500 17.

2831 5524 2888 5555 ⁸⁸
2918 5512 3072 5579 lbid.,
3099 5533 3153 5571 ιι.
3184 5515 3270 5568 41.
3348 5513 3407 5553 δι’
3436 5514 3593 5580 lbid.,
3626 5530 3680 5567 ιι.
3716 5514 3808 5569 11.

3536 5386 3562 5411 θ
3592 5374 3808 5431 Pauli".

2244 5463 2261 5489 ⁷
2293 5451 2504 5571 Erigit
2522 5446 2614 5568 ’δή
2668 5455 2736 5568 1⁸5
