4056 6358
278 385 340 434 Π
1614 384 2128 442 PROLEGOMENA.
3459 387 3524 447 73

277 509 396 560 nus,
425 503 450 529 ι
475 495 529 548 in
554 509 658 564 qua
681 495 952 564 eleganter
968 506 1189 566 exponit
1217 512 1448 566 umquam
1473 498 1844 563 humilitatem,
1877 504 1922 560 Α
1953 514 2067 552 rum
2097 498 2255 554 etiam
2294 512 2392 566 pro
2421 498 2535 567 ipso
2562 499 2714 553 home
2753 499 3038 554 voluntatis
3075 499 3268 556 aﬂ'ectu
3315 503 3520 559 malue-

275 593 331 639 et
375 593 615 639 sanctam
656 587 955 656 superbiam
997 603 1026 640 a
1056 589 1220 642 seculi
1250 589 1571 642 vanitatibus
1601 589 1845 655 liberam,

275 686 327 730 et
356 679 637 747 przeeeptis
669 677 958 747 subjectam
987 679 1195 733 divinis.
1229 678 1255 716 ὶθ
1289 679 1515 734 Portitor
1552 680 1705 748 hujus
1733 682 1871 763 epi-.

277 769 428 822 stolze
457 768 554 822 fuit
593 769 934 826 Sanemarius
960 788 1114 840 quem
1145 788 1209 826 ex
1240 787 1396 826 servo
1427 773 1675 826 libertum
1706 772 1849 827 fece-

275 864 359 911 rat
387 856 657 920 Paulinus,
691 868 748 912 ut
775 861 874 913 sub
902 860 1151 914 Ecclesize
1181 860 1588 928 Burdegalensis
1620 861 1853 914 auctori-

275 955 386 1002 tate
412 946 464 999 in
494 945 654 1001 domo
697 948 901 1002 Domini
930 949 1154 1003 serviret
1181 949 1437 1017 delegatis
1461 949 1527 1002 ad
1571 958 1850 1018 parentum

273 1037 440 1104 ipsius
470 1039 780 1092 memoriam
803 1039 1090 1108 obsequiis.
1119 1051 1141 1080 ο
1166 1041 1399 1094 Alteram
1425 1041 1634 1110 scripsit
1662 1057 1764 1095 una
1785 1041 1853 1096 ad

273 1127 592 1196 Delphinum
611 1167 625 1190 ,
653 1143 770 1196 qum
801 1130 975 1198 periit.
1010 1131 1130 1198 Agit
1159 1131 1300 1199 apud
1330 1131 1623 1184 Amandum
1645 1139 1703 1185 ut
1731 1146 1853 1186 sau-

270 1219 343 1270 cti
371 1219 666 1287 presbyteri
688 1218 968 1289 Exsuperii
996 1236 1158 1291 opera
1184 1222 1235 1275 in
1263 1220 1512 1276 Ecclesiae
1532 1237 1652 1276 casa
1680 1230 1853 1277 terru-

273 1307 381 1360 lam
413 1306 788 1376 Sanemarius,
817 1323 923 1377 qua
964 1312 1166 1365 victum
1211 1327 1362 1366 suum
1406 1321 1674 1381 procuret,
1709 1315 1852 1368 acci-

273 1399 404 1467 piat.
439 1397 600 1452 Forte
627 1414 657 1452 a
686 1408 872 1454 sancto
904 1399 1126 1456 Paulino
1155 1415 1281 1468 ager
1309 1403 1395 1456 ille
1421 1418 1708 1457 concessus
1735 1404 1851 1458 fue-

271 1494 357 1538 rat
387 1487 629 1541 ecclesiae
667 1489 718 1541 in
746 1504 850 1556 qua
881 1499 1131 1558 parentes
1159 1491 1360 1544 hamati
1389 1503 1571 1558 erant,
1617 1503 1670 1546 et
1701 1492 1854 1559 cujus

270 1576 520 1642 regimini
548 1577 826 1645 pnel'ectus
855 1587 972 1632 erat
997 1579 1351 1650 Exsuperius,
1381 1583 1471 1649 qui
1501 1596 1722 1649 magnus
1765 1583 1853 1638 ille

269 1664 355 1717 vir
385 1661 410 1700 ἀ
443 1672 629 1734 postea
658 1667 940 1736 episcopus
967 1668 1262 1725 Tolosanus
1289 1671 1522 1724 creditur
1549 1686 1576 1723 a
1600 1671 1847 1725 Baronio.

339 1754 396 1808 2.
438 1756 560 1824 Agit
604 1773 816 1826 quoque
843 1774 966 1812 cum
1008 1760 1538 1817 AmandoPaulinus
1563 1772 1585 1798 ε
1615 1763 1682 1817 de
1718 1779 1853 1832 quo-

1955 596 2077 643 runt
2105 587 2279 642 facere
2321 588 2464 656 quod
2506 589 2838 657 expediebat,
2869 604 3028 657 quam
3055 590 3197 660 quod
3226 591 3436 656 licebat,
3466 600 3521 648 et

1951 678 2144 731 dictam
2173 677 2387 730 domum
2417 687 2600 731 sancto
2638 679 2981 748 presbytero,
3012 680 3225 734 etiamsi
3253 681 3522 750 propriam

1952 783 2058 821 non
2098 767 2370 836 probaret,
2410 768 2615 821 restitui
2659 776 2837 822 tamen
2871 769 2984 822 sine
3011 769 3182 836 aliqua
3212 769 3522 827 diﬂicultate

1945 858 2235 926 jusserunt,
2263 867 2321 913 ut
2349 873 2488 923 eam,
2518 860 2562 913 si
2588 860 2654 914 de
2673 875 2771 914 suo
2796 859 2916 928 jure
2944 875 3048 914 non
3077 868 3275 929 posset,
3306 861 3372 914 de
3405 861 3522 916 illo-

1950 964 2067 1003 rum
2100 956 2276 1004 tamen
2301 964 2520 1004 munere
2549 949 2861 1018 possideret.
2886 949 3084 1004 Laetum
3125 950 3252 1004 illud
3280 951 3522 1005 nuntium

1951 1040 2156 1109 accepit
2184 1039 2433 1094 Paulinus
2455 1049 2477 1076 ν
2502 1055 2569 1094 ex
2590 1039 2779 1094 litteris
2806 1038 3049 1108 Delphini
3069 1049 3123 1093 et
3143 1039 3389 1107 Amandi,
3409 1040 3520 1108 qui,

1953 1137 2012 1183 ut
2057 1130 2344 1184 verisimile
2385 1137 2487 1194 est,
2517 1130 2800 1185 mittebant
2826 1130 2876 1184 ei
2921 1130 3121 1200 pariter
3145 1131 3374 1184 edictum
3417 1129 3521 1182 Da-

1951 1220 2112 1274 ducii.
2142 1219 2217 1274 lta
2260 1226 2315 1274 et
2356 1230 2379 1256 ι
2403 1220 2645 1289 planctus
2679 1221 2977 1292 presbyteri
3007 1221 3060 1276 in
3099 1220 3348 1289 gaudium
3394 1235 3522 1274 cou-

1952 1324 2139 1364 versus
2165 1315 2268 1376 est,
2297 1316 2352 1363 et
2378 1310 2467 1378 qui
2488 1310 2887 1378 gratulabantur
2907 1309 3021 1379 ejus
3042 1312 3193 1366 malis
3210 1309 3523 1366 confusione

1952 1400 2152 1470 perfusi
2179 1408 2329 1463 sunt;
2359 1408 2415 1454 et
2442 1400 2523 1453 vir
2548 1400 2646 1454 iste
2666 1400 3028 1456 sanctissimus
3046 1410 3072 1450 γ
3100 1400 3258 1468 hujus
3287 1398 3523 1456 liberali-

1953 1493 2077 1546 tatis
2103 1493 2329 1560 gratiam
2358 1491 2578 1561 perinde
2605 1491 2926 1560 praedicabat
2949 1507 3012 1547 ac
3030 1491 3074 1546 si
3096 1491 3385 1546 indebitum
3407 1505 3526 1543 mu-

1953 1598 2054 1636 nus
2081 1583 2376 1650 accepisset
2407 1599 2418 1634 :
2452 1596 2625 1650 neque
2650 1581 2763 1649 ipse
2790 1581 2966 1647 solus,
3002 1580 3092 1635 sed
3128 1589 3149 1616 ι
3181 1580 3370 1635 domus
3411 1577 3526 1646 ejus

1951 1679 2063 1725 tota
2111 1671 2345 1738 gaudens
2392 1670 2644 1725 consonis
2693 1667 2961 1738 Capuanae
3007 1667 3253 1722 Ecclesia:
3281 1674 3337 1720 et
3380 1666 3526 1720 urbis

1952 1761 2391 1834 gratulationibus
2445 1777 2554 1816 non
2606 1761 2855 1815 cessabat
2905 1757 3132 1814 Domino
3184 1755 3521 1810 benedicere.

267 1847 397 1902 dam
425 1857 612 1904 sancto
636 1851 949 1920 presbytero
992 1853 1098 1905 vita
1133 1861 1188 1906 et
1227 1862 1386 1907 :etate
1411 1854 1722 1919 venerabili,
1754 1855 1843 1925 qui
1880 1851 1919 1910 Β
1948 1855 2077 1909 Orat
2101 1853 2352 1910 Paulinus
2378 1852 2677 1909 Amandum
2703 1861 2759 1890 λ·
2782 1852 2950 1906 uthos
2971 1864 3221 1920 proceres
3243 1849 3380 1902 ultra
3393 1847 3524 1901 soli-

267 1939 518 2008 injuriam
542 1955 756 2008 gravem
784 1949 838 1996 et
863 1943 1154 1999 alienarum
1176 1945 1366 1998 :edium
1397 1946 1643 2000 exsilium
1674 1948 1847 2015 patie-

267 2031 449 2086 batur.
490 2030 508 2069 ί
550 2031 600 2086 Is
627 2031 868 2101 profecto
908 2032 1132 2090 Basilius
1169 2035 1545 2091 celeberrimus
1587 2035 1850 2106 Capuana:

266 2118 520 2176 Ecclesia:
548 2121 846 2192 presbyter,
879 2121 945 2177 de
989 2138 1097 2191 quo
1130 2124 1180 2177 in
1218 2123 1408 2178 litteris
1437 2139 1579 2178 anno
1608 2127 1850 2193 sequenti

265 2211 408 2267 datis
431 2213 536 2280 agit
563 2211 837 2268 Paulinus.
867 2213 936 2279 ls,
961 2214 1194 2283 inquam,
1227 2224 1344 2269 erat
1367 2226 1391 2262 ς
1414 2216 1709 2270 admirabili
1740 2217 1852 2286 pie-

268 2310 384 2357 tate
410 2318 596 2370 senex,
631 2301 657 2340 ιι
687 2302 838 2372 cujus
866 2313 982 2358 erat
1007 2305 1195 2359 domus
1218 2320 1334 2375 qme
1362 2320 1459 2374 per
1487 2307 1592 2359 vim
1633 2307 1707 2361 illi
1739 2305 1852 2362 fue-

266 2401 353 2447 rat
391 2402 572 2463 erepta
603 2409 632 2448 a
682 2393 904 2449 divitum
942 2395 1296 2466 quorumdam
1343 2397 1674 2462 hominibus,
1704 2399 1795 2467 qui
1829 2398 1845 2436 ί

266 2483 484 2550 quidem
522 2484 711 2539 divites
737 2485 789 2538 in
813 2483 1100 2554 Campania
1129 2485 1329 2555 pnedia
1371 2486 1658 2552 habebant,
1693 2487 1765 2540 ita
1795 2495 1855 2542 ut

266 2572 499 2628 afﬂictus
530 2577 544 2625 ι
583 2589 748 2632 senex
794 2575 846 2630 in
875 2575 1062 2631 alienis
1095 2576 1297 2632 :edibus
1323 2577 1486 2631 veluti
1515 2578 1666 2634 exsul
1697 2592 1856 2647 agere

266 2671 493 2719 coactus
533 2665 690 2721 luerit
731 2683 743 2719 :
773 2680 873 2720 nec
899 2665 1124 2720 deerant
1151 2665 1175 2702 ¹ί
1210 2667 1445 2735 perversi
1487 2668 1728 2721 homines
1765 2661 1857 2735 qui

267 2756 591 2812 venerabilis
617 2757 760 2813 senis
787 2756 962 2813 dolori
992 2765 1046 2811 et
1075 2757 1226 2812 malis
1250 2757 1662 2825 gratularentur.
1693 2757 1858 2812 Vide-

267 2853 360 2899 tur
381 2845 496 2900 haec
523 2845 713 2913 injuria
743 2861 772 2899 a
802 2854 965 2914 gesta:
987 2847 1065 2900 rei
1094 2847 1370 2900 autorihus
1392 2845 1706 2900 Christianis
1728 2845 1859 2900 luis-

268 2950 331 2989 se
359 2934 620 3003 profecta,
650 2951 768 2989 cum
797 2951 891 2989 eos
919 2933 1172 2989 Paulinus
1210 2933 1227 2972 ι
1261 2945 1414 2989 vocet
1441 2951 1566 2990 suos
1593 2938 1782 3006 fratres
1810 2944 1862 2992 et

272 3033 316 3060 ω
340 3024 502 3094 ﬁlios.
527 3023 862 3091 Burdigalam
884 3033 908 3059 ιι
927 3024 1414 3092 smpiusveniebant
1441 3044 1453 3079 :
1480 3027 1656 3096 itaque
1676 3037 1703 3064 υ
1726 3026 1862 3081 Pau-

272 3113 418 3166 linus
448 3111 692 3181 Delphini
723 3121 778 3166 et
817 3113 1044 3168 Amandi
1070 3129 1226 3183 opem
1278 3115 1661 3184 implorandam
1709 3116 1860 3171 duxit

270 3219 381 3273 qua
413 3203 481 3256 de
519 3203 690 3257 sancti
732 3187 1028 3274 presbyteri
1060 3205 1272 3271 negotio
1298 3219 1422 3258 cura
1467 3219 1497 3257 a
1526 3220 1583 3259 se
1611 3213 1857 3275 suscepta
1883 3205 1928 3268 C

271 3294 499 3348 haberet
520 3293 890 3361 patrocinium.
924 3301 948 3340 ρ
969 3291 1047 3346 Ad
1075 3292 1365 3347 Daducium
1408 3293 1568 3361 igitur
1595 3311 1755 3349 unum
1789 3310 1856 3350 ex

271 3385 379 3440 illis
403 3384 725 3454 praecipuum
756 3381 1006 3437 Paulinus
1029 3384 1305 3452 epistolam
1335 3385 1646 3450 transmisit,
1666 3396 1691 3434 ιι
1712 3400 1858 3439 eam-

273 3491 380 3546 que
421 3484 661 3560 apertam
691 3473 928 3528 Amando
959 3482 1018 3527 ut
1045 3474 1160 3542 ejus
1185 3475 1263 3529 rei
1297 3484 1627 3530 momentum
1658 3485 1712 3530 et
1757 3492 1855 3531 ne-

274 3567 568 3624 cessariam
597 3565 786 3634 agendi
813 3564 1137 3619 celeritatem
1168 3572 1500 3632 agnosceret,
1525 3581 1586 3620 ac
1616 3565 1765 3635 petiit
1791 3566 1858 3621 ab

276 3671 344 3711 eo
376 3666 433 3710 ut
461 3656 628 3724 ipsius
655 3662 709 3708 et
732 3654 997 3724 Delphini,
1027 3653 1110 3708 cui
1131 3653 1371 3722 profecto
1395 3655 1681 3721 scribebat,
1705 3671 1858 3710 com-
1887 3704 1890 3707 .

278 3743 553 3800 mendatio
586 3743 776 3798 litteris
803 3743 912 3798 suis
951 3743 1257 3810 accederet;
1289 3744 1593 3816 faceretque
1630 3754 1688 3800 ut
1735 3746 1859 3802 Del-

278 3835 494 3906 phinus,
525 3835 571 3889 si
618 3835 881 3891 Daducius
925 3835 978 3889 in
1023 3828 1205 3890 Galliis
1245 3844 1404 3901 esset,
1445 3837 1561 3891 sine
1605 3837 1862 3892 dilatione

281 3937 379 3996 per
418 3940 737 3980 conservum
786 3923 996 3982 ﬁdelem
1035 3932 1090 3980 et
1135 3925 1446 3995 impigrum,
1478 3927 1562 3980 vel
1609 3927 1860 3982 clericum

287 4030 354 4069 ex
379 4017 506 4081 suis,
537 4016 620 4071 vel
650 4031 812 4070 unum
857 4031 922 4071 ex
954 4016 1397 4084 Alingonensibus
1425 4033 1518 4072 eas
1547 4017 1863 4074 deferendas

287 4113 501 4160 curaret
529 4125 542 4158 :
574 4104 719 4176 quod
746 4112 892 4161 certe
921 4104 1120 4159 indicat
1141 4103 1428 4161 Paulinum
1444 4107 1571 4160 olim
1597 4105 1864 4174 quoddam

282 4193 372 4264 jus
419 4194 472 4250 in
518 4195 664 4249 hunc
689 4208 874 4263 agrum
921 4194 1189 4259 habuisse,
1218 4209 1377 4262 quem
1428 4194 1568 4248 forte
1611 4193 1865 4248 Ecclesiae

1953 1956 2062 2002 tum
2092 1945 2338 2002 allectum
2363 1945 2566 2014 diligat,
2597 1949 2651 1998 et
2676 1943 2721 1997 si
2746 1942 2884 1997 forte
2933 1941 3032 2011 ipsi
3070 1937 3405 2006 Burdigalam
3437 1949 3528 1989 ve-

1953 2040 2130 2094 nerint
2156 2036 2504 2108 prresentibus
2528 2035 2726 2103 gratias
2751 2033 2914 2088 etiam
2943 2030 3010 2085 de
3036 2029 3244 2083 Paulini
3273 2039 3528 2082 sensuum

1952 2144 2014 2184 ac
2043 2131 2305 2184 viscerum
2333 2126 2615 2182 atl'ectione
2643 2123 2861 2188 reddat;
2890 2121 2975 2176 vel
3003 2119 3048 2175 si
3077 2119 3227 2173 tarda
3251 2116 3408 2170 fuerit
3429 2129 3526 2168 co-

1953 2237 2068 2277 rum
2085 2219 2257 2290 copia,
2281 2219 2530 2287 dignetur
2548 2217 2626 2270 eis
2646 2214 3055 2284 gratulationem
3076 2210 3306 2265 debitam
3335 2216 3390 2262 et
3415 2220 3526 2261 me-

1953 2313 2109 2367 ritam
2137 2309 2561 2366 benedictionem
2591 2305 2768 2376 operis
2795 2303 2877 2358 sui
2920 2302 3163 2365 mittere,
3193 2307 3250 2352 ut
3277 2297 3446 2352 sciant
3472 2302 3528 2349 et

1954 2403 2252 2470 intelligant
2279 2415 2438 2470 quam
2480 2405 2757 2468 acceptum
2789 2394 2899 2449 Deo
2933 2391 3254 2448 sacriﬁcium
3285 2385 3529 2442 dederint

1954 2497 2054 2550 hac
2075 2493 2375 2549 obedientia
2418 2491 2537 2546 ﬂdei
2567 2506 2696 2557 sure,
2739 2503 2844 2558 qua
2882 2485 3086 2542 Paulini
3113 2483 3425 2555 petitionem
3475 2479 3527 2532 in

1955 2584 2196 2655 Delphini
2220 2593 2274 2638 et
2294 2581 2518 2638 Amandi
2539 2581 2838 2635 interventu
2854 2575 3151 2632 exorabiles
3165 2576 3482 2640 receperunt
3506 2581 3525 2620 :

1957 2675 2201 2746 quamvis
2228 2673 2443 2743 proprie
2472 2669 2755 2725 nomine“
2773 2669 2978 2724 litteras
3007 2664 3071 2717 ad
3092 2662 3323 2716 eosdare
3341 2659 3530 2712 decre-

1957 2766 2122 2819 visset
2144 2765 2257 2832 ipse
2283 2760 2542 2825 Paulinus
2569 2773 2687 2813 cum
2727 2757 2846 2826 quis
2872 2770 2936 2808 ex
2966 2755 3201 2822 ipsorum
3226 2746 3530 2804 hominibus

1960 2868 1992 2908 e
2017 2851 2307 2924 Campania
2336 2849 2671 2918 Burdigalam
2693 2862 2750 2902 se
2777 2843 3062 2900 conferret.
3322 2865 3353 2914 η

2503 2946 2730 3013 CAPUT
2768 2953 2979 3009 XXXII.
3010 2985 3018 2990 -

1961 3054 2348 3109 Pammachium
2377 3052 2439 3104 de
2459 3058 2620 3104 morte
2637 3048 2813 3100 uxoris
2834 3043 3128 3100 consolatur
3155 3037 3424 3095 Paulinus.
3447 3035 3530 3109 Ea:

2299 3121 2603 3192 aegritudine
2628 3126 2801 3192 captat
2823 3113 3124 3192 [inutilitth
3151 3110 3439 3164 materiam.
3463 3105 3530 3164 In

2027 3187 2143 3265 ejus
2167 3187 2382 3264 gratiam
2415 3189 2589 3245 scribit
2615 3187 2917 3241 Anastasius
2945 3199 3083 3255 papa

2028 3285 2079 3339 1.
2113 3284 2351 3350 Paulina,
2374 3291 2570 3338 sancta:
2594 3281 2768 3337 Paula:
2799 3279 2922 3343 lilia,
2945 3283 3001 3332 et
3026 3286 3161 3330 uxor
3182 3266 3531 3333 Pammachii,

1955 3376 2099 3430 diem
2125 3389 2430 3444 supremum
2463 3383 2516 3411 οε
2541 3372 2674 3428 obiit
2698 3371 2841 3424 circa
2870 3367 3027 3421 linem
3053 3363 3179 3418 anni
3208 3360 3330 3415 597.
3357 3355 3532 3410 Pauli-

1958 3483 2057 3524 nus
2078 3464 2135 3505 δά
2164 3465 2372 3521 nonnisi
2415 3471 2538 3533 post
2566 3463 2763 3516 multos
2809 3473 3019 3514 menses
3046 3464 3273 3510 mortem
3304 3453 3419 3521 ejus
3441 3469 3533 3508 co-

1957 3559 2140 3629 gnovit
2167 3563 2220 3628 et
2248 3563 2467 3626 propter
2494 3553 2599 3608 loci
2643 3551 2997 3606 remotionem
3025 3553 3080 3602 et
3106 3547 3412 3602 nuntiorum
3453 3559 3534 3598 ra-

1959 3652 2193 3715 ritatem,
2212 3660 2436 3715 eamque
2457 3644 2660 3715 accepit
2687 3657 2753 3697 ex
2783 3641 2972 3696 litteris
2993 3637 3270 3709 cujusdam
3297 3637 3454 3698 amici
3477 3646 3532 3676 οο

1959 3741 2187 3815 Olympii
2215 3740 2438 3806 scilicet,
2457 3736 2615 3810 idque
2640 3733 2658 3772 ι
2672 3733 2688 3774 τ
2717 3735 2769 3790 in
2798 3734 3000 3800 hieme;
3025 3731 3177 3802 cujus
3204 3731 3536 3805 tempestatis

1962 3836 2300 3892 inclementia
2340 3841 2395 3888 et
2430 3831 2586 3888 solita
2613 3830 2934 3885 valetudinis
2963 3829 3270 3887 inﬁrmitate
3298 3828 3536 3899 prohibi-

1963 3935 2047 3982 tus
2075 3935 2158 3981 est
2193 3940 2260 3979 ne
2288 3922 2686 3978 Pammachium
2729 3921 2842 3989 ipse
2882 3921 3081 3984 adiret,
3112 3926 3170 3976 ut
3197 3920 3250 3973 in
3276 3919 3415 3974 votis
3441 3919 3538 3976 ha-

1963 4015 2155 4070 bebat:
2190 4013 2308 4068 tulit
2333 4013 2476 4068 enim
2501 4020 2556 4058 88
2579 4010 2888 4079 gravissime
2914 4011 3073 4068 amici
3111 4009 3370 4067 dolorem.
3405 4009 3539 4066 Cum

1963 4119 2086 4158 eum
2114 4103 2275 4170 igitur
2303 4102 2450 4156 adire
2475 4115 2583 4154 non
2611 4109 2822 4168 posset,
2851 4101 3114 4168 prolixam
3152 4102 3227 4154 illi
3257 4101 3538 4169 epistolam

1964 4192 2176 4259 scripsit
2214 4191 2268 4244 in
2317 4204 2419 4261 qua
2467 4188 2640 4257 primo
2667 4187 2784 4256 pias
2811 4186 2926 4255 ejus
2966 4188 3225 4257 lacrymas
3254 4189 3306 4245 in
3355 4188 3542 4247 funere

284 4285 651 4356 Burdigalensi
675 4285 818 4341 dono
837 4285 1078 4354 dederat,
1104 4295 1126 4322 ι
1150 4284 1300 4355 cujus
1325 4285 1575 4340 Ecclesiae
1601 4285 1868 4354 quondam
1968 4280 2209 4349 conjugis
2225 4318 2240 4343 ,
2271 4285 2381 4332 tum
2425 4276 2618 4332 deinde
2645 4277 2912 4346 impensas
2943 4291 3041 4347 pro
3069 4275 3329 4333 defuncta:
3348 4277 3540 4337 solatio

284 4376 448 4432 fuisse
475 4393 572 4447 per
599 4377 795 4432 multos
823 4392 992 4432 annos
1022 4377 1398 4446 comperimus.
1431 4375 1636 4432 Paulini
1668 4387 1689 4415 ι
1721 4377 1868 4433 litte-
1969 4371 2152 4440 egenis
2178 4370 2544 4440 eleemosynas
2563 4367 2814 4422 laudibus,
2833 4367 3176 4437 prosequitur
3207 4386 3220 4422 :
3261 4382 3379 4437 qua:
3418 4368 3542 4430 ultio

283 4484 358 4523 rae
391 4484 514 4524 cum
544 4469 789 4540 Delphici
818 4476 873 4523 et
901 4468 1125 4524 Amandi
1161 4468 1711 4524 commendationibus
1739 4483 1868 4524 con-
1969 4476 2058 4514 ma
2087 4475 2209 4530 pars
2235 4460 2518 4530 epistolam
2541 4457 2669 4514 olim
2696 4457 2768 4514 55
2794 4458 2905 4515 fere
2931 4459 3193 4526 integram
3223 4461 3541 4531 occupabat,

285 4558 487 4628 junctae
528 4566 766 4627 optatum
797 4557 1000 4612 exitum
1047 4558 1365 4614 habuerunt.
1407 4557 1624 4627 Adiuvit
1661 4560 1676 4595 ί
1726 4557 1866 4614 Deus
1894 4553 1944 4614 D
1966 4551 2119 4620 cujus
2145 4558 2261 4607 erat
2282 4549 2349 4605 ad
2369 4549 2634 4606 Alethium
2669 4548 2965 4618 inscriptio.
2998 4547 3194 4606 Verum
3221 4551 3454 4611 ostendit
3482 4549 3544 4592 ιιι

285 4662 581 4720 pauperem
609 4649 750 4702 hunc
784 4649 1152 4719 presbyterum
1191 4648 1257 4703 de
1283 4649 1639 4716 mendicitate,
1672 4650 1867 4704 illumi-
1967 4642 2264 4699 Chil‘lletius
2300 4655 2535 4696 errorem
2563 4655 2683 4696 esse
2725 4640 3082 4706 manifestum,
3115 4649 3169 4695 et
3189 4649 3358 4700 totum
3401 4643 3544 4701 hunc

287 4740 442 4793 navit
467 4747 524 4794 et
563 4739 860 4795 humiliavit
900 4739 1006 4794 alta
1048 4741 1154 4813 56
1179 4739 1400 4795 divitum
1442 4741 1624 4808 corda,
1647 4741 1736 4812 qui
1775 4757 1870 4811 per
1968 4735 2144 4791 locum
2183 4733 2451 4804 pertinere
2477 4731 2545 4785 ad
2571 4731 2847 4801 epileIam
2877 4731 3222 4789 tredecimam
3251 4733 3398 4802 (olim
3428 4735 3540 4803 57),

288 4831 471 4900 exigui
491 4829 744 4886 domicilii
767 4831 964 4910 justam
992 4832 1382 4888 restitutionem
1409 4841 1667 4889 aeternum
1690 4833 1792 4889 sibi
1815 4833 1869 4888 in
1969 4839 2088 4894 qua!
2109 4831 2191 4878 est
2215 4822 2281 4876 ad
2305 4821 2720 4876 Pammachium.
2763 4819 2956 4875 Fuerat
2981 4837 3191 4894 semper
3225 4821 3270 4862 ιί
3300 4823 3540 4884 Ρειιιιιηθο

292 4921 504 4977 εωιεεῑί
545 4921 888 4978 tabernaculo
924 4923 1175 4993 pauperis
1212 4924 1411 4988 sancti,
1441 4939 1468 4977 a
1499 4938 1605 4992 quo
1641 4925 1870 4980 invicem
1971 4917 2078 4976 Chii
2103 4929 2308 4970 memor
2323 4912 2592 4978 Paulinus,
2626 4920 2683 4967 et
2706 4913 2807 4981 57
2838 4913 3078 4967 tamenii
3105 4927 3339 4982 congrua
3368 4915 3547 4970 humi-t

292 5013 642 5083 recipientur,
672 5013 959 5082 hospitium
987 5020 1327 5081 paraverunt.
1359 5011 1552 5081 Sicque
1571 5020 1598 5047 ιι
1622 5027 1728 5066 non
1754 5026 1871 5066 mo-
1973 5009 2124 5064 litate
2173 5005 2442 5060 silentium
2487 5014 2824 5086 servaverat,
2849 5004 3020 5059 donec
3063 5013 3287 5073 urgente
3324 5008 3545 5062 caritate

294 5101 390 5172 do,
421 5118 544 5158 eum
572 5111 789 5174 possent
816 5101 1132 5170 transgredi,
1165 5117 1270 5156 non
1298 5109 1421 5157 sunt
1445 5101 1760 5170 trangressi;
1785 5115 1873 5157 ve-
1975 5105 2221 5168 opertum
2248 5104 2468 5168 pectore
2491 5094 2736 5153 allectum
2756 5095 2990 5154 reclusit.
3007 5093 3411 5169 “Olympius,a
3438 5111 3544 5166 quo

299 5368 302 5372 ,
350 5313 396 5359 1⁸
428 5301 600 5373 Epist.
656 5301 742 5366 12,
795 5317 848 5354 η.
889 5301 938 5352 7.
1016 5297 1044 5338 δ
1069 5297 1222 5360 1bid.,
1271 5312 1327 5350 ιι.
1373 5295 1458 5350 12.
1537 5291 1726 5348 °'1bid.
1803 5292 1829 5330 ά
1855 5293 2046 5349 Baron.
2079 5288 2322 5368 an..105,
2353 5289 2383 5414 ἦ
2412 5287 2499 5344 61.
2576 5297 2600 5324 ⁸
2630 5286 2860 5352 Paulin.,
2901 5301 2987 5354 ep.
3021 5286 3108 5355 12,
3141 5302 3194 5341 n.
3228 5285 3313 5339 19.
3356 5353 3366 5366 _
3394 5283 3412 5322 ί
3440 5284 3540 5356 Ep.

299 5371 368 5414 Η.
438 5389 489 5414 n,
526 5373 576 5414 ι,
653 5382 678 5414 κ
708 5371 803 5414 En-
838 5367 920 5414 15-
950 5368 1061 5414 n2-
1137 5366 1163 5404 h
1189 5367 1286 5414 En.
1321 5364 1404 5414 14.
1435 5381 1469 5414 n
1520 5362 1574 5414 ι.
1655 5362 1795 5414 iEt).
1831 5362 1917 5414 15.
1963 5381 2017 5414 n.
2051 5363 2102 5414 5.
2183 5373 2197 5410 J
2229 5359 2324 5414 ΕΒ.
2393 5358 2446 5414 Ξ.
2487 5375 2540 5412 n.
2571 5355 2625 5412 2.
2701 5355 2722 5393 ¹ί
2771 5355 2867 5414 ED.
2903 5357 2987 5414 15.
3021 5372 3076 5410 n.
3109 5355 3160 5410 2.
3245 5354 3256 5391 ¹
3290 5353 3446 5414 Ιὺιά..
3486 5373 3540 5412 n.

299 5353 599 5438 11,:1:
653 5353 678 5415 ἆ
707 5353 920 5439 Ιξῃξλὸ,
948 5368 1061 5439 mg.
1114 5353 1301 5439 _l_I_Ep._
1321 5364 1404 5431 14,
1435 5381 1481 5439 ι]Δ
1655 5362 1795 5439 lEp.
1831 5362 1856 5415 1

1963 5363 2102 5439 .5.
2159 5353 2446 5439 3139412.
2481 5375 2540 5439 με
2571 5355 2625 5412 εο
2683 5355 2741 5439 ,ξ
2771 5353 3210 5439 Ep..1.5...na_2-.,.
3245 5354 3256 5391 ι
3287 5353 3446 5439 μῆρα,
3486 5353 3543 5412 ει.

301 5423 360 5496 s:
396 5423 866 5510 ’E'Epas'nfig.
908 5423 972 5510 ’χι
1001 5423 1320 5510 Ep.is_,p_'.s.
1360 5423 1686 5510 _'°_lb_id.,_n_.
1717 5423 1782 5497 2';
1814 5440 1858 5510 ςι

1955 5426 2210 5510 suun-5;.
2276 5423 2314 5478 Ῥ
2327 5423 2573 5510 _Ep.
2592 5442 2646 5510 ti.
2677 5426 2791 5510 19.“
2814 5423 3020 5510 VlAibid.
3062 5435 3121 5510 ,ς
3149 5423 3326 5510 ᾞῐιξι.
3359 5425 3419 5510 Ain
3445 5441 3546 5510 20-

303 5491 369 5566 tis
398 5511 466 5565 ad
498 5491 794 5565 Rigas?-
819 5491 1022 5562 Paulin.
1047 5491 1258 5577 'ep.1;‘_i,
1283 5522 1336 5560 η.
1360 5504 1442 5577 1’3.‘
1479 5491 1706 5577 Ep.'11,_
1727 5491 1780 5554 n.
1812 5500 1858 5577 ι,

1955 5510 1967 5536 ι
1998 5491 2098 5577 Ep.
2130 5497 2300 5577 15_,un.
2326 5491 2425 5577 δέ
2454 5495 2733 5577 Vlb_id‘._,n.
2758 5496 3027 5577 2;ct"ep.
3176 5508 3229 5546 n.
3254 5492 3541 5577 5.";F-Ep.

302 5549 1891 5644 13,";‘é?”§"ibid.2"n731'"565233;eTEb.'ii,ﬁ._‘t.
1933 5549 2446 5644 κιῖῐιξρξῖξξῃζδ.
2503 5549 2776 5644 βιῷ-ἰδέ..
2802 5549 3039 5644 ξςξνίέιε
3073 5549 3288 5644 11ἰὶξξρη.
3319 5549 3542 5644 uisionis
3627 5606 3643 5621 .

306 5630 478 5771 ilbi:
516 5630 1144 5725 ‘hdpahiiskpasse.
1225 5630 1510 5704 eélbid;,n.
1544 5630 1592 5694 ι’.
1674 5630 1901 5721 (finit,
1945 5657 1997 5694 n.
2030 5630 2118 5693 a.’
2159 5647 2212 5718 ss
2245 5632 2470 5704 lbid.,n.
2503 5637 2554 5694 δ.
2634 5635 2689 5674 ιλιι
2719 5633 2890 5692 cnim.
2925 5647 2979 5701 ι).
3008 5630 3120 5688 8et
3152 5630 3238 5686 eo.
3320 5631 3366 5671 εί
3403 5631 3543 5692 Pau-

329 5736 402 5771 ιη.
446 5718 644 5771 en.15.
683 5734 733 5771 η.
765 5715 818 5770 2.
899 5716 942 5766 lt
980 5713 1133 5771 lbid..
1175 5729 1228 5765 n.
1264 5712 1288 5763 1
1329 5722 1380 5766 et
1419 5713 1470 5764 2.
1549 5710 1602 5748 ¹ι¹ί
1633 5710 1786 5771 lbid.,
1821 5725 1874 5763 n.
1917 5708 1938 5760 1
2474 5746 2477 5749 .

329 5708 402 5773 in.
446 5718 644 5788 ep.15,
683 5734 733 5771 n.
765 5715 818 5770 2.
869 5708 942 5766 Ἠ
980 5713 1133 5779 lbid.,
1175 5729 1228 5765 n.
1264 5712 1288 5763 1
1329 5722 1380 5766 et
1419 5713 1470 5764 2.
1549 5710 1602 5748 ¹ι¹ί
1633 5710 1786 5775 lbid.,
1821 5725 1874 5763 n.
1917 5708 1938 5760 1
2187 5714 2190 5718 ’
2474 5746 2477 5749 .
