4056 6358
279 382 344 438 81
1609 373 2133 433 PROLEGOMENA.
3451 380 3522 438 82

279 494 385 553 'cal.
417 491 508 562 qui
537 505 568 547 e
595 489 765 561 patria
792 487 1176 552 discesserant,
1203 488 1372 543 Gallia
1397 488 1602 544 scilicet
1631 497 1688 542 ut
1718 504 1848 557 pro-
1876 492 1923 551 Δ
1953 508 1982 546 a
2020 490 2297 547 monachis
2339 491 2716 548 abhorrentem
2763 493 3148 564 profitebatur:
3197 496 3288 551 sed
3343 497 3522 552 lumen

224 651 230 659 η
279 585 456 639 habile
484 591 582 645 est,
623 591 678 637 et
727 584 776 637 in
819 581 1161 652 Campaniam
1194 583 1356 651 ipsius
1383 597 1542 637 causa
1571 589 1847 635 venerant.

279 677 357 731 Ita
388 677 512 731 alibi
545 676 778 744 loquitur
807 676 872 730 de
895 673 1167 741 Theridio,
1196 690 1354 745 quem
1387 673 1679 728 Theridium
1702 689 1848 727 suum

279 777 436 823 vocat
451 776 472 804 ⁸
498 785 511 819 :

468 859 566 916 Vir,
591 872 766 906 munus
784 873 809 906 a
835 859 1025 907 Christo
1042 858 1177 919 mihi,

409 921 430 962 \
450 933 491 966 ir
517 934 662 980 paets,
688 931 740 967 et
766 922 834 967 \ir
855 921 997 976 legis,
1024 930 1075 968 et
1097 923 1169 967 vir
1192 920 1382 980 gratia),

470 982 698 1040 licqnics,
727 985 968 1043 vo‘uptas,
994 993 1132 1029 mens
1149 995 1270 1028 mea.

353 1061 547 1115 Verum
580 1063 665 1117 hic
687 1062 869 1117 Romae
899 1072 955 1117 ct
978 1064 1029 1117 in
1059 1063 1220 1117 domo
1246 1061 1459 1132 propria
1493 1059 1748 1114 mansisse
1771 1058 1854 1112 vi-

281 1152 456 1208 detur.
500 1153 733 1208 Credere
758 1169 864 1206 non
889 1154 1191 1207 dubitamus
1214 1151 1360 1205 illum
1393 1149 1852 1212 Posthumianum,

282 1259 404 1296 eum
436 1259 552 1297 esse
581 1244 668 1312 qui
715 1243 948 1296 maxime
995 1242 1296 1297 celebratur
1342 1241 1392 1294 in
1423 1238 1641 1308 Sulpicii
1673 1236 1857 1291 Severi

281 1334 534 1401 Dialogis,
560 1334 609 1386 in
639 1333 830 1402 quibus
859 1341 1079 1402 apparet
1099 1349 1217 1387 eum
1241 1331 1267 1369 δ
1290 1347 1352 1386 ex
1379 1331 1658 1399 Aquitania
1699 1328 1858 1384 fuisse

284 1424 598 1488 oriundum,
632 1440 861 1492 eumque
888 1430 1010 1478 ante
1047 1423 1170 1477 illud
1213 1432 1420 1492 tempus
1450 1423 1552 1476 iter
1588 1423 1638 1476 in
1669 1419 1858 1475 Orien-

283 1524 393 1566 tem
424 1512 740 1576 confecisse,
773 1513 952 1580 illique
981 1512 1357 1582 Hieronymum
1391 1511 1662 1565 Bethleem
1693 1510 1857 1566 fuisse

285 1612 492 1657 notum.
541 1603 822 1671 lnopinato
870 1602 963 1657 Dei
1010 1617 1230 1656 munere
1269 1608 1422 1655 erant
1450 1600 1635 1668 allapsi
1667 1599 1860 1653 Theri-

285 1695 405 1748 dius
450 1703 504 1748 et
548 1693 956 1748 Posthumianns
989 1705 1010 1732 ε
1044 1695 1207 1762 ignoti
1254 1692 1507 1758 Paulino,
1565 1694 1655 1762 qui
1686 1694 1857 1748 maxi-

285 1800 427 1837 mam
460 1782 509 1838 ih
542 1787 642 1839 illis
671 1787 882 1841 elucere
911 1785 1157 1840 virtutem
1188 1787 1466 1856 comperit,
1498 1796 1551 1840 et
1580 1787 1631 1840 in
1663 1803 1723 1840 ea
1753 1801 1856 1855 qua

285 1889 346 1928 se
376 1875 717 1928 existimabat
753 1875 968 1928 beatum
998 1877 1168 1943 gratia
1203 1893 1296 1932 eos
1329 1887 1532 1931 tantum
1562 1879 1858 1948 increpavit

287 1964 429 2032 quod
461 1980 519 2018 se
550 1963 920 2020 familiaritatis
950 1983 1010 2020 ac
1040 1968 1239 2022 notitia:
1277 1967 1460 2022 Severi
1502 1978 1750 2038 expertes
1780 1968 1859 2022 fa-

287 2065 560 2122 terentur;
594 2057 698 2128 59
721 2073 894 2127 neque
931 2058 1221 2127 quidquam
1260 2059 1551 2114 studiosius
1587 2060 1859 2114 mandavit

277 2147 742 2216 proficiscentibus
788 2150 813 2185 ά
858 2164 888 2204 e
935 2149 1223 2220 Campania
1284 2151 1336 2204 in
1390 2151 1616 2220 patriam
1675 2166 1854 2217 suam,

289 2255 450 2307 quam
474 2239 538 2293 ad
571 2249 914 2310 conspectum
955 2241 1171 2310 Sulpicii
1209 2241 1390 2296 Severi
1419 2243 1860 2312 complexumque

289 2338 661 2399 properarent,
684 2340 706 2367 ε
731 2346 960 2400 eumque
988 2345 1312 2400 cognoscere
1339 2332 1587 2386 onmibns
1614 2333 1665 2385 in
1689 2333 1860 2402 patria

291 2419 453 2472 rebus
499 2429 554 2473 et
593 2421 734 2474 curis
781 2421 888 2474 suis
934 2428 1324 2490 anteponerent
1369 2429 1427 2474 ut
1471 2421 1734 2475 diutinum
1760 2421 1859 2476 sibi

291 2508 543 2562 damnum
572 2510 656 2564 vel
683 2525 804 2564 sero
831 2511 1174 2566 resarcirent.

360 2599 414 2655 2.
456 2599 545 2654 Eis
590 2601 751 2656 etiam
801 2599 946 2655 dedit
991 2601 1268 2670 epistolam
1301 2597 1322 2639 τ
1352 2600 1418 2654 ad
1461 2599 1669 2656 Jovium
1691 2601 1863 2655 virum

293 2691 349 2744 in
378 2691 562 2746 Galliis
600 2693 951 2748 clarissimum
975 2731 989 2756 ,
1040 2693 1258 2762 ejusque
1289 2703 1314 2740 ις
1337 2691 1569 2748 affinem.
1601 2692 1729 2746 Mihi
1760 2707 1862 2745 non

293 2781 462 2850 liquet
506 2791 681 2836 utrum
726 2783 866 2837 idem
910 2783 999 2836 ille
1045 2784 1114 2835 sit
1151 2782 1334 2836 .lovius
1377 2798 1534 2850 quem
1563 2782 1807 2834 Zosimus
1838 2780 1860 2813 δ

293 2875 500 2928 clarum
555 2875 683 2928 dicit
741 2875 1046 2928 eruditione
1089 2873 1315 2940 aliisque
1361 2874 1589 2942 egregiis
1634 2873 1867 2937 dotibus,

295 2981 424 3019 cum
479 2966 642 3018 refert
692 2967 1103 3019 Constantinum
1154 2965 1444 3019 Galliarum
1492 2966 1866 3033 imperatorem

299 3070 423 3108 eum
454 3071 594 3109 anno
626 3055 726 3108 409
757 3057 964 3112 misisse
985 3057 1212 3124 legatum
1243 3058 1306 3111 ad
1331 3057 1640 3120 Honorium,
1670 3055 1866 3123 quique

297 3143 439 3196 forte
461 3153 544 3198 est
579 3145 668 3198 ille
696 3144 878 3199 Jovius
915 3145 1203 3199 Galliarum
1247 3146 1600 3200 nobilissimus
1621 3145 1711 3212 qui
1740 3159 1864 3213 pur-

290 3246 481 3300 puram
513 3233 682 3285 induit
707 3249 848 3286 anno
873 3232 968 3284 411
1007 3243 1062 3286 ut
1091 3235 1379 3304 imperator
1398 3249 1428 3287 e
1453 3234 1556 3287 vita
1587 3233 1857 3300 migraret.

289 3321 420 3374 Erat
466 3321 593 3376 item
659 3331 784 3378 tunc
849 3325 1101 3393 temporis
1158 3325 1293 3378 alter
1328 3323 1342 3362 ί
1375 3323 1560 3379 Jovius
1609 3325 1860 3394 pnetorio

289 3412 598 3483 pra-fectus,
633 3415 926 3484 imperante
964 3414 1202 3471 Honorio
1242 3432 1381 3471 anno
1417 3415 1520 3471 409
1551 3417 1719 3486 iisque
1746 3417 1858 3470 cla-

290 3504 529 3559 riss’imus
573 3506 624 3559 in
654 3505 870 3574 hujusce
893 3507 1144 3577 temporis
1167 3508 1670 3576 perturbationibus.
1705 3508 1860 3576 Quis-

291 3595 409 3664 quis
439 3596 652 3651 tandem
684 3595 840 3651 fuerit
865 3597 1050 3676 Joviu’s
1079 3597 1168 3652 ille
1197 3598 1262 3652 ad
1284 3613 1442 3666 quem
1470 3599 1685 3668 scripsit
1711 3597 1854 3652 Pau-

291 3685 429 3738 linus
460 3697 476 3736 ι
517 3687 801 3740 maximam
832 3688 1167 3758 prudentiam
1196 3696 1251 3742 ct
1289 3688 1576 3756 ingenitam
1605 3697 1660 3743 et
1685 3689 1860 3743 erudi-

290 3782 397 3830 tam
437 3776 704 3830 habebat:
738 3778 760 3813 ¹ι
793 3779 1193 3834 humanioribus
1224 3778 1416 3834 litteris
1456 3781 1674 3835 omnino
1713 3781 1859 3836 dedi-

294 3873 410 3928 tus,
463 3875 851 3936 poetarumque
894 3868 1109 3923 lectioni
1155 3869 1496 3935 incumbens,
1540 3881 1784 3925 oratores
1808 3879 1862 3926 et

294 3955 636 4025 philosophos
663 3957 989 4027 perlegebat,
1021 3968 1075 4013 et
1103 3959 1356 4030 quidquid
1378 3960 1430 4014 in
1460 3960 1564 4014 illis
1590 3960 1859 4028 egregium

297 4052 411 4097 erat
453 4047 689 4100 maxime
732 4047 783 4100 id
819 4049 1076 4103 memoria
1111 4049 1344 4102 tenebat.
1397 4049 1636 4104 Graecam
1663 4051 1862 4119 pariter

293 4143 346 4188 et
374 4134 616 4191 Latinam
651 4137 881 4192 callebat
915 4137 1181 4205 linguam,
1209 4137 1466 4193 facundia:
1504 4139 1863 4208 doctrinaque

291 4223 662 4300 fecunditatem
712 4228 899 4280 miram
945 4227 1213 4291 habebat,
1266 4225 1283 4264 ι
1333 4241 1578 4294 magnum
1622 4228 1783 4282 decus
1811 4237 1865 4282 et

290 4331 487 4370 nomen
532 4332 561 4370 e
607 4317 758 4386 poesi
786 4317 884 4370 sibi
909 4325 1329 4386 comparaverat.
1373 4317 1416 4370 A
1447 4325 1633 4370 natura
1660 4327 1697 4353 ιιι
1725 4333 1862 4388 pne-

289 4407 452 4460 stanti
481 4408 800 4475 sublimique
827 4415 1048 4461 ornatus
1069 4414 1185 4460 erat
1206 4406 1416 4473 ingenio
1441 4424 1454 4459 ε
1479 4423 1664 4462 verum
1695 4408 1862 4463 nimio

290 4497 409 4565 plus
450 4505 474 4532 υ
526 4497 872 4566 philosophos
919 4497 1249 4552 academicos
1294 4498 1617 4566 sectabatur,
1663 4499 1757 4568 qui
1802 4499 1854 4554 in

291 4588 725 4642 contentionibus
771 4588 837 4643 de
883 4588 1167 4642 Divinitate
1210 4589 1468 4657 assumpti
1496 4603 1708 4658 semper
1737 4605 1855 4644 eam

291 4681 642 4746 quaerebant,
688 4687 743 4732 et
790 4691 1076 4747 numquam
1119 4677 1492 4743 inveniebant,
1524 4680 1648 4748 quia
1685 4695 1857 4749 neque

292 4778 444 4822 erant
488 4770 617 4823 satis
662 4769 780 4838 puri
827 4777 882 4823 et
927 4768 1280 4836 intelligentes
1308 4778 1367 4822 ut
1403 4769 1568 4824 Deum
1593 4770 1854 4836 viderent,

292 4875 465 4929 neque
505 4861 636 4913 satis
679 4859 904 4914 humiles
950 4867 1010 4912 ut
1055 4874 1175 4912 eum
1223 4874 1329 4912 non
1361 4859 1528 4912 visum
1555 4860 1853 4916 crederent.

292 4949 520 5007 Litteras
541 4961 566 4987 ο
589 4953 850 5006 humanas
875 4951 1040 5006 sacris
1073 4950 1464 5022 posthabendas
1489 4966 1606 5006 esse
1633 4952 1862 5007 ducebat

292 5042 474 5097 Jovius
498 5081 515 5106 ,
568 5043 682 5098 istis
726 5051 902 5096 tamen
950 5041 1123 5095 minus
1163 5056 1320 5109 quam
1351 5040 1453 5093 illis
1483 5048 1601 5096 erat
1626 5041 1854 5096 deditus.

292 5132 558 5187 Christum
583 5143 609 5181 P
631 5133 744 5187 veri
779 5132 992 5186 luminis
1025 5130 1225 5184 fontem
1259 5130 1610 5202 agnoscebat,
1638 5138 1691 5184 et
1720 5130 1848 5186 Pau-

296 5221 381 5276 lini
412 5222 602 5277 amore
637 5222 921 5277 Christiani
965 5220 1195 5274 nominis
1223 5219 1518 5274 studiosum
1547 5234 1604 5274 se
1633 5231 1659 5269 τι
1689 5236 1863 5289 neque

1951 582 2051 636 sibi
2080 581 2348 649 cognitum
2380 597 2485 636 non
2515 585 2859 652 sequebatur,
2885 601 2980 654 pro
3010 588 3352 642 excusatione
3382 605 3521 659 pne-

1951 669 2174 724 tendens
2220 672 2475 741 imparem
2519 688 2577 727 se
2621 674 2820 739 adhuc,
2869 683 2895 714 ν
2941 685 2988 727 et
3016 676 3127 730 ideo
3155 693 3255 731 non
3286 695 3524 748 capacem

1951 757 2069 823 Dei,
2112 761 2232 830 quia
2272 761 2486 814 terrenis
2515 760 2662 815 rebus
2701 771 2750 816 et
2788 764 2923 818 curis
2962 765 3226 832 obsessus,
3257 766 3318 820 ab
3342 769 3524 821 altiore

1951 857 2184 918 suspectu
2206 850 2476 903 calestium
2499 853 2647 921 quasi
2667 854 2981 923 interpositis
3001 855 3212 909 nubibus
3234 868 3522 922 arceretur;

1957 946 1980 974 ⁸
2011 937 2347 1009 Tribulisque
2373 940 2659 1006 solvendis,
2685 957 2714 994 a
2743 944 2935 1012 quibus
2957 960 3062 998 non
3093 955 3243 998 erant
3265 947 3525 1002 immunes

1954 1029 2038 1082 vel
2085 1030 2436 1097 potentissimi
2475 1045 2724 1098 proceres
2743 1072 2758 1096 ,
2807 1042 3122 1102 occupatum
3149 1049 3207 1089 se
3235 1052 3351 1090 esse
3379 1037 3524 1092 dice-

1954 1119 2067 1172 bat.
2096 1118 2227 1171 Cum
2253 1133 2318 1172 eo
2353 1120 2369 1154 ‘
2403 1119 2687 1174 amicitiam
2713 1119 2962 1189 junxerat
2989 1120 3265 1186 Paulinus,
3301 1126 3525 1179 nullam-

1955 1227 2060 1282 que
2087 1213 2151 1267 ad
2179 1227 2300 1268 eum
2332 1214 2596 1268 scribendi
2625 1215 3062 1284 pnetermittehat
3089 1219 3451 1273 occasionem.

2516 1351 2740 1408 CAPUT
2762 1352 2998 1408 XXXIV.

1956 1439 2234 1518 Egregiam
2258 1441 2407 1518 Iovio
2430 1443 2623 1518 scribit
2649 1443 2901 1498 Paulinus
2938 1446 3234 1518 epistolam,
3277 1463 3378 1518 qua
3412 1464 3526 1502 eum

2025 1514 2210 1585 excitet
2247 1513 2314 1564 ad
2362 1513 2518 1582 fidem
2570 1515 2905 1584 pietatemque
2959 1513 3302 1568 Christianam
3331 1519 3524 1585 ample-

2029 1582 2284 1634 ctendam.

2031 1692 2081 1745 1.
2123 1692 2324 1747 Navisu
2355 1691 2626 1760 aliquanto
2658 1707 2780 1748 ante
2808 1702 3044 1764 tempore
3073 1711 3264 1763 magno
3294 1698 3528 1766 pondere

1961 1785 2164 1854 argenti
2191 1793 2428 1847 onerata,
2461 1786 2605 1853 gravi
2637 1795 2661 1822 ν
2687 1785 2884 1854 jactata
2912 1795 3226 1857 tempestate
3253 1789 3388 1844 inter
3419 1806 3529 1842 ma-

1961 1878 2108 1932 rinos
2135 1885 2311 1931 tamen
2342 1877 2572 1930 vortices
2599 1885 2808 1931 servata
2839 1876 3043 1945 fuerat,
3086 1880 3212 1932 etin
3243 1879 3388 1934 littus
3417 1881 3528 1948 eje-

1957 1967 2044 2023 'cta
2076 1968 2130 2022 in
2158 1983 2268 2036 quo
2298 1966 2558 2022 familiare
2587 1967 2810 2022 Paulino
2837 1967 3112 2038 oppidum,
3158 1977 3212 2023 et
3250 1968 3404 2024 Jovio
3432 1986 3530 2040 pa-

1961 2057 2268 2111 trimonium
2298 2065 2444 2122 erat;
2476 2057 2547 2111 ita
2572 2065 2629 2112 ut
2658 2067 2868 2112 mortuo
2894 2058 3097 2128 argenti
3119 2059 3359 2124 custode,
3393 2061 3529 2115 inter

1961 2145 2216 2203 hibernos
2257 2147 2496 2202 turbines
2524 2157 2579 2204 et
2605 2157 2795 2204 nautas
2825 2164 3015 2204 avaros
3055 2158 3324 2204 servatura
3353 2159 3530 2204 tamen

1960 2238 2135 2293 fuerit.
2213 2237 2288 2292 De
2333 2239 2436 2293 hoc
2476 2248 2697 2307 argento
2744 2236 2994 2294 Paulinus
3040 2247 3067 2276 ι
3115 2248 3383 2309 tamquam
3432 2258 3531 2296 suo

1961 2330 2148 2392 unius,
2181 2337 2274 2383 aut
2309 2329 2494 2383 saltem
2521 2329 2622 2382 sibi
2650 2344 2768 2382 eum
2797 2327 2951 2384 Jovio
2984 2329 3253 2384 communi
3277 2329 3528 2399 loquitur.

1958 2419 2094 2476 Illud
2152 2430 2182 2471 γ
2234 2430 2390 2476 vocat
2433 2430 2702 2492 argentum
2745 2421 2911 2475 sancti
2954 2421 3240 2476 commercii
3275 2437 3293 2476 .°
3343 2422 3530 2490 quibus

1960 2515 2138 2570 verbis
2165 2515 2283 2584 quis
2311 2515 2416 2586 ϐο
2445 2512 2470 2566 f
2484 2529 2621 2567 .rsan
2663 2513 2988 2567 existimabit
3015 2511 3294 2567 Paulinum
3333 2512 3531 2566 indica-

1961 2606 2101 2661 visse
2132 2605 2257 2660 illud
2301 2585 2578 2674 argentum
2608 2605 2770 2659 fuisse
2814 2604 3138 2674 pauperibus
3182 2603 3529 2660 destinatum.

1965 2695 2021 2750 ld
2044 2697 2174 2750 satis
2203 2712 2232 2749 a
2256 2710 2510 2764 germano
2540 2699 2701 2748 Sensu
2730 2695 2982 2763 aljehum.
3023 2693 3088 2747 Et
3112 2701 3369 2763 prmterea
3396 2711 3531 2762 quo-

1966 2786 2128 2840 modo
2171 2786 2223 2839 in
2268 2792 2476 2856 partem
2521 2784 2658 2837 illius
2687 2783 2914 2838 'venisset
2938 2781 3155 2838 Jovius?
3185 2777 3476 2838 Mirandam
3511 2793 3530 2820 ι

1968 2875 2112 2928 illam
2140 2875 2353 2943 jactata:
2399 2875 2548 2928 navis
2592 2874 2894 2943 servatique
2941 2873 3145 2942 argenti
3193 2872 3531 2928 incolumita-

1968 2973 2097 3032 tem,
2131 2967 2181 3019 in
2207 2981 2309 3035 qna
2342 2974 2421 3019 tot
2455 2965 2546 3020 Dei
2577 2966 2715 3019 circa
2745 2961 2990 3019 homines
3017 2964 3362 3034 providentia:
3387 2980 3530 3034 ιιι-ειν

1967 3066 2148 3112 menta
2195 3057 2494 3112 emicabant
2539 3073 2606 3112 ex
2648 3056 2784 3112 Jovii
2831 3057 2994 3126 ipsius
3040 3057 3232 3112 litteris
3274 3060 3530 3128 cemperit

1970 3145 2221 3201 Paulinus
2245 3166 2256 3200 :
2309 3164 2412 3218 qna
2463 3148 2744 3203 occasione
2772 3147 2848 3203 uti
2878 3147 3065 3212 voluit,
3093 3155 3150 3202 ut
3173 3147 3328 3202 Jovio
3356 3158 3530 3203 serva-

1966 3243 2074 3290 tam
2103 3237 2247 3291 illam
2276 3238 2555 3307 peeuniam
2584 3238 2856 3306 gratulans
2893 3235 3050 3292 simul
3077 3253 3197 3292 eum
3228 3237 3531 3293 hortaretur

1961 3336 2016 3364 αα
2047 3343 2114 3382 ne
2142 3326 2237 3380 Dei
2267 3335 2458 3382 munus
2501 3327 2825 3383 adscriberet
2845 3328 3074 3390 casibus,
3118 3336 3171 3382 et
3196 3326 3291 3382 Dei
3330 3324 3534 3382 benefi-

1961 3416 2124 3484 cium,
2154 3433 2442 3472 vacuorum
2478 3418 2568 3470 fati
2600 3416 2927 3485 fortunaeque
2964 3417 3237 3471 numinum
3279 3432 3396 3472 esse
3427 3434 3531 3471 non

1961 3514 2294 3573 agnosceret.
2353 3503 2594 3559 Oblatam
2642 3513 2749 3559 tam
2787 3493 3094 3575 przeclaram
3116 3504 3173 3544 ιιι
3197 3505 3306 3560 Deo
3333 3506 3532 3574 gratias

1961 3596 2151 3664 agendi
2199 3595 2534 3650 occasionem
2580 3611 2687 3651 non
2732 3596 2957 3666 arripuit
3000 3595 3213 3662 Jovius;
3259 3597 3421 3652 immo
3466 3599 3531 3650 ad

1961 3686 2236 3742 Paulinum
2266 3687 2477 3756 scripsit
2507 3702 2626 3740 cum
2647 3697 2698 3724 cc
2719 3686 2830 3741 Deo
2855 3685 3031 3742 facere
3063 3686 3307 3757 injuriam
3337 3688 3426 3756 qui
3458 3688 3530 3743 illi

1962 3777 2296 3833 adscribebat
2324 3778 2540 3832 morbos
2561 3817 2576 3842 ,
2620 3776 2920 3847 naufragia,
2954 3785 3314 3848 tempestates,
3347 3786 3401 3832 et
3427 3778 3529 3830 alia

1962 3868 2015 3924 id
2040 3883 2206 3938 genus
2242 3869 2379 3923 mala
2399 3909 2414 3934 ,
2444 3885 2560 3940 qua:
2601 3870 2765 3924 fatum
2806 3877 2866 3924 et
2886 3869 3152 3925 fortunam
3183 3869 3292 3924 Deo
3315 3869 3531 3924 aemulas

1961 3967 2257 4030 potestates
2284 3960 2454 4028 magis
2476 3975 2635 4028 quam
2665 3959 2832 4014 Deum
2863 3960 3033 4030 ipsum
3059 3959 3342 4015 decebant.

2033 4049 2086 4103 2.
2125 4048 2221 4103 His
2259 4049 2451 4102 litteris
2474 4046 2529 4084 δά
2553 4064 2647 4117 per
2673 4046 3110 4102 Posthumianum
3140 4056 3194 4100 et
3223 4047 3530 4104 Theridium

1963 4137 2243 4206 respondit
2271 4135 2552 4199 Paulinus,
2583 4136 2672 4203 qui
2711 4135 2881 4188 noluit
2919 4149 3048 4188 sane
3075 4134 3410 4188 occasionem
3438 4151 3532 4204 per

1964 4244 2059 4284 eos
2071 4228 2135 4282 ad
2153 4228 2297 4281 illum
2319 4225 2581 4281 scribendi
2605 4225 3028 4294 praetermittere,
3043 4239 3109 4278 ne
3120 4223 3387 4278 videretur
3407 4239 3531 4279 eum

1964 4336 1995 4375 a
2023 4320 2150 4374 viris
2175 4317 2434 4386 religiosis
2461 4317 2835 4371 abhorrentem
2859 4315 3195 4386 judicare."
3212 4313 3291 4370 llli
3320 4316 3528 4388 probat,

1966 4425 2087 4466 cum
2110 4408 2337 4463 mundus
2361 4405 2466 4461 nan
2494 4407 2592 4461 nisi
2621 4421 2652 4459 a
2683 4404 2794 4460 Deo
2822 4421 2930 4462 uno
2958 4413 3013 4460 et
3038 4405 3209 4461 creari
3236 4414 3290 4460 et
3311 4421 3530 4462 conser-

1965 4502 2077 4558 vari
2105 4499 2360 4572 potuerit,
2392 4498 2446 4553 in
2476 4497 2694 4553 dubium
2724 4496 2967 4551 revocari
2989 4511 3094 4550 non
3122 4511 3281 4567 posse
3307 4496 3434 4568 quin
3465 4497 3532 4551 ad

1963 4595 2104 4650 illius
2128 4593 2364 4662 regimen
2402 4606 2590 4646 omnes
2626 4599 2802 4643 motus
2833 4597 2886 4643 et
2913 4596 3090 4644 cetera
3121 4589 3299 4644 omnia
3328 4605 3448 4660 qua:
3477 4591 3530 4645 in

1962 4700 2029 4740 eo
2060 4683 2192 4738 fiunt
2217 4682 2461 4737 debeant.
2484 4678 2755 4747 revocari,
2785 4678 2830 4734 si
2858 4693 2961 4747 qua
2980 4677 3223 4733 “autem
3252 4687 3376 4734 sunt
3399 4695 3534 4750 quo-

1962 4791 2079 4829 rum
2121 4774 2358 4828 rationes
2397 4771 2649 4839 consequi
2696 4779 2750 4824 ct
2793 4769 3042 4837 colligere
3088 4786 3194 4824 non
3241 4771 3532 4838 valeamus,

1967 4865 2131 4920 tutius
2174 4864 2327 4919 nobis
2371 4878 2486 4917 esse
2522 4862 2739 4915 altiores
2764 4859 3008 4914 sensibus
3034 4865 3088 4913 et
3118 4859 3533 4928 cogitationibus

1965 4953 2163 5008 nostris
2191 4967 2309 5006 esse
2332 4951 2604 5014 rationes,
2636 4963 2793 5018 quam
2824 4947 3023 5010 nullas,
3067 4946 3305 5003 credere.
3356 4947 3423 5002 Et
3450 4965 3536 5002 rc-

1964 5057 2090 5096 vera
2122 5050 2176 5088 ss
2206 5055 2322 5109 qua:
2343 5038 2439 5092 Dei
2469 5037 2690 5092 bonitati
2717 5035 3004 5090 convenire
3032 5051 3136 5090 non
3169 5052 3324 5106 posse
3353 5036 3522 5090 viden

1965 5142 2068 5197 tur,
2103 5134 2192 5189 illo
2214 5149 2334 5188 esse
2361 5131 2716 5199 dignissimas,
2745 5145 2864 5185 cum
2892 5145 2988 5200 per
3017 5145 3079 5184 ea
3107 5139 3424 5186 exerceatur
3444 5138 3534 5183 aut

1966 5225 2220 5294 probetur
2253 5223 2450 5286 virtus,
2495 5235 2614 5276 cum
2667 5235 2773 5274 non
2812 5219 2911 5274 nisi
2949 5235 3044 5290 per
3079 5221 3287 5276 labores
3313 5228 3368 5274 et
3396 5221 3534 5288 peri-

365 5393 387 5454 '_‘
416 5383 596 5454 Carm.
639 5380 727 5454 2|,
757 5396 805 5434 v.
1025 5377 1051 5415 δ
1074 5377 1220 5454 Sulp.
1253 5377 1447 5454 dialqg.
1481 5375 1532 5454 l'_,
1555 5391 1603 5454 e_.
1633 5374 1758 5454 20."
1803 5387 1838 5454 ε.
1863 5375 2068 5454 Ρειιιλιίη.
2098 5391 2182 5444 ep.
2209 5375 2296 5454 27,
2335 5392 2392 5454 nl;
2421 5373 2472 5454 2.
2509 5441 2528 5454 ⁸
2549 5370 2816 5454 abin-'36.
2846 5372 2993 5454 mhi”:
3068 5371 3220 5454 ειιξι).
3390 5385 3445 5424 n.

300 5449 439 5521 δερ.
499 5451 586 5513 16,
623 5467 683 5521 in.
710 5450 760 5501 1.

299 5517 320 5556 ¹ι
353 5515 478 5574 Ibid.
569 5520 778 5572 'Carm.
805 5519 891 5582 19,
909 5535 956 5569 v.
980 5517 1063 5569 10.
1141 5527 1178 5552 ω
1211 5516 1366 5579 lbid.,
1395 5531 1445 5567 v.
1481 5515 1568 5568 79.

298 5591 424 5645 ".6.
501 5589 681 5643 ‘lbid.
749 5591 764 5622 ί
798 5587 952 5650 lbid.,
1005 5603 1058 5638 η.
1102 5585 1154 5638 1.

301 5668 353 5696 ⁸⁸
383 5659 534 5724 lbid.,
577 5675 629 5712 η.
664 5657 687 5708 1
723 5664 774 5710 et
803 5657 856 5710 2.
929 5657 986 5694 δι’
1021 5655 1197 5719 lbid.,'
1220 5671 1271 5707 Il.
1304 5654 1354 5706 6.

300 5737 352 5777 ιε
379 5728 534 5794 lhid..
567 5744 619 5782 n.
655 5726 689 5779 5
715 5735 769 5782 et
797 5726 846 5779 6.

1229 5595 1254 5620 υ
1287 5585 1382 5653 Ep.
1418 5583 1503 5646 16,
1538 5599 1589 5636 n.
1622 5583 1672 5635 2.

835 5448 1058 5501 sCamn.
1095 5444 1187 5512 i9,
1224 5444 1430 5499 v-163.
1507 5444 1534 5482 δ
1563 5445 1686 5500 Zos.
1717 5444 1782 5498 ν.
1818 5445 2077 5514 1,ι).824.

840 5519 891 5567 9.
909 5535 956 5567 v.
980 5517 1063 5567 10.
1141 5527 1178 5552 ιιι
1211 5516 1366 5567 lbid..
1395 5531 1445 5567 ν.
1481 5515 1568 5567 79.
1648 5524 1672 5550 η
1707 5513 1806 5567 ΕΙ).
1841 5515 2073 5567 16.η.11

1752 5530 1998 5650 ξ’

1439 5664 1491 5692 ετ
1539 5653 1693 5716 lbid.,
1741 5670 1795 5707 η.
1836 5650 1886 5706 2.
1963 5651 2019 5691 δά
2047 5653 2202 5714 lbid.,
2253 5670 2306 5706 ιι.
2353 5652 2398 5704 1.

2163 5439 2325 5497 non.
2355 5441 2569 5500 Gndefr.
2616 5439 2652 5495 ιζ
2693 5441 2777 5505 v1,
2807 5457 2860 5510 p.
2890 5442 3047 5510 568.7
3093 5444 3108 5490 ι
3145 5439 3242 5510 Ep.
3268 5439 3352 5499 l6,
3376 5455 3444 5510 _n.
3477 5443 3529 5494 ϐ.

2181 5523 2205 5550 ο
2237 5513 2460 5575 Ibid.,n.
2493 5512 2546 5564 6.
2623 5522 2649 5560 Ρ
2678 5507 2821 5564 Ibid;
2885 5520 2911 5558 (ι
2945 5509 3170 5572 lbid.,n.
3194 5507 3246 5562 1.
3326 5518 3348 5545 ι’
3373 5507 3530 5576 lbid.,

2029 5601 2080 5637 n.
2123 5584 2175 5636 6.
2253 5593 2275 5618 ι
2307 5583 2459 5645 lbid.,
2494 5597 2544 5635 η.
2579 5579 2628 5634 1.
2708 5577 2884 5632 .Vlhid.
2963 5578 3163 5644 IIIbid.,
3213 5595 3264 5632 η.
3308 5576 3344 5630 2
3396 5587 3450 5632 et
3477 5579 3528 5633 6.

2480 5659 2532 5686 οε
2562 5649 2718 5714 lbid.,
2749 5663 2801 5699 η.
2838 5645 2874 5698 2
2907 5653 2960 5703 et
2989 5647 3040 5702 5.
3121 5647 3172 5686 Η
3202 5647 3360 5714 ΗΜ..
3391 5664 3442 5704 n.
3475 5647 3525 5705 5.
