4056 6358
505 355 575 425 85
1508 354 1564 410 s.
1607 354 1949 412 l’AULl-NUS
1986 354 2312 411 NOLAMiS
2350 350 2740 409 censemus.
2916 321 2925 331 ’
3675 339 3749 401 δι

508 469 626 526 cula
654 469 881 524 virtutes
899 472 1133 524 Virorum
1161 469 1212 523 in
1239 466 1459 522 historia
1490 474 1599 521 tam
1638 467 1905 523 clarorum
1950 469 2084 523 emi-
2112 476 2152 545 ᾼ
2185 485 2279 540 que
2307 470 2576 535 vitiorum,
2616 466 2797 539 quibus
2822 466 2999 521 animo
3031 481 3133 522 non
3173 460 3283 523 Deo
3309 467 3529 522 serviens
3567 480 3754 520 servire

509 561 742 624 suerint;
777 560 821 615 si
848 570 871 596 λ
895 574 994 630 per
1020 557 1126 612 fata
1162 558 1524 641 intelligantur
1548 564 1814 612 astrorum
1840 558 2082 622 eﬂ'ectus,

512 658 654 705 astra
678 649 891 719 quidem
939 665 1065 704 esse
1102 649 1347 703 minimas
1376 648 1541 702 nostri
1571 647 1724 703 istius
1748 650 1931 704 mundi
1961 665 2086 721 par-

514 748 618 808 tes,
647 756 763 809 qua:
792 740 884 793 Dei
916 738 1170 794 voluntati
1214 739 1502 807 parebunt;
1534 737 1560 776 δ
1590 747 1742 793 extra
1788 739 1930 795 hunc
1963 754 2086 796 sen-

514 844 630 883 sum
655 829 815 895 Fata,
846 826 1036 882 Parcas
1087 837 1144 884 et
1198 828 1487 883 Fortunam
1525 842 1674 883 cassa
1703 842 1821 883 esse
1848 829 2085 894 nomina,

516 934 661 988 quae,
688 934 808 973 cum
836 918 979 973 omni
1009 920 1190 989 specie
1216 926 1472 984 careant,
1502 931 1603 973 nec
1630 919 1918 989 quidquam
1958 935 2087 991 pro-

516 1011 710 1065 ducere
755 1011 974 1077 valent;
1019 1012 1213 1067 mirum
1251 1012 1377 1067 item
1405 1027 1522 1067 esse
1564 1010 1885 1088 Platonem.c
1916 1015 2087 1085 ipsum

518 1099 652 1155 adeo
678 1100 903 1155 abusum
953 1117 1070 1156 esse
1116 1102 1363 1157 humanis
1391 1103 1605 1158 auribus
1634 1103 1807 1159 inanis
1835 1119 2091 1173 arrogan-

520 1193 591 1247 tia
619 1189 879 1249 facundae
903 1234 918 1260 ,
961 1203 1021 1250 ut
1045 1195 1319 1250 ridiculam
1348 1196 1503 1250 anilis
1538 1195 1727 1252 tabula:
1771 1198 2090 1253 cantilenam

518 1298 630 1341 non
668 1288 1010 1342 erubesceret
1041 1288 1253 1357 scriptis
1287 1288 1400 1344 suis
1426 1289 1695 1355 inserere,
1724 1288 1778 1343 in
1805 1290 2004 1358 quibus
2026 1289 2095 1346 de

520 1378 700 1433 divina
718 1381 879 1434 etiam
900 1390 1087 1435 natura
1121 1381 1392 1452 disputare
1427 1382 1677 1439 audebat.
1702 1363 1990 1453 Postquam
2018 1383 2094 1438 sic

519 1470 766 1539 probavit
778 1467 802 1505 δ
831 1468 992 1524 Deum
1013 1486 1129 1526 esse
1149 1479 1203 1526 et
1221 1480 1459 1527 nostrum
1478 1481 1534 1526 et
1547 1473 1784 1528 omnium
1797 1480 2093 1528 creatorem

522 1572 586 1614 ac
635 1559 948 1625 dominum,
998 1561 1144 1615 addit
1192 1572 1215 1600 °
1265 1582 1277 1614 :
1321 1562 1388 1616 Et
1432 1565 1551 1633 quia
1597 1574 1817 1635 quantus
1879 1572 2097 1635 quantus

2184 561 2499 614 damnatur:
2523 576 2636 632 qua:
2660 557 2842 615 deinde
2861 569 2916 613 ut
2935 561 3131 630 proprii
3153 569 3317 616 status
3344 559 3508 623 exsul,
3529 576 3622 628 per
3641 574 3755 613 om-

2186 668 2276 706 nes
2304 652 2669 722 cogitationum
2695 651 3325 714 suarum,autalienarum
3344 650 3643 720 opinionum
3670 650 3759 702 de»

2185 744 2295 797 uias
2323 744 2428 797 vias
2456 743 2736 813 spargitur,
2758 759 2850 811 per
2868 742 3198 812 philosophos
3228 759 3378 813 vaga,
3411 757 3474 795 ac
3499 757 3592 812 per
3618 740 3761 794 ario-

2187 834 2263 888 tos
2291 832 2498 889 curiosa
2515 872 2529 897 ,
2556 814 2906 903 superstitioni
2934 833 3204 903 religiosa,
3250 833 3486 904 religioni
3513 834 3758 903 profana,

2186 938 2328 994 spem
2371 924 2504 976 inter
2548 940 2610 976 ac
2651 934 2839 977 metum
2883 939 3081 993 semper
3117 922 3368 994 ambiguis
3411 920 3762 990 alectionibus

2189 1013 2437 1084 pendens.
2463 1012 2602 1067 Hinc
2638 1016 2777 1068 omni
2805 1024 2951 1069 rento
2979 1013 3245 1084 cujuslibet
3270 1013 3521 1068 doctrina:
3547 1012 3764 1066 circum-

2191 1104 2318 1170 lata,
2366 1106 2485 1176 quia
2526 1106 2689 1160 divini
2727 1106 2925 1160 timoris
2967 1122 3126 1160 vacua
3154 1107 3421 1177 sapientite
3463 1114 3617 1175 caput
3663 1122 3765 1159 non

2191 1194 2358 1249 habet.
2389 1194 2574 1251 Finem
2604 1196 2730 1251 facit
2758 1206 2783 1234 ο
2812 1212 2935 1253 eum
2976 1206 3164 1252 rursus
3209 1195 3474 1251 hortando
3503 1205 3562 1250 ut
3588 1197 3767 1249 mittat

2194 1301 2405 1342 errores
2432 1276 2876 1359 philosophorum
2923 1298 2979 1345 et
3006 1289 3385 1359 ignorantiam,
3426 1297 3481 1344 et
3508 1287 3610 1343 sibi
3638 1290 3769 1345 satis

2195 1377 2266 1432 sit
2293 1378 2360 1431 ab
2388 1378 2490 1433 illis
2518 1378 2711 1447 lingua:
2737 1380 2947 1451 copiam
2976 1390 3031 1436 et
3050 1390 3295 1436 ornatum
3312 1418 3332 1446 ,
3357 1382 3505 1453 quasi
3531 1381 3769 1451 quaedam

2196 1467 2260 1521 de
2283 1467 2549 1522 hostilibus
2579 1470 2739 1524 armis
2780 1471 2947 1541 spolia
2991 1472 3203 1542 cepisse,
3251 1480 3335 1535 ut,
3364 1470 3564 1538 inquit,
3595 1486 3769 1524 eorum

2198 1557 2363 1612 nudus
2390 1559 2675 1625 erroribus,
2711 1569 2759 1613 et
2787 1562 2995 1614 uestitus
3021 1560 3232 1631 eloquiis
3254 1600 3269 1625 ,
3311 1561 3483 1631 fucum
3515 1559 3663 1612 illum
3691 1561 3770 1628 fa-

520 1657 615 1713 est,
648 1650 851 1703 bonitas
870 1690 888 1713 ,
912 1659 961 1703 et
988 1653 1270 1720 sapientia,
1314 1662 1364 1705 et
1392 1654 1535 1724 origo
1574 1654 1790 1707 rationis
1818 1661 1949 1721 est,
1969 1652 2098 1706 nihil
2199 1637 2400 1702 candidi
2419 1688 2434 1712 ,
2488 1664 2587 1719 quo
2632 1648 2818 1719 decipit
2845 1665 2976 1704 vana
2995 1650 3249 1719 sapientia
3268 1689 3283 1715 ,
3308 1650 3474 1721 plenis
3500 1648 3650 1703 rebus
3680 1666 3769 1702 ac-

519 1740 621 1793 nisi
646 1742 845 1794 ratione
892 1743 1184 1805 constituit,
1230 1751 1279 1795 et
1319 1742 1388 1795 ad
1426 1744 1694 1797 materiam
1722 1760 1829 1797 suae
1858 1741 2099 1797 bonitatis
2201 1738 2520 1805 commodes;
2562 1756 2626 1793 ne
2668 1756 2880 1794 uacuum
2905 1741 3299 1812 ﬁgmentorum,
3327 1740 3417 1794 sed
3454 1740 3768 1794 medulatum

522 1832 731 1885 creavit.
776 1830 885 1902 Ipsi
926 1849 1076 1886 omne
1113 1833 1248 1903 quod
1284 1835 1458 1887 sumus
1487 1833 1865 1902 impendamus,
1909 1842 1958 1886 et
1986 1848 2098 1904 quae
2135 1834 2174 1894 Β
2200 1831 2427 1884 veritatis
2455 1846 2638 1901 corpus
2661 1847 2940 1897 exornans,
2971 1848 3074 1886 non
3102 1830 3227 1885 solis
3255 1831 3511 1902 placitura
3539 1830 3769 1896 auribus,

523 1919 598 1974 illi
626 1920 816 1991 placita
858 1931 997 1986 sunt,
1025 1922 1318 1976 studeamus
1343 1923 1559 1988 discere,
1578 1933 1626 1976 et
1646 1926 1814 1995 facere
1842 1940 2094 1977 curemus.

525 2009 671 2065 Tunc
696 2012 946 2084 defwcata
966 2023 1132 2067 mente
1158 2016 1335 2082 purius
1363 2015 1635 2077 iniuentes,
1668 2014 1945 2068 uidebimus
1968 2014 2099 2068 hanc

524 2118 634 2156 esse
654 2105 916 2157 veritatem
931 2142 947 2168 ,
969 2112 1024 2157 ut
1055 2122 1087 2158 a
1120 2103 1224 2159 Deo
1244 2106 1346 2159 sint
1366 2116 1548 2159 cuncta
1576 2122 1689 2178 qua:
1711 2116 1863 2172 sunt;
1888 2117 1939 2161 et
1966 2107 2101 2160 hanc

524 2207 633 2245 esse
662 2194 1111 2264 consequentiam,
1150 2203 1203 2247 ut
1240 2195 1414 2248 omnia
1445 2194 1543 2248 Dei
1574 2198 1714 2267 facta
1759 2197 2101 2268 pulcherrima

526 2283 659 2347 sint;
682 2292 731 2337 et
757 2301 858 2338 non
880 2286 947 2338 sit
975 2287 1167 2340 malum
1185 2326 1200 2349 ,
1232 2286 1368 2357 quod
1406 2287 1592 2340 bonum
1633 2286 1818 2341 habeat
1844 2298 2099 2353 antorem,

526 2376 612 2445 qui
641 2385 823 2427 cuncta
846 2393 937 2443 per
977 2376 1223 2431 mundam
1263 2377 1455 2430 nostris
1490 2376 1664 2431 usibus
1692 2380 2030 2449 prceparavit,
2054 2388 2103 2433 ct

530 2467 725 2520 nostris
740 2466 1045 2520 utilitatibus
1065 2466 1203 2539 agit;
1231 2476 1281 2522 et
1303 2469 1375 2521 ita
1399 2468 1548 2521 istius
1588 2468 1936 2523 universitatis
1976 2486 2105 2540 opus

529 2555 776 2620 condidit,
800 2566 856 2610 ut
893 2558 999 2610 alia
1021 2558 1092 2611 ad
1133 2558 1483 2622 serviendum,
1514 2558 1718 2613 alia-ad
1742 2558 2099 2623 exercendum,

528 2645 636 2699 alia
680 2646 749 2699 ad
795 2646 1167 2701 dominandum
1209 2649 1473 2702 creaverit.
1533 2642 1736 2703 Rursus
1783 2657 1935 2717 urget
1980 2663 2102 2703 eum

526 2737 739 2805 gravius
765 2735 783 2777 τ
812 2747 871 2794 ιιι
898 2740 1108 2795 veritati
1136 2748 1340 2812 pareat,
1373 2758 1476 2796 non
1504 2741 1554 2797 ei
1582 2742 1758 2795 abesse
1777 2751 1865 2795 aut
1886 2743 2107 2797 uacatio-

528 2845 646 2882 nem
666 2838 754 2882 aut
781 2831 1110 2900 facultatem;
1160 2833 1539 2901 occupationes
1566 2842 1623 2887 et
1645 2832 1843 2887 tributa
1876 2831 2103 2904 impedi-

529 2928 711 2975 mento
758 2935 867 2975 non
906 2920 1081 2975 futura
1129 2922 1412 2990 quominus
1451 2921 1547 2978 Dei
1571 2922 1742 2978 discat
1765 2924 2100 2993 sapientiam,

529 3025 652 3066 cum
679 3024 801 3077 eum
831 3026 862 3065 a
890 3011 1067 3066 studio
1094 3020 1371 3066 oratorum
1397 3012 1939 3082 philosophorumque
1966 3009 2106 3066 Grat-

528 3113 713 3154 corum
741 3108 796 3156 et
824 3099 1137 3156 Latinorum
1166 3116 1275 3157 non
1303 3110 1540 3157 arceant.
1603 3092 1765 3155 Vacat
1787 3102 1903 3169 tibi,
1936 3102 2107 3171 inquit

530 3195 556 3235 8
587 3186 856 3255 Paulinus,
887 3198 943 3243 ut
970 3190 1300 3261 philosophus
1330 3192 1423 3256 sis,
1461 3208 1563 3246 non
1586 3200 1734 3245 vacat
1772 3200 1827 3245 ut
1855 3190 2106 3246 Christia-
2133 3196 2177 3257 (ζ

529 3293 625 3332 nus
665 3281 758 3333 sis.
815 3279 967 3349 Verte
1006 3281 1176 3351 potius
1228 3283 1563 3349 sententiam,
1605 3291 1742 3335 verte
1778 3282 2099 3353 facundiam.

530 3366 673 3423 Nam
701 3373 862 3424 animi
890 3372 1266 3443 philosophiam
1293 3389 1394 3427 non
1425 3374 1653 3443 deponas
1674 3373 1805 3437 licet,
1840 3372 1963 3425 dum
1989 3389 2102 3425 eam

532 3459 634 3531 fide
652 3461 864 3516 condias
888 3472 937 3516 et
956 3464 1229 3536 religione,
1257 3465 1502 3517 consertis
1522 3472 1669 3517 utare
1693 3462 2018 3533 sapientium,
2047 3472 2103 3516 ut

531 3551 603 3603 sis
627 3553 730 3621 ει
759 3551 853 3605 Dei
891 3553 1222 3624 philosophus
1251 3562 1299 3607 et
1328 3552 1427 3606 Dei
1449 3561 1623 3617 vates;
1662 3569 1763 3606 non
1807 3553 2099 3624 quaerendo,

532 3642 622 3696 sed
648 3644 901 3697 imitando
945 3644 1109 3699 Deum
1136 3647 1375 3715 sapiens;
1405 3653 1461 3697 ut
1485 3661 1587 3699 non
1622 3653 1724 3696 tam
1749 3643 1924 3715 lingua
1952 3659 2103 3713 quam

531 3734 636 3786 vita
655 3732 907 3798 eruditus,
937 3743 1038 3787 tam
1059 3735 1286 3789 disseras
1314 3752 1502 3806 magna
1522 3752 1675 3805 quant
1703 3736 1888 3806 facias.
1932 3730 2104 3805 thue

532 3824 733 3893 aliquid
769 3824 953 3879 solidm
986 3822 1011 3861 ιι
1042 3827 1285 3881 utilitatis
1313 3842 1345 3882 e
1366 3835 1643 3898 poetarum
1672 3826 1863 3881 fabulis
1891 3825 2102 3890 educat,

532 3916 889 3986 perniciosam
920 3917 1157 3972 inanium
1186 3918 1481 3973 litterarum
1510 3919 1843 3974 dulcedinem
1861 3960 1876 3986 ,
1908 3926 1963 3972 et
1989 3932 2106 3972 om-

531 4020 628 4060 nes
674 4022 854 4062 rerum
898 4008 1268 4079 temporalium
1312 4010 1520 4079 species
1566 4008 1695 4065 dicit
1739 4024 1860 4065 esse
1904 4009 2107 4064 similes

530 4096 615 4151 vel
637 4097 903 4154 radicibus
924 4097 1376 4175 Lotophagorum,
1402 4101 1488 4155 vel
1510 4100 1816 4156 Sirenarum
1839 4100 2099 4156 cantibus.

529 4185 793 4245 Praeterea
839 4198 989 4261 optat
1034 4200 1091 4246 ut
1138 4192 1305 4263 possit
1346 4192 1503 4264 plane
1531 4192 1710 4249 omnia
1739 4191 1752 4230 ί
1786 4206 2014 4258 exuere,
2048 4199 2106 4245 ut

528 4279 698 4337 Deum
726 4299 890 4337 unum
928 4283 1111 4337 induat
1146 4283 1356 4350 Jovius,
1389 4285 1546 4354 eique
1574 4285 1657 4339 vel
1687 4284 1830 4340 nudo
1859 4300 1925 4339 ex
1954 4284 2105 4339 istius

529 4376 712 4430 mundi
755 4375 870 4429 salo
917 4373 1076 4428 liceat
1116 4375 1364 4428 evadere.
1410 4374 1674 4441 Concedit
1708 4383 1884 4428 tamen
1913 4375 2007 4428 eil
2047 4380 2106 4426 ut

530 4464 733 4519 dividat
777 4479 897 4519 cum
944 4463 1084 4529 Deo;
1128 4461 1323 4517 habeat
1366 4464 1466 4518 sibi
1503 4472 1558 4518 et
1608 4465 1719 4519 suis
1758 4471 1949 4518 cuneta
1985 4478 2104 4532 qua:

531 4553 799 4625 possidet,
848 4553 1009 4607 modo
1054 4568 1112 4607 se
1135 4594 1149 4616 ,
1185 4554 1487 4621 ingeniique
1514 4552 1796 4628 facultates
1824 4569 1885 4607 ac
1912 4552 2103 4621 lingua:
2133 4564 2183 4623 ι)

437 4640 447 4649 ’
531 4662 664 4719 opes
692 4648 805 4703 Deo
832 4646 1063 4701 dedicet.
1097 4643 1269 4714 Illico,
1297 4645 1469 4716 inquit
1499 4644 1546 4712 ι,
1576 4655 1632 4699 ut
1663 4645 1733 4698 ad
1760 4661 1982 4716 superna
2009 4660 2099 4713 pe-

531 4739 753 4794 netralia
782 4740 944 4792 aciem
967 4738 1150 4792 mentis
1184 4736 1494 4802 intenderis,
1523 4738 1714 4807 aperiet
1749 4735 1818 4789 ad
1853 4744 1901 4788 te
1920 4735 2101 4805 faciem

532 4847 679 4886 suam
717 4830 906 4885 veritas
929 4869 945 4895 ,
979 4839 1120 4899 teque
1162 4830 1326 4899 ipsum
1368 4827 1611 4882 reserabit
1643 4827 1762 4893 tibi,
1786 4827 1908 4896 quia
1934 4823 1952 4862 ι
1981 4840 2102 4880 cum

534 4924 695 4979 homo
742 4921 910 4977 Deum
956 4921 1254 4989 intelligere
1293 4919 1502 4985 uoluit,
1552 4910 1741 4988 dignus
1769 4918 1867 4973 fuit
1898 4917 1988 4989 qui
2022 4916 2102 4971 sui

534 5015 699 5086 ipsius
728 5013 1060 5083 ignoratione
1089 5012 1352 5067 feriretur.
1401 5009 1558 5066 Addit
1586 5020 1624 5046 ω
1654 5009 1922 5063 hominem
1948 5022 2107 5078 supe.

535 5108 734 5166 riorem
755 5105 999 5162 omnibus
1018 5105 1275 5160 creaturis
1299 5102 1769 5169 irrationabilibus,
1784 5114 1966 5171 parem
1989 5114 2109 5155 esse

532 5199 729 5257 ceteris
742 5197 987 5254 omnibus
996 5195 1087 5250 uni
1103 5193 1215 5250 Deo
1234 5191 1515 5264 subjectis:
1539 5191 1591 5245 Η
1593 5210 1653 5246 ac
1669 5188 2113 5255 mediocritate,in-

532 5272 651 5362 quit
670 5301 719 5358 η,
744 5292 895 5346 homo
909 5295 1236 5358 temperatus,
1260 5302 1418 5357 neque
1436 5303 1468 5339 a
1490 5284 1670 5338 salutis
1683 5291 1819 5337 sorte
1838 5280 2107 5343 delabitur,

537 5399 694 5455 neque
712 5400 744 5437 a
764 5381 1013 5452 dignitate
1036 5383 1259 5444 naturai,
1276 5377 1432 5447 fitque
1455 5375 1686 5429 conscius
1700 5373 1950 5438 ueritatis,
1971 5387 2108 5425 cont-

537 5491 630 5545 pos
649 5474 943 5543 sapientiae,
971 5484 1145 5524 seruus
1165 5467 1413 5539 justitite,
1442 5464 1567 5520 liber
1591 5467 1779 5521 erroris
1797 5504 1812 5531 ,
1842 5463 2107 5517 dominus-

610 5618 632 5646 -
665 5605 895 5676 Ep.16.,
922 5621 975 5659 η.
1001 5602 1078 5676 t._
1128 5599 1309 5676 ginta.

543 5682 556 5731 i
605 5670 735 5732 Ibid.
764 5715 780 5738 ,
832 5670 891 5730 n.
931 5676 984 5730 9.
1068 5672 1091 5711 ι
1135 5670 1268 5727 Ibid.

542 5727 980 5814 iiuililfvf‘tii
1018 5743 1305 5809 ⁸1ὺίι1.,ν.
1356 5733 1497 5797 39st
1540 5751 1691 5806 seqq.
1772 5736 1789 5769 ι
1834 5731 1930 5802 Ep.
1966 5730 2051 5796 l7,
2097 5746 2152 5782 η.
2204 5727 2252 5781 ι.

1392 5611 1411 5637 ε
1444 5598 1575 5653 Ibid.
1650 5593 1676 5635 δ
1706 5593 1863 5658 Ibid.,
1894 5608 1950 5646 ιι.
1991 5590 2043 5645 5.

1352 5668 1368 5709 ¹
1403 5667 1533 5724 Ibid.
1610 5676 1647 5702 ιη
1677 5664 1808 5720 Ibid.
1884 5672 1909 5698 υ
1939 5660 2091 5723 |bid.,

2202 5585 2311 5640 bid.
2393 5585 2413 5623 ί
2447 5585 2603 5646 lbid.,
2634 5597 2686 5634 η.
2719 5585 2772 5633 ti.
2850 5587 2873 5623 8
2906 5585 3036 5631 Ibid.
3114 5585 3137 5612 ιι
3176 5585 3313 5630 tum.
3391 5585 3404 5612 ι
3438 5585 3594 5636 ωια..
3638 5588 3694 5627 n.
3723 5585 3756 5624 ts

2210 5657 2294 5709 lt).
2371 5651 2561 5724 oilhid.
2585 5690 2600 5717 ,
2631 5666 2684 5704 ιι.
2721 5649 2806 5704 tl.
2881 5660 2907 5698 ρ
2933 5645 3113 5701 Carm.
3156 5645 3243 5699 19.
3318 5655 3343 5694 σι
3373 5644 3529 5708 lbid.,
3568 5659 3625 5696 ν.
3656 5640 3761 5696 HS

2200 1919 2365 1990 sedet
2390 1919 2639 1973 mentibus
2659 1920 2920 1975 hominum
2948 1923 3221 1993 profutura
3248 1921 3530 1975 mediteris.

2271 2009 2324 2065 3.
2366 2009 2569 2066 Pra-ter
2596 2011 2740 2066 illam
2787 2012 3064 2082 epistolam
3104 2012 3158 2067 in
3185 2026 3291 2081 qua
3341 2009 3547 2066 Paulini
3577 2011 3770 2079 ingenii

2201 2118 2448 2172 acumen,
2479 2103 2747 2175 ipsiusque
2798 2103 3017 2159 scientia
3056 2102 3223 2172 magis
3248 2118 3408 2172 quam
3438 2103 3488 2159 in
3518 2103 3639 2157 aliis
3663 2103 3770 2158 elo.

2201 2204 2444 2262 cescunt,
2494 2211 2687 2267 poema
2717 2205 2745 2245 Ρ
2771 2194 2931 2249 etiam
2977 2192 3133 2251 Jovio
3160 2193 3380 2262 dicavit,
3410 2194 3568 2264 idque
3599 2194 3769 2249 forsan

2202 2289 2475 2359 scripserit
2503 2288 2661 2358 paulo
2686 2270 2861 2352 ante,
2904 2286 2957 2341 in
2987 2302 3093 2356 quo
3124 2302 3245 2341 eum
3269 2286 3516 2341 hortatur
3545 2298 3571 2335 ιι
3596 2295 3651 2341 ιιι
3680 2304 3769 2342 vo-

2204 2389 2327 2435 veat
2355 2379 2586 2434 studium
2616 2387 2671 2434 et
2695 2393 2915 2450 operam
2948 2375 3243 2432 scribendis
3268 2376 3653 2447 laudandisquc
3682 2376 3768 2433 Dei

2204 2470 2473 2525 miraculis
2494 2477 2549 2524 et
2575 2469 2831 2540 potentia.
2864 2466 2953 2523 Sic
2985 2467 3059 2522 ait
3087 2477 3137 2520 τε

2331 2603 2492 2666 Incipe
2514 2603 2688 2652 divinis
2707 2607 2892 2666 tantum
2916 2602 3035 2652 dare
3059 2603 3252 2666 pectora
3276 2601 3445 2663 rebus,

2326 2663 2690 2725 Subiectosque
2715 2664 2816 2712 Deo
2837 2676 3011 2713 sensus
3039 2663 3265 2712 attollere
3291 2672 3423 2711 terra

2328 2728 2435 2776 Mox
2460 2726 2613 2775 oculis
2635 2726 2758 2774 ccelo
2785 2737 2904 2774 nova
2927 2726 3010 2774 lux
3032 2727 3221 2774 orietur
3236 2735 3426 2783 aperto,

2330 2788 2791 2849 lntrabitquesacer
2814 2788 2956 2835 tacito
2980 2799 3070 2848 per
3092 2793 3260 2846 operta
3283 2793 3445 2849 meatu

2323 2846 2628 2920 Spiritum—et
2645 2848 2752 2898 lato
2777 2852 2966 2956 quatiet
2984 2846 3278 2919 timvisvera
3293 2846 3491 2895 ﬂatu....

2327 2914 2514 2956 (luanto
2537 2922 2687 2956 maior
2707 2910 2767 2956 ab
2801 2923 2859 2956 us
2876 2910 3022 2956 cedet
3046 2907 3131 2956 Ilbl
3159 2908 3309 2956 aluta
3337 2909 3491 2956 emoti:

2327 2907 2514 2968 U'uanto
2536 2907 2690 2970 maior
2707 2910 2767 2957 ab
2786 2907 2859 2957 his
2876 2910 3022 2957 crdet
3046 2907 3131 2956 tibi
3158 2908 3309 2968 gloria
3337 2909 3529 2970 emptis,

2327 2972 2381 3021 In
2406 2974 2582 3032 quibus
2605 2977 2658 3020 et
2682 2969 2893 3033 linguam
2919 2981 3182 3030 exercens,
3205 2969 3425 3018 mentem
3442 2979 3768 3089 quoqiqté‘s'm-

3668 3044 3742 3077 aut

3619 3041 3742 3079 ctam

2328 3092 2558 3153 Erudies;
2584 3092 2873 3153 laudemque
2896 3090 3059 3151 simul,
3084 3091 3326 3150 vitamque
3346 3092 3608 3153 capessesit

2334 3152 2551 3215 Dumque
2577 3154 2716 3214 leges
2733 3162 2885 3214 catus,
2910 3162 2963 3203 et
2985 3154 3171 3201 scribes
3184 3152 3408 3215 miracula
3430 3153 3606 3200 summi

2331 3217 2387 3264 γε
2407 3230 2457 3264 ra
2478 3214 2594 3273 Dei,
2620 3216 2862 3277 propxord
2882 3228 3008 3273 sees,
3033 3222 3079 3277 et
3103 3214 3258 3262 carior
3282 3214 3371 3277 ipsi

2326 3277 2445 3326 lisse
2473 3277 2575 3325 Deo
2604 3291 2614 3326 :
2641 3275 2785 3337 quem
2806 3276 2917 3323 dum
2942 3275 3149 3324 credens
3168 3275 3374 3337 miraris,
3394 3285 3559 3337 amare.

2327 3339 2393 3387 ln'
2414 3342 2446 3400 ἱ,
2469 3341 2559 3397 ins,
2587 3345 2638 3387 et
2660 3333 2860 3385 amando
2884 3337 3039 3386 Deum
3063 3336 3383 3385 redanisbere
3416 3333 3604 3384 Christo

2276 3462 2431 3518 Addit
2459 3462 2674 3532 insuper
2701 3458 2951 3514 Paulinus
2990 3472 3109 3513 eum
3139 3455 3468 3513 edocendum
3501 3462 3522 3490 '
3555 3454 3609 3509 in
3639 3454 3772 3509 libro

2205 3554 2478 3610 Geneseos
2505 3568 2623 3623 quze
2651 3553 2720 3607 sit
2745 3566 2871 3607 vera
2902 3548 3079 3605 mundi
3109 3549 3282 3617 origo,
3311 3546 3447 3617 apud
3476 3546 3773 3601 Johannem

2206 3662 2323 3718 qua:
2346 3646 2412 3701 de
2442 3645 2550 3700 Deo
2573 3653 2627 3700 et
2646 3643 2861 3698 Christo
2890 3643 2959 3698 sit
2984 3641 3326 3707 credendum,
3356 3650 3485 3707 etc.,
3522 3641 3575 3695 in
3609 3640 3773 3695 Rubri

2206 3741 2368 3795 marTs
2394 3740 2619 3794 transitu
2644 3746 2697 3792 et
2717 3736 2863 3791 Jonte
2891 3735 3110 3790 historia
3140 3733 3327 3802 Deum,
3351 3750 3458 3789 non
3486 3732 3773 3798 fortunam,

2206 3832 2340 3887 mari
2369 3829 2629 3885 dominari
2659 3835 2712 3881 et
2741 3824 3175 3895 tempestatibus;
3200 3824 3251 3878 in
3280 3822 3441 3877 Josue
3469 3832 3523 3876 et
3550 3821 3776 3877 Ezechia

2207 3925 2373 3980 solem
2404 3930 2459 3977 et
2479 3930 2621 3976 astra
2644 3920 2718 3974 illi
2747 3919 3137 3987 obtemperare,
3163 3932 3260 3970 nec
3290 3915 3399 3970 lato
3427 3915 3550 3968 vitm.
3580 3923 3777 3968 nostra:

2207 4014 2527 4071 curriculum
2575 4011 2684 4079 regi
2721 4008 3076 4078 cogniturum.
3108 4005 3241 4073 Quid
3272 4006 3369 4059 ista
3399 4003 3541 4075 apud
3566 4002 3777 4057 Jovium

2208 4105 2491 4171 valuerint,
2522 4108 2629 4157 non
2654 4100 2961 4164 innotescit,
2994 4106 3207 4154 constat
3244 4096 3429 4151 saltem
3461 4095 3542 4149 his
3570 4093 3777 4148 Paulini

2207 4196 2508 4252 excrevisse
2553 4194 2659 4263 62
2706 4191 3003 4246 caritatem.
3054 4187 3197 4242 Illius
3246 4185 3310 4240 ad
3328 4183 3544 4240 'Jovium
3584 4198 3777 4255 poema

2207 4299 2603 4354 nonnumquam
2632 4281 2691 4337 S.
2723 4279 2963 4335 Mamerti
2994 4277 3141 4333 fratri
3171 4276 3462 4332 Claudiano
3493 4273 3775 4329 tribuitur:

2206 4380 2347 4449 quod
2379 4379 2521 4433 nullo
2550 4375 2892 4430 fundamento
2920 4372 3210 4427 stabilituin
3239 4368 3448 4424 videtur

2748 4552 2974 4609 CAPUT
3011 4550 3226 4606 XXXV.

2208 4690 2376 4761 rEger
2429 4688 2679 4742 Paulinus
2727 4686 3295 4808 SulpicittnqatSeverum
3344 4682 3413 4735 ad
3465 4697 3524 4735 se
3564 4680 3777 4735 ntultunt

2890 4772 2991 4808 tum
3076 4795 3091 4808 .

2890 4772 3091 4809 ιηιιιιαι.

2282 4913 2331 4965 1.
2372 4908 2658 4964 Paulinus‘
2687 4915 2802 4962 toto
2847 4907 3124 4977 superiore
3170 4919 3310 4959 anno
3341 4919 3371 4957 a
3399 4917 3618 4958 suorum
3649 4918 3774 4973 pue-

2210 5020 2389 5059 rorum
2414 5002 2647 5057 discessu
2670 5014 2836 5068 usque
2864 4997 2930 5052 ad
2957 4998 3184 5051 hiemem
3199 4994 3489 5065 Sulpicium
3518 4993 3779 5048 Severum

2211 5099 2631 5165 exspectaverat,
2672 5106 2702 5145 a
2732 5105 2839 5159 quo
2884 5103 3003 5143 cum
3050 5103 3157 5143 non
3203 5085 3498 5156 accepisset
3550 5084 3774 5147 litteras,

2212 5201 2310 5240 nec
2337 5184 2543 5252 reliquo
2574 5181 2712 5235 illius
2737 5179 2857 5233 anni
2893 5187 3153 5248 tempore,
3180 5190 3354 5245 nequc
3380 5174 3654 5243 sequentis
3680 5173 3780 5228 ini-

2213 5277 2309 5340 tio,
2332 5272 2558 5329 credidit
2577 5287 2697 5326 eum
2728 5269 2848 5323 ideo
2878 5284 2985 5323 non
3012 5268 3219 5321 misisse
3248 5265 3472 5329 litteras,
3495 5262 3640 5334 quod
3668 5264 3781 5332 ipse

2208 5363 2485 5420 adfuturus
2531 5369 2692 5428 esset,
2722 5369 2777 5417 et
2806 5360 3007 5415 idcirco
3047 5357 3267 5427 singulis
3302 5370 3424 5410 eum
3467 5353 3655 5409 diebus
3681 5368 3779 5408 ex-

2209 5455 2509 5528 Spectabat.
2532 5453 2714 5522 Itaque
2742 5451 2968 5505 Romam
2990 5457 3017 5484 ιι
3040 5448 3107 5503 ad
3137 5446 3494 5502 venerabilem
3524 5442 3780 5499 solemni-

2393 5581 2603 5646 flbid.,
2634 5597 2686 5634 η.
2719 5580 2772 5633 6.
2850 5576 3036 5646 albid.
3112 5574 3313 5646 ιιιιιίσι.Δ
3377 5572 3594 5646 λιθία..
3638 5574 3776 5646 u_._§.

2329 5734 2353 5761 υ
2382 5723 2497 5777 Ibid
