4056 6358
224 305 232 309 ’
275 354 352 414 εδ
1642 345 2157 406 ῐιῐιοιεοοΜΕΝΑ.
2778 332 2809 339 ”
2837 332 2866 358 ’⁵
3451 356 3523 410 se

279 475 410 527 tatis
446 467 752 540 apostolica:
791 467 931 523 diem
979 464 1351 522 adventantem
1401 474 1424 501 τι
1458 464 1724 535 profectus
1777 472 1859 516 est

1968 483 2176 536 vissime
2209 493 2228 518 τ
2262 489 2583 550 cognoverat
2631 499 2662 538 a
2703 481 2972 556 Tyciiico,
3002 498 3160 552 quem
3201 484 3258 540 8.
3287 485 3521 541 Victricii

280 563 508 617 solemni
530 556 966 622 consuetudine,"
987 571 1313 626 prassumens
1333 556 1407 608 illi
1429 553 1855 624 amplectendum

281 652 386 705 sibi
407 649 738 705 carissimum
769 647 1045 701 Severum.
1062 646 1140 699 Ab
1156 644 1462 698 cAnastasio
1479 660 1615 713 papa
1645 642 1855 704 blande,

284 747 628 811 peramanter
677 753 738 792 ac
776 737 1068 792 honoriﬁce
1105 744 1359 804 exceptus
1387 744 1496 799 est;
1543 742 1598 788 at
1625 732 1650 770 ἀ
1677 731 1858 788 Severi

285 831 368 885 sui
393 837 682 898 conspectu
713 829 811 881 frui
837 844 943 882 non
971 827 1154 881 valuit.
1181 826 1364 895 Itaque
1393 825 1582 880 litteris
1608 839 1725 895 qua:
1745 823 1860 891 ejus

287 921 504 975 nomine
543 918 641 988 ipsi
679 918 901 973 reddita:
939 926 1062 972 sunt
1102 933 1160 972 se
1188 916 1494 972 consolatus
1522 923 1625 981 est,
1658 915 1709 968 in
1738 913 1859 982 qui-

286 1009 388 1065 bus
409 1020 430 1047 ε
459 1016 706 1063 causatus
735 1007 1092 1062 inﬁrmitatem
1119 1022 1268 1061 suam
1299 1005 1528 1060 Severus
1555 1004 1629 1058 illi
1659 1003 1677 1041 ί
1709 1017 1858 1072 spem

289 1100 586 1170 prmsentia:
614 1114 723 1153 sua:
748 1097 1030 1153 adimebat.
1065 1096 1172 1152 Has
1202 1097 1404 1150 litteras
1433 1094 1684 1150 Paulinus
1709 1107 1862 1148 acce-

289 1193 368 1260 pit
397 1191 462 1244 ab
491 1189 705 1246 homine
735 1199 759 1235 κ
781 1191 933 1258 cujus
957 1195 1010 1242 et
1038 1187 1201 1242 vestis
1244 1194 1301 1241 et
1349 1184 1512 1240 facies
1536 1184 1751 1238 minime
1771 1197 1860 1237 sa-

292 1280 511 1350 piebant
540 1279 879 1343 monachum,
912 1286 1003 1332 aut
1049 1293 1144 1332 eos
1175 1292 1312 1346 quos
1357 1275 1473 1345 ipse
1519 1282 1574 1329 et
1599 1273 1863 1343 Sulpicius

289 1372 526 1424 Severus
553 1369 620 1423 ad
649 1370 753 1422 tale
781 1367 1159 1422 commercium
1206 1376 1358 1420 erant
1401 1364 1544 1421 soliti
1589 1364 1859 1419 adhibere.

292 1458 504 1512 Etenim
537 1459 581 1515 is
609 1474 792 1511 servus
811 1467 928 1512 exat
955 1457 1109 1511 unius
1137 1473 1202 1512 ex
1224 1457 1406 1511 amicis
1435 1457 1618 1527 ipsius,
1649 1455 1863 1510 nomine

292 1547 592 1616 Sabini,qui
616 1547 814 1602 Severo
836 1548 1076 1616 proxima
1099 1555 1213 1600 erat
1234 1546 1490 1601 afﬁnitate
1512 1546 1856 1614 conjunctus:

293 1637 438 1704 quod
470 1652 589 1689 cum
619 1651 681 1690 ea
712 1636 762 1688 in
815 1639 1095 1691 occasione
1124 1635 1346 1690 Paulino
1392 1635 1741 1697 innotuisset,
1771 1649 1865 1689 cu-

295 1726 498 1781 mulato
543 1735 669 1781 tunc
713 1727 967 1781 Sabinum
1020 1742 1204 1781 amore
1249 1727 1559 1796 complexus
1604 1734 1706 1781 est.
1738 1724 1862 1794 Ejus

293 1832 426 1870 vero
455 1832 639 1871 servus
665 1816 804 1872 haud
843 1817 955 1872 scio
999 1832 1065 1871 an
1105 1817 1174 1870 sit
1211 1817 1300 1871 ille
1340 1817 1665 1872 Marrucinus
1702 1830 1859 1884 quem
1893 1810 1934 1867 Β

299 1904 551 1959 Paulinus
591 1904 615 1942 ιλ
662 1907 766 1961 alio
805 1907 854 1960 in
888 1907 1007 1961 loco
1035 1907 1190 1961 simili
1222 1907 1377 1971 plane
1421 1908 1578 1962 modo
1606 1907 1863 1976 depingit,

295 2005 351 2049 ct
375 2012 530 2064 quem
558 1995 686 2050 dicit
729 1997 860 2051 alias
889 1997 989 2050 sibi
1028 1996 1212 2051 Severi
1249 1997 1451 2051 litteras
1479 1997 1738 2050 attulisse.
1771 1995 1864 2050 Ille

297 2096 474 2140 t:unen
509 2084 524 2122 ί
551 2087 874 2142 Marracinus
903 2088 970 2142 ad
998 2087 1254 2143 Severum
1280 2091 1597 2158 pertinuisse
1634 2088 1862 2152 videtur,

293 2177 386 2242 qui
441 2177 589 2230 illum
632 2177 866 2245 jusserat
921 2179 1223 2232 monachum
1269 2180 1497 2249 ﬁngere,
1529 2187 1586 2232 ut
1640 2186 1866 2232 testatur

297 2263 550 2320 Paulinus
600 2268 690 2335 qui
747 2283 868 2321 eum
923 2269 1242 2323 monachum
1299 2270 1646 2339 inspiritalem
1688 2277 1859 2323 vocat.

296 2353 527 2409 Litteras
563 2356 626 2409 ad
674 2356 961 2427 Sulpicium
1010 2358 1261 2413 Severum
1302 2361 1515 2428 repetiit
1563 2359 1790 2414 Sabinus
1834 2375 1864 2414 a

297 2445 543 2515 Paulino,
591 2447 686 2502 sed
735 2450 952 2503 nimium
983 2460 1274 2520 occupatus
1304 2453 1316 2500 i
1367 2461 1508 2507 totos
1541 2454 1724 2506 decem
1754 2451 1866 2506 dies

295 2549 431 2602 (ιιιίεε
463 2535 643 2590 Romae
671 2539 798 2606 egit,
828 2539 1120 2594 rescribere
1143 2555 1249 2593 non
1275 2541 1478 2610 potuit;
1509 2542 1676 2595 multo
1694 2542 1867 2595 minus

295 2623 512 2678 domum
544 2642 833 2695 regressus,
865 2643 985 2682 eum
1013 2629 1153 2682 enim
1178 2628 1199 2666 ¹ί
1223 2631 1397 2699 gravis
1425 2632 1688 2700 oppressit
1715 2632 1868 2697 {Png-

299 2715 428 2769 tndo
457 2731 626 2785 eaque
681 2720 913 2783 diutina,
968 2721 1062 2776 sed
1111 2721 1251 2776 Deus
1293 2725 1398 2776 vita
1452 2731 1508 2776 ct
1553 2723 1870 2777 resurrectio

1961 574 2297 629 carissimum
2326 573 2541 627 fratrem
2573 581 2628 628 et
2655 574 2861 629 ﬁdelem
2891 574 2942 628 in
2970 574 3194 628 Domino
3223 574 3521 629 ministrant

1957 665 2228 734 appellat;
2271 671 2325 718 et
2362 672 2488 719 tunc
2535 673 2556 699 ³
2609 665 2742 719 luxit
2789 665 3161 736 negligentiam
3203 665 3526 724 infelicitat's

1956 771 2065 810 sua:
2093 755 2236 824 quod
2265 753 2499 810 Victricii
2522 756 2858 811 sanctitatem
2897 772 3004 811 non
3049 757 3178 811 satis
3221 757 3527 826 agnovisset

1958 853 2014 900 et
2033 853 2314 900 veneratus
2344 844 2548 909 fuisset,
2581 860 2700 900 cum
2729 846 2855 900 olim
2883 846 3101 901 Vienna:
3129 846 3268 917 apud
3295 847 3352 902 S.
3382 846 3528 904 Mar-

1958 937 2127 990 tinum
2149 951 2272 990 eum
2299 935 2526 1002 viderat,
2553 943 2608 989 et
2636 935 2774 989 illius
2793 937 3067 991 cicatrices
3094 953 3201 992 non
3229 937 3519 996 lambisset.

1960 1024 2040 1078 Ad
2064 1041 2186 1080 eum
2211 1025 2476 1081 scribendi
2503 1027 2520 1061 ί
2554 1025 2824 1094 qumrebat
2851 1027 3208 1094 occasionem,
3238 1043 3338 1084 nec
3361 1028 3526 1084 daba-

1961 1122 2067 1180 tur,
2095 1114 2452 1182 donecquod
2498 1115 2703 1185 optanti
2743 1114 3029 1184 aliquando
3057 1131 3163 1170 non
3207 1118 3524 1185 contigerat,

1960 1202 2014 1256 id
2043 1203 2331 1273 insperanti
2350 1203 2448 1258 sibi
2473 1205 2714 1273 provenit
2741 1204 2925 1260 Roma:
2945 1221 3051 1275 quo
3073 1216 3368 1262 accesserat
3389 1207 3527 1262 Pau-

1963 1295 2136 1359 linus;
2167 1294 2361 1349 eodem
2386 1295 2528 1350 enim
2576 1303 2813 1364 tempore
2840 1311 2958 1350 cum
2995 1295 3226 1365 quodam
3273 1298 3524 1353 catechu-

1962 1399 2120 1439 meno
2137 1393 2162 1421 α
2197 1383 2328 1439 Urso
2357 1384 2625 1439 concurrit
2646 1391 2700 1438 et
2728 1384 3042 1440 Paschasius
3068 1385 3124 1440 S‘.
3158 1385 3392 1441 Victrieii
3418 1386 3527 1442 Ro-

1963 1476 2288 1546 tomagensis
2306 1476 2576 1540 diaconus,
2606 1475 2657 1528 in
2679 1475 2828 1544 cujus
2855 1486 2883 1514 ν
2909 1477 3233 1532 humanitate
3269 1486 3324 1533 et
3359 1479 3526 1547 gratia

1962 1569 2115 1640 quasi
2161 1567 2418 1638 quasdam
2467 1569 2719 1623 virtutum
2765 1571 3158 1640 gratiarumque
3195 1570 3256 1627 S.
3297 1573 3530 1629 Victricii

1966 1659 2148 1721 lineas,
2189 1657 2338 1712 velut
2382 1657 2603 1726 specqu
2631 1657 2918 1725 reddente,
2968 1675 3027 1714 se
3080 1661 3358 1729 collegisse
3403 1661 3530 1716 dicit

1966 1747 2242 1812 Paulinus;
2274 1745 2614 1801 Paschasium
2643 1748 2784 1802 enim
2832 1757 2886 1803 et
2932 1749 3285 1807 institutionis
3333 1751 3528 1807 Victri-

1961 1839 2029 1893 cii
2051 1838 2363 1906 discipulum
2415 1845 2470 1893 et
2495 1839 2593 1892 viae
2635 1839 2884 1894 comitem
2928 1847 2954 1876 ι
3000 1839 3258 1895 modestia
3299 1857 3528 1909 morum,

1961 1931 2138 1986 cordis
2165 1930 2458 1996 humilitas,
2509 1929 2860 1985 mansuetudo
2890 1931 3125 2000 spiritus,
3153 1935 3448 1988 constantia
3476 1935 3529 1990 in

1965 2019 2066 2074 ﬁde
2092 2019 2336 2074 veritatis
2365 2026 2420 2074 et
2446 2035 2624 2075 sermo
2652 2019 2704 2074 in
2728 2020 2973 2074 omnibus
2999 2020 3110 2076 sale
3135 2020 3380 2077 conditus
3407 2025 3529 2093 pro-

1962 2111 2180 2166 babant.
2205 2109 2389 2180 Itaque
2411 2126 2531 2166 eum
2553 2122 2580 2160 γ
2604 2119 2795 2182 praeter
2821 2112 3044 2179 gratiam
3067 2111 3283 2168 fraterni
3301 2113 3352 2168 in
3380 2130 3530 2170 sacro

1962 2201 2274 2255 diaconatus
2332 2201 2629 2256 ministerio
2683 2201 3018 2256 contubernii
3064 2217 3132 2258 eo
3179 2204 3531 2258 venerabilius

1963 2290 2352 2360 amabiliusque
2399 2291 2632 2360 suscepit
2661 2289 2927 2358 Paulinus,
2959 2292 3103 2361 quod
3142 2293 3187 2348 is
3205 2291 3272 2348 de
3297 2293 3531 2351 Victricii

1963 2381 2130 2446 clero,
2179 2389 2234 2436 et
2283 2397 2531 2452 corpore,
2579 2391 2634 2436 et
2672 2383 2879 2450 spiritu,
2937 2391 3097 2438 esset.
3129 2383 3239 2438 Nec
3274 2384 3422 2438 illum
3465 2400 3530 2440 ex

1966 2470 2108 2526 Urbe
2139 2471 2206 2526 ad
2229 2472 2535 2527 Victricium
2565 2473 2739 2528 redire
2763 2474 3066 2543 cupientem
3095 2489 3280 2543 passus
3301 2482 3385 2529 est
3409 2490 3530 2543 pro-

1966 2561 2148 2626 ﬁcisci,
2180 2561 2273 2616 sed
2300 2561 2530 2630 quadam
2576 2563 2814 2617 caritatis
2852 2563 3101 2617 violentia
3140 2579 3260 2618 eum
3291 2563 3533 2633 perduxit

1965 2652 2174 2718 Nolam,
2206 2660 2264 2706 ut
2292 2651 2489 2705 diutius
2516 2667 2611 2720 per
2632 2651 2770 2705 illius
2792 2653 3124 2720 przesentiam
3145 2653 3293 2720 quasi
3309 2652 3534 2722 quadam

1968 2739 2022 2794 S.
2057 2740 2291 2795 Victricii
2333 2740 2517 2808 gratiae
2557 2740 2805 2809 portione
2854 2739 3136 2796 frueretur.
3175 2739 3319 2797 Illius
3359 2749 3536 2799 tamen

298 2820 486 2859 eorum
516 2809 605 2876 qui
637 2808 711 2862 illi
733 2812 990 2875 serviunt,
1024 2828 1144 2866 eum
1170 2814 1330 2865 morti
1361 2813 1572 2866 tradere
1601 2813 1787 2878 noluit,
1819 2821 1874 2867 et
1973 2839 1994 2865 κ
2029 2829 2450 2883 conversationis
2480 2808 2586 2884 ιιοῂ
2617 2829 2936 2884 mediocrem
2966 2831 3385 2887 consolationem
3412 2847 3536 2902 per-

300 2895 634 2949 verberatum
658 2897 905 2952 liberavit
933 2909 1236 2968 sperantem
1266 2901 1318 2953 in
1346 2902 1706 2955 misericordia
1735 2901 1870 2970 ejus.

1973 2917 2104 2972 didit
2132 2917 2404 2984 Paulinus,
2435 2919 2523 2988 qui
2555 2928 2680 2973 tunc
2710 2921 2962 2990 temporis
2989 2923 3187 2976 carnali
3229 2923 3536 2992 (egritudine

303 2982 438 3037 Cum
480 2984 638 3050 igitur
690 2987 1021 3053 revaluisset,
1053 2988 1122 3042 ad
1169 2989 1426 3045 Severum
1481 2992 1490 3026 ³
1545 2992 1770 3060 scripsit,
1819 3001 1874 3046 et
1969 3006 2195 3062 amictus
2225 3016 2323 3071 est,
2355 3017 2412 3062 ιιι
2436 3009 2545 3074 jam
2579 3019 2619 3045 λ
2644 3011 2885 3080 superius
2913 2982 3328 3069 οδεετγωοεωυξ,
3359 3014 3540 3084 Neque

305 3083 526 3141 questus
553 3084 634 3129 est
655 3078 796 3146 quod
828 3080 1024 3148 tamdiu
1051 3097 1173 3136 eum
1211 3082 1404 3137 frustra
1421 3093 1458 3120 ιη
1488 3091 1867 3153 exspectasset,

302 3179 549 3220 asserens
576 3171 599 3197 "
626 3183 685 3222 se
713 3169 780 3222 de
806 3171 984 3226 animo
1012 3188 1109 3227 suo
1138 3189 1283 3243 spem
1327 3175 1480 3228 istam
1505 3175 1735 3244 abjicere
1761 3191 1867 3230 non
1893 3151 1938 3212 ο

302 3270 483 3325 posse,
524 3272 628 3324 qua
678 3262 1035 3328 praesumebat
1062 3279 1183 3317 eum
1228 3264 1511 3340 videndum
1541 3267 1869 3336 amplecten-

303 3343 537 3411 dumque
565 3346 682 3409 sibi,
717 3363 835 3401 cum
867 3349 1024 3402 toties
1055 3350 1105 3404 id
1131 3360 1273 3406 esset
1300 3353 1595 3422 pollicitus;
1638 3355 1689 3408 ni
1721 3356 1867 3410 veni-

305 3441 406 3494 ret,
431 3448 552 3486 eum
579 3437 914 3491 statuendum
937 3448 958 3472 ο
977 3440 1141 3509 culpa:
1161 3457 1312 3496 reum
1341 3444 1392 3496 in
1423 3443 1480 3499 8.
1503 3443 1752 3509 Felicem,
1774 3461 1872 3500 nec

307 3538 427 3576 eum
457 3540 615 3593 posse
660 3529 866 3581 causari
913 3529 1288 3596 inﬁrmitatem,
1319 3549 1440 3586 cum
1488 3541 1567 3588 tot
1616 3535 1747 3589 alias
1775 3535 1873 3589 fre-

306 3624 589 3686 quentaret
607 3620 1075 3687 peregrinationes,
1096 3633 1150 3677 et
1171 3625 1374 3680 iteratis
1394 3643 1534 3695 smpe
1554 3628 1691 3681 intra
1715 3644 1870 3682 unam

305 3714 541 3759 aestatem
573 3710 882 3764 excursibus
914 3712 1152 3768 Turones
1200 3715 1483 3770 Martinum
1515 3719 1779 3786 visitaret,
1803 3736 1870 3774 an

307 3811 430 3849 vero
460 3797 653 3862 vivum,
683 3810 773 3852 aut
797 3810 1087 3872 mortuum,
1109 3821 1176 3859 ex
1215 3807 1313 3862 hac
1337 3809 1560 3876 epistola
1593 3826 1696 3864 non
1721 3811 1872 3864 colli-

307 3898 416 3951 ges.
445 3884 546 3939 Per
577 3897 602 3934 P
631 3887 940 3944 Amacbium
987 3892 1041 3946 8.
1079 3895 1322 3964 Delphini
1367 3899 1745 3954 subdiaconum
1776 3900 1872 3954 Se—

310 3991 540 4046 veroque
567 3979 899 4035 notissimum
941 3985 1173 4053 scripsit.
1207 3986 1499 4042 Verisimile
1537 3999 1617 4044 est
1645 4005 1767 4044 eum
1796 3991 1870 4043 si—

314 4068 415 4119 nml
441 4068 650 4124 dedisse
680 4071 883 4128 litteras
909 4075 972 4126 ad
1018 4074 1335 4144 Delphinum
1369 4087 1424 4132 et
1453 4080 1766 4133 Amandum.
1793 4080 1873 4134 Ex

310 4160 552 4212 omnibus
568 4168 742 4214 tamen
761 4162 1000 4230 epistolis
1016 4165 1077 4216 ad
1097 4175 1379 4234 utrumque
1390 4168 1524 4220 datis
1538 4169 1678 4222 nulla
1701 4178 1874 4224 exstat

306 4266 423 4318 qua:
445 4251 544 4305 hoc
573 4267 712 4306 anno
734 4253 908 4322 potius
919 4255 1113 4324 scripta
1130 4258 1466 4323 quamaltero
1477 4257 1673 4312 adstrui
1687 4260 1871 4328 possit.

855 4364 1079 4419 CAPUT
1111 4365 1343 4421 XXXVI.

307 4451 384 4502 Ad
421 4451 716 4506 l’ictiicium
745 4453 920 4507 scribit
956 4453 1563 4531 Paulinusﬂieronymi
1603 4467 1653 4512 et
1683 4459 1873 4531 Bullini
1903 4479 1918 4531 ί

1899 4509 1951 4570 D

861 4526 1136 4578 amicitiam
1167 4527 1304 4580 colit.

373 4611 479 4680 63
512 4611 560 4662 l.
604 4602 716 4667 Ildc
743 4614 932 4668 eodem
962 4631 1100 4670 anno
1129 4625 1184 4670 et
1225 4626 1464 4686 tempore
1503 4633 1599 4688 per
1639 4618 1870 4674 Pascha-

308 4703 440 4754 sium
470 4702 722 4759 Paulinus
767 4706 1045 4774 epistolam
1091 4706 1353 4762 decimam
1408 4719 1650 4765 octavam
1687 4712 1738 4765 in
1767 4728 1871 4782 qua

309 4793 550 4853 eamdem
569 4806 592 4842 τι
609 4811 760 4848 suam
804 4797 1168 4863 aegritudinem
1219 4810 1627 4864 commemorat,
1659 4805 1871 4872 scripsit

311 4883 374 4936 ad
425 4884 753 4938 Victrit'ium.
805 4885 1035 4957 Ilujusce
1081 4889 1417 4945 illustrissimi
1469 4893 1792 4949 confessoris
1819 4903 1875 4949 et

311 4975 544 5044 episcopi
573 4975 980 5046 Rotomagensis
1004 4979 1277 5034 historiam
1305 4982 1650 5038 describimus
1670 4985 1876 5040 Disser-

312 5066 509 5119 tatione
538 5067 587 5130 ti,
619 5068 669 5121 in
699 5085 803 5139 qua
853 5070 910 5124 S.
943 5069 1146 5125 Paulini
1186 5087 1303 5126 cum
1342 5090 1412 5129 eo
1449 5076 1569 5130 vide
1609 5092 1874 5132 commer-

312 5154 466 5207 cium.
508 5157 640 5211 Cum
692 5159 763 5212 ad
800 5160 1106 5215 Victrieium
1155 5163 1360 5218 litteras
1413 5167 1560 5220 dedit
1598 5167 1870 5237 Paulinus,

314 5245 470 5298 vitam
497 5248 653 5303 huius
697 5253 1015 5316 sanctissimi
1058 5253 1380 5310 confessoris
1409 5266 1464 5310 et
1506 5261 1745 5328 pnesnlis
1782 5280 1878 5319 no-

383 5378 713 5456 :Ep:_20,n.
737 5382 788 5456 2.
865 5383 1010 5456 δΕΡ.
1044 5388 1128 5449 I7,
1160 5406 1210 5442 ιι.
1246 5389 1296 5442 1.

315 5443 342 5525 ξ
379 5443 605 5525 spies,
633 5443 690 5504 'n.
741 5443 778 5525 71_
811 5463 864 5508 et
901 5443 974 5506 e.‘
1038 5457 1052 5494 ί
1095 5443 1224 5511 Ibid.

315 5519 372 5589 ξ).
437 5529 462 5550 ⁴’
493 5519 646 5585 Ibid.,
675 5537 727 5573 η.
753 5522 806 5576 4.
882 5529 910 5568 Ρ
949 5526 1101 5587 Ibid.,
1132 5545 1182 5580 n.
1211 5527 1263 5582 5.
1341 5550 1365 5588 b

318 5586 465 5662 1a....
502 5589 578 5662 1._
627 5600 652 5626 ιι
686 5590 913 5662 Ibid.,n.
947 5597 999 5649 δ.
1078 5586 1099 5632 v'
1134 5597 1285 5662 11,111.,
1319 5586 1371 5652 n‘.
1408 5599 1492 5654 1o.

320 5654 495 5729 18.11.
547 5658 600 5711 5.
679 5672 732 5698 re
775 5654 905 5715 thin.
982 5665 1214 5729 “Ibid.,
1264 5654 1316 5722 ὧι
1365 5685 1416 5722 ιι.
1472 5671 1518 5724 1.

325 5726 363 5760 ί¹
398 5728 550 5790 Ibid.,
589 5747 641 5783 ιι.
672 5729 724 5784 8.
805 5731 849 5781 ii
893 5732 1016 5788 Ibid.

1373 5393 1399 5467 ε
1436 5388 1644 5467 [ζμ-20,
1690 5410 1758 5467 n._
1785 5394 1871 5467 2,
1911 5395 2066 5467 f‘Ep.
2099 5400 2181 5464 17,
2215 5416 2267 5454 η.
2312 5397 2362 5454 1.

1304 5459 1318 5508 ἱ
1359 5458 1573 5535 £9.17,
1625 5479 1677 5517 η.
1730 5463 1782 5535 2.
1859 5458 2065 5535 “Ibid.,
2108 5458 2247 5522 n.'2.

1970 3113 2097 3151 vero
2144 3098 2197 3150 in
2243 3097 2549 3162 inﬁrmitate
2583 3098 2786 3154 Paulini
2833 3101 3107 3158 dumtaxat
3135 3102 3192 3142 δι’
3225 3104 3542 3161 Paschasius

1973 3186 2363 3242 contribulatus
2385 3194 2439 3242 et
2461 3204 2772 3259 compassus
2797 3199 2897 3254 est,
2924 3192 3016 3247 sed
3045 3201 3100 3247 et
3127 3194 3178 3247 in
3211 3191 3352 3262 Ursi,
3381 3211 3542 3264 quem

1972 3276 2291 3333 indivulsum
2333 3294 2442 3334 suae
2477 3280 2921 3350 peregrinationis
2965 3285 3214 3339 comitem
3261 3285 3541 3352 habuerat,

1975 3369 2289 3436 gravissimo
2319 3371 2572 3437 languore
2599 3371 2872 3428 confectus
2899 3381 2983 3428 est
3011 3374 3064 3428 in
3084 3389 3190 3443 quo
3212 3373 3462 3429 Paulinus
3485 3390 3544 3430 se

1971 3448 2306 3528 perSpexisse
2337 3461 2526 3516 asse'rit
2556 3462 2710 3515 ﬁdem
2735 3469 2789 3516 et
2815 3463 3091 3544 caritatem
3113 3466 3164 3519 in
3186 3464 3411 3521 Domino
3429 3466 3544 3536 ple-

1971 3565 2114 3603 nam.
2130 3549 2366 3603 Tandem
2389 3551 2571 3606 labore
2591 3567 2654 3607 ac
2680 3550 2781 3606 ﬁde
2803 3551 3092 3618 Paschasii,
3111 3569 3269 3623 quem
3291 3555 3543 3611 Dominus

1971 3640 2201 3710 experiri
2231 3640 2399 3694 voluit
2435 3643 2727 3711 potentiam
2758 3643 2896 3713 apud
2942 3660 3000 3699 se
3025 3646 3195 3700 sancti
3221 3645 3546 3703 confessoris

1970 3731 2053 3785 sui
2079 3719 2289 3794 Felicis,
2322 3729 2484 3786 Ursus
2505 3740 2673 3801 nsque
2695 3733 2761 3787 ad
2777 3744 3004 3790 mortem
3033 3735 3330 3792 infirmatus
3355 3738 3422 3794 de
3443 3753 3541 3809 pe-
3597 3794 3606 3797 _

1926 3877 1933 3886 η
1970 3823 2138 3878 riculo
2166 3823 2367 3890 invenit
2390 3824 2694 3890 salutem,et
2715 3842 2810 3896 per
2826 3838 2877 3867 σε
2896 3827 3164 3884 Paschasii
3191 3829 3400 3886 diaconi
3429 3846 3543 3885 ma-

1970 3928 2072 3966 nus
2099 3911 2311 3967 Christo
2338 3913 2549 3983 genitus
2578 3915 2629 3969 in
2658 3915 2858 3972 lectulo
2882 3915 3182 3988 baptizatus
3218 3919 3396 3988 rediit,
3421 3920 3545 3976 licet

1972 4003 2183 4057 adesset
2205 4001 2457 4058 Paulinus
2479 4005 2590 4072 jam
2617 4005 2912 4076 presbyter,
2945 4016 2999 4060 et
3021 4009 3200 4078 plures
3227 4011 3316 4064 alii
3337 4011 3544 4080 potuis-

1971 4101 2091 4146 sent
2118 4101 2312 4160 praesto
2341 4109 2459 4148 esse
2479 4096 2794 4165 presbyteri.
2811 4098 2940 4150 Cum
2963 4108 3138 4151 autem
3155 4097 3211 4136 δά
3235 4100 3395 4156 Ursus
3415 4117 3545 4157 sana
3571 4089 3578 4101 ’

1973 4187 2026 4234 et
2055 4180 2271 4233 robusta
2295 4190 2437 4235 esset
2463 4182 2793 4245 valetudine,
2832 4191 2885 4237 et
2922 4185 3233 4240 Paschasius
3259 4189 3325 4241 ad
3348 4189 3538 4244 Victri-

1973 4269 2113 4323 cium
2138 4269 2367 4323 reditum
2389 4271 2757 4338 meditaretur,
2789 4289 2884 4342 per
2911 4275 3081 4343 ipsum
3109 4275 3368 4334 decimam
3397 4289 3544 4336 octa-

1974 4375 2092 4416 vam
2122 4360 2401 4430 epistolam
2431 4376 2578 4416 suam
2616 4362 2682 4416 ad
2709 4361 3010 4419 Victricium
3041 4365 3233 4420 direxit
3276 4366 3544 4441 Paulinus,

1975 4452 2028 4506 in
2055 4467 2158 4522 qua
2186 4467 2308 4507 cum
2335 4463 2389 4490 σε
2423 4451 2764 4510 Paschasium
2802 4454 3000 4512 diutius
3025 4456 3167 4527 apud
3191 4473 3251 4513 se
3279 4468 3546 4516 retentum

1977 4550 2305 4609 excusasset,
2337 4542 2646 4598 Victricium
2681 4542 2731 4582 τί
2764 4545 2828 4599 ad
2858 4544 3092 4601 Morinos
3135 4555 3190 4602 et
3233 4548 3454 4605 Nervios
3492 4552 3543 4607 in

1976 4635 2160 4704 Belgio
2188 4635 2296 4706 64
2350 4635 2696 4704 Evangelium
2737 4637 3112 4694 disseminasse
3141 4653 3542 4709 commemorat,

1976 4735 2031 4781 et
2056 4726 2572 4796 quemadmodum!!!
2604 4727 3049 4798 Rotomagensem
3076 4730 3365 4787 Ecclesiam
3397 4735 3545 4791 insti-

1976 4823 2150 4870 tuerat
2195 4825 2250 4870 et
2291 4815 2647 4883 formaverat;
2689 4819 2916 4890 denique
2938 4836 3060 4875 cum
3087 4824 3327 4894 martyrii
3363 4840 3457 4880 seu
3486 4825 3542 4864 Ml

1973 4905 2324 4960 confessionis
2351 4906 2520 4960 texuit
2545 4906 2842 4977 historiam,
2864 4909 3004 4964 illius
3029 4907 3073 4946 ίί
3105 4910 3314 4966 videndi
3339 4929 3546 4970 summo

1975 5010 2034 5050 se
2059 4997 2227 5051 teneri
2257 4997 2526 5052 desiderio
2567 4997 2849 5065 significat,
2875 5008 2930 5055 et
2957 5016 3138 5057 coram
3187 5003 3238 5058 in
3286 5020 3380 5059 ore
3407 5005 3548 5062 illius

1975 5087 2245 5144 Christum
2286 5090 2536 5146 admirari
2565 5099 2724 5160 atque
2746 5095 2986 5148 venerari
3034 5094 3204 5162 velle;
3233 5111 3295 5151 ac
3321 5097 3367 5146 ll
3404 5097 3549 5164 luget

1983 5179 2343 5250 infelicitatem
2392 5195 2543 5234 suam
2584 5181 2728 5249 quod
2774 5198 2897 5237 cum
2925 5183 3050 5238 olim
3081 5184 3294 5241 Vienme
3339 5185 3544 5252 fuisset,

1985 5268 2187 5324 fructus
2207 5270 2309 5324 iste
2338 5285 2442 5324 non
2473 5271 2777 5340 contigerit,
2808 5287 2927 5327 cum
2955 5280 3130 5328 tamen
3160 5275 3212 5329 in
3241 5289 3400 5328 manu
3428 5274 3546 5330 fue~

2440 5411 2464 5438 ο
2504 5400 2657 5466 Ibid.,
2691 5420 2742 5458 n.
2776 5404 2826 5457 4.
2909 5405 2928 5444 ί
2961 5406 3113 5470 Ibid.,
3147 5422 3198 5458 n.
3227 5405 3276 5458 I.
3353 5415 3379 5454 8
3409 5407 3540 5464 Ibid.

2326 5467 2522 5541 ‘_lbid.,
2555 5488 2610 5524 n.
2635 5473 2686 5527 5.
2763 5483 2800 5511 ω
2833 5474 2984 5535 Ibid.,
3019 5491 3069 5527 η.
3102 5467 3154 5526 ’1.
3230 5483 3259 5512 ιι
3287 5474 3443 5541 Ibid.,
3488 5494 3539 5532 η.

1437 5531 1598 5586 aulin.
1632 5549 1718 5602 ep.
1755 5533 1838 5599 I8,
1871 5553 1924 5590 η.
1952 5536 2012 5602 1;
2044 5531 2095 5592 ἀει
2144 5537 2228 5604 17,
2263 5555 2314 5592 n.
2343 5538 2396 5592 2.
2476 5531 2682 5606 {Ibid.,
2714 5559 2766 5596 n.
2803 5542 2853 5595 ι.
2934 5531 3143 5605 {Ibid.,
3172 5560 3224 5597 n.
3258 5543 3310 5598 8.
3391 5531 3539 5618 ιἐρ.

1440 5601 1492 5654 0.
1572 5602 1764 5663 ³11)ἱ(1..
1795 5621 1848 5658 n.
1891 5606 1942 5660 L
2015 5606 2194 5660 Ylbid.
2275 5608 2469 5663 ’lbid..
2509 5626 2562 5663 η.
2602 5610 2655 5663 2.
2735 5611 2935 5663 "Cap.
2961 5611 3048 5663 55.
3124 5611 3180 5651 Μ)
3212 5612 3416 5663 Panlin-
3451 5633 3538 5663 mi-

1599 5683 1650 5709 κο
1673 5672 1826 5741 Ibid.,
1860 5693 1910 5730 ιι.
1957 5675 2006 5730 1.

2015 5606 2206 5680 γιιιξά.
2234 5608 2481 5680 __ilbid.,
2509 5626 2562 5664 η.
2602 5610 2655 5664 2.
2735 5611 2935 5680 "Cap.
2961 5611 3048 5680 ξε.
3090 5611 3180 5680 ,μδ
3212 5612 3416 5670 Paulin.
3451 5606 3539 5680 εί».

2089 5675 2139 5716 Η
2171 5676 2324 5744 Ibid.,
2361 5694 2414 5731 η.
2457 5678 2508 5732 4.
2585 5680 2823 5744 "Ibid.,
2867 5675 2920 5734 ri.
3088 5678 3144 5718 ιιι)
3183 5682 3338 5754 Ibid.,
3387 5703 3460 5746 η..
3487 5675 3542 5741 Ἴ.
