4056 6358
479 277 547 335 87
1494 271 1551 328 ει
1594 262 1930 327 PAULINUS
1968 260 2282 323 NOLANUS
2319 258 2708 323 EPISCOPUS.
3638 261 3724 317 -8’l

481 395 569 449 rit.
599 389 739 446 Nihil
762 387 829 444 de
854 385 1092 443 Victricii
1117 384 1182 439 ad
1209 375 1404 438 Urbem
1439 380 1746 435 accessione
1786 379 1872 433 hic
1901 393 2047 433 eom—
2078 380 2123 436 Α

482 481 767 548 memorat,
791 484 952 548 quam
981 486 1122 530 anno
1149 471 1251 526 404
1280 470 1472 526 factam
1514 470 1675 523 fuisse
1713 468 2046 522 demonstra-
2134 524 2137 527 λ

481 573 676 628 bimus.

553 661 605 714 Ξ.
647 658 763 714 Hoc
788 664 1014 712 exeunte
1040 669 1182 709 anno
1223 663 1249 690 ι
1282 651 1594 707 Anastasius
1636 665 1773 721 papa
1802 649 1867 703 ad
1898 648 2048 703 anni-

483 749 771 807 versariam
836 744 1253 801 consecrationis
1311 758 1420 797 sum
1485 738 2049 795 commemorationem

485 841 760 905 Paulinum
817 835 1060 890 invitavit
1106 853 1118 886 :
1178 848 1335 903 quem
1391 832 1650 885 honorem
1692 830 1801 885 suis
1845 835 2049 882 tantum

417 946 421 951 θ
484 926 954 984 consacerdotibus
994 922 1204 977 deferre
1250 921 1495 977 solebant
1530 920 1722 974 summi
1755 917 2047 988 pontiﬁces.

485 1018 733 1073 Fortasse
776 1014 969 1069 hiemis
993 1008 1357 1068 difﬁcultatem
1387 1019 1636 1066 causatus
1664 1006 1916 1062 Paulinus
1947 1023 2051 1061 non

483 1105 729 1169 accessit,
757 1096 852 1159 sed
894 1102 1122 1157 inviuem
1168 1100 1460 1170 pmsentia:
1487 1096 1806 1151 humillimas
1845 1109 2052 1150 summo

487 1191 732 1267 pontifici
756 1192 961 1248 litteras
1006 1191 1240 1262 scripsit,
1268 1190 1358 1259 qui
1389 1188 1569 1242 animo
1596 1194 1819 1257 paterno
1844 1199 1935 1239 eas
1964 1198 2051 1238 re-

487 1287 648 1357 cepit,
679 1300 780 1341 nec
807 1282 1037 1340 offensus
1062 1289 1144 1338 est
1171 1281 1311 1335 illius
1341 1277 1686 1333 excusatione
1722 1274 2049 1329 Anastasius.

489 1378 606 1433 Jam
646 1376 675 1416 ιι
705 1372 1101 1431 observavimus
1145 1371 1426 1426 Paulinum
1477 1367 1961 1438 Hleronymumque
1989 1358 2056 1417 ab

489 1482 630 1524 anno
674 1466 896 1524 forsitan
922 1462 1028 1520 594
1051 1463 1383 1533 junctissima
1413 1457 1643 1513 amicitia
1684 1455 1843 1511 fuisse
1869 1447 2055 1508 devin-

490 1564 635 1624 etos;
663 1554 1010 1626 sequentibus
1037 1554 1191 1609 annis
1238 1554 1295 1608 in
1345 1562 1409 1607 ea
1459 1554 1888 1621 perseverarunt,
1937 1540 2059 1600 licet

490 1664 675 1705 eorum
702 1643 894 1703 litterae
908 1646 973 1701 ad
996 1658 1054 1701 se
1082 1645 1309 1699 invicem
1338 1651 1523 1697 mutuo
1549 1640 1687 1695 datae
1709 1652 1846 1708 pene
1874 1650 2059 1691 omnes

2664 425 2795 467 saxo
2833 426 3039 467 cuius"
3075 410 3198 467 ιοο.
3298 417 3315 425 ⁴

2677 567 2906 626 CAPUT
2942 570 3199 625 XXXVII.

2153 683 2349 738 Sancto
2379 679 2628 753 Delphina
2660 680 3045 753 Burdegalensi,
3085 677 3302 737 Veneria
3329 674 3721 752 Mediolanend,

2208 776 2271 828 et
2301 773 2509 836 Severo,
2543 770 2719 827 scribit
2751 772 3017 827 Paulinus.
3048 766 3359 827 Hartiniani
3383 774 3650 830 historiam
3677 783 3723 831 et

2222 863 2553 935 naufragium
2580 861 2835 917 describit.

2218 1024 2328 1094 6T5
2369 1023 2425 1076 t.
2452 1023 2515 1077 In
2539 1023 2767 1092 septimo
2812 1023 2868 1078 S.
2897 1020 3090 1079 Feﬁeis
3136 1023 3378 1080 natalitio
3427 1026 3667 1081 carmine
3697 1036 3721 1065 ⁸
3801 1086 3815 1103 ⁸

2153 1114 2403 1168 Paulinus
2418 1112 2644 1182 hujusce
2658 1114 2828 1168 sancti
2848 1114 3141 1183 potentiam
3170 1115 3427 1169 adversus
3453 1116 3725 1173 dantem-3

2150 1211 2501 1275 demonstrat,
2532 1220 2588 1266 et
2618 1208 2641 1250 ι
2670 1211 3051 1267 diemoniacum
3069 1210 3179 1280 jam
3207 1209 3416 1280 pridem
3445 1211 3723 1267 obsessum

2156 1296 2497 1372 singulariter
2519 1304 2793 1357 eonnotat.
2817 1300 3143 1371 Prmdpnum
3166 1298 3322 1370 hujus
3342 1296 3610 1370 poematis
3642 1313 3728 1356 ar-

2152 1401 2457 1459 gumentum
2479 1400 2561 1447 est
2572 1402 2596 1440 α
2621 1389 3228 1460 Theridilhistoria,qu:e
3237 1386 3346 1458 jam
3359 1391 3551 1460 elapso
3567 1399 3725 1447 ante:

2156 1492 2299 1536 anno
2317 1481 2601 1536 acciderat.
2626 1481 2941 1535 Anu-annos
2955 1496 3092 1551 pene
3107 1480 3239 1536 duos
3250 1478 3275 1517 1³
3289 1480 3493 1535 litteras
3520 1482 3730 1536 brevis-

2155 1570 2317 1624 simas
2337 1586 2367 1624 a
2395 1570 2655 1641 Delphino
2668 1570 2960 1625 Cardamas
2990 1571 3241 1625 attulerat
3267 1571 3333 1626 ad
3349 1568 3732 1632 Paulinumzex

2157 1672 2265 1727 quo
2306 1669 2549 1732 tempore
2576 1663 2777 1716 nullam
2816 1669 3095 1732 receperat
3137 1661 3383 1731 Delphini
3422 1648 3731 1733 epistolam.

491 1735 993 1823 exciderint..Circa
1020 1734 1125 1789 hoc
1153 1741 1364 1801 tempus
1390 1742 1411 1770 ε
1436 1725 2052 1823 fonscripta‘etiamnum
2088 1740 2128 1800 lt
2158 1725 2261 1803 Per
2285 1725 2451 1805 totam
2472 1760 2711 1808 aestatem
2736 1752 2885 1807 irrita
2906 1725 3012 1806 non
3035 1725 3293 1808 venientis
3323 1725 3506 1807 Uran'ii
3535 1768 3733 1823 exspes

490 1838 737 1901 superest
758 1816 984 1899 epistola
1012 1842 1078 1882 ex
1103 1841 1208 1895 qua
1238 1825 1404 1895 liquet
1432 1821 1707 1876 Paulinum
1752 1819 1803 1874 in
1832 1817 2063 1889 prolabe—

492 1929 599 1975 tam
640 1916 1451 1987 DanielemiCommentariorum
1481 1913 1644 1968 libros
1665 1909 1962 1982 postulasse
1998 1906 2065 1961 ab

493 2011 854 2082 Hieronymo,
884 2008 976 2078 qui
1029 2007 1144 2076 ejus
1182 2001 1427 2077 petitioni
1468 2001 1762 2074 acquievit;
1809 2006 1865 2052 at
1908 1996 2067 2066 justis

494 2098 807 2170 quibusdam
826 2098 893 2153 de
912 2098 1086 2152 causis
1113 2096 1266 2151 nobis
1297 2094 1489 2164 ignotis
1515 2108 1608 2148 eos
1635 2087 2062 2161 procrastinavit.

498 2186 781 2259 Anno_598
802 2202 936 2258 opus
963 2181 1180 2257 aggredi
1207 2181 1454 2253 tentavit,
1483 2191 1540 2237 at
1563 2184 1753 2237 iterum
1779 2178 1979 2235 distulit
2009 2185 2067 2233 ut

492 2276 735 2347 Origenis
754 2278 920 2333 libros
947 2281 1261 2354 ΠερίἊρκῶν
1292 2276 1749 2344 interpretaretur.
1779 2270 1844 2327 Ei
1871 2270 2066 2356 iterum

496 2365 712 2439 scripsit
733 2367 984 2422 Paulinus
1006 2376 1065 2422 ut
1104 2366 1168 2420 ad
1194 2364 1535 2421 scribendum
1580 2378 1702 2418 eum
1724 2366 2063 2433 provocaret,

494 2466 552 2514 'et
572 2465 897 2529 conquestus
923 2464 1007 2512 est
1031 2455 1172 2526 quod
1198 2471 1387 2526 parvas
1405 2463 1461 2509 et
1488 2454 1783 2523 incomptas
1811 2449 2068 2504 litterulas

496 2549 755 2603 mitteret.
779 2546 1038 2616 Quocirca
1068 2546 1268 2600 hancce
1295 2545 1345 2601 ei
1387 2543 1667 2615 epistolam
1704 2540 1975 2611 rescripsit
2014 2539 2066 2593 in

502 2655 604 2712 qua
655 2639 889 2712 seipsum
935 2646 1155 2695 excusat
1206 2637 1349 2709 quod
1397 2635 1713 2707 promissum
1778 2631 2068 2701 adimplere

503 2749 610 2789 non
678 2733 986 2802 potuisset,
1030 2731 1264 2801 dicitque
1315 2730 1365 2785 ei
1415 2743 1474 2784 se
1537 2726 1788 2798 temporis
1843 2725 2065 2796 penuria

504 2824 572 2877 ab
618 2822 956 2892 amplissimis
1011 2821 1202 2877 litteris
1262 2830 1423 2889 atque
1473 2818 1793 2874 doctissimis
1836 2815 2068 2886 perscri-

504 2913 692 2969 bendis
728 2912 1027 2977 abstinere;
1062 2919 1416 2981 praeterquam
1455 2907 1602 2980 quod
1650 2923 1769 2962 eum
1814 2906 2069 2974 eloquen-

507 3004 578 3057 tia
607 3017 728 3057 eum
752 3008 979 3057 terreret
1007 3000 1275 3067 Paulinus,
1293 3008 1351 3055 et
1372 3000 1424 3054 in
1454 2997 1723 3068 epistolari
1743 2996 1883 3067 style
1906 3009 2072 3065 prope

2164 1845 2399 1899 elatione
2446 1844 2619 1900 fuerat
2663 1861 2951 1915 suspensus
2994 1844 3245 1900 Paulinus
3292 1860 3323 1899 a
3365 1860 3475 1915 quo
3527 1845 3735 1901 litteras

2166 1932 2408 2004 Delphini
2455 1947 2772 2006 accepturus
2801 1947 2954 1991 erat:
3001 1935 3017 1974 ί
3053 1944 3109 1990 at
3136 1934 3296 1991 ofﬁcii
3333 1935 3415 1991 sui
3461 1936 3737 2005 negligens

2167 2021 2394 2078 Uranius
2406 2026 2662 2079 remansit
2691 2026 2779 2080 ubi
2807 2042 2912 2081 non
2931 2025 3175 2081 debebat.
3204 2024 3469 2094 Hujuscei
3506 2026 3734 2081 hominis

2164 2115 2460 2170 absentiam
2489 2131 2599 2170 non
2628 2115 2854 2170 moleste
2873 2116 3015 2183 tulit,
3037 2116 3190 2185 cujus
3217 2115 3453 2170 accessio
3482 2115 3614 2169 nihil
3640 2116 3734 2185 ipsi

2166 2206 2412 2260 conferre
2442 2214 2659 2276 poterat
2682 2206 2807 2261 boni
2832 2224 2845 2259 :
2875 2218 2933 2261 at
2959 2221 3066 2261 non
3104 2207 3314 2262 modico
3340 2206 3529 2261 dolore
3558 2205 3736 2261 Pauli-

2166 2316 2267 2354 nus
2287 2298 2507 2356 allectus
2535 2299 2800 2370 est,.quod
2830 2296 3056 2354 Uranius
3073 2297 3103 2337 ι
3131 2314 3227 2369 per
3245 2299 3737 2369 praivarieationem

2166 2406 2315 2445 suam
2344 2390 2503 2459 longa
2546 2390 2615 2445 ab
2642 2391 2752 2446 oris
2778 2378 3023 2461 Helpbini
3051 2391 3278 2461 panibus
3317 2388 3455 2445 fame
3487 2388 3737 2445 tabefecit

2170 2477 2376 2533 Paulini
2404 2480 2655 2533 animam.
2686 2478 2850 2534 Cum'
2889 2487 2986 2549 per
3012 2486 3253 2534 aestatem
3284 2479 3412 2533 nihil
3441 2478 3739 2555 litterarum

2169 2569 2466 2638 accepisset
2491 2566 2774 2633 Paulinus,
2801 2568 2969 2623 multo
2997 2567 3166 2638 inagis
3205 2576 3412 2639 tempus
3456 2552 3747 2622 hibernum.

2169 2660 2222 2713 in
2253 2660 2442 2715 eodem
2471 2658 2684 2714 silentio
2715 2654 3109 2727 transigendum
3140 2659 3395 2729 putabat;
3426 2674 3547 2713 cum
3579 2653 3742 2721 Deus,

2167 2749 2258 2817 qui
2272 2748 2363 2802 dat
2377 2764 2553 2803 escam
2567 2746 2939 2813 esurientibus,
2956 2746 3180 2815 Paulino
3195 2747 3405 2815 quidem
3426 2743 3740 2817 insperanti,

2168 2837 2263 2892 sed
2300 2837 2538 2907 optanti,
2562 2836 2843 2906 repentino
2873 2836 3064 2891 iterum
3094 2851 3192 2906 per
3216 2834 3591 2891 Cardamatem
3621 2844 3743 2891 tunc

2170 2926 2492 2981 exoreistam
2537 2933 2861 2996 superventu
2909 2926 3157 2980 solatium
3187 2934 3240 2980 et
3266 2924 3516 2994 gaudium
3545 2925 3743 2991 intulit,

2171 3017 2263 3084 qui
2289 3015 2577 3070 Cardamas
2590 3024 2628 3051 ω
2644 3015 2709 3069 de
2726 3015 2966 3085 Delphini
2992 3014 3288 3069 valetudine
3313 3030 3435 3069 eum
3457 3016 3745 3070 certiorem

508 3092 738 3148 Tullium
775 3097 1216 3163 repraesentem.
1264 3090 1549 3145 Verebatur
1594 3102 1661 3142 ne
1705 3086 1981 3141 verbosius
2006 3083 2071 3139 ad
2099 3099 2146 3162 c
2176 3083 2319 3170 fecit,
2350 3112 2405 3159 et
2429 3114 2454 3141 η
2485 3105 2626 3160 illius
2646 3120 2709 3160 ac
2735 3083 2957 3159 Amandi
2995 3105 3247 3174 epistolas
3283 3104 3333 3159 ei
3370 3102 3625 3159 reddidit.
3659 3102 3746 3160 His

509 3199 629 3240 eum
686 3184 910 3253 loquens
974 3183 1126 3255 plura
1188 3178 1629 3252 reprehendenda
1670 3178 2074 3232 transmitteret.

510 3273 614 3331 Pro
643 3274 840 3344 pileolo
866 3273 934 3329 ab
984 3288 1051 3329 eo
1076 3280 1297 3342 accepto
1325 3272 1523 3341 gratias
1562 3270 1701 3339 agit.
1724 3270 1799 3324 De
1833 3268 1965 3323 locis
1988 3269 2077 3336 qui

510 3367 736 3425 liberum
764 3367 1041 3421 arbitrium
1073 3364 1260 3420 tollere
1288 3363 1624 3427 videbantur,
1658 3378 1721 3418 ac
1748 3361 1813 3417 de
1844 3360 2078 3416 sanctiﬁ-

514 3469 726 3524 catione
755 3467 875 3521 filiis
897 3466 1128 3522 ﬁdelium
1153 3466 1219 3521 ah
1247 3464 1506 3535 Apostolo
1534 3463 1801 3533 adscripta
1828 3461 2079 3531 quiestio-

514 3573 610 3612 nes
637 3558 687 3612 ei
714 3557 1047 3627 proponebat
1072 3555 1341 3611 Paulinus.
1372 3554 1451 3609 Ex
1478 3552 1789 3609 Tertulliani
1814 3550 2080 3607 sententia

513 3653 795 3721 quaestioni
843 3652 1129 3722 posteriori
1168 3651 1442 3721 respondit
1469 3650 1859 3720 Hieronymus;
1904 3648 2083 3716 quoad

511 3743 745 3812 priorem
775 3740 842 3795 ad
862 3739 1104 3810 Origenis
1148 3740 1310 3795 libros
1344 3742 1672 3817 ΠερὲἋρλῶν
1707 3754 1832 3799 cum
1856 3737 2081 3810 remisit,

511 3848 743 3903 quorum
776 3830 1270 3902 interpretationem
1311 3849 1480 3903 nuper
1498 3848 1529 3887 a
1556 3848 1614 3888 se
1642 3834 1835 3888 factam
1863 3850 1894 3888 a
1922 3831 2082 3887 Pam-

511 3923 722 3979 machio
762 3929 945 3992 posset
989 3923 1253 4002 mutuari,
1283 3923 1409 3979 licet
1445 3923 1520 3977 illi
1548 3921 1731 3980 Graeca
1777 3923 2086 3979 sufﬁcerent

469 4011 843 4084 .exemplaria
888 4030 903 4065 :
950 4011 1106 4082 eique
1143 4012 1318 4067 obiter
1363 4021 1747 4068 commemorat
1791 4028 1850 4069 se
1890 4022 2082 4070 cuncta

508 4104 751 4177 Origenis
788 4119 895 4159 non
935 4103 1224 4173 reprobare
1248 4119 1367 4173 quae
1393 4104 1619 4174 scripsit,
1656 4106 1800 4174 quod
1847 4106 1964 4176 ejus
1989 4106 2084 4162 ad-

510 4195 730 4250 versarii
757 4194 811 4251 in
830 4209 951 4249 eum
970 4194 1405 4261 criminabantur,
1437 4195 1532 4249 sed
1553 4202 1765 4250 tantum
1800 4211 1962 4266 prava
1983 4196 2083 4252 do-

510 4295 686 4357 gmata
732 4284 1033 4354 repudiare.
1059 4282 1184 4338 llam
1210 4283 1420 4339 dicebat
1440 4285 1509 4339 ob
1535 4299 1688 4339 suam
1715 4301 1839 4340 cum
1869 4285 2081 4342 Rufﬁno

504 4374 948 4438 controversiam,
977 4372 1130 4440 cujus
1159 4374 1209 4425 in
1239 4380 1444 4441 partem
1474 4389 1580 4427 non
1606 4388 1803 4428 venere
1829 4372 2082 4431 Paulinus

2178 3193 2457 3263 respondit
2503 3192 2774 3248 Paulinus.
2804 3193 2863 3247 ln
2892 3200 3003 3251 tota
3032 3193 3198 3247 ferme
3238 3193 3460 3262 epistola
3492 3194 3746 3261 vigesima

2179 3284 2351 3354 prima
2369 3294 2391 3317 ο
2411 3283 2478 3338 ad
2501 3282 2795 3337 Amandum
2826 3281 3006 3336 laudat
3032 3281 3398 3337 Cardamatem
3421 3281 3567 3350 quod
3590 3282 3745 3336 velox

2178 3380 2392 3429 essetet
2430 3372 2560 3427 levis
2599 3384 2787 3436 cursu;
2829 3372 2881 3425 in
2911 3371 3078 3426 altera
3100 3382 3131 3420 Ρ
3157 3386 3282 3426 vero
3322 3371 3386 3425 ad
3430 3371 3747 3440 Delphinum

2180 3471 2333 3532 rogat
2356 3472 2413 3518 ut
2439 3478 2536 3532 pro
2568 3463 2684 3532 ipso
2704 3461 3022 3532 deprecetur
3049 3461 3235 3526 Deum,
3268 3477 3334 3516 ne
3355 3460 3501 3517 forte
3518 3464 3749 3530 gratiam

2179 3555 2545 3625 haptismalem
2567 3554 2732 3623 ipsius
2752 3553 2995 3625 Delphini
3017 3554 3308 3609 ministerio
3335 3563 3610 3632 acceptum
3636 3570 3750 3611 ma-

2179 3645 2343 3701 culet.
2371 3643 2622 3711 Quamvis
2662 3644 2777 3699 bmc
2820 3644 3045 3721 epistola
3075 3652 3397 3720 ltlnptlSSlma
3443 3660 3540 3718 sit,
3572 3662 3752 3708 tamen

2182 3751 2301 3798 tum
2355 3733 2578 3796 Paulino
2618 3743 2685 3796 ad
2726 3729 3043 3812 Delphinum
3089 3744 3354 3799 scribendi
3383 3745 3597 3799 occasio
3627 3760 3762 3799 raro

2167 3842 2510 3913 occurreret,
2527 3844 2552 3882 ιι
2570 3833 2855 3888 secundam
2878 3835 3123 3904 apposuit
3145 3835 3422 3904 epistolam
3451 3845 3602 3891 certe
3624 3838 3752 3905 qui"—

2182 3923 2303 3977 dem
2329 3933 2351 3961 ν
2381 3923 2737 3992 conscriptam
2759 3923 3174 3979 interAnastasii
3200 3924 3477 3980 electionis
3501 3927 3752 3981 anniver-

2183 4014 2403 4077 sarium,
2432 4029 2495 4069 ac
2521 4021 2732 4082 tempus
2758 4028 2866 4082 quo
2896 4012 3146 4070 Paulinus
3174 4013 3400 4069 Romam
3426 4030 3485 4070 se
3506 4016 3753 4071 conferre

2183 4114 2556 4170 consueverst,
2580 4103 2631 4158 id
2663 4112 2746 4158 est
2764 4117 2796 4156 a
2822 4103 2928 4158 line
2953 4105 3076 4158 anni
3103 4103 3208 4160 399
3235 4104 3300 4160 ad
3328 4104 3470 4159 diem
3500 4103 3647 4160 Junii
3671 4107 3752 4160 vi-

2182 4196 2439 4264 gesimum
2468 4207 2668 4249 nonum
2698 4193 2822 4248 anni
2851 4191 2976 4248 400.
3000 4192 3173 4259 Haece
3201 4194 3405 4264 epocba
3434 4194 3752 4263 quibusdam

2183 4285 2249 4339 ad
2279 4283 2590 4352 Delphinum
2618 4290 2673 4337 et
2711 4282 3009 4338 Ai'nandum
3057 4282 3258 4338 Paulini
3288 4285 3524 4354 epistolis
3545 4294 3754 4355 tempus

2136 4416 2143 4423 .
2184 4373 2523 4444 przcﬁximus,
2550 4373 2674 4426 licet
2696 4379 2871 4428 tamen
2901 4374 3005 4428 hoc
3027 4375 3379 4431 certissimum
3407 4376 3629 4432 omnino
3646 4392 3752 4432 non

512 4471 567 4519 et
592 4463 944 4532 Augustinus;
975 4469 1189 4518 constat
1223 4462 1372 4516 enim
1401 4460 1680 4537 Paulinum
1707 4472 1967 4532 perpetuo
1996 4464 2081 4517 di-
2109 4454 2158 4513 D
2184 4479 2500 4518 asseramus.
2531 4461 2665 4517 Cum
2712 4462 3012 4517 Cardamati
3044 4473 3069 4500 θ
3094 4464 3160 4519 de
3184 4464 3518 4533 inquirenda
3548 4465 3753 4521 Paulini

514 4554 707 4610 lexisse
730 4550 1017 4619 Bullinum,
1034 4552 1143 4622 qui,
1167 4552 1217 4605 in
1239 4549 1579 4606 Occidentem
1597 4566 1840 4607 reversus
1859 4560 2088 4608 exeunte

518 4659 660 4701 anno
688 4641 790 4697 597
809 4682 824 4708 ,
856 4641 1118 4709 integrum
1153 4639 1265 4695 fere
1292 4655 1490 4694 annum
1519 4639 1702 4705 Romae
1728 4651 2090 4699 commoratus

513 4741 613 4797 est,
646 4731 787 4787 unde
819 4731 918 4786 sub
959 4730 1117 4784 ﬁnem
1166 4729 1291 4783 anni
1331 4728 1625 4798 Aquileiam
1666 4745 1725 4785 se
1752 4730 1997 4797 contulit,
2028 4739 2085 4786 et

453 4894 461 4900 _
514 4808 637 4879 inde
675 4821 900 4880 Romam
924 4819 1102 4876 rediit.
1136 4819 1211 4874 De
1239 4817 1331 4874 illo
1359 4817 1612 4876 Paulinus
1639 4820 1878 4890 profecto
1906 4822 2081 4891 loqui-

516 4920 607 4968 tur
638 4910 662 4950 ά
705 4927 828 4968 cum
869 4911 999 4967 dicit
1037 4925 1096 4965 se
1121 4925 1150 4965 a
1179 4909 1515 4966 sanctissimo
1554 4918 1609 4965 et
1634 4910 1941 4967 doctissimo
1968 4914 2083 4968 viro

514 5005 727 5075 sibique
754 5004 1047 5070 carissimo,
1071 5006 1160 5076 qui
1190 5022 1295 5061 non
1324 5006 1499 5060 solum
1528 5005 1773 5075 legendo,
1803 5007 1897 5062 sed
1922 5009 2084 5064 etiam

518 5095 910 5167 peregrinando
930 5096 1094 5152 multa
1116 5106 1438 5167 cognoverat
1480 5098 1719 5153 ouazdam
1741 5098 1805 5153 de
1826 5100 2085 5169 pellicano

522 5186 750 5257 insignia
769 5178 1021 5242 audiisse.

592 5446 615 5472 ἰ
647 5434 743 5505 Ep.
773 5435 862 5500 20,
894 5452 949 5490 η.
979 5430 1266 5505 2.-Ρρειρ.
1295 5432 1467 5505 24,}.
1503 5434 1549 5484 l.

525 5503 545 5544 ί
573 5501 729 5569 Ibid},
760 5521 810 5557 ν.
844 5505 933 5560 84.
1008 5501 1284 5563 Βιὺίιι.,ῖν.
1321 5502 1451 5571 ἰοῖς
1489 5509 1543 5554 et
1571 5517 1689 5571 cap.
1717 5503 1821 5566 53,
1852 5518 1908 5556 n.
1933 5501 1982 5554 Ι.

522 5591 581 5631 n.
612 5574 663 5625 l.
738 5583 776 5609 m
805 5574 935 5628 Ibid.
1012 5572 1151 5641 nEp.
1182 5570 1271 5641 2|,
1315 5586 1367 5624 η.
1395 5569 1428 5623 5
1456 5570 1605 5641 etAti.

523 5650 583 5701 tt.’
611 5643 668 5699 ἓ.
743 5652 764 5678 ⁸
795 5641 955 5712 lbid.,
985 5660 1038 5698 n.
1073 5637 1123 5695 ιι
1203 5644 1219 5677 ⁸
1250 5640 1406 5707 lbid.,
1438 5655 1491 5694 η.
1517 5637 1567 5692 2.
1644 5649 1668 5676 υ
1698 5637 1830 5695 Ibid.

2186 4553 2492 4608 valetudine
2519 4552 2825 4608 mandatum
2848 4553 3078 4607 dedisset
3104 4552 3413 4625 Delphinus,
3446 4554 3497 4608 in
3527 4555 3754 4624 epistula

2186 4642 2416 4699 secunda
2464 4641 2723 4711 Delpliino
2762 4641 2946 4695 scribit
2980 4654 3040 4695 se
3084 4641 3224 4696 bona
3261 4657 3380 4697 esse
3427 4643 3751 4711 valetudine,

2189 4747 2297 4788 non
2328 4741 2507 4786 tamen
2536 4730 2773 4795 robusta,
2817 4738 2873 4784 et
2912 4734 2925 4766 ι
2963 4730 3227 4785 Anastasii
3263 4732 3455 4786 summi
3490 4732 3755 4802 pontiﬁcis

2188 4822 2615 4878 benevolentiam
2645 4822 2697 4875 in
2723 4822 2783 4876 se
2810 4830 3213 4876 commemorat.
3238 4822 3318 4877 Ad
3337 4823 3451 4878 hmc
3471 4823 3623 4877 addit
3637 4806 3759 4880 cum

2190 4916 2374 4971 Romae
2400 4916 2501 4970 erit
2532 4925 2556 4950 υ
2582 4929 2640 4969 se
2677 4929 2708 4968 a
2748 4928 2957 4969 summo
3001 4914 3252 4984 pontiﬁce
3296 4914 3759 4971 commendatilias

2188 5006 2395 5060 litteras
2440 5006 2843 5075 impetraturum
2889 5004 3082 5073 quibus
3126 5004 3385 5074 Delphina
3412 5006 3571 5059 etiam
3611 5022 3765 5062 eum.

2188 5099 2531 5155 mendaretur

2257 5190 2320 5244 Ξ,
2359 5189 2653 5244 νεηετίυεν
2679 5187 3089 5244 Mediolanensis
3109 5188 3390 5259 episcopus
3411 5187 3759 5259 (Simpliciani

2192 5281 2494 5351 successor)
2542 5280 3143 5339 novissimemrdinatus
3187 5281 3482 5347 scripserat
3512 5280 3757 5337 Paulino.

1629 5444 1661 5521 ξ
1672 5433 1889 5521 Hieron.
1914 5449 1998 5521 ep.
2026 5434 2072 5521 ις

2228 5429 2723 5521 διξειυιίι).,θρ.ίέρῖ
2747 5445 2799 5482 n.
2832 5431 2917 5521 (λα
2966 5437 2990 5466 ο
3020 5426 3242 5521 {Panum
3273 5444 3450 5521 carm;
3471 5428 3573 5521 1οη.
3588 5445 3647 5521 v2;

1685 5503 1821 5566 .33,
1852 5518 1908 5556 n.
1933 5502 1982 5554 Ι.
2060 5504 2084 5541 ιι
2120 5503 2218 5574 Ep.
2246 5504 2407 5565 19,.n.
2441 5502 2492 5554 l.
2578 5502 2768 5561 |lbiil..,
2799 5515 2850 5552 η.

1685 5571 1837 5641 °_Ep.
1872 5571 2038 5641 2|,n.
2072 5572 2126 5641 6.
2205 5583 2231 5621 P
2258 5571 2360 5641 Ep.
2407 5571 2502 5637 19,
2532 5588 2586 5626 η.
2625 5569 2660 5621 2
2708 5577 2763 5623 et
2808 5567 2865 5621 4.

1909 5651 1933 5676 ν
1974 5640 2129 5710 lbid.,
2159 5656 2215 5696 n.
2256 5640 2309 5694 5.

2578 5500 2768 5561 |lbiil..,
2799 5515 2850 5552 η.
2883 5497 2938 5549 2.
3017 5499 3031 5547 l
3072 5498 3202 5553 Ibid.
3285 5497 3308 5536 ι
3339 5498 3473 5553 Ibid.
3546 5497 3570 5537 ί¹
3607 5498 3763 5565 lbid.,

3007 5566 3161 5639 qsp.
3194 5567 3293 5635 eo,
3325 5583 3378 5622 η.
3413 5568 3465 5624 l.
3542 5579 3560 5607 ι
3595 5568 3729 5626 ibid.
