4056 6358
200 380 274 436 so
824 401 831 410 ~
1563 375 2094 435 pnouzconmx.
3383 391 3456 448 go

199 493 492 564 Delphinus
521 490 801 547 Paulinum
831 498 1114 561 rogaverat
1143 499 1202 546 ut
1239 491 1402 560 ipsius
1430 490 1546 546 vice
1573 491 1640 544 ad
1672 490 1775 544 Ve-
1805 492 1856 548 Δ
1886 499 1910 536 P
1941 493 2040 560 ipsi
2070 508 2226 546 carus
2272 501 2416 555 erat,
2446 493 2538 548 sed
2558 535 2572 558 ,
2605 503 2662 548 ut
2695 495 2919 558 videtur,
2952 513 3170 567 egenus.
3203 493 3458 556 Paulinus

200 587 406 641 uerium
433 585 697 640 scriberet
721 603 734 636 :
758 585 901 654 quod
929 586 1038 655 66
1064 584 1191 639 fecit
1220 583 1492 647 Paulinus,
1520 584 1783 652 jussigque

1882 597 2003 636 eum
2034 593 2190 637 vocat
2213 594 2237 632 (ι
2269 587 2480 654 fratrem
2509 587 2690 653 spiritu
2719 596 2767 638 et
2790 588 2896 655 ﬁde
2915 604 3228 657 germanum,
3266 599 3285 625 τ
3309 589 3458 658 cujus

201 677 508 732 Cardamati
555 685 615 730 ut
659 692 941 731 recurrens
970 677 1223 730 transiret
1271 675 1572 731 Mediolano
1619 675 1783 744 ipsius
1881 672 2054 740 pietas
2078 673 2300 725 interior
2323 675 2657 727 sermouilms
2685 677 2968 730 emicabat.
3017 677 3064 730 ls
3095 692 3286 745 magno
3317 679 3458 733 Pau-

200 767 482 836 epistolam
523 766 816 829 delaturus,
851 766 1167 835 tandemque
1196 767 1239 820 si
1272 767 1315 821 is
1359 766 1621 835 Delphino
1652 766 1783 820 scri-

202 857 330 910 bere
354 855 534 916 vellet.
564 857 728 910 sciret
756 857 997 924 paratam
1021 870 1138 911 esse
1164 857 1637 925 opportunitatem.
1672 855 1787 910 Del-

203 947 396 1017 phinus
451 946 735 1000 certiorem
779 945 1056 1001 Paulinum
1105 947 1304 1003 fecerat
1350 958 1455 1002 seII
1510 947 1781 1002 basilicam

204 1037 469 1113 Alingoue
493 1037 780 1091 novissime
801 1045 1162 1092 constructam
1184 1039 1472 1103 curavisse,
1501 1038 1611 1106 jam
1634 1038 1788 1092 dedi-

203 1139 382 1182 catam
418 1135 510 1180 aut
535 1141 666 1180 mox
705 1127 1120 1181 consecrandam
1155 1145 1168 1180 :
1209 1126 1460 1182 Paulinus
1487 1126 1514 1165 δ
1549 1128 1785 1181 maximo

205 1219 402 1286 gaudio
430 1219 739 1285 exsultavit,
760 1229 815 1272 et
836 1233 904 1273 ex
933 1218 1089 1287 hujus
1121 1219 1358 1288 epistola:
1381 1219 1554 1273 verbis
1576 1217 1788 1272 videtur

205 1309 376 1377 ipsius
406 1306 608 1362 Paulini
637 1309 900 1362 sumtibus
929 1316 1201 1363 exstructa
1228 1309 1316 1362 illa
1347 1309 1586 1364 basilica.
1620 1307 1785 1362 Addi-

203 1401 360 1455 derat
401 1400 692 1469 Delphinus
717 1410 742 1440 α
773 1400 1032 1469 quosdam
1063 1400 1310 1454 dentibus
1337 1401 1446 1455 suis
1476 1399 1704 1454 fremere
1733 1407 1788 1453 et

205 1492 488 1545 tabescere
515 1493 584 1544 ob
610 1492 746 1545 hanc
775 1491 1013 1546 ecclesia:
1035 1505 1184 1544 nova:
1208 1491 1457 1544 fabricam
1487 1508 1499 1542 :
1534 1489 1787 1543 Paulinus

205 1581 484 1650 respondit
511 1582 559 1635 id
576 1579 790 1650 quidem
821 1597 1014 1634 novum
1045 1598 1152 1636 non
1175 1595 1312 1644 esse,
1339 1596 1435 1635 nec
1460 1581 1639 1634 mirari
1662 1581 1786 1648 quia

203 1676 260 1730 iu
315 1674 548 1728 Domino
582 1672 820 1728 conﬁdit.
869 1674 1128 1739 Quocirca
1181 1674 1494 1742 Delphinum
1523 1669 1549 1708 ά
1579 1682 1785 1741 patrem

201 1779 363 1817 suum
392 1765 722 1832 spiritualem
745 1765 1010 1831 obsecrat,
1036 1774 1091 1818 ut
1114 1782 1210 1834 pro
1233 1766 1265 1834 i;
1287 1766 1396 1819 sius
1422 1765 1597 1818 anima
1627 1772 1786 1830 atque

201 1856 395 1911 salutis
424 1871 708 1925 progressu
737 1856 902 1910 Deum
925 1865 1192 1926 precetur.

278 1948 333 2000 ‘5.
375 1947 457 2000 Nil
504 1947 682 2001 obstat
721 1948 1005 2016 quominus
1050 1947 1358 2014 vigesimam
1388 1946 1672 2000 secundam
1721 1945 1786 1998 ad

203 2036 466 2092 Severum
495 2037 818 2106 epistolam,
867 2053 986 2106 qua:
1037 2039 1344 2105 vigesimam
1391 2040 1787 2108 septimaman-

204 2127 492 2181 teeessisse
546 2127 725 2189 debet,
777 2127 881 2182 hoc
927 2143 1068 2182 anno
1096 2128 1438 2182 collocemus.
1490 2139 1512 2164 ο
1558 2127 1789 2181 Severus

202 2219 493 2288 epistolam
541 2219 608 2272 ad
661 2217 942 2272 Paulinqu
971 2219 1190 2273 dederat
1219 2218 1536 2285 Mart-acino,
1585 2217 1736 2285 cujus
1767 2215 1784 2254 ί

202 2324 371 2378 supra
401 2309 770 2374 meminimus;
803 2319 859 2362 at
895 2309 1119 2363 Romam
1155 2327 1274 2364 eum
1315 2311 1619 2364 advenisset
1647 2310 1787 2362 Mar-

202 2399 428 2453 racinus
455 2398 684 2453 Soriano
713 2400 994 2468 epistolam
1026 2400 1244 2454 tradidit
1272 2402 1505 2469 gaudens
1526 2404 1666 2471 quod
1700 2419 1788 2454 us-

202 2507 320 2560 que
348 2492 536 2546 Nolam
566 2509 624 2547 se
653 2492 898 2548 conferre
924 2502 978 2547 et
1007 2494 1057 2547 in
1091 2492 1294 2548 Paulini
1317 2503 1660 2563 conspectum
1701 2511 1791 2548 vc-

202 2585 331 2636 nire
363 2600 468 2637 non
499 2593 782 2652 cogeretur
814 2603 826 2637 :
859 2593 1046 2640 contra
1075 2601 1202 2640 vero
1223 2585 1478 2639 Sorlanus
1502 2586 1793 2639 monachus

201 2673 502 2726 admodum
533 2676 650 2743 pius
691 2685 745 2729 et
773 2676 855 2728 vir
881 2691 1009 2729 vere
1035 2677 1342 2745 Spiritualis,
1375 2693 1492 2730 ctun
1537 2676 1792 2729 Severum

199 2763 278 2818 de
315 2763 536 2819 Paulino
583 2766 776 2834 saepius
819 2767 1054 2820 audisset
1107 2768 1446 2835 loquentem,
1500 2781 1560 2819 ac
1590 2763 1794 2818 Paulini

198 2853 487 2908 desiderio
517 2863 808 2920 teneretur,
839 2857 1085 2923 gaudens
1115 2865 1299 2924 optata
1344 2858 1626 2909 occasione
1658 2856 1799 2906 litte-

198 2963 302 3000 ras
336 2947 389 2999 in
420 2962 479 3000 se
510 2948 713 3014 recepit
742 2949 1024 3015 attulitquc
1066 2947 1308 3009 Paulzuo,
1338 2948 1422 3001 cui
1446 2963 1503 3001 sc
1534 2948 1794 3016 probavit.

196 3038 562 3105 Quapropter
606 3037 807 3093 Severo
850 3040 1178 3108 respondens
1230 3051 1253 3088 ε
1300 3050 1579 3109 postquam
1612 3041 1796 3108 Optimi

198 3136 386 3196 atque
416 3129 529 3181 veri
572 3129 819 3183 monachi
848 3130 1132 3197 imaginem
1163 3130 1494 3184 adumbravit
1524 3127 1795 3193 Paulinus,

200 3219 371 3289 puniit
392 3235 513 3272 eam
543 3235 662 3274 esse
685 3221 892 3275 Soriani
922 3223 1010 3290 qui
1042 3223 1391 3291 probabiliter
1429 3222 1564 3275 hanc
1593 3223 1764 3291 episto

204 3315 320 3365 lam
351 3317 470 3364 erat
498 3311 793 3367 delaturus.
822 3313 1070 3368 Paulinus
1101 3316 1201 3370 hoc
1237 3316 1351 3385 ipso
1377 3331 1516 3370 anno
1541 3317 1560 3351 ¹ι
1593 3333 1798 3370 summa

205 3400 438 3454 aedilicia
471 3400 741 3455 inchoavit
769 3419 887 3470 qua:
905 3413 1026 3473 post
1054 3413 1160 3459 tres
1189 3421 1357 3460 annos
1386 3406 1533 3460 fuere
1564 3407 1798 3476 perfecta

207 3492 315 3543 sub
342 3488 500 3543 linem
532 3491 666 3544 anni
688 3491 814 3545 402.

282 3581 338 3632 4.
381 3581 439 3634 lu
481 3583 716 3637 carmine
754 3583 767 3620 ί
810 3583 954 3652 quod
996 3600 1137 3639 anno
1185 3587 1426 3655 sequenti
1475 3589 1796 3657 composuit,

215 3681 608 3725 commemorat
653 3673 936 3742 plerosque
978 3675 1219 3729 homines
1259 3692 1316 3730 se
1355 3677 1574 3744 singulis
1614 3678 1800 3733 diebus

212 3773 344 3816 ante
371 3763 542 3817 sancti
567 3762 758 3818 Felicis
783 3765 951 3819 altare
974 3763 1184 3832 ollerre,
1212 3775 1268 3821 ut
1291 3767 1337 3821 ei
1363 3769 1560 3835 gratias
1582 3775 1802 3838 agerent

211 3852 359 3921 quod
403 3851 496 3906 Dei
547 3854 913 3909 misericordia
965 3855 1312 3926 ejusdemque
1364 3859 1533 3914 sancti
1576 3862 1796 3929 auxilio,

217 3950 508 4009 pereuntes
529 3959 560 3997 e
588 3942 878 4013 naufragiis
927 3947 1222 4002 evasissent
1266 3949 1578 4004 incolumes.
1612 3951 1798 4007 Nescio

219 4046 288 4082 an
313 4032 378 4084 ad
399 4032 675 4104 historiam
705 4033 1007 4090 Martiuiani
1037 4052 1143 4090 non
1173 4037 1392 4103 alludat,
1415 4054 1574 4106 quam
1597 4029 1798 4109 Cythe-

217 4122 303 4174 rio
331 4121 585 4177 describit
614 4124 665 4177 iu
696 4135 964 4193 poemate,
1007 4127 1158 4193 cujus
1187 4129 1448 4196 epocham
1500 4129 1798 4183 certissime

215 4213 440 4268 omnino
468 4222 702 4269 statuere
729 4231 835 4270 non
877 4230 1178 4284 possumus.
1210 4215 1494 4286 Cytherius
1526 4224 1538 4266 l
1591 4219 1691 4271 iste
1720 4220 1802 4272 vir

216 4315 329 4360 erat
358 4308 413 4361 in
444 4308 625 4363 seculo
652 4317 764 4362 tum
812 4323 1010 4378 genere
1040 4317 1152 4361 tum
1195 4307 1440 4363 doctrina
1473 4308 1716 4376 illustris,
1744 4317 1799 4364 et

215 4399 392 4454 clarus
427 4399 776 4467 dignitatibus
809 4415 942 4469 quas
981 4399 1153 4455 fuerat
1201 4408 1497 4455 assecutus.
1531 4401 1598 4456 At
1637 4401 1793 4469 Deus,

215 4491 302 4559 qui
317 4491 503 4544 omnia
531 4491 598 4546 ad
625 4507 682 4546 se
704 4492 923 4546 trahens
947 4492 1110 4546 seculi
1128 4499 1374 4561 potentes
1397 4508 1792 4563 nonnumquam

214 4581 413 4649 eligere
459 4583 725 4651 dignatur,
758 4599 878 4637 eum
930 4584 1182 4638 humilem
1232 4585 1395 4639 corde
1441 4584 1702 4640 ditaverat
1738 4595 1795 4641 ut

215 4682 468 4727 :eternam
500 4675 573 4728 illi
621 4675 890 4730 conferret
919 4676 1273 4740 altitudinem,
1307 4684 1361 4730 et
1397 4676 1417 4712 ³
1463 4677 1526 4730 ad
1558 4692 1794 4732 amorem

217 4777 514 4835 pauperum
562 4781 686 4820 eum
734 4766 1085 4821 excitaverat.
1133 4766 1391 4835 Alligatus
1435 4765 1600 4821 1erat
1640 4771 1796 4824 uxori

216 4872 328 4926 quze
356 4869 395 4894 ω
437 4859 489 4913 in
531 4859 778 4914 castitate
819 4861 956 4916 lilios
1004 4876 1131 4915 suos
1177 4861 1483 4915 educabat:
1518 4879 1680 4916 unum
1727 4863 1795 4917 ab

216 4948 326 5018 ipso
355 4959 482 5006 ortu
505 4959 916 5006 consecraverat
945 4951 1055 5005 Deo
1083 4959 1131 5013 υ,
1157 4967 1385 5021 eumque
1413 4951 1615 5007 Severo
1651 4954 1794 5008 salu-

219 5043 417 5096 taribus
460 5041 756 5111 disciplinis
785 5040 1126 5095 imbuendum
1167 5041 1603 5110 educandumque
1631 5043 1794 5097 tradi-

213 5129 377 5196 derat,
405 5139 467 5185 ut
499 5130 786 5201 aliquando
817 5139 842 5167 °
867 5132 920 5186 in
955 5129 1193 5186 Ecclesia
1222 5132 1360 5185 inter
1383 5132 1605 5187 clericos
1632 5135 1784 5188 mini-

215 5231 378 5279 strare
408 5233 727 5280 mereretur.
776 5225 1144 5292 Martinianus,
1178 5224 1245 5279 de
1271 5239 1379 5294 quo
1408 5225 1563 5280 nobis
1591 5240 1789 5293 sermo,

282 5371 311 5430 ξ
335 5359 600 5430 Ερ.20.ιι.
619 5360 672 5415 5.
691 5429 703 5430 7
724 5357 777 5430 __b
806 5358 944 5430 Ibid.
975 5429 981 5430 γ
1018 5370 1040 5399 ε
1071 5358 1223 5430 lbid.,
1251 5375 1306 5412 ιι.
1332 5357 1433 5430 ιζ
1460 5355 1484 5394 ἀ
1517 5357 1646 5430 Ibid.

219 5439 270 5484 ct
285 5429 338 5484 5.
378 5427 393 5430 “
415 5429 444 5467 ⁵³
473 5430 650 5486 Carm.
681 5427 768 5493 25,
800 5447 852 5484 v.
883 5429 1009 5483 266.
1095 5429 1108 5466 ί
1144 5429 1323 5482 Carm.
1372 5429 1461 5492 95,
1511 5444 1561 5481 v.
1595 5427 1717 5480 586.

220 5508 256 5536 ⁸³
292 5503 515 5566 lbid.,v.
548 5499 671 5554 695.
746 5509 772 5536 ¹³
803 5499 966 5564 Ibid,
999 5517 1030 5550 v
1083 5499 1204 5552 715.
1285 5509 1308 5533 ⁰
1343 5499 1496 5564 Ibid.,
1530 5515 1580 5550 v.
1610 5497 1734 5551 777.

221 5574 240 5602 '
269 5572 418 5638 l‘u-l.,
465 5589 513 5625 ν.
540 5570 661 5624 430.
747 5571 761 5605 ι
791 5569 948 5633 lhid.,
973 5586 1023 5621 v.
1061 5568 1185 5638 4575.

221 5643 245 5674 ²
277 5637 430 5706 num,
463 5657 511 5692 v.
551 5639 669 5693 181.
750 5649 805 5676 ³³
839 5639 993 5699 lbid.,
1029 5657 1081 5691 v.
1112 5637 1199 5699 60,
1243 5647 1292 5692 et
1319 5639 1384 5690 ⁵75
1407 5647 1457 5692 et
1498 5654 1648 5706 Srqq.

224 5708 272 5738 ετ
298 5705 452 5770 lbid.,
487 5725 536 5762 ν.
563 5709 668 5763 515
700 5717 753 5763 et
781 5709 904 5764 519.
990 5708 1037 5746 ί(
1068 5707 1284 5769 lbid.,v.
1317 5707 1440 5761 353.

221 5784 265 5823 ι-ι
289 5775 396 5829 ass
423 5785 483 5835 ct
506 5793 659 5849 seqq.
739 5779 761 5817 ι
820 5779 974 5843 lbid.,
1009 5795 1058 5831 v.
1093 5777 1216 5832 393.

1726 5369 1748 5396 ε
1778 5359 1986 5416 Paulin.
2019 5374 2103 5427 ep.
2129 5354 2216 5427 22,
2250 5370 2302 5406 n.

1799 5434 1812 5480 ι
1855 5421 2178 5486 Οτιτιῐι.’2ί,
2215 5441 2263 5476 v.
2312 5421 2438 5474 441.

1390 5491 1496 5581 viil,
1530 5515 1580 5550 v.
1767 5578 1775 5581 _
1819 5512 1841 5548 [ν
1871 5499 2032 5581 Ibid,,
2059 5515 2116 5581 v_.-
2143 5491 2258 5581 βξ·ιῦ
2279 5500 2341 5581 et
2363 5491 2506 5581 c3355.

1237 5578 1288 5627 ,υ
1328 5569 1481 5626 lbid..
1511 5584 1564 5622 v.
1597 5567 1704 5620 452
1728 5578 1783 5622 et
1815 5587 1863 5623 ν.
1896 5571 1946 5622 4.
2028 5581 2048 5629 ‘7
2082 5567 2237 5627 lbid.,
2278 5579 2327 5615 v.
2363 5567 2420 5614 ‘2‘!

1243 5647 1292 5692 et
1319 5639 1384 5690 ⁵75
1407 5647 1457 5692 et
1498 5654 1648 5694 smn.
1729 5641 1784 5676 Μ’
1817 5639 1970 5694 lbid..
2004 5656 2051 5691 v.
2087 5637 2191 5690 255
2217 5642 2270 5686 et
2297 5631 2420 5685 272.

1520 5718 1571 5753 ιε
1600 5707 1809 5769 lbid.,v.
1843 5709 1966 5762 529.

1304 5778 1343 5812 ¹¹
1384 5778 1539 5842 lbi.l.,
1574 5794 1624 5830 v.
1656 5777 1758 5830 -l03
1787 5789 1840 5833 ct
1870 5794 2019 5847 seqq.

1881 761 1974 814 lini
1995 763 2344 815 conveniendi
2377 771 2396 797 ³
2428 764 2692 819 desiderio
2717 765 2936 821 allectus
2965 777 3068 834 est,
3097 770 3338 837 quamvis
3362 771 3458 839 ipsi

1887 853 1904 888 ι
1943 851 2161 905 Paulino
2185 853 2396 920 ignotus
2429 871 2441 906 :
2481 868 2600 907 eam
2627 855 2697 908 ob
2723 871 2834 908 rem
2865 857 3146 927 Cytherius
3183 875 3458 912 commen-

1881 943 2096 998 datitias
2117 953 2140 978 ¹¹
2161 945 2207 997 ei
2227 945 2431 998 litteras
2447 945 2661 998 tradidit
2687 955 2743 999 ut
2765 945 3044 1014 Paulinum
3066 950 3258 1003 adiret.
3282 949 3459 1005 Primo

1885 1042 1908 1068 '
1939 1042 2078 1086 terra
2109 1033 2352 1102 progredi
2376 1035 2544 1088 voluit
2580 1035 2948 1103 Martiuiauus,
2981 1048 3036 1092 at
3064 1048 3168 1093 tam
3194 1041 3351 1109 longo
3375 1043 3460 1096 iti-

1885 1122 1999 1178 neri
2028 1123 2249 1191 pedibus
2295 1139 2354 1178 se
2381 1125 2716 1179 committere
2765 1142 2870 1181 non
2921 1128 3152 1192 audens,
3187 1133 3403 1186 ineunte
3437 1143 3458 1168 ι

1886 1222 2142 1267 autumno
2189 1213 2435 1269 Narbone
2470 1217 2524 1270 in
2555 1218 2730 1271 navim
2765 1220 3077 1274 conscendit
3104 1237 3121 1273 τ
3147 1221 3286 1276 unde
3316 1231 3461 1292 patet

1886 1320 2008 1360 eum
2029 1321 2180 1375 mque
2198 1321 2264 1360 ac
2288 1306 2598 1377 Cytherium
2629 1310 2788 1365 fuisse
2811 1327 2873 1365 ex
2900 1313 3105 1368 Galliis.
3138 1323 3163 1362 γ
3187 1312 3462 1368 Secundus

1886 1397 1935 1450 ei
1966 1396 2064 1450 fuit
2094 1407 2310 1463 ventus;
2341 1400 2432 1456 sed
2462 1401 2611 1456 navis
2639 1416 2797 1470 quam
2826 1403 3139 1458 ascenderat
3170 1413 3196 1441 ι
3221 1406 3461 1459 absoleta

1894 1487 2068 1539 media
2095 1489 2198 1558 67
2229 1498 2386 1544 nocte
2429 1488 2672 1554 desedit,
2711 1500 2765 1544 et
2808 1507 2994 1546 omnes
3017 1494 3108 1563 qui
3140 1494 3189 1547 in
3220 1509 3286 1547 ea
3312 1502 3463 1548 erant

1884 1577 2351 1631 subtnersisuntn"
2371 1589 2562 1648 pneter
2575 1596 2667 1634 eos
2683 1582 2773 1651 qui
2801 1582 2852 1635 in
2882 1584 3121 1653 cymbam
3152 1583 3460 1651 confugere.

1886 1665 2234 1720 Martinianus
2254 1676 2454 1731 autem,
2471 1669 2754 1724 Christiani
2767 1687 2983 1739 omnes,
2996 1681 3048 1725 et
3064 1674 3277 1742 quidam
3304 1675 3462 1728 etiam

1888 1757 2128 1812 inlidelcs
2167 1761 2256 1829 qui
2297 1760 2348 1813 in
2389 1776 2574 1814 eorum
2617 1778 2842 1816 numero
2881 1764 3122 1832 fuerunt,
3173 1766 3464 1821 incolumes

1815 1828 1861 1886 Β
1890 1861 2175 1907 evaserunt
2205 1870 2216 1903 ε
2249 1853 2423 1906 nullus
2455 1853 2623 1907 lidelis
2651 1871 2858 1908 mersus
2891 1866 3003 1920 est;
3035 1856 3127 1910 sed
3160 1867 3344 1911 contra
3368 1857 3463 1911 Ju-

1887 1942 1984 1996 dmi
2014 1950 2068 1996 et
2106 1942 2428 1996 schismatiei
2475 1945 2702 2011 periere.
2731 1945 3056 2008 Navarchus,
3083 1947 3172 2014 qui
3213 1955 3267 2000 et
3289 1947 3463 2000 Nova-

1888 2034 2082 2096 tianus,
2132 2034 2505 2102 desperatione
2547 2036 2706 2089 etiam
2758 2035 3034 2090 demersus
3063 2017 3177 2103 est,
3207 2040 3464 2107 potuisset

1888 2125 2028 2176 enim
2071 2140 2129 2178 se
2166 2141 2230 2178 ex
2276 2125 2514 2194 periculo
2547 2126 2776 2195 eripere.
2821 2126 2966 2182 Pene
2996 2128 3052 2166 δι’
3083 2130 3255 2182 nudus
3282 2129 3465 2197 ellugit

1890 2212 2258 2278 Martiuianus,
2291 2216 2402 2283 qui,
2435 2216 2592 2269 rebus
2635 2215 2746 2270 suis
2777 2217 3006 2283 relictis,
3041 2219 3091 2271 in
3141 2235 3338 2288 pavore
3376 2235 3467 2272 ue-

1888 2308 2062 2360 seieus
2074 2315 2334 2360 sumserat
2351 2324 2531 2360 secum
2550 2305 2788 2376 Apostoli
2813 2309 3052 2363 codicem
3077 2308 3461 2377 Epistolarum:

1890 2396 1942 2450 iu
1973 2406 2216 2450 extremo
2239 2407 2290 2432 τε
2311 2397 2520 2465 scaphae
2543 2396 2807 2467 profundo
2833 2401 3066 2452 acetiam
3097 2399 3146 2451 iu
3177 2411 3312 2467 aqua
3334 2400 3469 2469 posi-

1893 2499 1976 2543 tus
2018 2499 2118 2549 est,
2149 2498 2202 2542 et
2233 2498 2407 2544 tatnen
2441 2492 2538 2543 ista
2565 2491 2896 2544 incommoda
2916 2531 2930 2556 ,
2960 2491 3142 2558 frigus,
3186 2502 3470 2559 ceteraque

1895 2582 2025 2634 tanti
2060 2580 2597 2649 infoi-tuniiadjuucta
2621 2598 2648 2635 a
2666 2598 2856 2635 somno
2869 2599 2988 2635 eum
3020 2599 3125 2636 non
3149 2584 3467 2649 excitarunt,

1893 2671 2066 2725 donec
2105 2672 2294 2740 cymba
2348 2679 2560 2740 portum
2608 2672 2928 2738 appelleret,
2974 2673 3118 2738 quod
3170 2674 3471 2727 humanitus

1899 2759 2010 2813 ﬁeri
2035 2777 2140 2812 non
2157 2769 2382 2828 poterat.
2407 2760 2592 2813 Navim
2609 2758 2663 2796 δα
2679 2762 2932 2829 applicuit
2960 2760 3266 2825 Massiliam,
3292 2765 3342 2816 in
3368 2779 3470 2832 qua

1898 2849 2116 2901 civitate
2145 2848 2367 2901 solitarii
2393 2858 2446 2884 δι’
2481 2849 2696 2918 copiosa
2723 2849 2943 2904 caritate
2973 2865 3233 2919 pauperes
3264 2852 3391 2904 nLhil
3423 2853 3470 2908 ei

1900 2941 2035 2994 ultra
2085 2940 2294 2994 calceos
2335 2941 2461 2994 dare
2514 2951 2828 3009 potuerunt;
2862 2942 3183 3011 tandemque
3230 2960 3296 2997 ne
3337 2943 3470 2998 forte

1899 3031 2188 3086 haberetur
2208 3048 2342 3085 unus
2371 3050 2438 3086 ex
2465 3032 2545 3086 his
2569 3033 2843 3086 monachis
2864 3033 3136 3102 acephalis
3163 3035 3251 3087 et'
3267 3034 3282 3071 ί
3304 3036 3471 3104 impo-

1899 3123 2151 3188 storibus,
2184 3139 2277 3177 seu
2301 3123 2477 3177 avaris
2512 3121 2920 3189 mendicabulis,
2944 3134 3172 3179 utvocat
3203 3137 3256 3172 ιςε
3295 3125 3472 3180 Pauli-

1900 3230 2022 3280 nus,
2052 3214 2141 3282 qui
2173 3229 2267 3283 per
2297 3221 2469 3268 terras
2496 3222 2551 3266 et
2579 3230 2724 3268 mare
2753 3215 2933 3280 vagari
2961 3215 3156 3278 solent,
3177 3224 3231 3269 et
3252 3232 3308 3270 se
3336 3232 3473 3269 nan-

1898 3306 2074 3374 fragos
2115 3322 2403 3375 casumque
2445 3306 2756 3370 venditant,
2796 3308 2985 3376 pelago
3033 3323 3091 3361 se
3135 3308 3472 3362 committere

1898 3399 2090 3452 iterum
2119 3407 2334 3452 coactus
2361 3407 2462 3452 est.
2495 3397 2754 3452 Secundis
2786 3399 2955 3451 ventis
2982 3395 3036 3433 ¹ι¹³
3077 3398 3471 3451 Centumcellas

1897 3491 2100 3561 appulit
2130 3490 2498 3556 Martinianus,
2533 3490 2670 3544 unde
2699 3488 2744 3526 ίί
2783 3489 3005 3542 Romam
3037 3504 3206 3556 usque
3249 3489 3470 3558 pedibus

1898 3598 1956 3636 se
1981 3580 2228 3636 contulit.
2263 3579 2527 3649 Receptus
2559 3583 2604 3629 ll
2643 3588 2726 3634 est
2763 3580 2816 3632 in
2855 3578 3130 3647 cujusdam
3174 3576 3378 3631 Paulini
3420 3586 3472 3632 et

1900 3672 2135 3728 Theridii
2159 3673 2339 3735 domo,
2372 3672 2463 3740 qui
2498 3671 2553 3725 S.
2581 3671 2800 3724 Paulino
2831 3679 2984 3724 erant
3010 3671 3210 3740 pariter
3249 3672 3390 3734 cari;
3421 3680 3471 3728 et

1900 3773 2026 3821 tunc
2057 3765 2312 3834 temporis
2353 3763 2497 3817 Nolae
2536 3778 2656 3817 cum
2695 3763 2918 3817 Paulino
2962 3771 3147 3817 nostro
3193 3762 3472 3817 Theridius

1897 3856 2349 3912 commorabatur.
2393 3853 2502 3909 Hac
2549 3854 2600 3907 in
2640 3851 2770 3909 urbe
2811 3852 3154 3910 Martinianus
3183 3855 3325 3909 viros
3371 3855 3472 3909 sibi

1898 3949 2208 4005 notissimos
2237 3955 2293 4002 et
2317 3945 2605 4016 papulares
2625 3962 2753 4000 suos
2783 3947 3006 4016 reperit,
3036 3955 3091 4001 et
3120 3945 3375 4001 Paulinus
3394 3947 3471 4002 ci-

1897 4044 1978 4096 vis
1998 4041 2086 4095 ille
2115 4039 2388 4092 Romanus
2415 4053 2536 4092 eum
2574 4036 2790 4091 nudavit
2813 4046 2958 4090 veste
2988 4035 3238 4102 naufraga
3270 4046 3324 4090 et
3344 4051 3472 4091 coo-

1899 4133 2074 4202 peruit
2095 4145 2208 4184 sua.
2241 4129 2585 4182 Martiuianus
2612 4128 2805 4181 deinde
2838 4126 2891 4164 ιιι
2922 4126 3144 4194 pedibus
3170 4128 3271 4180 iter
3290 4143 3474 4183 versus

1901 4223 2087 4276 Nolam
2111 4219 2367 4289 perrexit.
2393 4217 2608 4287 Caputc,
2638 4232 2756 4284 qua:
2791 4217 2955 4271 leucis
2979 4223 3103 4270 octo
3131 4214 3291 4269 distat
3320 4216 3471 4283 Nola,

1907 4311 1952 4350 ιι
1975 4321 2253 4368 vacantem
2275 4310 2481 4364 sarcina
2512 4308 2712 4362 mulum
2743 4306 3054 4362 redeuntem
3072 4323 3238 4377 parvo
3263 4324 3368 4364 aere
3390 4309 3473 4363 lo-

1899 4405 2040 4460 cavit
2073 4421 2086 4456 :
2120 4412 2175 4456 at
2203 4401 2467 4471 pigritiam
2499 4417 2604 4456 non
2637 4399 2757 4454 tulit
2784 4399 3128 4469 impunitam;
3159 4399 3305 4455 mulo
3333 4400 3474 4456 enim

1899 4497 2160 4554 subducto
2209 4496 2260 4549 in
2289 4502 2484 4548 terram
2515 4492 2708 4548 cecidit
2729 4492 2782 4546 in
2812 4506 2904 4546 ora
2929 4491 3130 4560 lapsus,
3155 4491 3206 4544 in
3236 4506 3362 4546 saxa
3389 4490 3473 4546 fua

1897 4607 1989 4647 sus
2027 4599 2081 4644 et
2109 4590 2302 4652 rubos;
2350 4603 2449 4642 nec
2493 4596 2669 4640 tamen
2717 4585 2871 4639 lzcsus
2899 4591 3018 4637 est:
3049 4584 3191 4652 quod
3222 4581 3475 4638 Paulinus

1899 4690 2171 4751 nostermm
2193 4679 2247 4731 S.
2266 4677 2464 4732 Felicis
2487 4676 2807 4746 protectioui
2828 4675 3030 4729 tribuit.
3046 4674 3283 4742 Denique
3305 4675 3354 4727 in
3377 4673 3476 4728 do-

1898 4789 2043 4827 mum
2073 4770 2130 4825 S.
2151 4767 2357 4822 Paulini
2379 4767 2625 4830 advenit;
2653 4774 2708 4801 ιιη
2739 4767 2950 4834 ignotus
2977 4773 3102 4819 ante
3131 4781 3254 4819 mox
3286 4773 3344 4818 ut
3375 4781 3472 4821 co-

1900 4863 2078 4932 gnitus
2107 4875 2224 4914 csse
2254 4858 2417 4926 erepit
2437 4870 2488 4910 et
2519 4854 2756 4927 Cytherii
2778 4856 3008 4919 amicus,
3041 4853 3266 4908 Paulino
3305 4853 3476 4911 factus

1901 4960 1984 5006 est
2025 4949 2361 5009 carissimus,
2389 4945 2633 5014 quamvis
2682 4945 2888 4999 litteras
2931 4943 3396 5008 eqmmendatitias
3423 4945 3474 4998 ei

1898 5041 2070 5096 nullas
2095 5040 2221 5095 dare
2241 5035 2495 5108 potuerit,
2525 5035 2648 5103 quia
2669 5049 2760 5089 eas
2779 5048 2979 5101 suaque
2999 5034 3178 5088 omnia
3199 5033 3472 5088 amiserat.

1899 5133 2033 5187 llud
2059 5145 2273 5186 carmen
2315 5125 2568 5181 Paulinus
2616 5125 2885 5194 inscripsit
2912 5123 2981 5178 ad
3018 5123 3350 5194 Cytherium,
3387 5124 3474 5178 cui

1898 5235 2185 5297 postquam
2218 5234 2398 5275 casum
2427 5233 2490 5273 ac
2517 5215 2773 5272 miracula
2814 5216 3257 5270 commemoravit
3284 5214 3476 5284 quibus

2465 5349 2481 5388 τ
2507 5348 2638 5418 Cap.
2664 5347 2752 5403 55.
2829 5359 2852 5395 8
2878 5347 3086 5403 Paulin.
3111 5364 3198 5418 ep.
3229 5347 3322 5412 22,
3355 5363 3407 5418 n.
3432 5346 3477 5418 2

2518 5420 2538 5455 ι
2563 5416 2718 5480 lbid..
2743 5435 2794 5472 v.
2823 5418 2945 5472 486.
3028 5418 3040 5456 ι
3077 5416 3234 5484 Ibid,
3259 5434 3308 5469 v.
3348 5416 3471 5472 689.

2585 5501 2608 5538 ρ
2641 5489 2797 5554 lbid.,
2823 5505 2872 5542 v.
2904 5488 2951 5540 ι.
3031 5498 3052 5524 ι
3079 5486 3232 5550 lbid.,
3266 5503 3316 5540 ν.
3349 5486 3473 5542 457.

2529 5569 2552 5596 ι
2595 5559 2748 5621 ll)id.,
2782 5575 2829 5609 v.
2853 5556 2987 5610 .259.
3063 5565 3089 5603 1
3116 5555 3269 5618 1ι›ί‹1.,
3300 5573 3350 5609 ν.
3384 5556 3471 5610 45.

2501 5641 2552 5668 σε
2584 5628 2790 5689 lbid.,v.
2826 5626 2946 5677 247.
3024 5621 3078 5661 ¹¹⁶
3104 5624 3323 5691 lbid.,v.
3349 5625 3473 5682 505.

2045 5706 2098 5744 bu
2125 5704 2335 5766 nium.
2366 5700 2489 5754 soi.
2573 5698 2617 5736 ίε
2647 5694 2985 5766 Iudaeam.
3065 5695 3348 5766 lilhiil.,v.
3373 5696 3470 5751 δτι

2097 5786 2175 5814 ,ητις
2208 5764 2362 5837 “nd”
2408 5787 2457 5822 ν,
2489 5767 2608 5821 4H.
2687 5775 2740 5800 τινι
2771 5764 2927 5832 lbid.,
2969 5781 3018 5818 v.
3050 5765 3152 5822 455
3173 5776 3225 5821 et
3253 5783 3404 5834 seqq.

2028 5581 2048 5629 Υ
2082 5565 2237 5627 lbid.,
2278 5579 2327 5615 v.
2363 5561 2451 5616 22.
