4056 6358
547 296 608 363 9|
1565 290 1623 346 s.
1663 284 2004 346 rauuuus
2038 285 2354 343 MLANUS
2382 261 2778 341 cpiscopus.
3713 285 3785 342 as

549 424 581 463 e
611 407 849 478 periculo
879 406 1249 461 Martinianum
1284 404 1426 459 Deus
1454 405 1746 473 eripuerat,
1779 413 1804 440 ³·
1834 405 1901 457 de
1922 401 2015 457 lilii
2036 401 2118 455 in-
2143 404 2193 461 Α
2221 416 2363 456 nuo:
2395 410 2453 455 et
2478 400 2678 456 idcirco
2725 400 2978 456 Paulinus
3005 400 3209 457 Severo
3252 414 3351 458 suo
3376 402 3623 481 scribens
3651 442 3666 465 ,
3699 404 3786 457 Vi-

548 500 848 562 stitulione,
895 513 1054 567 quem
1083 497 1182 551 sub
1211 495 1410 553 Severo
1438 494 1725 565 Cytherius
1751 494 1863 548 Deo
1901 493 2113 548 dicave-

546 599 650 655 rat,
682 590 845 644 multa
872 589 1101 644 disserit.
1156 585 1313 641 Circa
1363 586 1502 640 idem
1545 596 1752 653 tempus
1782 584 1956 637 forsan
1984 583 2115 637 scri-

546 682 655 751 psit
683 677 1392 747 Paulinusl‘Epithalamium
1421 676 1637 739 Juliaui,
1679 691 1838 745 quem
1868 682 2113 731 constatc

547 786 614 825 ex
644 770 918 838 Augustini
956 769 1184 838 epistola
1211 768 1502 824 centesima
1532 767 1703 836 prima
1733 766 1896 821 fuisse
1937 767 2118 821 diaco-

548 875 674 914 num
695 875 836 913 anno
858 858 979 916 408.

1070 1000 1296 1072 Caper
1323 1015 1600 1070 xxxvnl.

548 1130 652 1185 Per
691 1130 945 1184 Victorem
968 1131 1132 1183 sancti
1176 1128 1393 1182 Martini
1418 1128 1723 1198 discipulum
1752 1128 1985 1198 Sulpicio
2027 1128 2123 1183 Se-

799 1236 915 1272 uero
936 1218 1107 1287 plures
1131 1218 1375 1287 epistolas
1414 1217 1588 1272 scribit
1615 1217 1889 1271 Paulinus.

626 1351 674 1404 l.
700 1353 947 1416 Severus,
977 1349 1003 1387 ά
1039 1351 1129 1420 qui
1151 1352 1316 1406 semel
1347 1360 1554 1406 tantum
1594 1353 1878 1420 quotannis
1902 1348 2126 1408 Paulino

552 1442 787 1496 scribere
810 1449 1184 1502 consueverat.
1218 1443 1321 1497 hoc
1347 1458 1488 1497 anno
1510 1442 1652 1496 circa
1681 1442 1935 1513 hiemem,
1964 1450 2022 1496 ut
2050 1443 2128 1496 vi-

548 1529 731 1594 detur,
755 1532 947 1586 iterum
976 1532 1193 1602 scripsit
1208 1547 1318 1599 quo
1349 1532 1398 1585 ei
1421 1546 1657 1585 amorem
1677 1547 1829 1585 suum
1854 1532 2019 1607 magis
2043 1539 2120 1587 te-

548 1622 887 1677 stificaretur.
920 1624 977 1677 lu
1022 1625 1167 1679 hisce
1214 1622 1405 1677 litteris
1436 1619 1709 1675 Paulinum
1757 1630 1780 1659 ε
1813 1621 2032 1690 rogabat
2071 1630 2128 1676 ut

2214 502 2418 548 ctorem
2439 501 2465 528 ιι
2491 493 2717 546 solemne
2743 493 2984 547 solatium
3009 509 3157 551 suum
3177 494 3411 565 appellat
3443 512 3455 546 :
3487 493 3634 563 quod
3666 495 3766 547 iter

2215 590 2276 637 ut
2302 580 2531 646 videtur,
2555 582 2781 657 pedibus
2803 580 3145 636 conﬁciebat.

2749 734 2885 775 auso
2913 735 3117 775 cuntsn
3146 720 3270 774 401.

2289 827 2342 885 2.
2373 829 2429 885 Si
2458 829 2660 900 potuit,
2699 838 2931 885 exeunte
2975 846 3119 885 anno
3145 829 3278 897 400,
3315 830 3410 887 sed
3438 831 3623 901 potius
3648 847 3788 888 armo

2220 923 2316 977 401
2352 923 2570 977 ineunte
2598 938 2696 992 per
2714 922 2960 977 eumdem
2982 921 3261 995 Victorem,
3273 920 3476 976 Severo
3499 922 3789 991 probabili-

2222 1021 2305 1067 ter
2331 1012 2606 1083 respoudit
2651 1010 2922 1066 Paulinus.
2954 1021 2978 1047 '
3021 1008 3255 1066 Primum
3284 1011 3472 1066 Severi
3499 1012 3787 1066 amicitiam

2220 1116 2286 1163 ac
2319 1100 2746 1159 benevolentiam
2782 1100 2937 1155 valde
2974 1100 3339 1165 commendat,
3369 1116 3631 1170 suamque
3672 1119 3788 1156 mu-

2222 1197 2370 1249 tuam
2391 1189 2440 1243 ei
2461 1188 2758 1253 denuntiat,
2799 1198 2854 1244 et
2884 1199 2907 1226 ι
2930 1189 3124 1245 deinde
3146 1190 3312 1245 multa
3338 1191 3406 1246 de
3430 1191 3654 1246 Victore
3682 1192 3790 1246 dis~

2220 1280 2354 1343 serit
2384 1298 2397 1333 :
2433 1280 2547 1337 haec
2570 1280 2793 1335 recludit
2821 1280 3028 1335 initium
3068 1280 3306 1351 epistola:
3332 1281 3606 1349 vigesima}
3629 1283 3793 1337 tertia:

2222 1386 2393 1441 usque
2421 1370 2487 1424 ad
2518 1386 2796 1426 numerum
2829 1370 2914 1436 10,
2954 1372 3096 1440 quod
3142 1372 3270 1427 olim
3315 1373 3600 1441 epistolam
3631 1382 3791 1427 totam
3826 1410 3827 1413 η

2224 1462 2292 1519 ad
2313 1463 2570 1518 Severum
2593 1462 2659 1517 lll
2682 1463 2734 1517 in
2763 1463 2992 1531 vulgatis
3017 1472 3169 1518 antea
3198 1464 3472 1519 codicibus
3496 1464 3792 1519 constitue-

2224 1553 2349 1619 bat;
2372 1562 2561 1623 quarta
2587 1569 2718 1609 vero
2748 1554 2799 1607 in
2824 1554 3008 1608 iisdem
3054 1554 3267 1608 excusis
3300 1554 3575 1609 codicibus
3604 1555 3684 1609 sic
3714 1555 3792 1607 in-

2224 1647 2455 1703 choabat
2475 1654 2505 1694 1
2531 1662 2545 1698 :
2585 1644 2744 1701 Venio
2773 1661 2905 1698 nunc
2931 1644 3002 1698 ad
3046 1644 3293 1714 majorem
3327 1646 3507 1716 fratris
3552 1661 3682 1715 ergo
3708 1662 3793 1698 «ius

549 1715 720 1782 magis
759 1716 1034 1785 magisque
1083 1731 1203 1770 eum
1233 1715 1534 1769 redamaret
1575 1732 1588 1766 :
1630 1714 1796 1784 ipsius
1825 1711 1845 1751 ί
1875 1714 2123 1767 virtutem

2236 1736 2457 1790 Victoris
2479 1751 2705 1805 operam.
2732 1738 2801 1788 At
2818 1734 2940 1803 quis
2958 1750 3068 1791 non
3086 1711 3271 1789 videat
3302 1711 3360 1788 et
3399 1749 3467 1789 ex
3498 1735 3585 1790 his
3612 1711 3793 1804 primis

549 1806 660 1876 68
703 1806 1116 1876 generalemque
1170 1807 1430 1861 honorum
1470 1806 1858 1861 abdicationem
1902 1806 2127 1875 egregiis

556 1897 801 1952 laudibus
830 1898 1143 1960 extollebat,
1192 1898 1258 1953 de
1286 1915 1345 1953 se
1393 1899 1509 1969 ipso
1548 1898 1824 1951 humiliter
1869 1884 2122 1952 sentiens.

562 1988 722 2042 Certe
750 1988 962 2056 quidem
1011 1988 1367 2043 confitebatur
1401 2004 1460 2042 se
1500 1987 1688 2041 missas
1733 1987 1798 2040 ab
1826 2003 1894 2041 eo
1924 1987 2129 2043 litteras

553 2093 654 2148 pro
684 2080 820 2133 virili
850 2087 1000 2149 parte
1020 2080 1312 2147 divulgare,
1343 2064 1407 2133 ad
1429 2093 1657 2146 eumque
1692 2087 1717 2122 κ
1747 2077 1906 2147 pallia
1950 2078 2131 2133 mitte-

555 2170 666 2224 bat.
699 2169 819 2225 Sua:
842 2171 1138 2225 solitudinis
1160 2168 1183 2206 ¹³
1204 2171 1406 2224 socium
1431 2170 1643 2223 nomine
1664 2167 1932 2223 Victorem
1954 2168 2129 2235 gladio

559 2262 691 2316 alias
701 2263 1152 2326 eireumcinctum,
1169 2262 1339 2316 sancti
1360 2261 1567 2315 Martini
1583 2260 1912 2329 spiritualem
1941 2260 2128 2328 lilium,

558 2360 861 2419 sancteque
889 2353 1008 2406 vita:
1036 2352 1094 2404 Β.
1124 2351 1265 2406 Clari
1287 2357 1590 2406 consortem
1617 2349 1797 2417 elegit,
1835 2348 1850 2387 ί
1885 2349 2131 2418 quihanc

562 2440 629 2495 ad
659 2440 937 2495 Paulinum
965 2440 1198 2496 deferret
1236 2441 1534 2510 epistolam.
1566 2440 1796 2494 Severus
1825 2442 1877 2493 in
1906 2440 2009 2495 hac
2035 2455 2130 2494 sua

556 2533 785 2602 epistola
810 2537 824 2583 J
856 2548 976 2588 eum
999 2533 1208 2587 dixerat
1227 2532 1494 2587 hominem
1523 2532 1807 2586 virtutibus
1836 2537 2080 2583 ornatum
2113 2547 2126 2582 :

554 2620 584 2659 ¹ί
612 2623 793 2677 intima
810 2624 987 2692 itaque
1013 2624 1292 2678 affectione
1316 2632 1371 2679 et
1390 2638 1578 2693 magna
1602 2621 1958 2689 gratulatione
1985 2622 2129 2676 illum

555 2716 789 2784 suscepit
818 2714 1087 2781 Paulinus,
1117 2713 1386 2768 afﬁrmans
1405 2730 1462 2769 se
1483 2714 1851 2783 experimento
1872 2728 2131 2783 recogno-

560 2804 703 2859 visse
732 2804 904 2873 ipsum
930 2820 1047 2861 esse
1073 2820 1198 2858 vere
1226 2805 1497 2858 hominem
1522 2803 1635 2869 Dei,
1666 2804 1919 2857 humilem
1948 2803 2127 2868 corde,

562 2910 668 2947 non
698 2894 954 2948 humilem
977 2894 1165 2961 gratia,
1200 2910 1287 2947 vas
1318 2893 1701 2957 misericordiw,
1742 2903 1791 2945 et
1817 2894 2133 2947 mansionem

562 2983 814 3037 Altissimi
833 3023 848 3047 ,
877 3000 1023 3054 quem
1053 2984 1230 3052 recipit
1258 2993 1307 3035 et
1335 2981 1551 3035 oblectat
1578 2982 1780 3052 placido
1803 2983 1991 3036 animo:
2029 2993 2131 3036 tre-

2170 1858 2191 1865 η-
2225 1824 2448 1881 vocibus
2492 1822 2846 1893 princedentis
2896 1822 3136 1891 epistola:
3182 1823 3585 1888 cohaerentiam,
3637 1839 3791 1878 unam

2225 1914 2579 1983 eamdemque
2607 1929 2746 1969 esse.
2776 1913 2960 1982 Itaque
3000 1928 3162 1967 unam
3191 1914 3567 1969 constituimus
3594 1916 3793 1984 episto-

2226 2008 2335 2062 lam
2356 2007 2668 2075 vigesimam
2698 2006 2929 2059 tertiam.
2961 2004 3017 2058 ιιι
3038 2004 3144 2059 hac
3163 2012 3431 2075 postrema
3457 2014 3618 2075 parte
3656 2016 3796 2078 post-

2226 2114 2384 2170 quam
2408 2097 2643 2152 ostendit
2665 2095 2917 2150 Paulinus
2937 2111 3036 2149 nos
3062 2094 3225 2149 Deum
3255 2104 3309 2149 et
3333 2096 3644 2165 proximum
3670 2097 3794 2150 ada-

2226 2205 2375 2244 mare
2396 2188 2565 2243 teneri
2594 2189 2695 2242 hoc
2725 2186 2829 2242 line
2876 2187 3149 2243 concludit
3179 2196 3200 2223 ι
3236 2205 3248 2239 :
3277 2184 3389 2250 Quo
3412 2190 3582 2259 magis
3605 2200 3694 2241 tua
3714 2206 3796 2242 ca-

2227 2282 2382 2334 ritate
2423 2280 2707 2349 gloriamur
2730 2280 2785 2332 in
2843 2278 3224 2348 Domino,qute
3264 2278 3379 2333 sola
3415 2295 3511 2334 nos
3554 2282 3685 2350 facit
3726 2281 3797 2335 rel

2227 2389 2385 2426 unum
2407 2372 2470 2425 de
2497 2372 2698 2442 magnis
2725 2378 2773 2423 et
2810 2371 3096 2423 innumeris
3137 2368 3318 2424 debitis
3358 2368 3467 2425 Deo
3492 2370 3712 2425 soluere.
3735 2369 3797 2425 In

2229 2461 2461 2517 omnibus
2489 2461 2625 2514 enim
2664 2460 2784 2514 aliis
2818 2458 2963 2514 bonis
3002 2460 3087 2512 ria:
3130 2474 3224 2512 nos
3264 2460 3372 2529 69
3399 2467 3600 2513 tantum
3645 2460 3724 2514 uel
3748 2462 3798 2514 in

2230 2554 2408 2623 paucis
2433 2554 2692 2617 initiatos,
2721 2553 2775 2604 in
2823 2560 2910 2604 tua
2960 2558 3157 2604 tantum
3201 2550 3473 2605 dilectione
3499 2553 3800 2621 proﬁtemur

2231 2662 2341 2699 esse
2369 2646 2642 2715 perfectos.
2692 2643 2837 2698 Illius
2864 2642 3103 2711 cpistola:
3125 2651 3178 2678 λα
3212 2641 3315 2697 ﬁne
3341 2644 3708 2699 commonitus
3738 2644 3803 2698 de

2230 2735 2577 2806 perfectionis
2612 2733 2861 2788 videlicet
2905 2740 2960 2786 et
2986 2733 3224 2788 caritatis
3252 2733 3419 2789 verbo
3437 2733 3505 2788 ad
3544 2733 3798 2789 Severum

2234 2827 2386 2881 istius
2410 2824 2536 2880 facit
2565 2823 2842 2879 eserdium
2871 2822 3109 2892 epistola:
3138 2823 3403 2889 vigesima:
3427 2831 3660 2892 quartas,
3687 2837 3799 2893 qua:

2233 2919 2286 2972 in
2316 2926 2472 2972 antea
2504 2917 2660 2971 editis
2679 2914 2910 2971 secunda
2942 2919 3057 2969 e'rat
3090 2932 3102 2967 :
3132 2914 3184 2970 ei
3233 2914 3435 2969 nullum
3477 2916 3800 2985 praeﬁximus

2235 3008 2466 3069 titulum,
2497 3007 2622 3076 quia
2655 3006 2705 3060 in
2736 3005 2923 3059 eodem
2944 3004 3196 3060 fasciculo
3226 3005 3384 3059 missa
3412 3003 3513 3059 fuit
3539 3021 3666 3061 cum
3695 3005 3800 3076 epi-

559 3077 742 3129 menris
773 3076 1020 3142 hospitio;
1052 3090 1200 3146 quem
1239 3090 1377 3127 ovem
1419 3090 1603 3143 puram
1630 3090 1731 3126 non
1760 3072 1923 3127 solum
1960 3075 1974 3111 ι
2001 3075 2131 3143 pelle

2233 3097 2368 3151 stola
2395 3072 2648 3164 vigesima
2672 3096 2846 3149 tertia.
2871 3093 3209 3162 Expostulatl
3227 3094 3426 3149 betiam
3451 3109 3577 3157 cum
3609 3072 3801 3151 Severo

560 3167 788 3237 (vestem
816 3166 1163 3221 monasticam
1214 3164 1517 3232 intelligit),
1543 3181 1713 3218 verum
1740 3166 1952 3234 spiritus
1976 3182 2129 3219 man-

560 3256 863 3318 suemdinis,
890 3265 939 3310 et
965 3256 1279 3326 expressain
1302 3250 1448 3308 verba
1468 3254 1580 3322 ejus
1599 3263 1749 3323 atque
1768 3254 1971 3308 silentio
1993 3253 2135 3308 Citri-

560 3349 629 3402 sti
656 3349 902 3403 modestia
942 3347 1215 3402 revelabat.
1284 3346 1604 3401 Humillima:
1642 3354 1697 3401 et
1757 3346 2132 3415 abjeetissimaa

562 3446 601 3474 ⁵³
616 3439 885 3493 servitutis
900 3438 1153 3506 obsequia
1166 3435 1388 3491 Paulino
1404 3436 1655 3491 exhibere
1679 3436 1925 3492 studebat
1951 3437 2136 3492 Victor

564 3544 746 3583 avarus
776 3529 1138 3582 dominationis
1168 3529 1401 3593 interntc,
1430 3536 1478 3581 et
1509 3528 1697 3581 idcirco
1727 3545 1983 3599 corporea:
2027 3546 2135 3582 scr-

564 3619 736 3670 uitutis
777 3619 1013 3689 impiger.
1046 3616 1297 3672 Paulinus
1333 3618 1448 3685 ejus
1480 3619 1725 3687 precibus
1752 3627 1777 3653 ιι
1802 3619 1968 3673 semel
2003 3635 2133 3674 con—

567 3706 729 3761 cessit
759 3716 816 3760 ut
842 3707 1007 3775 pedes
1036 3707 1261 3774 lavaret,
1286 3708 1511 3776 oleoque
1539 3724 1733 3776 corpus
1764 3708 1928 3775 ipsius
1948 3723 2139 3776 perun-

570 3804 740 3866 geret,
774 3798 1084 3852 existimans
1111 3798 1211 3854 sibi
1259 3814 1364 3852 non
1402 3799 1672 3852 minimam
1709 3798 2135 3854 benedictionem

571 3901 690 3940 esse
736 3894 974 3941 sanctam
1005 3887 1144 3941 illius
1173 3888 1225 3941 in
1255 3888 1470 3942 nomine
1515 3888 1605 3942 Dei
1636 3886 2051 3952 famulationem,
2080 3896 2139 3943 ut

570 3975 688 4029 viro
742 3974 895 4044 cujus
949 3977 1200 4046 pietatem
1253 3979 1609 4032 venerabatur
1645 3993 1798 4031 suum
1845 3976 2141 4033 declararet

566 4062 830 4120 affectum.
872 4064 937 4119 Ut
964 4074 1139 4120 autem
1170 4066 1398 4120 vicissim
1441 4074 1466 4103 ο
1496 4067 1765 4120 minimam
1803 4067 1989 4121 saltem
2020 4075 2140 4136 gut-

570 4158 733 4210 tuiant
770 4153 838 4208 de
883 4155 1050 4210 sacris
1082 4156 1254 4210 sancti
1284 4154 1494 4210 Martini
1537 4156 1742 4210 actibus
1787 4157 2047 4212 delibaret
2074 4174 2139 4212 ex

568 4246 750 4302 Severi
793 4248 948 4308 libro,
983 4245 1187 4298 Victori
1208 4246 1331 4299 licet
1359 4246 1525 4300 invito
1551 4260 1740 4313 aquam
1770 4248 2011 4301 manibus
2040 4248 2140 4300 mi-

569 4338 833 4391 nistravit.
862 4336 1046 4391 Victor
1074 4336 1293 4404 insuper
1337 4348 1459 4387 eum
1511 4344 1538 4383 ρ
1579 4335 1760 4388 docuit
1790 4349 1893 4402 qua
1933 4336 2141 4391 ratione

571 4428 839 4497 simplices
866 4429 1018 4484 cibos
1063 4437 1118 4482 et
1144 4425 1341 4484 fercula
1384 4425 1591 4480 minore
1618 4433 1796 4480 sumtu
1832 4434 1887 4479 et
1924 4426 2141 4480 mollitie
2174 4446 2220 4504 ι)
2246 4457 2378 4526 [ενοι
2408 4425 2551 4506 ,wbis
2578 4471 2721 4521 opem
2745 4465 2924 4507 comm
2948 4425 3230 4508 malum,“
3254 4457 3477 4523 "cum"

572 4529 823 4590 pararet;
855 4537 962 4591 quo
987 4521 1124 4576 circa
1153 4537 1252 4591 pro
1294 4528 1405 4575 tota
1431 4517 1594 4573 domo
1624 4528 1650 4567 ιι
1671 4519 2031 4585 eoquinariam
2055 4536 2142 4571 ar-

573 4618 678 4665 tem
707 4611 1009 4679 aliquandiu
1036 4611 1292 4675 exercuit,
1322 4626 1430 4664 uno
1473 4618 1678 4666 tantum
1706 4608 1987 4676 adjuvante
2014 4624 2142 4662 sene

574 4703 772 4756 rustico
800 4718 987 4756 recens
1016 4704 1307 4771 baptizato,
1341 4701 1544 4755 Paulini
1575 4700 1895 4757 domestico.
1942 4700 2145 4754 Asserit

576 4789 826 4845 Paulinus
841 4792 1141 4847 'Victorem
1161 4793 1212 4845 in
1235 4793 1404 4861 ipsum
1420 4807 1628 4847 summe
1651 4791 1811 4846 fuisse
1822 4789 2140 4854 ofﬁciosum,

576 4888 631 4935 et
673 4882 937 4951 pnecipue
975 4881 1120 4950 quod
1152 4882 1317 4952 ipsius
1354 4883 1575 4952 capillos
1602 4880 1913 4944 tetenderit,
1946 4888 1967 4914 ³
1998 4879 2142 4948 quod

577 4972 757 5028 Severi
780 4971 1031 5027 mandato
1061 4973 1308 5053 faciebat,
1332 4980 1391 5027 ut
1413 4980 1583 5025 artem
1603 4986 1752 5025 suam
1784 4970 2005 5024 Paulino
2026 4987 2144 5039 pro-

575 5065 742 5118 deret.
770 5063 851 5118 Ex
874 5064 964 5119 illo
989 5072 1230 5133 tempore
1259 5065 1360 5119 iste
1388 5064 1407 5100 ⁸
1445 5063 1629 5119 Victor
1651 5078 1721 5118 ex
1763 5062 1947 5116 Galliis
1975 5078 2142 5132 usque

577 5152 762 5209 Nolam
802 5154 1092 5224 saepissime
1120 5171 1177 5209 se
1202 5154 1459 5220 contulit,
1486 5162 1543 5209 et
1569 5154 1782 5223 quidem
1827 5153 2020 5208 itinere
2048 5169 2143 5207 au-

2232 3184 2380 3254 quod
2408 3185 2574 3238 multa
2604 3184 2891 3238 dilectione
2916 3184 3126 3252 injuslis
3154 3183 3398 3238 laudibus
3416 3198 3541 3239 eum
3562 3185 3799 3240 cumula-

2233 3286 2344 3341 ret;
2375 3292 2508 3346 quas
2536 3283 2593 3330 ut
2639 3276 2850 3330 tandem
2894 3284 3128 3344 recuset,
3158 3268 3344 3331 Severi
3364 3276 3627 3332 virtutem
3657 3277 3802 3332 valde

2233 3368 2470 3432 extollit;
2514 3382 2770 3434 suamque
2800 3367 2926 3421 totis
2972 3366 3173 3420 viribus
3200 3367 3310 3421 suis
3348 3366 3527 3422 celare
3565 3367 3802 3430 studens,

2235 3460 2288 3514 in
2315 3459 2484 3513 lucem
2516 3457 2708 3511 eximie
2728 3455 2949 3525 profert.
2993 3453 3239 3510 Omnium
3269 3454 3437 3511 ferme
3467 3457 3804 3512 sanctissima

2235 3558 2289 3606 et
2309 3549 2700 3615 elegantissima
2721 3548 2847 3601 mihi
2870 3548 3079 3602 videtur
3104 3547 3217 3602 lucc
3241 3548 3490 3617 epistola.
3514 3548 3573 3603 ln
3602 3564 3668 3603 ea
3688 3549 3806 3603 scri-

2236 3643 2315 3697 bit
2335 3653 2387 3680 °°
2405 3642 2520 3696 haec
2542 3624 2772 3694 Severo:
2807 3638 2931 3694 Noli
2957 3642 3160 3695 interim
3188 3642 3310 3694 dum
3326 3643 3381 3695 in
3407 3653 3695 3696 scammate
3720 3658 3803 3694 su-

2238 3749 2371 3796 mus,
2401 3732 2523 3784 dum
2552 3731 2679 3801 foris
2708 3747 2913 3801 pugnax,
2934 3731 3073 3783 intus
3109 3731 3341 3793 timores,
3372 3731 3482 3784 alta
3521 3749 3621 3801 pro
3666 3732 3807 3786 nobis

2237 3838 2415 3893 sapere
2436 3832 2521 3875 aut
2545 3823 2709 3893 loqui,
2734 3823 2825 3875 sed
2842 3823 3012 3893 potius
3036 3824 3170 3886 time,
3194 3830 3243 3875 et
3271 3823 3625 3877 laborantibus
3645 3824 3808 3877 colla-

2238 3916 2363 3970 bora
2385 3915 2588 3985 spiritu,
2611 3922 2659 3967 et
2687 3930 2959 3983 conparare
2986 3913 3329 3976 orationibus;
3359 3923 3413 3966 ut
3438 3930 3530 3983 per
3572 3930 3675 3968 nos
3695 3931 3810 3984 quo-

2239 4023 2334 4078 que
2354 4004 2582 4058 destruat
2607 4003 2866 4055 inimicum
2896 4013 2944 4055 et
2965 4002 3285 4073 defensorem
3305 4003 3391 4075 qui
3425 4003 3581 4073 elegit
3600 4006 3807 4074 inﬁrma

2242 4096 2419 4151 mundi
2442 4104 2496 4147 ut
2522 4093 2857 4163 confunderet
2877 4091 3294 4163 fortia.d“Posce
3332 4093 3634 4169 suppliciter
3652 4104 3709 4146 ut
3727 4095 3806 4146 in-

2242 4190 2494 4242 tellectum
2534 4187 2618 4239 det
2640 4185 2781 4239 nobis
2803 4185 2855 4236 in
2884 4186 2965 4237 uia
2999 4185 3095 4237 hac
3119 4201 3217 4254 qua
3256 4201 3349 4239 nos
3377 4194 3552 4248 uocat;
3582 4186 3807 4254 inﬁrmet

2241 4281 2292 4331 in
2320 4277 2464 4332 nobis
2490 4278 2723 4331 virtutem
2743 4276 2955 4344 peccati,
2986 4282 3041 4326 ut
3067 4275 3331 4343 conﬁrmet
3357 4276 3559 4329 uirtutis
3577 4292 3692 4331 sum
3709 4278 3810 4347 spi-

2243 4367 2429 4430 ritum;
2455 4364 2702 4417 nudenmr
2742 4363 3056 4427 criminibus,
3106 4373 3154 4416 et
3191 4364 3456 4418 uirtutibus
3495 4368 3808 4431 uestiamur,

3517 4473 3610 4510 nec
3639 4458 3813 4511 tradat

2242 4562 2334 4599 nos
2363 4546 2629 4599 desideriis
2658 4547 2828 4600 cordis
2853 4548 3032 4601 nostri.

2780 4715 3007 4772 CAPUT
3031 4717 3251 4772 XXXIX

2242 4847 2496 4902 Paulinus
2526 4848 2759 4901 hortatur
2785 4848 2998 4902 militem
3039 4857 3094 4902 ut
3134 4852 3304 4904 seculo
3339 4849 3684 4906 abrenuntiet.
3720 4854 3811 4909 Se-

2476 4917 2711 4972 bastiano
2731 4920 2955 4972 eremita:
2976 4920 3037 4972 de
3057 4921 3243 4973 uietate
3270 4920 3559 4990 gratulatur

2318 5060 2368 5114 l.
2392 5059 2469 5113 Ex
2499 5058 2730 5114 Victoris
2755 5059 3036 5126 colloquiis
3055 5060 3307 5128 epistolas
3327 5061 3638 5128 vigesimum
3668 5064 3814 5140 quin.

2246 5160 2354 5207 tam
2402 5160 2456 5205 et
2483 5150 2789 5231 vigesimam
2817 5156 3020 5203 sextam
3052 5150 3367 5220 conscripsit
3393 5148 3680 5217 Paulinus;
3708 5168 3814 5221 quo

647 5321 673 5349 ι
700 5310 879 5366 Carm.
903 5309 992 5374 2|,
1027 5325 1075 5365 v.
1103 5307 1208 5379 496
1236 5318 1291 5365 et
1322 5324 1467 5379 seqq.
1549 5308 1575 5346 ιι
1599 5305 1902 5379 Δ(ἷςψηιηὲἓ.
1978 5316 2007 5379 ξ
2038 5307 2132 5379 An;l

2229 5321 2280 5379 p_.
2307 5304 2427 5369 l01,
2453 5301 2608 5379 nul.
2679 5300 2704 5339 ά
2726 5300 2941 5379 _Paul_in.
2966 5301 3172 5379 ενι-ἓξ,
3202 5318 3257 5357 n.
3281 5300 3351 5379 2._
3412 5311 3437 5340 ι’
3465 5300 3622 5379 lbid.,
3654 5319 3710 5356 n.
3762 5302 3810 5355 l.

580 5380 599 5419 ι
622 5381 776 5446 lbid.,
804 5389 859 5436 et
882 5400 932 5435 η.
959 5379 1013 5435 2.
1089 5390 1115 5423 κ
1136 5378 1235 5449 Ep.
1263 5379 1350 5441 at,
1383 5378 1520 5449 ιιι.

582 5451 734 5520 sedit.
759 5466 842 5520 ep.
867 5450 956 5508 ἓξ).
1032 5449 1059 5488 ¹ί
1090 5447 1296 5520 Parilia.
1326 5463 1411 5520 ep.
1441 5448 1597 5520 25,9.
1624 5447 1678 5501 5.

586 5586 663 5647 23,
692 5602 742 5638 η.
790 5587 838 5639 l.
917 5599 938 5624 ι
977 5590 1133 5653 lbid.,
1172 5606 1226 5643 n.
1269 5588 1305 5640 2
1331 5596 1385 5642 et.
1409 5602 1560 5655 seqq.

1599 5376 1621 5414 "
1652 5376 1868 5447 Eli-35,2
1894 5394 1950 5447 μισ
1977 5377 2028 5430 5-
2110 5370 2132 5447 ἴ

2229 5370 2286 5429 d.
2319 5370 2600 5447 et_ep._‘23,
2634 5372 2829 5447 n.‘l_ct
2850 5372 2924 5447 5._
2982 5374 2995 5420 t
3039 5371 3178 5447 V_i_d‘c_
3199 5388 3287 5441 ep.
3318 5372 3645 5447 §everi_q_iue
3675 5389 3814 5447 pnn-

1762 5445 1776 5483 ι
1812 5438 1941 5499 Vide
1968 5454 2079 5500 not.
2106 5446 2125 5497 l

2299 5453 2337 5480 ω
2370 5438 2574 5496 Ρςίιιιίη.
2598 5441 2791 5512 ep.‘25,
2818 5457 2870 5493 n.
2896 5438 2965 5512 4._
3025 5438 3297 5512 D_lbid.,'u4.
3320 5440 3373 5494 5.
3449 5451 3474 5512 ξ’
3500 5438 3658 5508 lbid.,
3675 5438 3737 5496 it.
3760 5441 3810 5493 4.

586 5511 1133 5595 g_1hid.,}..6,8_p_io.
1210 5511 1590 5595 quatinus.
1669 5513 2085 5595 r_lhi_d.,n._lﬁ(l.

2230 5513 2329 5595 Ep.
2359 5512 2430 5565 50
2451 5511 2789 5595 οἶεὸὄίςιέ.

1634 5596 1663 5635 3'
1700 5586 1855 5650 lbid.,
1882 5602 1935 5639 η,
1974 5586 2055 5638 10.
2132 5594 2153 5620 ι
2192 5583 2347 5645 lbid.,
2373 5600 2425 5637 tu.
2459 5583 2545 5635 47.

2873 5512 2889 5545 ί
2927 5508 3022 5578 Ep.
3058 5509 3145 5575 50,
3178 5527 3232 5564 n.
3268 5510 3317 5563 l.

3395 5519 3421 5546 ιι
3453 5510 3583 5565 Ibid.
3663 5522 3686 5547 ν
3712 5512 3809 5576 np.

2625 5592 2678 5617 δ’δ’
2704 5579 2801 5650 Ep.
2832 5579 2920 5644 Ἦ,
2952 5596 3005 5634 n.
3042 5579 3090 5633 l.

3166 5578 3223 5618 δδ
3251 5578 3379 5635 Ibid.
3410 5588 3466 5635 et
3489 5598 3541 5634 u.
3573 5580 3661 5635 “.5.
3698 5578 3812 5636 Vid.

586 5655 693 5712 3rd.
726 5656 967 5713 chronul.
999 5660 1051 5714 iu
1080 5676 1166 5732 ep.
1194 5657 1283 5713 24.
1360 5670 1402 5695 στί
1445 5653 1600 5722 ιω,
1634 5672 1685 5710 n.
1715 5654 1802 5708 ‘22.
1878 5653 1932 5691 δά
1968 5655 2119 5719 lbid.,
2147 5670 2197 5708 n.
2225 5654 2309 5707 9.5.
