  <div class='ocr_page' id='page_1' title='image "/cluster/home/n/w/nwhite01/storage/ocr_20150623/61/hvd.32044004824777/053.png"; bbox 0 0 4056 6358; ppageno 0'>
   <div class='ocr_carea' id='block_1_1' title="bbox 537 279 3821 366">
    <p class='ocr_par' dir='ltr' id='par_1_1' title="bbox 537 279 3821 366">
     <span class='ocr_line' id='line_1_1' title="bbox 537 279 3821 366; baseline -0.001 0"><span class='ocrx_word' id='word_1_1' title='bbox 537 279 627 366; x_wconf 64' lang='lat'><strong>&#39;95</strong></span> <span class='ocrx_word' id='word_1_2' title='bbox 1549 308 1607 365; x_wconf 91' lang='lat' dir='ltr'><strong>s.</strong></span> <span class='ocrx_word' id='word_1_3' title='bbox 1651 308 1999 365; x_wconf 68' lang='lat' dir='ltr'><strong>mensus</strong></span> <span class='ocrx_word' id='word_1_4' title='bbox 2033 305 2350 365; x_wconf 73' lang='lat' dir='ltr'><strong>NOLANUS</strong></span> <span class='ocrx_word' id='word_1_5' title='bbox 2388 304 2781 366; x_wconf 84' lang='lat' dir='ltr'><strong>EPISCOPUS.</strong></span> <span class='ocrx_word' id='word_1_6' title='bbox 3028 314 3033 317; x_wconf 94' lang='grc'>·</span> <span class='ocrx_word' id='word_1_7' title='bbox 3755 306 3821 363; x_wconf 81' lang='lat' dir='ltr'><strong>as</strong></span> 
     </span>
    </p>
   </div>
   <div class='ocr_carea' id='block_1_2' title="bbox 550 402 3823 495">
    <p class='ocr_par' dir='ltr' id='par_1_2' title="bbox 550 402 3823 495">
     <span class='ocr_line' id='line_1_2' title="bbox 550 402 3823 495; baseline -0.002 -15"><span class='ocrx_word' id='word_1_8' title='bbox 550 433 613 480; x_wconf 88' lang='lat' dir='ltr'><strong>ut</strong></span> <span class='ocrx_word' id='word_1_9' title='bbox 640 423 928 495; x_wconf 83' lang='lat' dir='ltr'><strong>plurimum</strong></span> <span class='ocrx_word' id='word_1_10' title='bbox 948 410 1216 494; x_wconf 73' lang='lat' dir='ltr'><strong>sequenti,</strong></span> <span class='ocrx_word' id='word_1_11' title='bbox 1237 438 1426 479; x_wconf 89' lang='lat' dir='ltr'><strong>versus</strong></span> <span class='ocrx_word' id='word_1_12' title='bbox 1457 402 1731 478; x_wconf 88' lang='lat' dir='ltr'><strong>Orientem</strong></span> <span class='ocrx_word' id='word_1_13' title='bbox 1760 422 2131 479; x_wconf 82' lang='lat' dir='ltr'><strong>contenderet.</strong></span> <span class='ocrx_word' id='word_1_14' title='bbox 2151 428 2209 483; x_wconf 73' lang='lat' dir='ltr'><strong>‘A</strong></span> <span class='ocrx_word' id='word_1_15' title='bbox 2239 423 2372 479; x_wconf 86' lang='lat' dir='ltr'><strong>riam</strong></span> <span class='ocrx_word' id='word_1_16' title='bbox 2402 424 2785 479; x_wconf 82' lang='lat' dir='ltr'><strong>disseminavit.</strong></span> <span class='ocrx_word' id='word_1_17' title='bbox 2810 420 2944 478; x_wconf 88' lang='lat' dir='ltr'><strong>Cum</strong></span> <span class='ocrx_word' id='word_1_18' title='bbox 2974 418 3040 477; x_wconf 88' lang='lat' dir='ltr'><strong>ad</strong></span> <span class='ocrx_word' id='word_1_19' title='bbox 3068 418 3350 478; x_wconf 77' lang='lat' dir='ltr'><strong>ecclesiam</strong></span> <span class='ocrx_word' id='word_1_20' title='bbox 3394 433 3549 475; x_wconf 85' lang='lat' dir='ltr'><strong>suam</strong></span> <span class='ocrx_word' id='word_1_21' title='bbox 3575 433 3823 474; x_wconf 77' lang='lat' dir='ltr'><strong>reversus</strong></span> 
     </span>
    </p>
   </div>
   <div class='ocr_carea' id='block_1_3' title="bbox 551 511 2135 585">
    <p class='ocr_par' dir='ltr' id='par_1_3' title="bbox 551 511 2135 585">
     <span class='ocr_line' id='line_1_3' title="bbox 551 511 2135 585; baseline 0.001 -18"><span class='ocrx_word' id='word_1_22' title='bbox 551 512 619 569; x_wconf 84' lang='lat' dir='ltr'><strong>Et</strong></span> <span class='ocrx_word' id='word_1_23' title='bbox 646 529 745 570; x_wconf 91' lang='lat' dir='ltr'><strong>nos</strong></span> <span class='ocrx_word' id='word_1_24' title='bbox 772 514 986 585; x_wconf 77' lang='lat' dir='ltr'><strong>quidem</strong></span> <span class='ocrx_word' id='word_1_25' title='bbox 1016 514 1082 569; x_wconf 90' lang='lat' dir='ltr'><strong>ad</strong></span> <span class='ocrx_word' id='word_1_26' title='bbox 1114 515 1257 570; x_wconf 89' lang='lat' dir='ltr'><strong>hunc</strong></span> <span class='ocrx_word' id='word_1_27' title='bbox 1286 513 1653 569; x_wconf 87' lang='lat' dir='ltr'><strong>Postbumiani</strong></span> <span class='ocrx_word' id='word_1_28' title='bbox 1685 515 1739 568; x_wconf 88' lang='lat' dir='ltr'><strong>in</strong></span> <span class='ocrx_word' id='word_1_29' title='bbox 1761 512 1961 569; x_wconf 83' lang='lat' dir='ltr'><strong>Gallias</strong></span> <span class='ocrx_word' id='word_1_30' title='bbox 1988 511 2135 569; x_wconf 66' lang='lat' dir='ltr'><strong>redii-</strong></span> 
     </span>
    </p>
   </div>
   <div class='ocr_carea' id='block_1_4' title="bbox 554 603 2134 675">
    <p class='ocr_par' dir='ltr' id='par_1_4' title="bbox 554 603 2134 675">
     <span class='ocr_line' id='line_1_4' title="bbox 554 603 2134 675; baseline 0.002 -17"><span class='ocrx_word' id='word_1_31' title='bbox 554 614 666 659; x_wconf 91' lang='lat' dir='ltr'><strong>tum</strong></span> <span class='ocrx_word' id='word_1_32' title='bbox 704 607 983 661; x_wconf 86' lang='lat' dir='ltr'><strong>referimus</strong></span> <span class='ocrx_word' id='word_1_33' title='bbox 1018 605 1164 675; x_wconf 88' lang='lat' dir='ltr'><strong>quod</strong></span> <span class='ocrx_word' id='word_1_34' title='bbox 1207 605 1281 660; x_wconf 90' lang='lat' dir='ltr'><strong>ait</strong></span> <span class='ocrx_word' id='word_1_35' title='bbox 1321 603 1597 672; x_wconf 84' lang='lat' dir='ltr'><strong>Paulinus,</strong></span> <span class='ocrx_word' id='word_1_36' title='bbox 1628 615 1654 644; x_wconf 75' lang='grc' dir='ltr'>ι</span> <span class='ocrx_word' id='word_1_37' title='bbox 1692 604 2134 662; x_wconf 86' lang='lat' dir='ltr'><strong>Posthumianum</strong></span> 
     </span>
    </p>
   </div>
   <div class='ocr_carea' id='block_1_5' title="bbox 552 699 2136 770">
    <p class='ocr_par' dir='ltr' id='par_1_5' title="bbox 552 699 2136 770">
     <span class='ocr_line' id='line_1_5' title="bbox 552 699 2136 770; baseline 0.001 -18"><span class='ocrx_word' id='word_1_38' title='bbox 552 700 759 754; x_wconf 90' lang='lat' dir='ltr'><strong>scilicet</strong></span> <span class='ocrx_word' id='word_1_39' title='bbox 779 699 1066 755; x_wconf 78' lang='lat' dir='ltr'><strong>offendisse</strong></span> <span class='ocrx_word' id='word_1_40' title='bbox 1096 699 1347 755; x_wconf 85' lang='lat' dir='ltr'><strong>Narbone</strong></span> <span class='ocrx_word' id='word_1_41' title='bbox 1366 701 1663 769; x_wconf 77' lang='lat' dir='ltr'><strong>Victorem,</strong></span> <span class='ocrx_word' id='word_1_42' title='bbox 1683 716 1840 770; x_wconf 84' lang='lat' dir='ltr'><strong>quem</strong></span> <span class='ocrx_word' id='word_1_43' title='bbox 1869 699 1936 754; x_wconf 89' lang='lat' dir='ltr'><strong>ad</strong></span> <span class='ocrx_word' id='word_1_44' title='bbox 1965 700 2136 770; x_wconf 90' lang='lat' dir='ltr'><strong>ipsum</strong></span> 
     </span>
    </p>
   </div>
   <div class='ocr_carea' id='block_1_6' title="bbox 555 787 2136 861">
    <p class='ocr_par' dir='ltr' id='par_1_6' title="bbox 555 787 2136 861">
     <span class='ocr_line' id='line_1_6' title="bbox 555 787 2136 861; baseline 0.003 -20"><span class='ocrx_word' id='word_1_45' title='bbox 555 787 834 844; x_wconf 85' lang='lat' dir='ltr'><strong>Paulinum</strong></span> <span class='ocrx_word' id='word_1_46' title='bbox 875 788 1121 845; x_wconf 74' lang='lat' dir='ltr'><strong>mittebat</strong></span> <span class='ocrx_word' id='word_1_47' title='bbox 1146 792 1381 847; x_wconf 85' lang='lat' dir='ltr'><strong>Severus</strong></span> <span class='ocrx_word' id='word_1_48' title='bbox 1409 798 1469 846; x_wconf 91' lang='lat' dir='ltr'><strong>ut</strong></span> <span class='ocrx_word' id='word_1_49' title='bbox 1496 790 1635 861; x_wconf 89' lang='lat' dir='ltr'><strong>apud</strong></span> <span class='ocrx_word' id='word_1_50' title='bbox 1665 807 1786 847; x_wconf 91' lang='lat' dir='ltr'><strong>eum</strong></span> <span class='ocrx_word' id='word_1_51' title='bbox 1834 792 2097 846; x_wconf 91' lang='lat' dir='ltr'><strong>hiemaret</strong></span> <span class='ocrx_word' id='word_1_52' title='bbox 2122 809 2136 844; x_wconf 91' lang='lat'><strong>:</strong></span> 
     </span>
    </p>
   </div>
   <div class='ocr_carea' id='block_1_7' title="bbox 556 878 2141 951">
    <p class='ocr_par' dir='ltr' id='par_1_7' title="bbox 556 878 2141 951">
     <span class='ocr_line' id='line_1_7' title="bbox 556 878 2141 951; baseline 0.003 -20"><span class='ocrx_word' id='word_1_53' title='bbox 556 878 714 947; x_wconf 86' lang='lat' dir='ltr'><strong>idque</strong></span> <span class='ocrx_word' id='word_1_54' title='bbox 749 878 945 934; x_wconf 85' lang='lat' dir='ltr'><strong>factum</strong></span> <span class='ocrx_word' id='word_1_55' title='bbox 989 888 1119 951; x_wconf 92' lang='lat' dir='ltr'><strong>puto</strong></span> <span class='ocrx_word' id='word_1_56' title='bbox 1149 882 1289 937; x_wconf 88' lang='lat' dir='ltr'><strong>circa</strong></span> <span class='ocrx_word' id='word_1_57' title='bbox 1328 890 1660 936; x_wconf 86' lang='lat' dir='ltr'><strong>autumnum.</strong></span> <span class='ocrx_word' id='word_1_58' title='bbox 1688 880 1714 920; x_wconf 74' lang='grc' dir='ltr'>δ</span> <span class='ocrx_word' id='word_1_59' title='bbox 1738 880 2016 937; x_wconf 79' lang='lat' dir='ltr'><strong>Remissus</strong></span> <span class='ocrx_word' id='word_1_60' title='bbox 2042 881 2141 936; x_wconf 88' lang='lat' dir='ltr'><strong>fuit</strong></span> 
     </span>
    </p>
   </div>
   <div class='ocr_carea' id='block_1_8' title="bbox 554 966 2140 1041">
    <p class='ocr_par' dir='ltr' id='par_1_8' title="bbox 554 966 2140 1041">
     <span class='ocr_line' id='line_1_8' title="bbox 554 966 2140 1041; baseline 0.003 -20"><span class='ocrx_word' id='word_1_61' title='bbox 554 983 583 1021; x_wconf 91' lang='lat' dir='ltr'><strong>a</strong></span> <span class='ocrx_word' id='word_1_62' title='bbox 616 966 1002 1025; x_wconf 90' lang='lat' dir='ltr'><strong>Posthumiano</strong></span> <span class='ocrx_word' id='word_1_63' title='bbox 1030 970 1098 1025; x_wconf 90' lang='lat' dir='ltr'><strong>ad</strong></span> <span class='ocrx_word' id='word_1_64' title='bbox 1139 971 1397 1026; x_wconf 79' lang='lat' dir='ltr'><strong>Severum</strong></span> <span class='ocrx_word' id='word_1_65' title='bbox 1424 972 1625 1035; x_wconf 86' lang='lat' dir='ltr'><strong>Victor,</strong></span> <span class='ocrx_word' id='word_1_66' title='bbox 1659 971 1749 1041; x_wconf 91' lang='lat' dir='ltr'><strong>qui</strong></span> <span class='ocrx_word' id='word_1_67' title='bbox 1781 971 1908 1027; x_wconf 89' lang='lat' dir='ltr'><strong>inde</strong></span> <span class='ocrx_word' id='word_1_68' title='bbox 1946 972 2140 1027; x_wconf 85' lang='lat' dir='ltr'><strong>iterum</strong></span> 
     </span>
    </p>
   </div>
   <div class='ocr_carea' id='block_1_9' title="bbox 557 1056 2139 1143">
    <p class='ocr_par' dir='ltr' id='par_1_9' title="bbox 557 1056 2139 1143">
     <span class='ocr_line' id='line_1_9' title="bbox 557 1056 2139 1143; baseline 0.005 -32"><span class='ocrx_word' id='word_1_69' title='bbox 557 1056 750 1113; x_wconf 76' lang='lat' dir='ltr'><strong>Nolam</strong></span> <span class='ocrx_word' id='word_1_70' title='bbox 776 1060 1057 1129; x_wconf 89' lang='lat' dir='ltr'><strong>profectus</strong></span> <span class='ocrx_word' id='word_1_71' title='bbox 1085 1070 1170 1118; x_wconf 84' lang='lat' dir='ltr'><strong>est</strong></span> <span class='ocrx_word' id='word_1_72' title='bbox 1195 1079 1325 1143; x_wconf 85' lang='lat' dir='ltr'><strong>cum</strong></span> <span class='ocrx_word' id='word_1_73' title='bbox 1347 1063 1412 1118; x_wconf 90' lang='lat' dir='ltr'><strong>ad</strong></span> <span class='ocrx_word' id='word_1_74' title='bbox 1444 1061 1721 1118; x_wconf 91' lang='lat' dir='ltr'><strong>Paulinum</strong></span> <span class='ocrx_word' id='word_1_75' title='bbox 1751 1062 1988 1120; x_wconf 92' lang='lat' dir='ltr'><strong>directus</strong></span> <span class='ocrx_word' id='word_1_76' title='bbox 2012 1079 2139 1135; x_wconf 90' lang='lat' dir='ltr'><strong>per-</strong></span> 
     </span>
    </p>
   </div>
   <div class='ocr_carea' id='block_1_10' title="bbox 553 1151 2137 1224">
    <p class='ocr_par' dir='ltr' id='par_1_10' title="bbox 553 1151 2137 1224">
     <span class='ocr_line' id='line_1_10' title="bbox 553 1151 2137 1224; baseline 0.006 -22"><span class='ocrx_word' id='word_1_77' title='bbox 553 1151 743 1206; x_wconf 79' lang='lat' dir='ltr'><strong>venire</strong></span> <span class='ocrx_word' id='word_1_78' title='bbox 783 1153 1067 1221; x_wconf 86' lang='lat' dir='ltr'><strong>potuissct,</strong></span> <span class='ocrx_word' id='word_1_79' title='bbox 1090 1155 1196 1211; x_wconf 92' lang='lat' dir='ltr'><strong>hoc</strong></span> <span class='ocrx_word' id='word_1_80' title='bbox 1223 1164 1307 1210; x_wconf 87' lang='lat' dir='ltr'><strong>est</strong></span> <span class='ocrx_word' id='word_1_81' title='bbox 1335 1155 1657 1222; x_wconf 84' lang='lat' dir='ltr'><strong>tardissime,</strong></span> <span class='ocrx_word' id='word_1_82' title='bbox 1693 1157 1912 1212; x_wconf 89' lang='lat' dir='ltr'><strong>ineunte</strong></span> <span class='ocrx_word' id='word_1_83' title='bbox 1940 1157 2137 1224; x_wconf 90' lang='lat' dir='ltr'><strong>hieme,</strong></span> 
     </span>
    </p>
   </div>
   <div class='ocr_carea' id='block_1_11' title="bbox 560 1243 2141 1316">
    <p class='ocr_par' dir='ltr' id='par_1_11' title="bbox 560 1243 2141 1316">
     <span class='ocr_line' id='line_1_11' title="bbox 560 1243 2141 1316; baseline 0.006 -22"><span class='ocrx_word' id='word_1_84' title='bbox 560 1250 585 1281; x_wconf 73' lang='grc' dir='ltr'><strong>ο</strong></span> <span class='ocrx_word' id='word_1_85' title='bbox 611 1256 719 1309; x_wconf 87' lang='lat' dir='ltr'><strong>qua</strong></span> <span class='ocrx_word' id='word_1_86' title='bbox 740 1252 976 1298; x_wconf 76' lang='lat' dir='ltr'><strong>exeunte</strong></span> <span class='ocrx_word' id='word_1_87' title='bbox 995 1247 1258 1315; x_wconf 84' lang='lat' dir='ltr'><strong>pervenit.</strong></span> <span class='ocrx_word' id='word_1_88' title='bbox 1292 1245 1478 1316; x_wconf 86' lang='lat' dir='ltr'><strong>Itaque</strong></span> <span class='ocrx_word' id='word_1_89' title='bbox 1504 1247 1684 1303; x_wconf 88' lang='lat' dir='ltr'><strong>verius</strong></span> <span class='ocrx_word' id='word_1_90' title='bbox 1713 1247 2005 1303; x_wconf 80' lang='lat' dir='ltr'><strong>dixerimus</strong></span> <span class='ocrx_word' id='word_1_91' title='bbox 2035 1243 2141 1304; x_wconf 82' lang='lat' dir='ltr'><strong>Po-</strong></span> 
     </span>
    </p>
   </div>
   <div class='ocr_carea' id='block_1_12' title="bbox 558 1331 1963 1393">
    <p class='ocr_par' dir='ltr' id='par_1_12' title="bbox 558 1331 1963 1393">
     <span class='ocr_line' id='line_1_12' title="bbox 558 1331 1963 1393; baseline 0.004 -7"><span class='ocrx_word' id='word_1_92' title='bbox 558 1331 923 1388; x_wconf 84' lang='lat' dir='ltr'><strong>sthumianum</strong></span> <span class='ocrx_word' id='word_1_93' title='bbox 951 1349 1093 1390; x_wconf 91' lang='lat' dir='ltr'><strong>anno</strong></span> <span class='ocrx_word' id='word_1_94' title='bbox 1121 1333 1225 1389; x_wconf 64' lang='lat'><strong>402</strong></span> <span class='ocrx_word' id='word_1_95' title='bbox 1246 1336 1299 1390; x_wconf 92' lang='lat' dir='ltr'><strong>in</strong></span> <span class='ocrx_word' id='word_1_96' title='bbox 1326 1334 1597 1393; x_wconf 89' lang='lat' dir='ltr'><strong>Orientem</strong></span> <span class='ocrx_word' id='word_1_97' title='bbox 1625 1337 1730 1393; x_wconf 88' lang='lat' dir='ltr'><strong>iter</strong></span> <span class='ocrx_word' id='word_1_98' title='bbox 1753 1337 1963 1393; x_wconf 82' lang='lat' dir='ltr'><strong>fecisse.</strong></span> 
     </span>
    </p>
   </div>
   <div class='ocr_carea' id='block_1_13' title="bbox 1080 1473 1614 1530">
    <p class='ocr_par' dir='ltr' id='par_1_13' title="bbox 1080 1473 1614 1530">
     <span class='ocr_line' id='line_1_13' title="bbox 1080 1473 1614 1530; baseline 0.007 -6"><span class='ocrx_word' id='word_1_99' title='bbox 1080 1488 1217 1528; x_wconf 64' lang='lat' dir='ltr'><strong>uno</strong></span> <span class='ocrx_word' id='word_1_100' title='bbox 1254 1489 1460 1529; x_wconf 79' lang='lat' dir='ltr'><strong>cuntsrt</strong></span> <span class='ocrx_word' id='word_1_101' title='bbox 1491 1473 1614 1530; x_wconf 65' lang='lat'><strong>402.</strong></span> 
     </span>
    </p>
   </div>
   <div class='ocr_carea' id='block_1_14' title="bbox 1157 1582 1556 1640">
    <p class='ocr_par' dir='ltr' id='par_1_14' title="bbox 1157 1582 1556 1640">
     <span class='ocr_line' id='line_1_14' title="bbox 1157 1582 1556 1640; baseline 0.003 -2"><span class='ocrx_word' id='word_1_102' title='bbox 1157 1582 1386 1639; x_wconf 85' lang='lat' dir='ltr'><strong>CAPUT</strong></span> <span class='ocrx_word' id='word_1_103' title='bbox 1424 1585 1556 1640; x_wconf 79' lang='lat' dir='ltr'><strong>XLI.</strong></span> 
     </span>
    </p>
   </div>
   <div class='ocr_carea' id='block_1_15' title="bbox 559 1709 2145 1789">
    <p class='ocr_par' dir='ltr' id='par_1_15' title="bbox 559 1709 2145 1789">
     <span class='ocr_line' id='line_1_15' title="bbox 559 1709 2145 1789; baseline 0.009 -25"><span class='ocrx_word' id='word_1_104' title='bbox 559 1709 603 1765; x_wconf 78' lang='grc' dir='ltr'><em>Α</em></span> <span class='ocrx_word' id='word_1_105' title='bbox 640 1711 840 1789; x_wconf 78' lang='lat' dir='ltr'><strong>_Nice_ta</strong></span> <span class='ocrx_word' id='word_1_106' title='bbox 892 1713 1149 1789; x_wconf 72' lang='lat' dir='ltr'><strong>Dacorum</strong></span> <span class='ocrx_word' id='word_1_107' title='bbox 1188 1720 1446 1789; x_wconf 77' lang='lat' dir='ltr'><strong>episcopo,</strong></span> <span class='ocrx_word' id='word_1_108' title='bbox 1489 1730 1539 1775; x_wconf 85' lang='lat' dir='ltr'><strong>et</strong></span> <span class='ocrx_word' id='word_1_109' title='bbox 1567 1739 1599 1776; x_wconf 86' lang='lat' dir='ltr'><strong>a</strong></span> <span class='ocrx_word' id='word_1_110' title='bbox 1638 1720 1866 1777; x_wconf 75' lang='lat' dir='ltr'><strong>Melania</strong></span> <span class='ocrx_word' id='word_1_111' title='bbox 1906 1723 2145 1779; x_wconf 74' lang='lat' dir='ltr'><strong>inrisilur</strong></span> 
     </span>
    </p>
   </div>
   <div class='ocr_carea' id='block_1_16' title="bbox 2239 512 3824 586">
    <p class='ocr_par' dir='ltr' id='par_1_16' title="bbox 2239 512 3824 586">
     <span class='ocr_line' id='line_1_16' title="bbox 2239 512 3824 586; baseline -0.005 -13"><span class='ocrx_word' id='word_1_112' title='bbox 2239 526 2321 573; x_wconf 87' lang='lat' dir='ltr'><strong>est</strong></span> <span class='ocrx_word' id='word_1_113' title='bbox 2364 518 2599 586; x_wconf 68' lang='lat' dir='ltr'><strong>Nicetas,’</strong></span> <span class='ocrx_word' id='word_1_114' title='bbox 2631 533 2847 572; x_wconf 82' lang='lat' dir='ltr'><strong>carmen</strong></span> <span class='ocrx_word' id='word_1_115' title='bbox 2878 527 2903 565; x_wconf 73' lang='grc' dir='ltr'><strong>ιι</strong></span> <span class='ocrx_word' id='word_1_116' title='bbox 2931 515 3199 571; x_wconf 88' lang='lat' dir='ltr'><strong>decimum</strong></span> <span class='ocrx_word' id='word_1_117' title='bbox 3243 514 3531 585; x_wconf 88' lang='lat' dir='ltr'><strong>septimum</strong></span> <span class='ocrx_word' id='word_1_118' title='bbox 3585 512 3824 567; x_wconf 84' lang='lat' dir='ltr'><strong>conscri-</strong></span> 
     </span>
    </p>
   </div>
   <div class='ocr_carea' id='block_1_17' title="bbox 2242 606 3824 682">
    <p class='ocr_par' dir='ltr' id='par_1_17' title="bbox 2242 606 3824 682">
     <span class='ocr_line' id='line_1_17' title="bbox 2242 606 3824 682; baseline -0.006 -17"><span class='ocrx_word' id='word_1_119' title='bbox 2242 612 2346 682; x_wconf 87' lang='lat' dir='ltr'><strong>psit</strong></span> <span class='ocrx_word' id='word_1_120' title='bbox 2374 609 2648 678; x_wconf 79' lang='lat' dir='ltr'><strong>Paulinus,</strong></span> <span class='ocrx_word' id='word_1_121' title='bbox 2676 610 2778 665; x_wconf 90' lang='lat' dir='ltr'><strong>iter</strong></span> <span class='ocrx_word' id='word_1_122' title='bbox 2806 609 3010 665; x_wconf 81' lang='lat' dir='ltr'><strong>scilicet</strong></span> <span class='ocrx_word' id='word_1_123' title='bbox 3036 622 3352 678; x_wconf 88' lang='lat' dir='ltr'><strong>prosperum</strong></span> <span class='ocrx_word' id='word_1_124' title='bbox 3383 606 3455 660; x_wconf 84' lang='lat' dir='ltr'><strong>illi</strong></span> <span class='ocrx_word' id='word_1_125' title='bbox 3487 612 3824 675; x_wconf 80' lang='lat' dir='ltr'><strong>precaturus,</strong></span> 
     </span>
    </p>
   </div>
   <div class='ocr_carea' id='block_1_18' title="bbox 2241 696 3823 772">
    <p class='ocr_par' dir='ltr' id='par_1_18' title="bbox 2241 696 3823 772">
     <span class='ocr_line' id='line_1_18' title="bbox 2241 696 3823 772; baseline -0.007 -15"><span class='ocrx_word' id='word_1_126' title='bbox 2241 710 2295 757; x_wconf 91' lang='lat' dir='ltr'><strong>ct</strong></span> <span class='ocrx_word' id='word_1_127' title='bbox 2318 711 2373 756; x_wconf 89' lang='lat' dir='ltr'><strong>ut</strong></span> <span class='ocrx_word' id='word_1_128' title='bbox 2401 711 2718 772; x_wconf 91' lang='lat' dir='ltr'><strong>perpetuum</strong></span> <span class='ocrx_word' id='word_1_129' title='bbox 2749 700 3167 757; x_wconf 80' lang='lat' dir='ltr'><strong>immortalitatis</strong></span> <span class='ocrx_word' id='word_1_130' title='bbox 3189 699 3306 765; x_wconf 87' lang='lat' dir='ltr'><strong>ejus</strong></span> <span class='ocrx_word' id='word_1_131' title='bbox 3332 696 3613 753; x_wconf 63' lang='lat' dir='ltr'><strong>memoriae</strong></span> <span class='ocrx_word' id='word_1_132' title='bbox 3636 710 3823 747; x_wconf 84' lang='lat' dir='ltr'><strong>monu-</strong></span> 
     </span>
    </p>
   </div>
   <div class='ocr_carea' id='block_1_19' title="bbox 2242 786 3827 863">
    <p class='ocr_par' dir='ltr' id='par_1_19' title="bbox 2242 786 3827 863">
     <span class='ocr_line' id='line_1_19' title="bbox 2242 786 3827 863; baseline -0.005 -16"><span class='ocrx_word' id='word_1_133' title='bbox 2242 802 2504 849; x_wconf 87' lang='lat' dir='ltr'><strong>mentum.</strong></span> <span class='ocrx_word' id='word_1_134' title='bbox 2536 791 2639 847; x_wconf 85' lang='lat' dir='ltr'><strong>Sed</strong></span> <span class='ocrx_word' id='word_1_135' title='bbox 2668 808 2774 862; x_wconf 91' lang='lat' dir='ltr'><strong>quo</strong></span> <span class='ocrx_word' id='word_1_136' title='bbox 2804 791 3072 863; x_wconf 88' lang='lat' dir='ltr'><strong>pertineat</strong></span> <span class='ocrx_word' id='word_1_137' title='bbox 3101 789 3226 844; x_wconf 89' lang='lat' dir='ltr'><strong>illud</strong></span> <span class='ocrx_word' id='word_1_138' title='bbox 3255 805 3470 860; x_wconf 86' lang='lat' dir='ltr'><strong>poema,</strong></span> <span class='ocrx_word' id='word_1_139' title='bbox 3506 803 3575 843; x_wconf 89' lang='lat' dir='ltr'><strong>an</strong></span> <span class='ocrx_word' id='word_1_140' title='bbox 3620 786 3692 841; x_wconf 89' lang='lat' dir='ltr'><strong>ad</strong></span> <span class='ocrx_word' id='word_1_141' title='bbox 3721 786 3827 856; x_wconf 83' lang='lat' dir='ltr'><strong>pri-</strong></span> 
     </span>
    </p>
   </div>
   <div class='ocr_carea' id='block_1_20' title="bbox 2241 879 3824 947">
    <p class='ocr_par' dir='ltr' id='par_1_20' title="bbox 2241 879 3824 947">
     <span class='ocr_line' id='line_1_20' title="bbox 2241 879 3824 947; baseline -0.007 -8"><span class='ocrx_word' id='word_1_142' title='bbox 2241 897 2410 947; x_wconf 89' lang='lat' dir='ltr'><strong>mum,</strong></span> <span class='ocrx_word' id='word_1_143' title='bbox 2444 898 2509 937; x_wconf 92' lang='lat' dir='ltr'><strong>an</strong></span> <span class='ocrx_word' id='word_1_144' title='bbox 2540 879 2607 936; x_wconf 91' lang='lat' dir='ltr'><strong>ad</strong></span> <span class='ocrx_word' id='word_1_145' title='bbox 2655 882 2948 937; x_wconf 88' lang='lat' dir='ltr'><strong>secundum</strong></span> <span class='ocrx_word' id='word_1_146' title='bbox 2999 881 3197 937; x_wconf 73' lang='lat' dir='ltr'><strong>Niceta:</strong></span> <span class='ocrx_word' id='word_1_147' title='bbox 3239 881 3361 941; x_wconf 81' lang='lat' dir='ltr'><strong>iter,</strong></span> <span class='ocrx_word' id='word_1_148' title='bbox 3400 879 3666 933; x_wconf 89' lang='lat' dir='ltr'><strong>incertum</strong></span> <span class='ocrx_word' id='word_1_149' title='bbox 3712 887 3824 933; x_wconf 88' lang='lat' dir='ltr'><strong>est:</strong></span> 
     </span>
    </p>
   </div>
   <div class='ocr_carea' id='block_1_21' title="bbox 2241 968 3828 1048">
    <p class='ocr_par' dir='ltr' id='par_1_21' title="bbox 2241 968 3828 1048">
     <span class='ocr_line' id='line_1_21' title="bbox 2241 968 3828 1048; baseline -0.006 -17"><span class='ocrx_word' id='word_1_150' title='bbox 2241 983 2486 1048; x_wconf 90' lang='lat' dir='ltr'><strong>spectare</strong></span> <span class='ocrx_word' id='word_1_151' title='bbox 2513 974 2690 1045; x_wconf 87' lang='lat' dir='ltr'><strong>potius</strong></span> <span class='ocrx_word' id='word_1_152' title='bbox 2716 974 2928 1028; x_wconf 75' lang='lat' dir='ltr'><strong>videtur</strong></span> <span class='ocrx_word' id='word_1_153' title='bbox 2955 972 3020 1027; x_wconf 88' lang='lat' dir='ltr'><strong>ad</strong></span> <span class='ocrx_word' id='word_1_154' title='bbox 3050 987 3248 1026; x_wconf 89' lang='lat' dir='ltr'><strong>annum</strong></span> <span class='ocrx_word' id='word_1_155' title='bbox 3273 969 3401 1034; x_wconf 81' lang='lat'><strong>598,</strong></span> <span class='ocrx_word' id='word_1_156' title='bbox 3430 985 3539 1040; x_wconf 92' lang='lat' dir='ltr'><strong>quo</strong></span> <span class='ocrx_word' id='word_1_157' title='bbox 3564 968 3703 1023; x_wconf 89' lang='lat' dir='ltr'><strong>nihil</strong></span> <span class='ocrx_word' id='word_1_158' title='bbox 3724 976 3828 1021; x_wconf 86' lang='lat' dir='ltr'><strong>tum</strong></span> 
     </span>
    </p>
   </div>
   <div class='ocr_carea' id='block_1_22' title="bbox 2242 1062 3828 1141">
    <p class='ocr_par' dir='ltr' id='par_1_22' title="bbox 2242 1062 3828 1141">
     <span class='ocr_line' id='line_1_22' title="bbox 2242 1062 3828 1141; baseline -0.006 -16"><span class='ocrx_word' id='word_1_159' title='bbox 2242 1085 2448 1125; x_wconf 75' lang='lat' dir='ltr'><strong>moveri</strong></span> <span class='ocrx_word' id='word_1_160' title='bbox 2472 1070 2612 1141; x_wconf 88' lang='lat' dir='ltr'><strong>apud</strong></span> <span class='ocrx_word' id='word_1_161' title='bbox 2640 1067 2900 1122; x_wconf 89' lang='lat' dir='ltr'><strong>barbaros</strong></span> <span class='ocrx_word' id='word_1_162' title='bbox 2938 1064 3427 1127; x_wconf 74' lang='lat' dir='ltr'><strong>animadvertimus,</strong></span> <span class='ocrx_word' id='word_1_163' title='bbox 3470 1063 3573 1118; x_wconf 86' lang='lat' dir='ltr'><strong>nisi</strong></span> <span class='ocrx_word' id='word_1_164' title='bbox 3602 1062 3711 1116; x_wconf 89' lang='lat' dir='ltr'><strong>hoc</strong></span> <span class='ocrx_word' id='word_1_165' title='bbox 3740 1075 3828 1131; x_wconf 80' lang='lat' dir='ltr'><strong>po-</strong></span> 
     </span>
    </p>
   </div>
   <div class='ocr_carea' id='block_1_23' title="bbox 2244 1138 3839 1232">
    <p class='ocr_par' dir='ltr' id='par_1_23' title="bbox 2244 1138 3839 1232">
     <span class='ocr_line' id='line_1_23' title="bbox 2244 1138 3839 1232; baseline -0.004 -15"><span class='ocrx_word' id='word_1_166' title='bbox 2244 1138 2521 1217; x_wconf 81' lang='lat' dir='ltr'><strong>tissimum</strong></span> <span class='ocrx_word' id='word_1_167' title='bbox 2540 1171 2783 1232; x_wconf 89' lang='lat' dir='ltr'><strong>tempore</strong></span> <span class='ocrx_word' id='word_1_168' title='bbox 2811 1175 2919 1230; x_wconf 88' lang='lat' dir='ltr'><strong>quo</strong></span> <span class='ocrx_word' id='word_1_169' title='bbox 2942 1175 3156 1230; x_wconf 88' lang='lat' dir='ltr'><strong>semper</strong></span> <span class='ocrx_word' id='word_1_170' title='bbox 3184 1159 3283 1214; x_wconf 86' lang='lat' dir='ltr'><strong>sub</strong></span> <span class='ocrx_word' id='word_1_171' title='bbox 3312 1159 3474 1214; x_wconf 89' lang='lat' dir='ltr'><strong>armis</strong></span> <span class='ocrx_word' id='word_1_172' title='bbox 3500 1157 3745 1213; x_wconf 86' lang='lat' dir='ltr'><strong>stabant.</strong></span> <span class='ocrx_word' id='word_1_173' title='bbox 3829 1138 3839 1166; x_wconf 67' lang='grc'>⁸</span> 
     </span>
    </p>
   </div>
   <div class='ocr_carea' id='block_1_24' title="bbox 2315 1250 3827 1324">
    <p class='ocr_par' dir='ltr' id='par_1_24' title="bbox 2315 1250 3827 1324">
     <span class='ocr_line' id='line_1_24' title="bbox 2315 1250 3827 1324; baseline -0.001 -16"><span class='ocrx_word' id='word_1_174' title='bbox 2315 1253 2371 1309; x_wconf 83' lang='lat'><strong>2.</strong></span> <span class='ocrx_word' id='word_1_175' title='bbox 2395 1253 2500 1310; x_wconf 90' lang='lat' dir='ltr'><strong>Sed</strong></span> <span class='ocrx_word' id='word_1_176' title='bbox 2531 1263 2588 1309; x_wconf 91' lang='lat' dir='ltr'><strong>et</strong></span> <span class='ocrx_word' id='word_1_177' title='bbox 2606 1253 2990 1324; x_wconf 86' lang='lat' dir='ltr'><strong>jucundissima</strong></span> <span class='ocrx_word' id='word_1_178' title='bbox 3015 1269 3232 1323; x_wconf 89' lang='lat' dir='ltr'><strong>quoque</strong></span> <span class='ocrx_word' id='word_1_179' title='bbox 3262 1253 3452 1308; x_wconf 84' lang='lat' dir='ltr'><strong>accidit</strong></span> <span class='ocrx_word' id='word_1_180' title='bbox 3482 1251 3714 1307; x_wconf 91' lang='lat' dir='ltr'><strong>Paulino</strong></span> <span class='ocrx_word' id='word_1_181' title='bbox 3733 1250 3827 1307; x_wconf 77' lang='lat' dir='ltr'><strong>hoc</strong></span> 
     </span>
    </p>
   </div>
   <div class='ocr_carea' id='block_1_25' title="bbox 2244 1340 3827 1400">
    <p class='ocr_par' dir='ltr' id='par_1_25' title="bbox 2244 1340 3827 1400">
     <span class='ocr_line' id='line_1_25' title="bbox 2244 1340 3827 1400; baseline -0.001 -3"><span class='ocrx_word' id='word_1_182' title='bbox 2244 1359 2387 1399; x_wconf 87' lang='lat' dir='ltr'><strong>anno</strong></span> <span class='ocrx_word' id='word_1_183' title='bbox 2416 1343 2472 1398; x_wconf 92' lang='lat' dir='ltr'><strong>S.</strong></span> <span class='ocrx_word' id='word_1_184' title='bbox 2506 1342 2747 1399; x_wconf 63' lang='lat' dir='ltr'><strong>Melania:</strong></span> <span class='ocrx_word' id='word_1_185' title='bbox 2792 1343 3022 1400; x_wconf 90' lang='lat' dir='ltr'><strong>senioris</strong></span> <span class='ocrx_word' id='word_1_186' title='bbox 3054 1354 3075 1382; x_wconf 74' lang='grc' dir='ltr'><strong>τ</strong></span> <span class='ocrx_word' id='word_1_187' title='bbox 3109 1344 3176 1398; x_wconf 89' lang='lat' dir='ltr'><strong>ab</strong></span> <span class='ocrx_word' id='word_1_188' title='bbox 3219 1342 3554 1398; x_wconf 83' lang='lat' dir='ltr'><strong>Hierusalem</strong></span> <span class='ocrx_word' id='word_1_189' title='bbox 3609 1340 3827 1396; x_wconf 74' lang='lat' dir='ltr'><strong>Bonum</strong></span> 
     </span>
    </p>
   </div>
   <div class='ocr_carea' id='block_1_26' title="bbox 2245 1430 3827 1506">
    <p class='ocr_par' dir='ltr' id='par_1_26' title="bbox 2245 1430 3827 1506">
     <span class='ocr_line' id='line_1_26' title="bbox 2245 1430 3827 1506; baseline -0.004 -15"><span class='ocrx_word' id='word_1_190' title='bbox 2245 1436 2634 1506; x_wconf 88' lang='lat' dir='ltr'><strong>peregrinatio,</strong></span> <span class='ocrx_word' id='word_1_191' title='bbox 2665 1450 2826 1505; x_wconf 90' lang='lat' dir='ltr'><strong>quem</strong></span> <span class='ocrx_word' id='word_1_192' title='bbox 2870 1433 3097 1504; x_wconf 82' lang='lat' dir='ltr'><strong>Neapoli</strong></span> <span class='ocrx_word' id='word_1_193' title='bbox 3126 1432 3315 1488; x_wconf 85' lang='lat' dir='ltr'><strong>Nolam</strong></span> <span class='ocrx_word' id='word_1_194' title='bbox 3345 1431 3665 1487; x_wconf 88' lang='lat' dir='ltr'><strong>redeuntem</strong></span> <span class='ocrx_word' id='word_1_195' title='bbox 3697 1430 3827 1499; x_wconf 89' lang='lat' dir='ltr'><strong>apud</strong></span> 
     </span>
    </p>
   </div>
   <div class='ocr_carea' id='block_1_27' title="bbox 2245 1520 3828 1593">
    <p class='ocr_par' dir='ltr' id='par_1_27' title="bbox 2245 1520 3828 1593">
     <span class='ocr_line' id='line_1_27' title="bbox 2245 1520 3828 1593; baseline -0.004 -13"><span class='ocrx_word' id='word_1_196' title='bbox 2245 1541 2305 1580; x_wconf 88' lang='lat' dir='ltr'><strong>se</strong></span> <span class='ocrx_word' id='word_1_197' title='bbox 2328 1524 2711 1583; x_wconf 85' lang='lat' dir='ltr'><strong>humanissime</strong></span> <span class='ocrx_word' id='word_1_198' title='bbox 2739 1524 2971 1593; x_wconf 83' lang='lat' dir='ltr'><strong>excepit.</strong></span> <span class='ocrx_word' id='word_1_199' title='bbox 2998 1522 3245 1591; x_wconf 88' lang='lat' dir='ltr'><strong>Singulas</strong></span> <span class='ocrx_word' id='word_1_200' title='bbox 3268 1521 3423 1591; x_wconf 86' lang='lat' dir='ltr'><strong>hujus</strong></span> <span class='ocrx_word' id='word_1_201' title='bbox 3449 1520 3695 1577; x_wconf 73' lang='lat' dir='ltr'><strong>historia:</strong></span> <span class='ocrx_word' id='word_1_202' title='bbox 3715 1535 3828 1590; x_wconf 84' lang='lat' dir='ltr'><strong>par-</strong></span> 
     </span>
    </p>
   </div>
   <div class='ocr_carea' id='block_1_28' title="bbox 2250 1606 3827 1693">
    <p class='ocr_par' dir='ltr' id='par_1_28' title="bbox 2250 1606 3827 1693">
     <span class='ocr_line' id='line_1_28' title="bbox 2250 1606 3827 1693; baseline -0.003 -23"><span class='ocrx_word' id='word_1_203' title='bbox 2250 1626 2329 1672; x_wconf 90' lang='lat' dir='ltr'><strong>tes</strong></span> <span class='ocrx_word' id='word_1_204' title='bbox 2377 1616 2499 1671; x_wconf 92' lang='lat' dir='ltr'><strong>vide</strong></span> <span class='ocrx_word' id='word_1_205' title='bbox 2544 1616 2684 1693; x_wconf 87' lang='lat' dir='ltr'><strong>apud</strong></span> <span class='ocrx_word' id='word_1_206' title='bbox 2734 1615 3016 1670; x_wconf 75' lang='lat' dir='ltr'><strong>Paulinum</strong></span> <span class='ocrx_word' id='word_1_207' title='bbox 3065 1615 3222 1687; x_wconf 90' lang='lat' dir='ltr'><strong>epist.</strong></span> <span class='ocrx_word' id='word_1_208' title='bbox 3279 1624 3301 1652; x_wconf 81' lang='grc'><strong><em>³</em></strong></span> <span class='ocrx_word' id='word_1_209' title='bbox 3360 1613 3617 1682; x_wconf 85' lang='lat' dir='ltr'><strong>vigesima</strong></span> <span class='ocrx_word' id='word_1_210' title='bbox 3673 1606 3827 1667; x_wconf 84' lang='lat' dir='ltr'><strong>nona.</strong></span> 
     </span>
    </p>
   </div>
   <div class='ocr_carea' id='block_1_29' title="bbox 2246 1703 3828 1776">
    <p class='ocr_par' dir='ltr' id='par_1_29' title="bbox 2246 1703 3828 1776">
     <span class='ocr_line' id='line_1_29' title="bbox 2246 1703 3828 1776; baseline -0.001 -17"><span class='ocrx_word' id='word_1_211' title='bbox 2246 1704 2573 1763; x_wconf 87' lang='lat' dir='ltr'><strong>Particulam</strong></span> <span class='ocrx_word' id='word_1_212' title='bbox 2605 1707 2624 1744; x_wconf 66' lang='grc' dir='ltr'>ί</span> <span class='ocrx_word' id='word_1_213' title='bbox 2658 1706 2725 1762; x_wconf 89' lang='lat' dir='ltr'><strong>de</strong></span> <span class='ocrx_word' id='word_1_214' title='bbox 2756 1707 2901 1776; x_wconf 91' lang='lat' dir='ltr'><strong>ligno</strong></span> <span class='ocrx_word' id='word_1_215' title='bbox 2923 1706 3117 1762; x_wconf 64' lang='lat' dir='ltr'><strong>divina:</strong></span> <span class='ocrx_word' id='word_1_216' title='bbox 3142 1706 3317 1762; x_wconf 90' lang='lat' dir='ltr'><strong>crucis</strong></span> <span class='ocrx_word' id='word_1_217' title='bbox 3340 1722 3551 1759; x_wconf 81' lang='lat' dir='ltr'><strong>munere</strong></span> <span class='ocrx_word' id='word_1_218' title='bbox 3575 1703 3828 1759; x_wconf 73' lang='lat' dir='ltr'><strong>Johannis</strong></span> 
     </span>
    </p>
   </div>
   <div class='ocr_carea' id='block_1_30' title="bbox 569 1781 3911 1870">
    <p class='ocr_par' dir='ltr' id='par_1_30' title="bbox 569 1781 3911 1870">
     <span class='ocr_line' id='line_1_30' title="bbox 569 1781 3911 1870; baseline 0.003 -32"><span class='ocrx_word' id='word_1_219' title='bbox 569 1810 575 1816; x_wconf 64' lang='grc' dir='ltr'><strong><em>ν</em></strong></span> <span class='ocrx_word' id='word_1_220' title='bbox 630 1781 907 1870; x_wconf 54' lang='lat' dir='ltr'><strong>Paulinus.</strong></span> <span class='ocrx_word' id='word_1_221' title='bbox 929 1786 971 1838; x_wconf 90' lang='grc' dir='ltr'><em>Α</em></span> <span class='ocrx_word' id='word_1_222' title='bbox 1005 1786 1194 1870; x_wconf 64' lang='lat' dir='ltr'><strong>Severo</strong></span> <span class='ocrx_word' id='word_1_223' title='bbox 1215 1781 1279 1842; x_wconf 66' lang='lat' dir='ltr'><strong>ile</strong></span> <span class='ocrx_word' id='word_1_224' title='bbox 1305 1781 1869 1870; x_wconf 55' lang='lat' dir='ltr'><strong>qziibnsdanrliistoriw</strong></span> <span class='ocrx_word' id='word_1_225' title='bbox 1895 1796 2022 1870; x_wconf 75' lang='lat' dir='ltr'><strong>locis</strong></span> <span class='ocrx_word' id='word_1_226' title='bbox 2044 1797 2141 1868; x_wconf 81' lang='lat' dir='ltr'><strong>dif-</strong></span> <span class='ocrx_word' id='word_1_227' title='bbox 2174 1794 2217 1852; x_wconf 90' lang='lat' dir='ltr'><strong>B</strong></span> <span class='ocrx_word' id='word_1_228' title='bbox 2248 1798 2706 1870; x_wconf 78' lang='lat' dir='ltr'><strong>llierosolymitani</strong></span> <span class='ocrx_word' id='word_1_229' title='bbox 2732 1798 2961 1869; x_wconf 77' lang='lat' dir='ltr'><strong>episcOpi</strong></span> <span class='ocrx_word' id='word_1_230' title='bbox 2979 1795 3341 1853; x_wconf 69' lang='lat' dir='ltr'><strong>illustrishmc</strong></span> <span class='ocrx_word' id='word_1_231' title='bbox 3366 1795 3525 1861; x_wconf 73' lang='lat' dir='ltr'><strong>vidua</strong></span> <span class='ocrx_word' id='word_1_232' title='bbox 3547 1795 3618 1850; x_wconf 90' lang='lat' dir='ltr'><strong>ab</strong></span> <span class='ocrx_word' id='word_1_233' title='bbox 3648 1793 3830 1849; x_wconf 80' lang='lat' dir='ltr'><strong>Hieru-</strong></span> <span class='ocrx_word' id='word_1_234' title='bbox 3904 1844 3911 1848; x_wconf 85' lang='lat'><strong>.</strong></span> 
     </span>
    </p>
   </div>
   <div class='ocr_carea' id='block_1_31' title="bbox 630 1854 2142 1922">
    <p class='ocr_par' dir='ltr' id='par_1_31' title="bbox 630 1854 2142 1922">
     <span class='ocr_line' id='line_1_31' title="bbox 630 1854 2142 1922; baseline 0.009 -16"><span class='ocrx_word' id='word_1_235' title='bbox 630 1854 934 1922; x_wconf 77' lang='lat' dir='ltr'><strong>ﬁcilioribua</strong></span> <span class='ocrx_word' id='word_1_236' title='bbox 964 1858 1228 1912; x_wconf 70' lang='lat' dir='ltr'><strong>consultus</strong></span> <span class='ocrx_word' id='word_1_237' title='bbox 1248 1854 1557 1916; x_wconf 77' lang='lat' dir='ltr'><strong>sententiam</strong></span> <span class='ocrx_word' id='word_1_238' title='bbox 1575 1863 1745 1917; x_wconf 83' lang='lat' dir='ltr'><strong>dicere</strong></span> <span class='ocrx_word' id='word_1_239' title='bbox 1765 1864 2025 1918; x_wconf 79' lang='lat' dir='ltr'><strong>humiliter</strong></span> <span class='ocrx_word' id='word_1_240' title='bbox 2060 1854 2142 1920; x_wconf 66' lang='lat' dir='ltr'><strong>re-</strong></span> 
     </span>
    </p>
   </div>
   <div class='ocr_carea' id='block_1_32' title="bbox 572 1929 2148 2048">
    <p class='ocr_par' dir='ltr' id='par_1_32' title="bbox 572 1929 2148 2048">
     <span class='ocr_line' id='line_1_32' title="bbox 572 1929 2148 2048; baseline 0.01 -73"><span class='ocrx_word' id='word_1_241' title='bbox 572 2003 579 2010; x_wconf 29' lang='lat'><strong><em>&#39;</em></strong></span> <span class='ocrx_word' id='word_1_242' title='bbox 633 1936 817 2048; x_wconf 52' lang='lat' dir='ltr'><strong>cusatt;</strong></span> <span class='ocrx_word' id='word_1_243' title='bbox 859 1943 1057 1982; x_wconf 78' lang='lat' dir='ltr'><strong>necnon</strong></span> <span class='ocrx_word' id='word_1_244' title='bbox 1112 1929 1277 1983; x_wconf 82' lang='lat' dir='ltr'><strong>eidem</strong></span> <span class='ocrx_word' id='word_1_245' title='bbox 1330 1932 1606 2002; x_wconf 77' lang='lat' dir='ltr'><strong>imaginem</strong></span> <span class='ocrx_word' id='word_1_246' title='bbox 1653 1934 1816 2004; x_wconf 70' lang='lat' dir='ltr'><strong>ipsius</strong></span> <span class='ocrx_word' id='word_1_247' title='bbox 1862 1935 2148 2005; x_wconf 75' lang='lat' dir='ltr'><strong>postulanti</strong></span> 
     </span>
     <span class='ocr_line' id='line_1_33' title="bbox 632 2008 805 2048; baseline 0.023 -3"><span class='ocrx_word' id='word_1_248' title='bbox 632 2008 764 2048; x_wconf 83' lang='lat' dir='ltr'><strong>neua</strong></span> <span class='ocrx_word' id='word_1_249' title='bbox 791 2035 805 2048; x_wconf 96' lang='lat'><strong>.</strong></span> 
     </span>
    </p>
   </div>
   <div class='ocr_carea' id='block_1_33' title="bbox 632 2008 805 2065">
    <p class='ocr_par' dir='ltr' id='par_1_33' title="bbox 632 2008 805 2065">
     <span class='ocr_line' id='line_1_34' title="bbox 632 2008 805 2065; baseline 0.023 -20"><span class='ocrx_word' id='word_1_250' title='bbox 632 2008 805 2065; x_wconf 83' lang='lat' dir='ltr'><strong>negat.</strong></span> 
     </span>
    </p>
   </div>
   <div class='ocr_carea' id='block_1_34' title="bbox 635 2128 2149 2195">
    <p class='ocr_par' dir='ltr' id='par_1_34' title="bbox 635 2128 2149 2195">
     <span class='ocr_line' id='line_1_35' title="bbox 635 2128 2149 2195; baseline 0.008 -12"><span class='ocrx_word' id='word_1_251' title='bbox 635 2128 687 2184; x_wconf 89' lang='grc'><strong>1.</strong></span> <span class='ocrx_word' id='word_1_252' title='bbox 718 2128 971 2187; x_wconf 85' lang='lat' dir='ltr'><strong>Paulinus</strong></span> <span class='ocrx_word' id='word_1_253' title='bbox 999 2134 1052 2188; x_wconf 89' lang='lat' dir='ltr'><strong>in</strong></span> <span class='ocrx_word' id='word_1_254' title='bbox 1078 2149 1222 2191; x_wconf 87' lang='lat' dir='ltr'><strong>nono</strong></span> <span class='ocrx_word' id='word_1_255' title='bbox 1262 2135 1321 2191; x_wconf 89' lang='lat' dir='ltr'><strong>S.</strong></span> <span class='ocrx_word' id='word_1_256' title='bbox 1353 2136 1548 2194; x_wconf 85' lang='lat' dir='ltr'><strong>Felicis</strong></span> <span class='ocrx_word' id='word_1_257' title='bbox 1571 2139 1810 2194; x_wconf 84' lang='lat' dir='ltr'><strong>carmine</strong></span> <span class='ocrx_word' id='word_1_258' title='bbox 1837 2135 1864 2177; x_wconf 73' lang='grc' dir='ltr'>ἀ</span> <span class='ocrx_word' id='word_1_259' title='bbox 1894 2138 2149 2195; x_wconf 85' lang='lat' dir='ltr'><strong>Natalitio</strong></span> 
     </span>
    </p>
   </div>
   <div class='ocr_carea' id='block_1_35' title="bbox 563 2220 2147 2301">
    <p class='ocr_par' dir='ltr' id='par_1_35' title="bbox 563 2220 2147 2301">
     <span class='ocr_line' id='line_1_36' title="bbox 563 2220 2147 2301; baseline 0.005 -25"><span class='ocrx_word' id='word_1_260' title='bbox 563 2220 678 2276; x_wconf 89' lang='lat' dir='ltr'><strong>fuse</strong></span> <span class='ocrx_word' id='word_1_261' title='bbox 704 2222 915 2278; x_wconf 89' lang='lat' dir='ltr'><strong>disserit</strong></span> <span class='ocrx_word' id='word_1_262' title='bbox 945 2223 1013 2279; x_wconf 78' lang='lat' dir='ltr'><strong>tle</strong></span> <span class='ocrx_word' id='word_1_263' title='bbox 1036 2225 1463 2282; x_wconf 80' lang='lat' dir='ltr'><strong>Christianorum</strong></span> <span class='ocrx_word' id='word_1_264' title='bbox 1480 2227 1662 2285; x_wconf 77' lang='lat' dir='ltr'><strong>festis.</strong></span> <span class='ocrx_word' id='word_1_265' title='bbox 1702 2229 1935 2285; x_wconf 87' lang='lat' dir='ltr'><strong>Denotat</strong></span> <span class='ocrx_word' id='word_1_266' title='bbox 1961 2230 2147 2301; x_wconf 86' lang='lat' dir='ltr'><strong>impri-</strong></span> 
     </span>
    </p>
   </div>
   <div class='ocr_carea' id='block_1_36' title="bbox 563 2302 2151 2390">
    <p class='ocr_par' dir='ltr' id='par_1_36' title="bbox 563 2302 2151 2390">
     <span class='ocr_line' id='line_1_37' title="bbox 563 2302 2151 2390; baseline 0.006 -25"><span class='ocrx_word' id='word_1_267' title='bbox 563 2311 667 2367; x_wconf 87' lang='lat' dir='ltr'><strong>mis</strong></span> <span class='ocrx_word' id='word_1_268' title='bbox 698 2321 728 2390; x_wconf 68' lang='grc' dir='ltr'>ξ</span> <span class='ocrx_word' id='word_1_269' title='bbox 765 2312 963 2370; x_wconf 87' lang='lat' dir='ltr'><strong>Christi</strong></span> <span class='ocrx_word' id='word_1_270' title='bbox 1009 2316 1364 2383; x_wconf 86' lang='lat' dir='ltr'><strong>nativitatem,</strong></span> <span class='ocrx_word' id='word_1_271' title='bbox 1412 2302 1788 2388; x_wconf 83' lang='lat' dir='ltr'><strong>Epiphaniam,</strong></span> <span class='ocrx_word' id='word_1_272' title='bbox 1844 2318 2046 2375; x_wconf 87' lang='lat' dir='ltr'><strong>Pascha</strong></span> <span class='ocrx_word' id='word_1_273' title='bbox 2093 2329 2151 2376; x_wconf 91' lang='lat' dir='ltr'><strong>et</strong></span> 
     </span>
    </p>
   </div>
   <div class='ocr_carea' id='block_1_37' title="bbox 564 2398 2151 2477">
    <p class='ocr_par' dir='ltr' id='par_1_37' title="bbox 564 2398 2151 2477">
     <span class='ocr_line' id='line_1_38' title="bbox 564 2398 2151 2477; baseline 0.007 -22"><span class='ocrx_word' id='word_1_274' title='bbox 564 2398 945 2469; x_wconf 82' lang='lat' dir='ltr'><strong>Pentecosten,</strong></span> <span class='ocrx_word' id='word_1_275' title='bbox 969 2404 1161 2473; x_wconf 87' lang='lat' dir='ltr'><strong>quibus</strong></span> <span class='ocrx_word' id='word_1_276' title='bbox 1186 2406 1348 2461; x_wconf 91' lang='lat' dir='ltr'><strong>etiam</strong></span> <span class='ocrx_word' id='word_1_277' title='bbox 1383 2406 1625 2477; x_wconf 88' lang='lat' dir='ltr'><strong>adjungit</strong></span> <span class='ocrx_word' id='word_1_278' title='bbox 1644 2424 1795 2464; x_wconf 90' lang='lat' dir='ltr'><strong>suam</strong></span> <span class='ocrx_word' id='word_1_279' title='bbox 1825 2409 1842 2447; x_wconf 72' lang='grc' dir='ltr'><em>τ</em></span> <span class='ocrx_word' id='word_1_280' title='bbox 1867 2411 1923 2465; x_wconf 88' lang='lat' dir='ltr'><strong>S.</strong></span> <span class='ocrx_word' id='word_1_281' title='bbox 1957 2409 2151 2467; x_wconf 83' lang='lat' dir='ltr'><strong>Felicis</strong></span> 
     </span>
    </p>
   </div>
   <div class='ocr_carea' id='block_1_38' title="bbox 565 2490 2150 2573">
    <p class='ocr_par' dir='ltr' id='par_1_38' title="bbox 565 2490 2150 2573">
     <span class='ocr_line' id='line_1_39' title="bbox 565 2490 2150 2573; baseline 0.008 -28"><span class='ocrx_word' id='word_1_282' title='bbox 565 2490 931 2560; x_wconf 67' lang='lat' dir='ltr'><strong>festivitatem,</strong></span> <span class='ocrx_word' id='word_1_283' title='bbox 954 2511 1115 2566; x_wconf 91' lang='lat' dir='ltr'><strong>quam</strong></span> <span class='ocrx_word' id='word_1_284' title='bbox 1130 2496 1294 2552; x_wconf 89' lang='lat' dir='ltr'><strong>coluit</strong></span> <span class='ocrx_word' id='word_1_285' title='bbox 1310 2498 1425 2569; x_wconf 86' lang='lat' dir='ltr'><strong>ipse</strong></span> <span class='ocrx_word' id='word_1_286' title='bbox 1444 2499 1700 2569; x_wconf 75' lang='lat' dir='ltr'><strong>singulari</strong></span> <span class='ocrx_word' id='word_1_287' title='bbox 1717 2501 1934 2570; x_wconf 89' lang='lat' dir='ltr'><strong>gaudio,</strong></span> <span class='ocrx_word' id='word_1_288' title='bbox 1951 2502 2150 2573; x_wconf 84' lang='lat' dir='ltr'><strong>quippe</strong></span> 
     </span>
    </p>
   </div>
   <div class='ocr_carea' id='block_1_39' title="bbox 460 2583 2149 2675">
    <p class='ocr_par' dir='ltr' id='par_1_39' title="bbox 460 2583 2149 2675">
     <span class='ocr_line' id='line_1_40' title="bbox 460 2583 2149 2675; baseline 0.007 -39"><span class='ocrx_word' id='word_1_289' title='bbox 460 2672 463 2675; x_wconf 11' lang='grc' dir='ltr'><strong>Δ</strong></span> <span class='ocrx_word' id='word_1_290' title='bbox 566 2583 656 2652; x_wconf 89' lang='lat' dir='ltr'><strong>qui</strong></span> <span class='ocrx_word' id='word_1_291' title='bbox 684 2584 872 2654; x_wconf 84' lang='lat' dir='ltr'><strong>ipsius,</strong></span> <span class='ocrx_word' id='word_1_292' title='bbox 901 2601 1060 2656; x_wconf 90' lang='lat' dir='ltr'><strong>quem</strong></span> <span class='ocrx_word' id='word_1_293' title='bbox 1088 2596 1246 2644; x_wconf 90' lang='lat' dir='ltr'><strong>vocat</strong></span> <span class='ocrx_word' id='word_1_294' title='bbox 1275 2599 1299 2637; x_wconf 75' lang='grc' dir='ltr'><em>ε</em></span> <span class='ocrx_word' id='word_1_295' title='bbox 1326 2598 1535 2659; x_wconf 89' lang='lat' dir='ltr'><strong>patrem</strong></span> <span class='ocrx_word' id='word_1_296' title='bbox 1563 2599 1621 2648; x_wconf 91' lang='lat' dir='ltr'><strong>et</strong></span> <span class='ocrx_word' id='word_1_297' title='bbox 1639 2588 1668 2629; x_wconf 71' lang='grc' dir='ltr'><strong><em>ιι</em></strong></span> <span class='ocrx_word' id='word_1_298' title='bbox 1696 2588 2033 2661; x_wconf 90' lang='lat' dir='ltr'><strong>magistrum,</strong></span> <span class='ocrx_word' id='word_1_299' title='bbox 2056 2593 2149 2648; x_wconf 84' lang='lat' dir='ltr'><strong>Ni-</strong></span> 
     </span>
    </p>
   </div>
   <div class='ocr_carea' id='block_1_40' title="bbox 566 2679 2209 2747">
    <p class='ocr_par' dir='ltr' id='par_1_40' title="bbox 566 2679 2209 2747">
     <span class='ocr_line' id='line_1_41' title="bbox 566 2679 2209 2747; baseline 0.008 -17"><span class='ocrx_word' id='word_1_300' title='bbox 566 2685 699 2731; x_wconf 74' lang='lat' dir='ltr'><strong>ceta:</strong></span> <span class='ocrx_word' id='word_1_301' title='bbox 720 2679 1002 2746; x_wconf 71' lang='lat' dir='ltr'><strong>prmsentia</strong></span> <span class='ocrx_word' id='word_1_302' title='bbox 1023 2681 1293 2747; x_wconf 89' lang='lat' dir='ltr'><strong>geminum</strong></span> <span class='ocrx_word' id='word_1_303' title='bbox 1313 2682 1413 2738; x_wconf 89' lang='lat' dir='ltr'><strong>sibi</strong></span> <span class='ocrx_word' id='word_1_304' title='bbox 1436 2683 1673 2739; x_wconf 84' lang='lat' dir='ltr'><strong>natalem</strong></span> <span class='ocrx_word' id='word_1_305' title='bbox 1692 2683 1800 2740; x_wconf 91' lang='lat' dir='ltr'><strong>hoc</strong></span> <span class='ocrx_word' id='word_1_306' title='bbox 1824 2699 1968 2740; x_wconf 90' lang='lat' dir='ltr'><strong>anno</strong></span> <span class='ocrx_word' id='word_1_307' title='bbox 1987 2685 2152 2742; x_wconf 87' lang='lat' dir='ltr'><strong>fuisse</strong></span> <span class='ocrx_word' id='word_1_308' title='bbox 2208 2726 2209 2731; x_wconf 59' lang='grc' dir='ltr'><strong>η</strong></span> 
     </span>
    </p>
   </div>
   <div class='ocr_carea' id='block_1_41' title="bbox 569 2765 2151 2840">
    <p class='ocr_par' dir='ltr' id='par_1_41' title="bbox 569 2765 2151 2840">
     <span class='ocr_line' id='line_1_42' title="bbox 569 2765 2151 2840; baseline 0.007 -19"><span class='ocrx_word' id='word_1_309' title='bbox 569 2765 716 2821; x_wconf 89' lang='lat' dir='ltr'><strong>dicit.</strong></span> <span class='ocrx_word' id='word_1_310' title='bbox 761 2766 877 2822; x_wconf 83' lang='lat' dir='ltr'><strong>Jam</strong></span> <span class='ocrx_word' id='word_1_311' title='bbox 914 2770 930 2806; x_wconf 77' lang='grc' dir='ltr'>ί</span> <span class='ocrx_word' id='word_1_312' title='bbox 961 2779 1087 2826; x_wconf 89' lang='lat' dir='ltr'><strong>ante</strong></span> <span class='ocrx_word' id='word_1_313' title='bbox 1114 2780 1348 2840; x_wconf 86' lang='lat' dir='ltr'><strong>quatuor</strong></span> <span class='ocrx_word' id='word_1_314' title='bbox 1389 2789 1560 2830; x_wconf 88' lang='lat' dir='ltr'><strong>annos</strong></span> <span class='ocrx_word' id='word_1_315' title='bbox 1586 2773 1775 2830; x_wconf 86' lang='lat' dir='ltr'><strong>Nolam</strong></span> <span class='ocrx_word' id='word_1_316' title='bbox 1803 2785 2029 2831; x_wconf 87' lang='lat' dir='ltr'><strong>venerat</strong></span> <span class='ocrx_word' id='word_1_317' title='bbox 2056 2776 2151 2831; x_wconf 78' lang='lat' dir='ltr'><strong>Ni-</strong></span> 
     </span>
    </p>
   </div>
   <div class='ocr_carea' id='block_1_42' title="bbox 571 2860 2153 2931">
    <p class='ocr_par' dir='ltr' id='par_1_42' title="bbox 571 2860 2153 2931">
     <span class='ocr_line' id='line_1_43' title="bbox 571 2860 2153 2931; baseline 0.008 -18"><span class='ocrx_word' id='word_1_318' title='bbox 571 2867 734 2920; x_wconf 84' lang='lat' dir='ltr'><strong>cetas,</strong></span> <span class='ocrx_word' id='word_1_319' title='bbox 761 2860 984 2931; x_wconf 88' lang='lat' dir='ltr'><strong>ejusque</strong></span> <span class='ocrx_word' id='word_1_320' title='bbox 1006 2863 1198 2919; x_wconf 90' lang='lat' dir='ltr'><strong>iterum</strong></span> <span class='ocrx_word' id='word_1_321' title='bbox 1219 2866 1434 2922; x_wconf 85' lang='lat' dir='ltr'><strong>videndi</strong></span> <span class='ocrx_word' id='word_1_322' title='bbox 1463 2883 1573 2922; x_wconf 90' lang='lat' dir='ltr'><strong>non</strong></span> <span class='ocrx_word' id='word_1_323' title='bbox 1594 2868 1855 2924; x_wconf 90' lang='lat' dir='ltr'><strong>mediocri</strong></span> <span class='ocrx_word' id='word_1_324' title='bbox 1882 2868 2153 2926; x_wconf 87' lang='lat' dir='ltr'><strong>desiderio</strong></span> 
     </span>
    </p>
   </div>
   <div class='ocr_carea' id='block_1_43' title="bbox 572 2951 2155 3027">
    <p class='ocr_par' dir='ltr' id='par_1_43' title="bbox 572 2951 2155 3027">
     <span class='ocr_line' id='line_1_44' title="bbox 572 2951 2155 3027; baseline 0.008 -24"><span class='ocrx_word' id='word_1_325' title='bbox 572 2951 857 3006; x_wconf 83' lang='lat' dir='ltr'><strong>tenebatur</strong></span> <span class='ocrx_word' id='word_1_326' title='bbox 885 2953 1173 3020; x_wconf 88' lang='lat' dir='ltr'><strong>Paulinus;</strong></span> <span class='ocrx_word' id='word_1_327' title='bbox 1201 2958 1296 3013; x_wconf 85' lang='lat' dir='ltr'><strong>sed</strong></span> <span class='ocrx_word' id='word_1_328' title='bbox 1322 2967 1575 3027; x_wconf 89' lang='lat' dir='ltr'><strong>suscepto</strong></span> <span class='ocrx_word' id='word_1_329' title='bbox 1602 2974 1672 3014; x_wconf 82' lang='lat' dir='ltr'><strong>ex</strong></span> <span class='ocrx_word' id='word_1_330' title='bbox 1696 2960 1752 3014; x_wconf 91' lang='lat' dir='ltr'><strong>S.</strong></span> <span class='ocrx_word' id='word_1_331' title='bbox 1786 2959 1978 3016; x_wconf 84' lang='lat' dir='ltr'><strong>Felicis</strong></span> <span class='ocrx_word' id='word_1_332' title='bbox 2006 2960 2155 3017; x_wconf 82' lang='lat' dir='ltr'><strong>festi-</strong></span> 
     </span>
    </p>
   </div>
   <div class='ocr_carea' id='block_1_44' title="bbox 573 3040 2154 3122">
    <p class='ocr_par' dir='ltr' id='par_1_44' title="bbox 573 3040 2154 3122">
     <span class='ocr_line' id='line_1_45' title="bbox 573 3040 2154 3122; baseline 0.011 -29"><span class='ocrx_word' id='word_1_333' title='bbox 573 3040 740 3096; x_wconf 89' lang='lat' dir='ltr'><strong>vitate</strong></span> <span class='ocrx_word' id='word_1_334' title='bbox 766 3042 961 3111; x_wconf 89' lang='lat' dir='ltr'><strong>gaudio</strong></span> <span class='ocrx_word' id='word_1_335' title='bbox 992 3046 1007 3096; x_wconf 86' lang='lat' dir='ltr'><strong>i</strong></span> <span class='ocrx_word' id='word_1_336' title='bbox 1046 3047 1268 3102; x_wconf 85' lang='lat' dir='ltr'><strong>alteram</strong></span> <span class='ocrx_word' id='word_1_337' title='bbox 1292 3064 1357 3103; x_wconf 83' lang='lat' dir='ltr'><strong>ex</strong></span> <span class='ocrx_word' id='word_1_338' title='bbox 1387 3049 1584 3105; x_wconf 64' lang='lat' dir='ltr'><strong>Nicetae</strong></span> <span class='ocrx_word' id='word_1_339' title='bbox 1606 3061 1895 3122; x_wconf 88' lang='lat' dir='ltr'><strong>conspectu</strong></span> <span class='ocrx_word' id='word_1_340' title='bbox 1918 3053 2154 3109; x_wconf 76' lang='lat' dir='ltr'><strong>lzetitiam</strong></span> 
     </span>
    </p>
   </div>
   <div class='ocr_carea' id='block_1_45' title="bbox 573 3142 2155 3218">
    <p class='ocr_par' dir='ltr' id='par_1_45' title="bbox 573 3142 2155 3218">
     <span class='ocr_line' id='line_1_46' title="bbox 573 3142 2155 3218; baseline 0.01 -32"><span class='ocrx_word' id='word_1_341' title='bbox 573 3146 909 3190; x_wconf 87' lang='lat' dir='ltr'><strong>accessuram</strong></span> <span class='ocrx_word' id='word_1_342' title='bbox 954 3152 1179 3207; x_wconf 85' lang='lat' dir='ltr'><strong>sperare</strong></span> <span class='ocrx_word' id='word_1_343' title='bbox 1209 3156 1317 3195; x_wconf 90' lang='lat' dir='ltr'><strong>non</strong></span> <span class='ocrx_word' id='word_1_344' title='bbox 1358 3142 1609 3212; x_wconf 90' lang='lat' dir='ltr'><strong>audebat,</strong></span> <span class='ocrx_word' id='word_1_345' title='bbox 1654 3144 1807 3216; x_wconf 84' lang='lat' dir='ltr'><strong>cujus</strong></span> <span class='ocrx_word' id='word_1_346' title='bbox 1832 3147 2030 3218; x_wconf 88' lang='lat' dir='ltr'><strong>quippe</strong></span> <span class='ocrx_word' id='word_1_347' title='bbox 2058 3148 2155 3204; x_wconf 86' lang='lat' dir='ltr'><strong>ad-</strong></span> 
     </span>
    </p>
   </div>
   <div class='ocr_carea' id='block_1_46' title="bbox 575 3224 2156 3308">
    <p class='ocr_par' dir='ltr' id='par_1_46' title="bbox 575 3224 2156 3308">
     <span class='ocr_line' id='line_1_47' title="bbox 575 3224 2156 3308; baseline 0.011 -32"><span class='ocrx_word' id='word_1_348' title='bbox 575 3231 768 3278; x_wconf 88' lang='lat' dir='ltr'><strong>ventus</strong></span> <span class='ocrx_word' id='word_1_349' title='bbox 801 3224 825 3261; x_wconf 66' lang='grc' dir='ltr'>ι</span> <span class='ocrx_word' id='word_1_350' title='bbox 864 3225 1007 3281; x_wconf 89' lang='lat' dir='ltr'><strong>bello</strong></span> <span class='ocrx_word' id='word_1_351' title='bbox 1034 3235 1089 3284; x_wconf 89' lang='lat' dir='ltr'><strong>et</strong></span> <span class='ocrx_word' id='word_1_352' title='bbox 1116 3237 1261 3285; x_wconf 90' lang='lat' dir='ltr'><strong>metu</strong></span> <span class='ocrx_word' id='word_1_353' title='bbox 1303 3231 1602 3288; x_wconf 85' lang='lat' dir='ltr'><strong>Gothorum</strong></span> <span class='ocrx_word' id='word_1_354' title='bbox 1652 3236 1883 3291; x_wconf 89' lang='lat' dir='ltr'><strong>omnino</strong></span> <span class='ocrx_word' id='word_1_355' title='bbox 1901 3238 2156 3308; x_wconf 74' lang='lat' dir='ltr'><strong>przecludi</strong></span> 
     </span>
    </p>
   </div>
   <div class='ocr_carea' id='block_1_47' title="bbox 576 3314 2161 3390">
    <p class='ocr_par' dir='ltr' id='par_1_47' title="bbox 576 3314 2161 3390">
     <span class='ocr_line' id='line_1_48' title="bbox 576 3314 2161 3390; baseline 0.009 -22"><span class='ocrx_word' id='word_1_356' title='bbox 576 3314 873 3371; x_wconf 84' lang='lat' dir='ltr'><strong>videbatur.</strong></span> <span class='ocrx_word' id='word_1_357' title='bbox 904 3315 1246 3389; x_wconf 84' lang='lat' dir='ltr'><strong>Quapropter</strong></span> <span class='ocrx_word' id='word_1_358' title='bbox 1272 3321 1391 3390; x_wconf 89' lang='lat' dir='ltr'><strong>plus</strong></span> <span class='ocrx_word' id='word_1_359' title='bbox 1417 3322 1578 3377; x_wconf 89' lang='lat' dir='ltr'><strong>solito</strong></span> <span class='ocrx_word' id='word_1_360' title='bbox 1598 3324 1866 3380; x_wconf 89' lang='lat' dir='ltr'><strong>animatus</strong></span> <span class='ocrx_word' id='word_1_361' title='bbox 1892 3334 1948 3380; x_wconf 91' lang='lat' dir='ltr'><strong>et</strong></span> <span class='ocrx_word' id='word_1_362' title='bbox 1976 3327 2161 3383; x_wconf 89' lang='lat' dir='ltr'><strong>incita-</strong></span> 
     </span>
    </p>
   </div>
   <div class='ocr_carea' id='block_1_48' title="bbox 577 3406 2158 3486">
    <p class='ocr_par' dir='ltr' id='par_1_48' title="bbox 577 3406 2158 3486">
     <span class='ocr_line' id='line_1_49' title="bbox 577 3406 2158 3486; baseline 0.007 -25"><span class='ocrx_word' id='word_1_363' title='bbox 577 3414 663 3461; x_wconf 91' lang='lat' dir='ltr'><strong>tus</strong></span> <span class='ocrx_word' id='word_1_364' title='bbox 690 3408 745 3461; x_wconf 90' lang='lat' dir='ltr'><strong>in</strong></span> <span class='ocrx_word' id='word_1_365' title='bbox 773 3406 833 3464; x_wconf 92' lang='lat' dir='ltr'><strong>S.</strong></span> <span class='ocrx_word' id='word_1_366' title='bbox 864 3407 1057 3466; x_wconf 85' lang='lat' dir='ltr'><strong>Felicis</strong></span> <span class='ocrx_word' id='word_1_367' title='bbox 1078 3410 1286 3466; x_wconf 88' lang='lat' dir='ltr'><strong>laudem</strong></span> <span class='ocrx_word' id='word_1_368' title='bbox 1304 3428 1497 3482; x_wconf 88' lang='lat' dir='ltr'><strong>poema</strong></span> <span class='ocrx_word' id='word_1_369' title='bbox 1512 3413 1697 3479; x_wconf 90' lang='lat' dir='ltr'><strong>edidit,</strong></span> <span class='ocrx_word' id='word_1_370' title='bbox 1716 3414 1878 3484; x_wconf 91' lang='lat' dir='ltr'><strong>idque</strong></span> <span class='ocrx_word' id='word_1_371' title='bbox 1900 3418 2158 3486; x_wconf 66' lang='lat' dir='ltr'><strong>prolixius</strong></span> 
     </span>
    </p>
   </div>
   <div class='ocr_carea' id='block_1_49' title="bbox 577 3499 2160 3571">
    <p class='ocr_par' dir='ltr' id='par_1_49' title="bbox 577 3499 2160 3571">
     <span class='ocr_line' id='line_1_50' title="bbox 577 3499 2160 3571; baseline 0.006 -18"><span class='ocrx_word' id='word_1_372' title='bbox 577 3508 630 3553; x_wconf 88' lang='lat' dir='ltr'><strong>et</strong></span> <span class='ocrx_word' id='word_1_373' title='bbox 658 3499 936 3556; x_wconf 86' lang='lat' dir='ltr'><strong>sublimius</strong></span> <span class='ocrx_word' id='word_1_374' title='bbox 963 3515 1124 3569; x_wconf 90' lang='lat' dir='ltr'><strong>quam</strong></span> <span class='ocrx_word' id='word_1_375' title='bbox 1172 3503 1540 3571; x_wconf 88' lang='lat' dir='ltr'><strong>superioribus</strong></span> <span class='ocrx_word' id='word_1_376' title='bbox 1576 3503 1749 3561; x_wconf 84' lang='lat' dir='ltr'><strong>annis.</strong></span> <span class='ocrx_word' id='word_1_377' title='bbox 1782 3504 1858 3559; x_wconf 90' lang='lat' dir='ltr'><strong>lbi</strong></span> <span class='ocrx_word' id='word_1_378' title='bbox 1887 3521 1953 3561; x_wconf 82' lang='lat' dir='ltr'><strong>ex</strong></span> <span class='ocrx_word' id='word_1_379' title='bbox 1981 3508 2160 3562; x_wconf 85' lang='lat' dir='ltr'><strong>verbis</strong></span> 
     </span>
    </p>
   </div>
   <div class='ocr_carea' id='block_1_50' title="bbox 578 3582 2159 3667">
    <p class='ocr_par' dir='ltr' id='par_1_50' title="bbox 578 3582 2159 3667">
     <span class='ocr_line' id='line_1_51' title="bbox 578 3582 2159 3667; baseline 0.007 -23"><span class='ocrx_word' id='word_1_380' title='bbox 578 3589 695 3657; x_wconf 90' lang='lat' dir='ltr'><strong>ejus</strong></span> <span class='ocrx_word' id='word_1_381' title='bbox 729 3592 1224 3649; x_wconf 82' lang='lat' dir='ltr'><strong>vehementioribus</strong></span> <span class='ocrx_word' id='word_1_382' title='bbox 1261 3582 1599 3665; x_wconf 72' lang='lat' dir='ltr'><strong>72intueri</strong></span> <span class='ocrx_word' id='word_1_383' title='bbox 1631 3596 1755 3651; x_wconf 86' lang='lat' dir='ltr'><strong>licet</strong></span> <span class='ocrx_word' id='word_1_384' title='bbox 1782 3607 1985 3667; x_wconf 88' lang='lat' dir='ltr'><strong>quanto</strong></span> <span class='ocrx_word' id='word_1_385' title='bbox 2014 3615 2159 3655; x_wconf 88' lang='lat' dir='ltr'><strong>mar-</strong></span> 
     </span>
    </p>
   </div>
   <div class='ocr_carea' id='block_1_51' title="bbox 581 3681 1707 3757">
    <p class='ocr_par' dir='ltr' id='par_1_51' title="bbox 581 3681 1707 3757">
     <span class='ocr_line' id='line_1_52' title="bbox 581 3681 1707 3757; baseline 0.004 -23"><span class='ocrx_word' id='word_1_386' title='bbox 581 3681 707 3750; x_wconf 82' lang='lat' dir='ltr'><strong>tyrii</strong></span> <span class='ocrx_word' id='word_1_387' title='bbox 736 3681 914 3757; x_wconf 84' lang='lat' dir='ltr'><strong>studio</strong></span> <span class='ocrx_word' id='word_1_388' title='bbox 942 3683 1189 3753; x_wconf 81' lang='lat' dir='ltr'><strong>ﬂagraret</strong></span> <span class='ocrx_word' id='word_1_389' title='bbox 1218 3684 1331 3755; x_wconf 90' lang='lat' dir='ltr'><strong>ipse</strong></span> <span class='ocrx_word' id='word_1_390' title='bbox 1363 3683 1617 3743; x_wconf 87' lang='lat' dir='ltr'><strong>Paulinus</strong></span> <span class='ocrx_word' id='word_1_391' title='bbox 1648 3685 1660 3723; x_wconf 87' lang='grc'>¹</span> <span class='ocrx_word' id='word_1_392' title='bbox 1694 3703 1707 3739; x_wconf 89' lang='lat'><strong>:</strong></span> 
     </span>
    </p>
   </div>
   <div class='ocr_carea' id='block_1_52' title="bbox 1012 3839 1696 3907">
    <p class='ocr_par' dir='ltr' id='par_1_52' title="bbox 1012 3839 1696 3907">
     <span class='ocr_line' id='line_1_53' title="bbox 1012 3839 1696 3907; baseline 0.004 -17"><span class='ocrx_word' id='word_1_393' title='bbox 1012 3839 1167 3907; x_wconf 77' lang='lat' dir='ltr'><strong>Ligno</strong></span> <span class='ocrx_word' id='word_1_394' title='bbox 1190 3853 1299 3907; x_wconf 72' lang='lat' dir='ltr'><strong>mea</strong></span> <span class='ocrx_word' id='word_1_395' title='bbox 1317 3843 1413 3894; x_wconf 86' lang='lat' dir='ltr'><strong>vita</strong></span> <span class='ocrx_word' id='word_1_396' title='bbox 1441 3843 1696 3907; x_wconf 77' lang='lat' dir='ltr'><strong>pependit,</strong></span> 
     </span>
    </p>
   </div>
   <div class='ocr_carea' id='block_1_53' title="bbox 590 3901 1930 3968">
    <p class='ocr_par' dir='ltr' id='par_1_53' title="bbox 590 3901 1930 3968">
     <span class='ocr_line' id='line_1_54' title="bbox 590 3901 1930 3968; baseline 0.003 -17"><span class='ocrx_word' id='word_1_397' title='bbox 590 3918 595 3923; x_wconf 88' lang='grc'><strong>·</strong></span> <span class='ocrx_word' id='word_1_398' title='bbox 676 3901 743 3968; x_wconf 51' lang='grc' dir='ltr'><strong>ξι</strong></span> <span class='ocrx_word' id='word_1_399' title='bbox 763 3907 920 3967; x_wconf 61' lang='lat' dir='ltr'><strong>staret</strong></span> <span class='ocrx_word' id='word_1_400' title='bbox 942 3915 1051 3968; x_wconf 81' lang='lat' dir='ltr'><strong>mea</strong></span> <span class='ocrx_word' id='word_1_401' title='bbox 1073 3901 1170 3968; x_wconf 64' lang='lat' dir='ltr'><strong>wvita</strong></span> <span class='ocrx_word' id='word_1_402' title='bbox 1193 3902 1301 3953; x_wconf 91' lang='lat' dir='ltr'><strong>Deo</strong></span> <span class='ocrx_word' id='word_1_403' title='bbox 1325 3920 1338 3955; x_wconf 88' lang='lat'><strong>:</strong></span> <span class='ocrx_word' id='word_1_404' title='bbox 1361 3901 1493 3968; x_wconf 72' lang='lat' dir='ltr'><strong>quid,</strong></span> <span class='ocrx_word' id='word_1_405' title='bbox 1508 3901 1637 3968; x_wconf 66' lang='lat' dir='ltr'><strong>&#39;tita,</strong></span> <span class='ocrx_word' id='word_1_406' title='bbox 1665 3901 1930 3968; x_wconf 72' lang='lat' dir='ltr'><strong>rependam</strong></span> 
     </span>
    </p>
   </div>
   <div class='ocr_carea' id='block_1_54' title="bbox 676 3964 1914 4027">
    <p class='ocr_par' dir='ltr' id='par_1_54' title="bbox 676 3964 1914 4027">
     <span class='ocr_line' id='line_1_55' title="bbox 676 3964 1914 4027; baseline 0.002 -13"><span class='ocrx_word' id='word_1_407' title='bbox 676 3964 773 4015; x_wconf 88' lang='lat' dir='ltr'><strong>Pro</strong></span> <span class='ocrx_word' id='word_1_408' title='bbox 799 3964 891 4014; x_wconf 80' lang='lat' dir='ltr'><strong>vita</strong></span> <span class='ocrx_word' id='word_1_409' title='bbox 928 3965 1033 4021; x_wconf 84' lang='lat' dir='ltr'><strong>tibi,</strong></span> <span class='ocrx_word' id='word_1_410' title='bbox 1058 3966 1276 4027; x_wconf 75' lang='lat' dir='ltr'><strong>Christe,</strong></span> <span class='ocrx_word' id='word_1_411' title='bbox 1307 3964 1415 4015; x_wconf 80' lang='lat' dir='ltr'><strong>mea</strong></span> <span class='ocrx_word' id='word_1_412' title='bbox 1431 3964 1457 4016; x_wconf 76' lang='lat' dir='ltr'><strong>‘l</strong></span> <span class='ocrx_word' id='word_1_413' title='bbox 1480 3964 1570 4017; x_wconf 74' lang='lat' dir='ltr'><strong>nisi</strong></span> <span class='ocrx_word' id='word_1_414' title='bbox 1586 3964 1914 4018; x_wconf 55' lang='lat' dir='ltr'><strong>‘t‘orte&#39;salutis</strong></span> 
     </span>
    </p>
   </div>
   <div class='ocr_carea' id='block_1_55' title="bbox 587 4027 1971 4097">
    <p class='ocr_par' dir='ltr' id='par_1_55' title="bbox 587 4027 1971 4097">
     <span class='ocr_line' id='line_1_56' title="bbox 587 4027 1971 4097; baseline 0.004 -22"><span class='ocrx_word' id='word_1_415' title='bbox 587 4088 596 4097; x_wconf 28' lang='grc' dir='ltr'><strong>θ</strong></span> <span class='ocrx_word' id='word_1_416' title='bbox 673 4027 919 4097; x_wconf 36' lang='lat' dir='ltr'><strong>accipiam</strong></span> <span class='ocrx_word' id='word_1_417' title='bbox 944 4027 1164 4097; x_wconf 76' lang='lat' dir='ltr'><strong>calicem,</strong></span> <span class='ocrx_word' id='word_1_418' title='bbox 1190 4041 1288 4097; x_wconf 83' lang='lat' dir='ltr'><strong>quo</strong></span> <span class='ocrx_word' id='word_1_419' title='bbox 1308 4036 1358 4077; x_wconf 87' lang='lat' dir='ltr'><strong>te</strong></span> <span class='ocrx_word' id='word_1_420' title='bbox 1382 4041 1492 4097; x_wconf 71' lang='lat' dir='ltr'><strong>mea</strong></span> <span class='ocrx_word' id='word_1_421' title='bbox 1514 4029 1690 4097; x_wconf 60' lang='lat' dir='ltr'><strong>destra</strong></span> <span class='ocrx_word' id='word_1_422' title='bbox 1713 4042 1819 4097; x_wconf 63' lang='lat' dir='ltr'><strong>pro;</strong></span> <span class='ocrx_word' id='word_1_423' title='bbox 1835 4031 1971 4093; x_wconf 87' lang='lat' dir='ltr'><strong>inet;</strong></span> 
     </span>
    </p>
   </div>
   <div class='ocr_carea' id='block_1_56' title="bbox 677 4089 1789 4151">
    <p class='ocr_par' dir='ltr' id='par_1_56' title="bbox 677 4089 1789 4151">
     <span class='ocr_line' id='line_1_57' title="bbox 677 4089 1789 4151; baseline -0.001 -12"><span class='ocrx_word' id='word_1_424' title='bbox 677 4089 743 4139; x_wconf 81' lang='lat' dir='ltr'><strong>lit</strong></span> <span class='ocrx_word' id='word_1_425' title='bbox 761 4089 899 4138; x_wconf 82' lang='lat' dir='ltr'><strong>sacro</strong></span> <span class='ocrx_word' id='word_1_426' title='bbox 923 4093 1094 4139; x_wconf 86' lang='lat' dir='ltr'><strong>mortis</strong></span> <span class='ocrx_word' id='word_1_427' title='bbox 1118 4103 1149 4150; x_wconf 95' lang='lat' dir='ltr'><strong>p</strong></span> <span class='ocrx_word' id='word_1_428' title='bbox 1166 4092 1347 4139; x_wconf 50' lang='lat' dir='ltr'><strong>&quot;etiosm</strong></span> <span class='ocrx_word' id='word_1_429' title='bbox 1376 4090 1569 4151; x_wconf 84' lang='lat' dir='ltr'><strong>proluar</strong></span> <span class='ocrx_word' id='word_1_430' title='bbox 1595 4089 1789 4141; x_wconf 76' lang='lat' dir='ltr'><strong>haustu.</strong></span> 
     </span>
    </p>
   </div>
   <div class='ocr_carea' id='block_1_57' title="bbox 733 4152 2163 4217">
    <p class='ocr_par' dir='ltr' id='par_1_57' title="bbox 733 4152 2163 4217">
     <span class='ocr_line' id='line_1_58' title="bbox 733 4152 2163 4217; baseline 0.001 -16"><span class='ocrx_word' id='word_1_431' title='bbox 733 4153 832 4207; x_wconf 87' lang='lat' dir='ltr'><strong>Sed</strong></span> <span class='ocrx_word' id='word_1_432' title='bbox 857 4152 972 4213; x_wconf 89' lang='lat' dir='ltr'><strong>quid</strong></span> <span class='ocrx_word' id='word_1_433' title='bbox 994 4153 1172 4215; x_wconf 76' lang='lat' dir='ltr'><strong>agam?</strong></span> <span class='ocrx_word' id='word_1_434' title='bbox 1195 4164 1362 4215; x_wconf 85' lang='lat' dir='ltr'><strong>neque</strong></span> <span class='ocrx_word' id='word_1_435' title='bbox 1401 4154 1443 4202; x_wconf 86' lang='lat' dir='ltr'><strong>sl</strong></span> <span class='ocrx_word' id='word_1_436' title='bbox 1477 4156 1727 4215; x_wconf 80' lang='lat' dir='ltr'><strong>prOprium</strong></span> <span class='ocrx_word' id='word_1_437' title='bbox 1764 4153 1877 4202; x_wconf 83' lang='lat' dir='ltr'><strong>dem</strong></span> <span class='ocrx_word' id='word_1_438' title='bbox 1916 4166 2093 4217; x_wconf 83' lang='lat' dir='ltr'><strong>corpus</strong></span> <span class='ocrx_word' id='word_1_439' title='bbox 2114 4153 2163 4202; x_wconf 92' lang='lat' dir='ltr'><strong>in</strong></span> 
     </span>
    </p>
   </div>
   <div class='ocr_carea' id='block_1_58' title="bbox 1942 4229 2083 4266">
    <p class='ocr_par' dir='ltr' id='par_1_58' title="bbox 1942 4229 2083 4266">
     <span class='ocr_line' id='line_1_59' title="bbox 1942 4229 2083 4266; baseline 0.035 -5"><span class='ocrx_word' id='word_1_440' title='bbox 1942 4229 2083 4266; x_wconf 72' lang='lat' dir='ltr'><strong>mnes</strong></span> 
     </span>
    </p>
   </div>
   <div class='ocr_carea' id='block_1_59' title="bbox 590 4217 2102 4336">
    <p class='ocr_par' dir='ltr' id='par_1_59' title="bbox 590 4217 2102 4336">
     <span class='ocr_line' id='line_1_60' title="bbox 590 4217 2102 4278; baseline 0.001 -1"><span class='ocrx_word' id='word_1_441' title='bbox 590 4271 597 4277; x_wconf 89' lang='lat'><strong>.</strong></span> <span class='ocrx_word' id='word_1_442' title='bbox 1920 4217 2102 4278; x_wconf 68' lang='lat' dir='ltr'><strong>lienes.</strong></span> 
     </span>
     <span class='ocr_line' id='line_1_61' title="bbox 674 4273 1886 4336; baseline 0.002 -12"><span class='ocrx_word' id='word_1_443' title='bbox 674 4273 1020 4336; x_wconf 75' lang='lat' dir='ltr'><strong>Vilescamque</strong></span> <span class='ocrx_word' id='word_1_444' title='bbox 1047 4273 1187 4336; x_wconf 86' lang='lat' dir='ltr'><strong>mihi,</strong></span> <span class='ocrx_word' id='word_1_445' title='bbox 1212 4287 1304 4323; x_wconf 89' lang='lat' dir='ltr'><strong>nec</strong></span> <span class='ocrx_word' id='word_1_446' title='bbox 1326 4277 1565 4334; x_wconf 80' lang='lat' dir='ltr'><strong>sanguine</strong></span> <span class='ocrx_word' id='word_1_447' title='bbox 1587 4275 1754 4325; x_wconf 85' lang='lat' dir='ltr'><strong>debita</strong></span> <span class='ocrx_word' id='word_1_448' title='bbox 1780 4275 1886 4326; x_wconf 79' lang='lat' dir='ltr'><strong>fuso</strong></span> 
     </span>
    </p>
   </div>
   <div class='ocr_carea' id='block_1_60' title="bbox 592 4334 1958 4398">
    <p class='ocr_par' dir='ltr' id='par_1_60' title="bbox 592 4334 1958 4398">
     <span class='ocr_line' id='line_1_62' title="bbox 592 4334 1958 4398; baseline 0.001 -15"><span class='ocrx_word' id='word_1_449' title='bbox 592 4352 595 4353; x_wconf 48' lang='grc' dir='ltr'><em>ν</em></span> <span class='ocrx_word' id='word_1_450' title='bbox 675 4334 813 4398; x_wconf 52' lang='lat' dir='ltr'><strong>{usta</strong></span> <span class='ocrx_word' id='word_1_451' title='bbox 835 4338 925 4384; x_wconf 84' lang='lat' dir='ltr'><strong>tibi</strong></span> <span class='ocrx_word' id='word_1_452' title='bbox 942 4334 1149 4398; x_wconf 69' lang='lat' dir='ltr'><strong>solvam,</strong></span> <span class='ocrx_word' id='word_1_453' title='bbox 1173 4334 1285 4398; x_wconf 82' lang='lat' dir='ltr'><strong>quia</strong></span> <span class='ocrx_word' id='word_1_454' title='bbox 1306 4349 1387 4383; x_wconf 88' lang='lat' dir='ltr'><strong>me</strong></span> <span class='ocrx_word' id='word_1_455' title='bbox 1410 4336 1607 4383; x_wconf 86' lang='lat' dir='ltr'><strong>reddam</strong></span> <span class='ocrx_word' id='word_1_456' title='bbox 1633 4338 1719 4386; x_wconf 89' lang='lat' dir='ltr'><strong>tibi</strong></span> <span class='ocrx_word' id='word_1_457' title='bbox 1743 4349 1830 4398; x_wconf 87' lang='lat' dir='ltr'><strong>pro</strong></span> <span class='ocrx_word' id='word_1_458' title='bbox 1852 4350 1958 4398; x_wconf 87' lang='lat' dir='ltr'><strong>me;</strong></span> 
     </span>
    </p>
   </div>
   <div class='ocr_carea' id='block_1_61' title="bbox 596 4396 2037 4459">
    <p class='ocr_par' dir='ltr' id='par_1_61' title="bbox 596 4396 2037 4459">
     <span class='ocr_line' id='line_1_63' title="bbox 596 4396 2037 4459; baseline -0.001 -13"><span class='ocrx_word' id='word_1_459' title='bbox 596 4430 599 4437; x_wconf 66' lang='grc' dir='ltr'>ι</span> <span class='ocrx_word' id='word_1_460' title='bbox 677 4396 740 4459; x_wconf 77' lang='lat' dir='ltr'><strong>Et</strong></span> <span class='ocrx_word' id='word_1_461' title='bbox 760 4397 1162 4459; x_wconf 69' lang='lat' dir='ltr'><strong>quidquitlsimili</strong></span> <span class='ocrx_word' id='word_1_462' title='bbox 1189 4396 1295 4443; x_wconf 90' lang='lat' dir='ltr'><strong>vice</strong></span> <span class='ocrx_word' id='word_1_463' title='bbox 1319 4397 1505 4453; x_wconf 80' lang='lat' dir='ltr'><strong>fecero,</strong></span> <span class='ocrx_word' id='word_1_464' title='bbox 1531 4409 1730 4458; x_wconf 85' lang='lat' dir='ltr'><strong>semper</strong></span> <span class='ocrx_word' id='word_1_465' title='bbox 1746 4396 1842 4445; x_wconf 47' lang='lat' dir='ltr'><strong>&#39;ero</strong></span> <span class='ocrx_word' id='word_1_466' title='bbox 1863 4396 2037 4459; x_wconf 78' lang='lat' dir='ltr'><strong>impar,</strong></span> 
     </span>
    </p>
   </div>
   <div class='ocr_carea' id='block_1_62' title="bbox 566 4458 2103 4519">
    <p class='ocr_par' dir='ltr' id='par_1_62' title="bbox 566 4458 2103 4519">
     <span class='ocr_line' id='line_1_64' title="bbox 566 4458 2103 4519; baseline 0.001 -15"><span class='ocrx_word' id='word_1_467' title='bbox 566 4482 575 4494; x_wconf 75' lang='grc' dir='ltr'><em>ι</em></span> <span class='ocrx_word' id='word_1_468' title='bbox 679 4458 892 4519; x_wconf 70' lang='grc' dir='ltr'><strong>ςιπίεῐθ,</strong></span> <span class='ocrx_word' id='word_1_469' title='bbox 922 4458 1009 4519; x_wconf 71' lang='lat' dir='ltr'><strong>tibi</strong></span> <span class='ocrx_word' id='word_1_470' title='bbox 1033 4471 1043 4504; x_wconf 90' lang='lat'><strong>:</strong></span> <span class='ocrx_word' id='word_1_471' title='bbox 1070 4458 1183 4517; x_wconf 79' lang='lat' dir='ltr'><strong>quia</strong></span> <span class='ocrx_word' id='word_1_472' title='bbox 1209 4462 1259 4502; x_wconf 89' lang='lat' dir='ltr'><strong>tu</strong></span> <span class='ocrx_word' id='word_1_473' title='bbox 1283 4470 1371 4517; x_wconf 88' lang='lat' dir='ltr'><strong>pro</strong></span> <span class='ocrx_word' id='word_1_474' title='bbox 1393 4470 1473 4504; x_wconf 92' lang='lat' dir='ltr'><strong>me</strong></span> <span class='ocrx_word' id='word_1_475' title='bbox 1494 4469 1623 4518; x_wconf 76' lang='lat' dir='ltr'><strong>mea,</strong></span> <span class='ocrx_word' id='word_1_476' title='bbox 1649 4471 1741 4505; x_wconf 79' lang='lat' dir='ltr'><strong>non</strong></span> <span class='ocrx_word' id='word_1_477' title='bbox 1758 4465 1868 4518; x_wconf 75' lang='lat' dir='ltr'><strong>tua,</strong></span> <span class='ocrx_word' id='word_1_478' title='bbox 1894 4458 2103 4519; x_wconf 77' lang='lat' dir='ltr'><strong>Christe,</strong></span> 
     </span>
    </p>
   </div>
   <div class='ocr_carea' id='block_1_63' title="bbox 594 4515 1777 4581">
    <p class='ocr_par' dir='ltr' id='par_1_63' title="bbox 594 4515 1777 4581">
     <span class='ocr_line' id='line_1_65' title="bbox 594 4515 1777 4581; baseline -0.003 -14"><span class='ocrx_word' id='word_1_479' title='bbox 594 4550 597 4555; x_wconf 62' lang='grc' dir='ltr'>ι</span> <span class='ocrx_word' id='word_1_480' title='bbox 680 4517 857 4567; x_wconf 64' lang='lat' dir='ltr'><strong>Debita</strong></span> <span class='ocrx_word' id='word_1_481' title='bbox 880 4515 1199 4580; x_wconf 35' lang='lat' dir='ltr'><strong>nobisin—pro</strong></span> <span class='ocrx_word' id='word_1_482' title='bbox 1218 4515 1374 4566; x_wconf 79' lang='lat' dir='ltr'><strong>servis</strong></span> <span class='ocrx_word' id='word_1_483' title='bbox 1395 4528 1564 4581; x_wconf 77' lang='lat' dir='ltr'><strong>passus</strong></span> <span class='ocrx_word' id='word_1_484' title='bbox 1586 4515 1777 4581; x_wconf 79' lang='lat' dir='ltr'><strong>iniquis.</strong></span> 
     </span>
    </p>
   </div>
   <div class='ocr_carea' id='block_1_64' title="bbox 596 4665 2174 4738">
    <p class='ocr_par' dir='ltr' id='par_1_64' title="bbox 596 4665 2174 4738">
     <span class='ocr_line' id='line_1_66' title="bbox 596 4665 2174 4738; baseline -0.003 -11"><span class='ocrx_word' id='word_1_485' title='bbox 596 4722 602 4727; x_wconf 82' lang='lat'><strong>.</strong></span> <span class='ocrx_word' id='word_1_486' title='bbox 660 4667 852 4724; x_wconf 83' lang='lat' dir='ltr'><strong>Narrat</strong></span> <span class='ocrx_word' id='word_1_487' title='bbox 875 4666 1152 4738; x_wconf 90' lang='lat' dir='ltr'><strong>quomodo</strong></span> <span class='ocrx_word' id='word_1_488' title='bbox 1176 4666 1234 4722; x_wconf 93' lang='lat' dir='ltr'><strong>S.</strong></span> <span class='ocrx_word' id='word_1_489' title='bbox 1262 4667 1506 4724; x_wconf 87' lang='lat' dir='ltr'><strong>Nicetam</strong></span> <span class='ocrx_word' id='word_1_490' title='bbox 1526 4682 1708 4724; x_wconf 89' lang='lat' dir='ltr'><strong>secum</strong></span> <span class='ocrx_word' id='word_1_491' title='bbox 1732 4676 1768 4702; x_wconf 75' lang='grc' dir='ltr'><strong>πη</strong></span> <span class='ocrx_word' id='word_1_492' title='bbox 1789 4666 2014 4722; x_wconf 90' lang='lat' dir='ltr'><strong>duceret</strong></span> <span class='ocrx_word' id='word_1_493' title='bbox 2032 4665 2174 4722; x_wconf 89' lang='lat' dir='ltr'><strong>visu-</strong></span> 
     </span>
    </p>
   </div>
   <div class='ocr_carea' id='block_1_65' title="bbox 591 4756 2169 4832">
    <p class='ocr_par' dir='ltr' id='par_1_65' title="bbox 591 4756 2169 4832">
     <span class='ocr_line' id='line_1_67' title="bbox 591 4756 2169 4832; baseline -0.003 -13"><span class='ocrx_word' id='word_1_494' title='bbox 591 4776 708 4819; x_wconf 79' lang='lat' dir='ltr'><strong>rum</strong></span> <span class='ocrx_word' id='word_1_495' title='bbox 755 4759 999 4816; x_wconf 87' lang='lat' dir='ltr'><strong>confecta</strong></span> <span class='ocrx_word' id='word_1_496' title='bbox 1045 4759 1282 4817; x_wconf 92' lang='lat' dir='ltr'><strong>nondum</strong></span> <span class='ocrx_word' id='word_1_497' title='bbox 1325 4760 1547 4815; x_wconf 62' lang='lat' dir='ltr'><strong>aedilicia</strong></span> <span class='ocrx_word' id='word_1_498' title='bbox 1591 4775 1711 4829; x_wconf 68' lang='lat' dir='ltr'><strong>qua:</strong></span> <span class='ocrx_word' id='word_1_499' title='bbox 1754 4756 1810 4814; x_wconf 89' lang='lat' dir='ltr'><strong>in</strong></span> <span class='ocrx_word' id='word_1_500' title='bbox 1847 4757 2074 4832; x_wconf 85' lang='lat' dir='ltr'><strong>ecclesia</strong></span> <span class='ocrx_word' id='word_1_501' title='bbox 2109 4757 2169 4814; x_wconf 92' lang='lat' dir='ltr'><strong>S.</strong></span> 
     </span>
    </p>
   </div>
   <div class='ocr_carea' id='block_1_66' title="bbox 592 4848 2172 4921">
    <p class='ocr_par' dir='ltr' id='par_1_66' title="bbox 592 4848 2172 4921">
     <span class='ocr_line' id='line_1_68' title="bbox 592 4848 2172 4921; baseline -0.004 -12"><span class='ocrx_word' id='word_1_502' title='bbox 592 4852 785 4909; x_wconf 85' lang='lat' dir='ltr'><strong>Felicis</strong></span> <span class='ocrx_word' id='word_1_503' title='bbox 813 4851 1142 4916; x_wconf 79' lang='lat' dir='ltr'><strong>exstruebat,</strong></span> <span class='ocrx_word' id='word_1_504' title='bbox 1172 4866 1344 4921; x_wconf 90' lang='lat' dir='ltr'><strong>eaque</strong></span> <span class='ocrx_word' id='word_1_505' title='bbox 1380 4848 1573 4905; x_wconf 88' lang='lat' dir='ltr'><strong>deinde</strong></span> <span class='ocrx_word' id='word_1_506' title='bbox 1611 4858 1637 4886; x_wconf 74' lang='grc' dir='ltr'><strong>η</strong></span> <span class='ocrx_word' id='word_1_507' title='bbox 1669 4848 1897 4918; x_wconf 78' lang='lat' dir='ltr'><strong>longiori</strong></span> <span class='ocrx_word' id='word_1_508' title='bbox 1925 4849 2172 4917; x_wconf 86' lang='lat' dir='ltr'><strong>oratione</strong></span> 
     </span>
    </p>
   </div>
   <div class='ocr_carea' id='block_1_67' title="bbox 593 4938 2170 5011">
    <p class='ocr_par' dir='ltr' id='par_1_67' title="bbox 593 4938 2170 5011">
     <span class='ocr_line' id='line_1_69' title="bbox 593 4938 2170 5011; baseline -0.005 -10"><span class='ocrx_word' id='word_1_509' title='bbox 593 4943 866 5010; x_wconf 86' lang='lat' dir='ltr'><strong>describit,</strong></span> <span class='ocrx_word' id='word_1_510' title='bbox 913 4943 1179 5011; x_wconf 90' lang='lat' dir='ltr'><strong>simulque</strong></span> <span class='ocrx_word' id='word_1_511' title='bbox 1206 4958 1330 4998; x_wconf 91' lang='lat' dir='ltr'><strong>cum</strong></span> <span class='ocrx_word' id='word_1_512' title='bbox 1353 4956 1422 4997; x_wconf 89' lang='lat' dir='ltr'><strong>eo</strong></span> <span class='ocrx_word' id='word_1_513' title='bbox 1445 4949 1469 4974; x_wconf 72' lang='grc' dir='ltr'><strong><em>η</em></strong></span> <span class='ocrx_word' id='word_1_514' title='bbox 1501 4940 1568 4996; x_wconf 90' lang='lat' dir='ltr'><strong>de</strong></span> <span class='ocrx_word' id='word_1_515' title='bbox 1592 4940 1651 4996; x_wconf 91' lang='lat' dir='ltr'><strong>S.</strong></span> <span class='ocrx_word' id='word_1_516' title='bbox 1682 4940 1893 4994; x_wconf 82' lang='lat' dir='ltr'><strong>Martini</strong></span> <span class='ocrx_word' id='word_1_517' title='bbox 1919 4938 2028 4994; x_wconf 89' lang='lat' dir='ltr'><strong>vita</strong></span> <span class='ocrx_word' id='word_1_518' title='bbox 2057 4938 2170 4994; x_wconf 92' lang='lat' dir='ltr'><strong>dis-</strong></span> 
     </span>
    </p>
   </div>
   <div class='ocr_carea' id='block_1_68' title="bbox 592 5030 2169 5105">
    <p class='ocr_par' dir='ltr' id='par_1_68' title="bbox 592 5030 2169 5105">
     <span class='ocr_line' id='line_1_70' title="bbox 592 5030 2169 5105; baseline -0.006 -12"><span class='ocrx_word' id='word_1_519' title='bbox 592 5036 781 5103; x_wconf 76' lang='lat' dir='ltr'><strong>seruit,</strong></span> <span class='ocrx_word' id='word_1_520' title='bbox 816 5035 970 5105; x_wconf 85' lang='lat' dir='ltr'><strong>cujus</strong></span> <span class='ocrx_word' id='word_1_521' title='bbox 997 5034 1275 5090; x_wconf 71' lang='lat' dir='ltr'><strong>historiam</strong></span> <span class='ocrx_word' id='word_1_522' title='bbox 1303 5049 1333 5088; x_wconf 89' lang='lat' dir='ltr'><strong>a</strong></span> <span class='ocrx_word' id='word_1_523' title='bbox 1364 5044 1390 5083; x_wconf 87' lang='lat' dir='ltr'><strong>P</strong></span> <span class='ocrx_word' id='word_1_524' title='bbox 1420 5031 1657 5103; x_wconf 90' lang='lat' dir='ltr'><strong>Sulpicio</strong></span> <span class='ocrx_word' id='word_1_525' title='bbox 1686 5030 1888 5086; x_wconf 89' lang='lat' dir='ltr'><strong>Severo</strong></span> <span class='ocrx_word' id='word_1_526' title='bbox 1918 5030 2169 5085; x_wconf 89' lang='lat' dir='ltr'><strong>traditam</strong></span> 
     </span>
    </p>
   </div>
   <div class='ocr_carea' id='block_1_69' title="bbox 593 5119 2173 5200">
    <p class='ocr_par' dir='ltr' id='par_1_69' title="bbox 593 5119 2173 5200">
     <span class='ocr_line' id='line_1_71' title="bbox 593 5119 2173 5200; baseline -0.006 -17"><span class='ocrx_word' id='word_1_527' title='bbox 593 5128 821 5200; x_wconf 77' lang='lat' dir='ltr'><strong>perlegit</strong></span> <span class='ocrx_word' id='word_1_528' title='bbox 870 5125 1196 5197; x_wconf 88' lang='lat' dir='ltr'><strong>evolvitque,</strong></span> <span class='ocrx_word' id='word_1_529' title='bbox 1246 5139 1408 5195; x_wconf 89' lang='lat' dir='ltr'><strong>quam</strong></span> <span class='ocrx_word' id='word_1_530' title='bbox 1438 5123 1513 5178; x_wconf 88' lang='lat' dir='ltr'><strong>illi</strong></span> <span class='ocrx_word' id='word_1_531' title='bbox 1539 5120 1895 5193; x_wconf 88' lang='lat' dir='ltr'><strong>proculdubio</strong></span> <span class='ocrx_word' id='word_1_532' title='bbox 1924 5120 1977 5174; x_wconf 91' lang='lat' dir='ltr'><strong>in</strong></span> <span class='ocrx_word' id='word_1_533' title='bbox 2006 5119 2173 5190; x_wconf 86' lang='lat' dir='ltr'><strong>priori</strong></span> 
     </span>
    </p>
   </div>
   <div class='ocr_carea' id='block_1_70' title="bbox 594 5209 2175 5288">
    <p class='ocr_par' dir='ltr' id='par_1_70' title="bbox 594 5209 2175 5288">
     <span class='ocr_line' id='line_1_72' title="bbox 594 5209 2175 5288; baseline -0.006 -14"><span class='ocrx_word' id='word_1_534' title='bbox 594 5220 784 5283; x_wconf 84' lang='lat' dir='ltr'><strong>itinere</strong></span> <span class='ocrx_word' id='word_1_535' title='bbox 824 5217 936 5288; x_wconf 87' lang='lat' dir='ltr'><strong>jam</strong></span> <span class='ocrx_word' id='word_1_536' title='bbox 989 5226 1102 5272; x_wconf 87' lang='lat' dir='ltr'><strong>tum</strong></span> <span class='ocrx_word' id='word_1_537' title='bbox 1149 5216 1342 5286; x_wconf 89' lang='lat' dir='ltr'><strong>partim</strong></span> <span class='ocrx_word' id='word_1_538' title='bbox 1390 5220 1733 5283; x_wconf 81' lang='lat' dir='ltr'><strong>exposuerat,</strong></span> <span class='ocrx_word' id='word_1_539' title='bbox 1779 5211 2001 5281; x_wconf 82' lang='lat' dir='ltr'><strong>ejusque</strong></span> <span class='ocrx_word' id='word_1_540' title='bbox 2037 5209 2175 5266; x_wconf 83' lang='lat' dir='ltr'><strong>forte</strong></span> 
     </span>
    </p>
   </div>
   <div class='ocr_carea' id='block_1_71' title="bbox 594 5304 2175 5383">
    <p class='ocr_par' dir='ltr' id='par_1_71' title="bbox 594 5304 2175 5383">
     <span class='ocr_line' id='line_1_73' title="bbox 594 5304 2175 5383; baseline -0.006 -14"><span class='ocrx_word' id='word_1_541' title='bbox 594 5328 757 5383; x_wconf 89' lang='lat' dir='ltr'><strong>opera</strong></span> <span class='ocrx_word' id='word_1_542' title='bbox 781 5327 879 5383; x_wconf 86' lang='lat' dir='ltr'><strong>per</strong></span> <span class='ocrx_word' id='word_1_543' title='bbox 898 5318 1069 5366; x_wconf 89' lang='lat' dir='ltr'><strong>totam</strong></span> <span class='ocrx_word' id='word_1_544' title='bbox 1090 5310 1320 5381; x_wconf 86' lang='lat' dir='ltr'><strong>lllyriam</strong></span> <span class='ocrx_word' id='word_1_545' title='bbox 1340 5308 1660 5365; x_wconf 88' lang='lat' dir='ltr'><strong>sanctissimi</strong></span> <span class='ocrx_word' id='word_1_546' title='bbox 1689 5305 1847 5376; x_wconf 90' lang='lat' dir='ltr'><strong>hujus</strong></span> <span class='ocrx_word' id='word_1_547' title='bbox 1874 5304 1974 5359; x_wconf 90' lang='lat' dir='ltr'><strong>viri</strong></span> <span class='ocrx_word' id='word_1_548' title='bbox 2004 5304 2175 5359; x_wconf 89' lang='lat' dir='ltr'><strong>histo-</strong></span> 
     </span>
    </p>
   </div>
   <div class='ocr_carea' id='block_1_72' title="bbox 2247 1881 3829 1959">
    <p class='ocr_par' dir='ltr' id='par_1_72' title="bbox 2247 1881 3829 1959">
     <span class='ocr_line' id='line_1_74' title="bbox 2247 1881 3829 1959; baseline -0.004 -11"><span class='ocrx_word' id='word_1_549' title='bbox 2247 1893 2414 1948; x_wconf 91' lang='lat' dir='ltr'><strong>salem</strong></span> <span class='ocrx_word' id='word_1_550' title='bbox 2442 1892 2621 1946; x_wconf 88' lang='lat' dir='ltr'><strong>attulit</strong></span> <span class='ocrx_word' id='word_1_551' title='bbox 2661 1888 2909 1959; x_wconf 90' lang='lat' dir='ltr'><strong>Paulino,</strong></span> <span class='ocrx_word' id='word_1_552' title='bbox 2956 1905 3020 1946; x_wconf 89' lang='lat' dir='ltr'><strong>ac</strong></span> <span class='ocrx_word' id='word_1_553' title='bbox 3061 1888 3206 1945; x_wconf 87' lang='lat' dir='ltr'><strong>dono</strong></span> <span class='ocrx_word' id='word_1_554' title='bbox 3245 1888 3393 1943; x_wconf 88' lang='lat' dir='ltr'><strong>dedit</strong></span> <span class='ocrx_word' id='word_1_555' title='bbox 3419 1896 3445 1924; x_wconf 72' lang='grc' dir='ltr'><strong>ο</strong></span> <span class='ocrx_word' id='word_1_556' title='bbox 3478 1881 3723 1943; x_wconf 82' lang='lat' dir='ltr'><strong>tunicam</strong></span> <span class='ocrx_word' id='word_1_557' title='bbox 3770 1885 3829 1941; x_wconf 81' lang='lat' dir='ltr'><strong>de</strong></span> 
     </span>
    </p>
   </div>
   <div class='ocr_carea' id='block_1_73' title="bbox 2247 1978 3830 2053">
    <p class='ocr_par' dir='ltr' id='par_1_73' title="bbox 2247 1978 3830 2053">
     <span class='ocr_line' id='line_1_75' title="bbox 2247 1978 3830 2053; baseline -0.003 -17"><span class='ocrx_word' id='word_1_558' title='bbox 2247 1999 2507 2053; x_wconf 81' lang='lat' dir='ltr'><strong>agnorum</strong></span> <span class='ocrx_word' id='word_1_559' title='bbox 2536 1982 2756 2047; x_wconf 89' lang='lat' dir='ltr'><strong>vellere,</strong></span> <span class='ocrx_word' id='word_1_560' title='bbox 2788 1997 2970 2052; x_wconf 86' lang='lat' dir='ltr'><strong>quam,</strong></span> <span class='ocrx_word' id='word_1_561' title='bbox 3000 1980 3090 2036; x_wconf 93' lang='lat' dir='ltr'><strong>ubi</strong></span> <span class='ocrx_word' id='word_1_562' title='bbox 3121 1996 3219 2051; x_wconf 93' lang='lat' dir='ltr'><strong>pro</strong></span> <span class='ocrx_word' id='word_1_563' title='bbox 3256 1979 3559 2035; x_wconf 85' lang='lat' dir='ltr'><strong>reverentia</strong></span> <span class='ocrx_word' id='word_1_564' title='bbox 3589 1978 3830 2048; x_wconf 86' lang='lat' dir='ltr'><strong>aliquan-</strong></span> 
     </span>
    </p>
   </div>
   <div class='ocr_carea' id='block_1_74' title="bbox 2248 2068 3831 2144">
    <p class='ocr_par' dir='ltr' id='par_1_74' title="bbox 2248 2068 3831 2144">
     <span class='ocr_line' id='line_1_76' title="bbox 2248 2068 3831 2144; baseline -0.006 -14"><span class='ocrx_word' id='word_1_565' title='bbox 2248 2075 2336 2130; x_wconf 91' lang='lat' dir='ltr'><strong>diu</strong></span> <span class='ocrx_word' id='word_1_566' title='bbox 2380 2081 2644 2144; x_wconf 89' lang='lat' dir='ltr'><strong>gestasset</strong></span> <span class='ocrx_word' id='word_1_567' title='bbox 2672 2072 2943 2138; x_wconf 89' lang='lat' dir='ltr'><strong>Paulinus,</strong></span> <span class='ocrx_word' id='word_1_568' title='bbox 2974 2070 3044 2127; x_wconf 91' lang='lat' dir='ltr'><strong>ad</strong></span> <span class='ocrx_word' id='word_1_569' title='bbox 3069 2070 3327 2127; x_wconf 81' lang='lat' dir='ltr'><strong>Severum</strong></span> <span class='ocrx_word' id='word_1_570' title='bbox 3356 2070 3519 2136; x_wconf 85' lang='lat' dir='ltr'><strong>misit,</strong></span> <span class='ocrx_word' id='word_1_571' title='bbox 3552 2069 3661 2133; x_wconf 91' lang='lat' dir='ltr'><strong>cui,</strong></span> <span class='ocrx_word' id='word_1_572' title='bbox 3696 2068 3831 2122; x_wconf 86' lang='lat' dir='ltr'><strong>illico</strong></span> 
     </span>
    </p>
   </div>
   <div class='ocr_carea' id='block_1_75' title="bbox 2250 2159 3834 2238">
    <p class='ocr_par' dir='ltr' id='par_1_75' title="bbox 2250 2159 3834 2238">
     <span class='ocr_line' id='line_1_77' title="bbox 2250 2159 3834 2238; baseline -0.008 -16"><span class='ocrx_word' id='word_1_573' title='bbox 2250 2175 2309 2222; x_wconf 94' lang='lat' dir='ltr'><strong>ut</strong></span> <span class='ocrx_word' id='word_1_574' title='bbox 2337 2166 2565 2238; x_wconf 89' lang='lat' dir='ltr'><strong>accepit,</strong></span> <span class='ocrx_word' id='word_1_575' title='bbox 2596 2165 2987 2220; x_wconf 85' lang='lat' dir='ltr'><strong>destinaverat.</strong></span> <span class='ocrx_word' id='word_1_576' title='bbox 3038 2161 3119 2217; x_wconf 79' lang='lat' dir='ltr'><strong>Ad</strong></span> <span class='ocrx_word' id='word_1_577' title='bbox 3166 2178 3263 2218; x_wconf 88' lang='lat' dir='ltr'><strong>eos</strong></span> <span class='ocrx_word' id='word_1_578' title='bbox 3307 2161 3457 2216; x_wconf 86' lang='lat' dir='ltr'><strong>enim</strong></span> <span class='ocrx_word' id='word_1_579' title='bbox 3498 2159 3834 2231; x_wconf 88' lang='lat' dir='ltr'><strong>potissimum</strong></span> 
     </span>
    </p>
   </div>
   <div class='ocr_carea' id='block_1_76' title="bbox 2248 2249 3834 2327">
    <p class='ocr_par' dir='ltr' id='par_1_76' title="bbox 2248 2249 3834 2327">
     <span class='ocr_line' id='line_1_78' title="bbox 2248 2249 3834 2327; baseline -0.006 -13"><span class='ocrx_word' id='word_1_580' title='bbox 2248 2258 2365 2314; x_wconf 89' lang='lat' dir='ltr'><strong>dies</strong></span> <span class='ocrx_word' id='word_1_581' title='bbox 2393 2257 2608 2313; x_wconf 88' lang='lat' dir='ltr'><strong>advenit</strong></span> <span class='ocrx_word' id='word_1_582' title='bbox 2635 2256 2869 2312; x_wconf 83' lang='lat' dir='ltr'><strong>Melania</strong></span> <span class='ocrx_word' id='word_1_583' title='bbox 2893 2265 2922 2295; x_wconf 72' lang='grc' dir='ltr'><strong><em>τ</em></strong></span> <span class='ocrx_word' id='word_1_584' title='bbox 2951 2255 3145 2327; x_wconf 87' lang='lat' dir='ltr'><strong>quibus</strong></span> <span class='ocrx_word' id='word_1_585' title='bbox 3184 2270 3215 2309; x_wconf 91' lang='lat' dir='ltr'><strong>a</strong></span> <span class='ocrx_word' id='word_1_586' title='bbox 3252 2253 3457 2310; x_wconf 89' lang='lat' dir='ltr'><strong>Severo</strong></span> <span class='ocrx_word' id='word_1_587' title='bbox 3488 2252 3720 2307; x_wconf 88' lang='lat' dir='ltr'><strong>missum</strong></span> <span class='ocrx_word' id='word_1_588' title='bbox 3749 2249 3834 2305; x_wconf 55' lang='lat' dir='ltr'><strong>Vi-</strong></span> 
     </span>
    </p>
   </div>
   <div class='ocr_carea' id='block_1_77' title="bbox 2250 2344 3837 2421">
    <p class='ocr_par' dir='ltr' id='par_1_77' title="bbox 2250 2344 3837 2421">
     <span class='ocr_line' id='line_1_79' title="bbox 2250 2344 3837 2421; baseline -0.006 -14"><span class='ocrx_word' id='word_1_589' title='bbox 2250 2361 2454 2407; x_wconf 90' lang='lat' dir='ltr'><strong>ctorem</strong></span> <span class='ocrx_word' id='word_1_590' title='bbox 2484 2351 2719 2421; x_wconf 78' lang='lat' dir='ltr'><strong>excepit,</strong></span> <span class='ocrx_word' id='word_1_591' title='bbox 2748 2351 2853 2407; x_wconf 87' lang='lat' dir='ltr'><strong>hoc</strong></span> <span class='ocrx_word' id='word_1_592' title='bbox 2879 2358 2964 2406; x_wconf 91' lang='lat' dir='ltr'><strong>est</strong></span> <span class='ocrx_word' id='word_1_593' title='bbox 3003 2359 3029 2387; x_wconf 74' lang='grc' dir='ltr'><strong>ι</strong></span> <span class='ocrx_word' id='word_1_594' title='bbox 3067 2357 3302 2406; x_wconf 78' lang='lat' dir='ltr'><strong>exeunte</strong></span> <span class='ocrx_word' id='word_1_595' title='bbox 3341 2348 3538 2402; x_wconf 88' lang='lat' dir='ltr'><strong>hieme.</strong></span> <span class='ocrx_word' id='word_1_596' title='bbox 3587 2344 3837 2400; x_wconf 73' lang='lat' dir='ltr'><strong>Monebat</strong></span> 
     </span>
    </p>
   </div>
   <div class='ocr_carea' id='block_1_78' title="bbox 2250 2432 3837 2512">
    <p class='ocr_par' dir='ltr' id='par_1_78' title="bbox 2250 2432 3837 2512">
     <span class='ocr_line' id='line_1_80' title="bbox 2250 2432 3837 2512; baseline -0.006 -16"><span class='ocrx_word' id='word_1_597' title='bbox 2250 2458 2375 2496; x_wconf 92' lang='lat' dir='ltr'><strong>cum</strong></span> <span class='ocrx_word' id='word_1_598' title='bbox 2422 2458 2519 2512; x_wconf 92' lang='lat' dir='ltr'><strong>per</strong></span> <span class='ocrx_word' id='word_1_599' title='bbox 2556 2442 2763 2496; x_wconf 87' lang='lat' dir='ltr'><strong>litteras</strong></span> <span class='ocrx_word' id='word_1_600' title='bbox 2803 2432 3032 2497; x_wconf 84' lang='lat' dir='ltr'><strong>Severus</strong></span> <span class='ocrx_word' id='word_1_601' title='bbox 3059 2455 3127 2496; x_wconf 88' lang='lat' dir='ltr'><strong>ne</strong></span> <span class='ocrx_word' id='word_1_602' title='bbox 3156 2449 3187 2490; x_wconf 69' lang='grc'><strong>1</strong></span> <span class='ocrx_word' id='word_1_603' title='bbox 3215 2455 3274 2494; x_wconf 90' lang='lat' dir='ltr'><strong>se</strong></span> <span class='ocrx_word' id='word_1_604' title='bbox 3300 2436 3579 2506; x_wconf 86' lang='lat' dir='ltr'><strong>fatigatum</strong></span> <span class='ocrx_word' id='word_1_605' title='bbox 3624 2440 3837 2506; x_wconf 87' lang='lat' dir='ltr'><strong>putaret</strong></span> 
     </span>
    </p>
   </div>
   <div class='ocr_carea' id='block_1_79' title="bbox 2251 2526 3836 2603">
    <p class='ocr_par' dir='ltr' id='par_1_79' title="bbox 2251 2526 3836 2603">
     <span class='ocr_line' id='line_1_81' title="bbox 2251 2526 3836 2603; baseline -0.004 -17"><span class='ocrx_word' id='word_1_606' title='bbox 2251 2533 2427 2587; x_wconf 87' lang='lat' dir='ltr'><strong>allatis</strong></span> <span class='ocrx_word' id='word_1_607' title='bbox 2444 2548 2539 2603; x_wconf 91' lang='lat' dir='ltr'><strong>per</strong></span> <span class='ocrx_word' id='word_1_608' title='bbox 2554 2531 2826 2589; x_wconf 82' lang='lat' dir='ltr'><strong>Victorem</strong></span> <span class='ocrx_word' id='word_1_609' title='bbox 2848 2540 2931 2588; x_wconf 92' lang='lat' dir='ltr'><strong>tot</strong></span> <span class='ocrx_word' id='word_1_610' title='bbox 2951 2547 3174 2587; x_wconf 86' lang='lat' dir='ltr'><strong>numero</strong></span> <span class='ocrx_word' id='word_1_611' title='bbox 3194 2539 3251 2586; x_wconf 91' lang='lat' dir='ltr'><strong>et</strong></span> <span class='ocrx_word' id='word_1_612' title='bbox 3271 2531 3427 2601; x_wconf 90' lang='lat' dir='ltr'><strong>copia</strong></span> <span class='ocrx_word' id='word_1_613' title='bbox 3444 2526 3836 2590; x_wconf 87' lang='lat' dir='ltr'><strong>voluminibus;</strong></span> 
     </span>
    </p>
   </div>
   <div class='ocr_carea' id='block_1_80' title="bbox 2251 2621 3839 2693">
    <p class='ocr_par' dir='ltr' id='par_1_80' title="bbox 2251 2621 3839 2693">
     <span class='ocr_line' id='line_1_82' title="bbox 2251 2621 3839 2693; baseline -0.005 -16"><span class='ocrx_word' id='word_1_614' title='bbox 2251 2638 2371 2692; x_wconf 75' lang='lat' dir='ltr'><strong>quae</strong></span> <span class='ocrx_word' id='word_1_615' title='bbox 2415 2623 2482 2679; x_wconf 85' lang='lat' dir='ltr'><strong>ad</strong></span> <span class='ocrx_word' id='word_1_616' title='bbox 2512 2632 2620 2679; x_wconf 88' lang='lat' dir='ltr'><strong>tres</strong></span> <span class='ocrx_word' id='word_1_617' title='bbox 2647 2621 3001 2693; x_wconf 63' lang='lat' dir='ltr'><strong>praecedentis</strong></span> <span class='ocrx_word' id='word_1_618' title='bbox 3028 2622 3237 2678; x_wconf 88' lang='lat' dir='ltr'><strong>itineris</strong></span> <span class='ocrx_word' id='word_1_619' title='bbox 3260 2622 3467 2676; x_wconf 89' lang='lat' dir='ltr'><strong>litteras</strong></span> <span class='ocrx_word' id='word_1_620' title='bbox 3494 2632 3703 2688; x_wconf 86' lang='lat' dir='ltr'><strong>easque</strong></span> <span class='ocrx_word' id='word_1_621' title='bbox 3730 2631 3839 2669; x_wconf 88' lang='lat' dir='ltr'><strong>am-</strong></span> 
     </span>
    </p>
   </div>
   <div class='ocr_carea' id='block_1_81' title="bbox 2252 2708 3836 2785">
    <p class='ocr_par' dir='ltr' id='par_1_81' title="bbox 2252 2708 3836 2785">
     <span class='ocr_line' id='line_1_83' title="bbox 2252 2708 3836 2785; baseline -0.004 -17"><span class='ocrx_word' id='word_1_622' title='bbox 2252 2713 2522 2785; x_wconf 89' lang='lat' dir='ltr'><strong>plissimas</strong></span> <span class='ocrx_word' id='word_1_623' title='bbox 2565 2713 2896 2780; x_wconf 85' lang='lat' dir='ltr'><strong>referuntur,</strong></span> <span class='ocrx_word' id='word_1_624' title='bbox 2919 2713 3047 2783; x_wconf 91' lang='lat' dir='ltr'><strong>quin</strong></span> <span class='ocrx_word' id='word_1_625' title='bbox 3095 2712 3260 2767; x_wconf 90' lang='lat' dir='ltr'><strong>immo</strong></span> <span class='ocrx_word' id='word_1_626' title='bbox 3288 2711 3393 2765; x_wconf 89' lang='lat' dir='ltr'><strong>illis</strong></span> <span class='ocrx_word' id='word_1_627' title='bbox 3437 2709 3579 2764; x_wconf 90' lang='lat' dir='ltr'><strong>miro</strong></span> <span class='ocrx_word' id='word_1_628' title='bbox 3607 2708 3836 2778; x_wconf 88' lang='lat' dir='ltr'><strong>quodam</strong></span> 
     </span>
    </p>
   </div>
   <div class='ocr_carea' id='block_1_82' title="bbox 2253 2800 3837 2883">
    <p class='ocr_par' dir='ltr' id='par_1_82' title="bbox 2253 2800 3837 2883">
     <span class='ocr_line' id='line_1_84' title="bbox 2253 2800 3837 2883; baseline -0.007 -20"><span class='ocrx_word' id='word_1_629' title='bbox 2253 2808 2415 2864; x_wconf 90' lang='lat' dir='ltr'><strong>modo</strong></span> <span class='ocrx_word' id='word_1_630' title='bbox 2442 2823 2662 2878; x_wconf 87' lang='lat' dir='ltr'><strong>prorsus</strong></span> <span class='ocrx_word' id='word_1_631' title='bbox 2678 2805 2917 2881; x_wconf 54' lang='lat' dir='ltr'><strong>{electus</strong></span> <span class='ocrx_word' id='word_1_632' title='bbox 2946 2805 3255 2877; x_wconf 83' lang='lat' dir='ltr'><strong>postulabat</strong></span> <span class='ocrx_word' id='word_1_633' title='bbox 3276 2812 3334 2858; x_wconf 94' lang='lat' dir='ltr'><strong>ut</strong></span> <span class='ocrx_word' id='word_1_634' title='bbox 3361 2801 3628 2883; x_wconf 83' lang='lat' dir='ltr'><strong>pluribus,</strong></span> <span class='ocrx_word' id='word_1_635' title='bbox 3660 2800 3706 2854; x_wconf 91' lang='lat' dir='ltr'><strong>si</strong></span> <span class='ocrx_word' id='word_1_636' title='bbox 3728 2813 3837 2870; x_wconf 63' lang='lat' dir='ltr'><strong>posn</strong></span> 
     </span>
    </p>
   </div>
   <div class='ocr_carea' id='block_1_83' title="bbox 2253 2892 3836 2970">
    <p class='ocr_par' dir='ltr' id='par_1_83' title="bbox 2253 2892 3836 2970">
     <span class='ocr_line' id='line_1_85' title="bbox 2253 2892 3836 2970; baseline -0.007 -14"><span class='ocrx_word' id='word_1_637' title='bbox 2253 2909 2355 2966; x_wconf 89' lang='lat' dir='ltr'><strong>set,</strong></span> <span class='ocrx_word' id='word_1_638' title='bbox 2385 2900 2598 2970; x_wconf 89' lang='lat' dir='ltr'><strong>scriptis</strong></span> <span class='ocrx_word' id='word_1_639' title='bbox 2626 2908 2772 2956; x_wconf 88' lang='lat' dir='ltr'><strong>esset</strong></span> <span class='ocrx_word' id='word_1_640' title='bbox 2809 2899 3126 2954; x_wconf 86' lang='lat' dir='ltr'><strong>molestior:</strong></span> <span class='ocrx_word' id='word_1_641' title='bbox 3159 2906 3181 2934; x_wconf 78' lang='grc'>³</span> <span class='ocrx_word' id='word_1_642' title='bbox 3212 2894 3422 2966; x_wconf 89' lang='lat' dir='ltr'><strong>magnis</strong></span> <span class='ocrx_word' id='word_1_643' title='bbox 3461 2907 3691 2965; x_wconf 85' lang='lat' dir='ltr'><strong>quoque</strong></span> <span class='ocrx_word' id='word_1_644' title='bbox 3728 2892 3836 2946; x_wconf 87' lang='lat' dir='ltr'><strong>lau-</strong></span> 
     </span>
    </p>
   </div>
   <div class='ocr_carea' id='block_1_84' title="bbox 2254 2988 3139 3060">
    <p class='ocr_par' dir='ltr' id='par_1_84' title="bbox 2254 2988 3139 3060">
     <span class='ocr_line' id='line_1_86' title="bbox 2254 2988 3139 3060; baseline -0.003 -16"><span class='ocrx_word' id='word_1_645' title='bbox 2254 2990 2409 3045; x_wconf 89' lang='lat' dir='ltr'><strong>dibus</strong></span> <span class='ocrx_word' id='word_1_646' title='bbox 2436 2990 2613 3060; x_wconf 89' lang='lat' dir='ltr'><strong>priora</strong></span> <span class='ocrx_word' id='word_1_647' title='bbox 2636 2990 2835 3060; x_wconf 89' lang='lat' dir='ltr'><strong>scripta</strong></span> <span class='ocrx_word' id='word_1_648' title='bbox 2864 2988 3139 3049; x_wconf 69' lang='lat' dir='ltr'><strong>eﬂerebat.</strong></span> 
     </span>
    </p>
   </div>
   <div class='ocr_carea' id='block_1_85' title="bbox 2326 3075 3839 3150">
    <p class='ocr_par' dir='ltr' id='par_1_85' title="bbox 2326 3075 3839 3150">
     <span class='ocr_line' id='line_1_87' title="bbox 2326 3075 3839 3150; baseline -0.004 -17"><span class='ocrx_word' id='word_1_649' title='bbox 2326 3080 2380 3133; x_wconf 81' lang='grc'><strong>5.</strong></span> <span class='ocrx_word' id='word_1_650' title='bbox 2409 3079 2687 3135; x_wconf 88' lang='lat' dir='ltr'><strong>Paulinum</strong></span> <span class='ocrx_word' id='word_1_651' title='bbox 2729 3088 2991 3150; x_wconf 75' lang='lat' dir='ltr'><strong>pneterea</strong></span> <span class='ocrx_word' id='word_1_652' title='bbox 3018 3078 3240 3146; x_wconf 86' lang='lat' dir='ltr'><strong>rogabat</strong></span> <span class='ocrx_word' id='word_1_653' title='bbox 3282 3085 3337 3114; x_wconf 78' lang='grc'><strong>³·</strong></span> <span class='ocrx_word' id='word_1_654' title='bbox 3378 3075 3615 3130; x_wconf 89' lang='lat' dir='ltr'><strong>Severus</strong></span> <span class='ocrx_word' id='word_1_655' title='bbox 3642 3083 3704 3128; x_wconf 90' lang='lat' dir='ltr'><strong>ut</strong></span> <span class='ocrx_word' id='word_1_656' title='bbox 3729 3087 3839 3142; x_wconf 65' lang='lat' dir='ltr'><strong>qua:</strong></span> 
     </span>
    </p>
   </div>
   <div class='ocr_carea' id='block_1_86' title="bbox 2184 3156 3840 3247">
    <p class='ocr_par' dir='ltr' id='par_1_86' title="bbox 2184 3156 3840 3247">
     <span class='ocr_line' id='line_1_88' title="bbox 2184 3156 3840 3247; baseline -0.004 -22"><span class='ocrx_word' id='word_1_657' title='bbox 2184 3156 2228 3219; x_wconf 84' lang='lat' dir='ltr'><strong>C</strong></span> <span class='ocrx_word' id='word_1_658' title='bbox 2256 3169 2327 3247; x_wconf 82' lang='lat' dir='ltr'><strong>de</strong></span> <span class='ocrx_word' id='word_1_659' title='bbox 2354 3171 2635 3226; x_wconf 87' lang='lat' dir='ltr'><strong>annalibus</strong></span> <span class='ocrx_word' id='word_1_660' title='bbox 2664 3187 2773 3226; x_wconf 89' lang='lat' dir='ltr'><strong>non</strong></span> <span class='ocrx_word' id='word_1_661' title='bbox 2821 3170 2978 3226; x_wconf 88' lang='lat' dir='ltr'><strong>unius</strong></span> <span class='ocrx_word' id='word_1_662' title='bbox 3004 3170 3198 3238; x_wconf 89' lang='lat' dir='ltr'><strong>gentis,</strong></span> <span class='ocrx_word' id='word_1_663' title='bbox 3236 3169 3329 3224; x_wconf 90' lang='lat' dir='ltr'><strong>sed</strong></span> <span class='ocrx_word' id='word_1_664' title='bbox 3355 3167 3571 3237; x_wconf 85' lang='lat' dir='ltr'><strong>generis</strong></span> <span class='ocrx_word' id='word_1_665' title='bbox 3602 3164 3840 3229; x_wconf 88' lang='lat' dir='ltr'><strong>humani,</strong></span> 
     </span>
    </p>
   </div>
   <div class='ocr_carea' id='block_1_87' title="bbox 2262 3258 3842 3335">
    <p class='ocr_par' dir='ltr' id='par_1_87' title="bbox 2262 3258 3842 3335">
     <span class='ocr_line' id='line_1_89' title="bbox 2262 3258 3842 3335; baseline -0.004 -17"><span class='ocrx_word' id='word_1_666' title='bbox 2262 3265 2436 3334; x_wconf 89' lang='lat' dir='ltr'><strong>ipsum</strong></span> <span class='ocrx_word' id='word_1_667' title='bbox 2480 3264 2727 3332; x_wconf 85' lang='lat' dir='ltr'><strong>fugerent</strong></span> <span class='ocrx_word' id='word_1_668' title='bbox 2768 3262 3026 3319; x_wconf 87' lang='lat' dir='ltr'><strong>Paulinus</strong></span> <span class='ocrx_word' id='word_1_669' title='bbox 3070 3261 3295 3335; x_wconf 89' lang='lat' dir='ltr'><strong>peritior</strong></span> <span class='ocrx_word' id='word_1_670' title='bbox 3322 3260 3599 3325; x_wconf 85' lang='lat' dir='ltr'><strong>edoceret,</strong></span> <span class='ocrx_word' id='word_1_671' title='bbox 3628 3260 3756 3328; x_wconf 83' lang='lat' dir='ltr'><strong>quia</strong></span> <span class='ocrx_word' id='word_1_672' title='bbox 3784 3258 3842 3312; x_wconf 88' lang='lat' dir='ltr'><strong>iis</strong></span> 
     </span>
    </p>
   </div>
   <div class='ocr_carea' id='block_1_88' title="bbox 2260 3348 3844 3426">
    <p class='ocr_par' dir='ltr' id='par_1_88' title="bbox 2260 3348 3844 3426">
     <span class='ocr_line' id='line_1_90' title="bbox 2260 3348 3844 3426; baseline -0.005 -15"><span class='ocrx_word' id='word_1_673' title='bbox 2260 3356 2591 3426; x_wconf 87' lang='lat' dir='ltr'><strong>inquirendis</strong></span> <span class='ocrx_word' id='word_1_674' title='bbox 2620 3371 2841 3426; x_wconf 90' lang='lat' dir='ltr'><strong>operam</strong></span> <span class='ocrx_word' id='word_1_675' title='bbox 2887 3354 3070 3417; x_wconf 85' lang='lat' dir='ltr'><strong>dabat,</strong></span> <span class='ocrx_word' id='word_1_676' title='bbox 3125 3368 3189 3409; x_wconf 92' lang='lat' dir='ltr'><strong>ac</strong></span> <span class='ocrx_word' id='word_1_677' title='bbox 3236 3351 3533 3423; x_wconf 71' lang='lat' dir='ltr'><strong>prtcsertim</strong></span> <span class='ocrx_word' id='word_1_678' title='bbox 3579 3350 3637 3403; x_wconf 92' lang='lat' dir='ltr'><strong>in</strong></span> <span class='ocrx_word' id='word_1_679' title='bbox 3666 3348 3844 3404; x_wconf 82' lang='lat' dir='ltr'><strong>conci-</strong></span> 
     </span>
    </p>
   </div>
   <div class='ocr_carea' id='block_1_89' title="bbox 2261 3440 3842 3516">
    <p class='ocr_par' dir='ltr' id='par_1_89' title="bbox 2261 3440 3842 3516">
     <span class='ocr_line' id='line_1_91' title="bbox 2261 3440 3842 3516; baseline -0.006 -15"><span class='ocrx_word' id='word_1_680' title='bbox 2261 3448 2437 3503; x_wconf 82' lang='lat' dir='ltr'><strong>lianda</strong></span> <span class='ocrx_word' id='word_1_681' title='bbox 2461 3461 2642 3516; x_wconf 86' lang='lat' dir='ltr'><strong>regum</strong></span> <span class='ocrx_word' id='word_1_682' title='bbox 2691 3445 2828 3503; x_wconf 80' lang='lat' dir='ltr'><strong>Juda</strong></span> <span class='ocrx_word' id='word_1_683' title='bbox 2859 3453 2913 3500; x_wconf 91' lang='lat' dir='ltr'><strong>et</strong></span> <span class='ocrx_word' id='word_1_684' title='bbox 2941 3444 3107 3499; x_wconf 84' lang='lat' dir='ltr'><strong>Israel</strong></span> <span class='ocrx_word' id='word_1_685' title='bbox 3138 3440 3487 3511; x_wconf 88' lang='lat' dir='ltr'><strong>cbronologia</strong></span> <span class='ocrx_word' id='word_1_686' title='bbox 3517 3454 3628 3495; x_wconf 91' lang='lat' dir='ltr'><strong>non</strong></span> <span class='ocrx_word' id='word_1_687' title='bbox 3661 3453 3842 3509; x_wconf 88' lang='lat' dir='ltr'><strong>parum</strong></span> 
     </span>
    </p>
   </div>
   <div class='ocr_carea' id='block_1_90' title="bbox 2261 3530 3846 3607">
    <p class='ocr_par' dir='ltr' id='par_1_90' title="bbox 2261 3530 3846 3607">
     <span class='ocr_line' id='line_1_92' title="bbox 2261 3530 3846 3607; baseline -0.005 -15"><span class='ocrx_word' id='word_1_688' title='bbox 2261 3538 2508 3594; x_wconf 84' lang='lat' dir='ltr'><strong>laborare</strong></span> <span class='ocrx_word' id='word_1_689' title='bbox 2535 3554 2594 3593; x_wconf 92' lang='lat' dir='ltr'><strong>se</strong></span> <span class='ocrx_word' id='word_1_690' title='bbox 2633 3535 2989 3607; x_wconf 76' lang='lat' dir='ltr'><strong>significabat,</strong></span> <span class='ocrx_word' id='word_1_691' title='bbox 3038 3550 3143 3605; x_wconf 89' lang='lat' dir='ltr'><strong>qua</strong></span> <span class='ocrx_word' id='word_1_692' title='bbox 3194 3533 3530 3589; x_wconf 89' lang='lat' dir='ltr'><strong>institutione</strong></span> <span class='ocrx_word' id='word_1_693' title='bbox 3576 3530 3846 3600; x_wconf 81' lang='lat' dir='ltr'><strong>indigebat</strong></span> 
     </span>
    </p>
   </div>
   <div class='ocr_carea' id='block_1_91' title="bbox 2262 3624 3847 3700">
    <p class='ocr_par' dir='ltr' id='par_1_91' title="bbox 2262 3624 3847 3700">
     <span class='ocr_line' id='line_1_93' title="bbox 2262 3624 3847 3700; baseline -0.006 -14"><span class='ocrx_word' id='word_1_694' title='bbox 2262 3631 2331 3686; x_wconf 90' lang='lat' dir='ltr'><strong>ad</strong></span> <span class='ocrx_word' id='word_1_695' title='bbox 2370 3630 2725 3687; x_wconf 83' lang='lat' dir='ltr'><strong>universalem</strong></span> <span class='ocrx_word' id='word_1_696' title='bbox 2754 3646 2915 3700; x_wconf 89' lang='lat' dir='ltr'><strong>quam</strong></span> <span class='ocrx_word' id='word_1_697' title='bbox 2945 3628 3015 3684; x_wconf 89' lang='lat' dir='ltr'><strong>ad</strong></span> <span class='ocrx_word' id='word_1_698' title='bbox 3043 3643 3242 3682; x_wconf 90' lang='lat' dir='ltr'><strong>annum</strong></span> <span class='ocrx_word' id='word_1_699' title='bbox 3267 3625 3371 3679; x_wconf 65' lang='lat'><strong>400</strong></span> <span class='ocrx_word' id='word_1_700' title='bbox 3399 3624 3658 3695; x_wconf 77' lang='lat' dir='ltr'><strong>produxit</strong></span> <span class='ocrx_word' id='word_1_701' title='bbox 3683 3624 3847 3679; x_wconf 85' lang='lat' dir='ltr'><strong>histo-</strong></span> 
     </span>
    </p>
   </div>
   <div class='ocr_carea' id='block_1_92' title="bbox 2262 3714 3848 3789">
    <p class='ocr_par' dir='ltr' id='par_1_92' title="bbox 2262 3714 3848 3789">
     <span class='ocr_line' id='line_1_94' title="bbox 2262 3714 3848 3789; baseline -0.006 -13"><span class='ocrx_word' id='word_1_702' title='bbox 2262 3720 2396 3776; x_wconf 89' lang='lat' dir='ltr'><strong>riam</strong></span> <span class='ocrx_word' id='word_1_703' title='bbox 2430 3720 2892 3783; x_wconf 84' lang='lat' dir='ltr'><strong>conscribendam,</strong></span> <span class='ocrx_word' id='word_1_704' title='bbox 2915 3732 3184 3789; x_wconf 89' lang='lat' dir='ltr'><strong>quamque</strong></span> <span class='ocrx_word' id='word_1_705' title='bbox 3204 3723 3328 3787; x_wconf 78' lang='lat' dir='ltr'><strong>poSt</strong></span> <span class='ocrx_word' id='word_1_706' title='bbox 3351 3715 3493 3770; x_wconf 90' lang='lat' dir='ltr'><strong>hunc</strong></span> <span class='ocrx_word' id='word_1_707' title='bbox 3521 3729 3728 3768; x_wconf 88' lang='lat' dir='ltr'><strong>annum</strong></span> <span class='ocrx_word' id='word_1_708' title='bbox 3754 3714 3848 3767; x_wconf 74' lang='lat' dir='ltr'><strong>ab-</strong></span> 
     </span>
    </p>
   </div>
   <div class='ocr_carea' id='block_1_93' title="bbox 2262 3805 3848 3882">
    <p class='ocr_par' dir='ltr' id='par_1_93' title="bbox 2262 3805 3848 3882">
     <span class='ocr_line' id='line_1_95' title="bbox 2262 3805 3848 3882; baseline -0.007 -13"><span class='ocrx_word' id='word_1_709' title='bbox 2262 3813 2488 3869; x_wconf 88' lang='lat' dir='ltr'><strong>solvisse</strong></span> <span class='ocrx_word' id='word_1_710' title='bbox 2516 3813 2709 3882; x_wconf 89' lang='lat' dir='ltr'><strong>potuit.</strong></span> <span class='ocrx_word' id='word_1_711' title='bbox 2736 3810 2979 3865; x_wconf 82' lang='lat' dir='ltr'><strong>Mittebat</strong></span> <span class='ocrx_word' id='word_1_712' title='bbox 3005 3808 3075 3864; x_wconf 90' lang='lat' dir='ltr'><strong>ad</strong></span> <span class='ocrx_word' id='word_1_713' title='bbox 3097 3823 3219 3863; x_wconf 90' lang='lat' dir='ltr'><strong>eum</strong></span> <span class='ocrx_word' id='word_1_714' title='bbox 3242 3805 3301 3845; x_wconf 67' lang='grc' dir='ltr'><strong>ιιι)</strong></span> <span class='ocrx_word' id='word_1_715' title='bbox 3330 3807 3489 3876; x_wconf 91' lang='lat' dir='ltr'><strong>pallia</strong></span> <span class='ocrx_word' id='word_1_716' title='bbox 3517 3805 3848 3860; x_wconf 85' lang='lat' dir='ltr'><strong>camelon</strong></span> 
     </span>
    </p>
   </div>
   <div class='ocr_carea' id='block_1_94' title="bbox 2263 3897 3849 3976">
    <p class='ocr_par' dir='ltr' id='par_1_94' title="bbox 2263 3897 3849 3976">
     <span class='ocr_line' id='line_1_96' title="bbox 2263 3897 3849 3976; baseline -0.006 -15"><span class='ocrx_word' id='word_1_717' title='bbox 2263 3905 2388 3976; x_wconf 89' lang='lat' dir='ltr'><strong>pilis</strong></span> <span class='ocrx_word' id='word_1_718' title='bbox 2414 3912 2582 3960; x_wconf 80' lang='lat' dir='ltr'><strong>texta.</strong></span> <span class='ocrx_word' id='word_1_719' title='bbox 2622 3902 2974 3974; x_wconf 86' lang='lat' dir='ltr'><strong>lnscripserat</strong></span> <span class='ocrx_word' id='word_1_720' title='bbox 3002 3902 3139 3957; x_wconf 89' lang='lat' dir='ltr'><strong>banc</strong></span> <span class='ocrx_word' id='word_1_721' title='bbox 3168 3914 3312 3956; x_wconf 85' lang='lat' dir='ltr'><strong>anno</strong></span> <span class='ocrx_word' id='word_1_722' title='bbox 3340 3897 3623 3968; x_wconf 80' lang='lat' dir='ltr'><strong>superiore</strong></span> <span class='ocrx_word' id='word_1_723' title='bbox 3645 3897 3849 3967; x_wconf 85' lang='lat' dir='ltr'><strong>episto-</strong></span> 
     </span>
    </p>
   </div>
   <div class='ocr_carea' id='block_1_95' title="bbox 2264 3988 3849 4069">
    <p class='ocr_par' dir='ltr' id='par_1_95' title="bbox 2264 3988 3849 4069">
     <span class='ocr_line' id='line_1_97' title="bbox 2264 3988 3849 4069; baseline -0.008 -16"><span class='ocrx_word' id='word_1_724' title='bbox 2264 3999 2370 4053; x_wconf 88' lang='lat' dir='ltr'><strong>lam</strong></span> <span class='ocrx_word' id='word_1_725' title='bbox 2392 3996 2645 4059; x_wconf 88' lang='lat' dir='ltr'><strong>Severus,</strong></span> <span class='ocrx_word' id='word_1_726' title='bbox 2674 4004 2731 4051; x_wconf 92' lang='lat' dir='ltr'><strong>et</strong></span> <span class='ocrx_word' id='word_1_727' title='bbox 2753 3995 3021 4051; x_wconf 87' lang='lat' dir='ltr'><strong>Victorem</strong></span> <span class='ocrx_word' id='word_1_728' title='bbox 3049 3996 3177 4049; x_wconf 86' lang='lat' dir='ltr'><strong>cum</strong></span> <span class='ocrx_word' id='word_1_729' title='bbox 3212 3990 3437 4047; x_wconf 87' lang='lat' dir='ltr'><strong>Paulino</strong></span> <span class='ocrx_word' id='word_1_730' title='bbox 3465 3998 3715 4045; x_wconf 86' lang='lat' dir='ltr'><strong>acturum</strong></span> <span class='ocrx_word' id='word_1_731' title='bbox 3737 3988 3849 4069; x_wconf 81' lang='lat' dir='ltr'><strong>hie-</strong></span> 
     </span>
    </p>
   </div>
   <div class='ocr_carea' id='block_1_96' title="bbox 2264 4078 3848 4159">
    <p class='ocr_par' dir='ltr' id='par_1_96' title="bbox 2264 4078 3848 4159">
     <span class='ocr_line' id='line_1_98' title="bbox 2264 4078 3848 4159; baseline -0.007 -15"><span class='ocrx_word' id='word_1_732' title='bbox 2264 4104 2410 4147; x_wconf 89' lang='lat' dir='ltr'><strong>mem</strong></span> <span class='ocrx_word' id='word_1_733' title='bbox 2429 4088 2702 4159; x_wconf 90' lang='lat' dir='ltr'><strong>sperabat,</strong></span> <span class='ocrx_word' id='word_1_734' title='bbox 2718 4094 2774 4141; x_wconf 91' lang='lat' dir='ltr'><strong>et</strong></span> <span class='ocrx_word' id='word_1_735' title='bbox 2796 4094 2987 4156; x_wconf 89' lang='lat' dir='ltr'><strong>postea</strong></span> <span class='ocrx_word' id='word_1_736' title='bbox 3014 4084 3194 4140; x_wconf 84' lang='lat' dir='ltr'><strong>statim</strong></span> <span class='ocrx_word' id='word_1_737' title='bbox 3214 4095 3579 4137; x_wconf 85' lang='lat' dir='ltr'><strong>reversurum.</strong></span> <span class='ocrx_word' id='word_1_738' title='bbox 3599 4078 3681 4133; x_wconf 76' lang='lat' dir='ltr'><strong>Tu</strong></span> <span class='ocrx_word' id='word_1_739' title='bbox 3693 4080 3848 4147; x_wconf 72' lang='lat' dir='ltr'><strong>enim,</strong></span> 
     </span>
    </p>
   </div>
   <div class='ocr_carea' id='block_1_97' title="bbox 2266 4171 3852 4255">
    <p class='ocr_par' dir='ltr' id='par_1_97' title="bbox 2266 4171 3852 4255">
     <span class='ocr_line' id='line_1_99' title="bbox 2266 4171 3852 4255; baseline -0.01 -15"><span class='ocrx_word' id='word_1_740' title='bbox 2266 4184 2440 4255; x_wconf 88' lang='lat' dir='ltr'><strong>inquit</strong></span> <span class='ocrx_word' id='word_1_741' title='bbox 2472 4193 2525 4221; x_wconf 74' lang='grc' dir='ltr'><strong>σε</strong></span> <span class='ocrx_word' id='word_1_742' title='bbox 2559 4179 2832 4244; x_wconf 87' lang='lat' dir='ltr'><strong>Paulinus,</strong></span> <span class='ocrx_word' id='word_1_743' title='bbox 2862 4194 2977 4233; x_wconf 80' lang='lat' dir='ltr'><strong>rere</strong></span> <span class='ocrx_word' id='word_1_744' title='bbox 3002 4177 3188 4249; x_wconf 74' lang='lat' dir='ltr'><strong>spiritu</strong></span> <span class='ocrx_word' id='word_1_745' title='bbox 3226 4172 3326 4229; x_wconf 82' lang='lat' dir='ltr'><strong>Dei</strong></span> <span class='ocrx_word' id='word_1_746' title='bbox 3366 4175 3565 4246; x_wconf 73' lang='lat' dir='ltr'><strong>fervens</strong></span> <span class='ocrx_word' id='word_1_747' title='bbox 3592 4171 3852 4226; x_wconf 69' lang='lat' dir='ltr'><strong>salubrius</strong></span> 
     </span>
    </p>
   </div>
   <div class='ocr_carea' id='block_1_98' title="bbox 2267 4264 3851 4345">
    <p class='ocr_par' dir='ltr' id='par_1_98' title="bbox 2267 4264 3851 4345">
     <span class='ocr_line' id='line_1_100' title="bbox 2267 4264 3851 4345; baseline -0.009 -14"><span class='ocrx_word' id='word_1_748' title='bbox 2267 4292 2383 4331; x_wconf 80' lang='lat' dir='ltr'><strong>eum</strong></span> <span class='ocrx_word' id='word_1_749' title='bbox 2410 4276 2465 4328; x_wconf 81' lang='lat' dir='ltr'><strong>in</strong></span> <span class='ocrx_word' id='word_1_750' title='bbox 2486 4283 2713 4344; x_wconf 81' lang='lat' dir='ltr'><strong>tempore</strong></span> <span class='ocrx_word' id='word_1_751' title='bbox 2730 4272 2943 4345; x_wconf 76' lang='lat' dir='ltr'><strong>{rigoris</strong></span> <span class='ocrx_word' id='word_1_752' title='bbox 2969 4271 3133 4343; x_wconf 82' lang='lat' dir='ltr'><strong>ignita</strong></span> <span class='ocrx_word' id='word_1_753' title='bbox 3155 4268 3283 4340; x_wconf 78' lang='lat' dir='ltr'><strong>fidei</strong></span> <span class='ocrx_word' id='word_1_754' title='bbox 3311 4276 3411 4321; x_wconf 70' lang='lat' dir='ltr'><strong>tata:</strong></span> <span class='ocrx_word' id='word_1_755' title='bbox 3437 4264 3632 4337; x_wconf 72' lang='lat' dir='ltr'><strong>fovebis</strong></span> <span class='ocrx_word' id='word_1_756' title='bbox 3653 4264 3851 4328; x_wconf 79' lang='lat' dir='ltr'><strong>calore;</strong></span> 
     </span>
    </p>
   </div>
   <div class='ocr_carea' id='block_1_99' title="bbox 2269 4357 3852 4438">
    <p class='ocr_par' dir='ltr' id='par_1_99' title="bbox 2269 4357 3852 4438">
     <span class='ocr_line' id='line_1_101' title="bbox 2269 4357 3852 4438; baseline -0.008 -18"><span class='ocrx_word' id='word_1_757' title='bbox 2269 4378 2323 4420; x_wconf 87' lang='lat' dir='ltr'><strong>at</strong></span> <span class='ocrx_word' id='word_1_758' title='bbox 2351 4382 2446 4438; x_wconf 86' lang='lat' dir='ltr'><strong>ego</strong></span> <span class='ocrx_word' id='word_1_759' title='bbox 2477 4364 2695 4436; x_wconf 75' lang='lat' dir='ltr'><strong>frigidus</strong></span> <span class='ocrx_word' id='word_1_760' title='bbox 2722 4363 2793 4417; x_wconf 84' lang='lat' dir='ltr'><strong>ad</strong></span> <span class='ocrx_word' id='word_1_761' title='bbox 2820 4363 3049 4419; x_wconf 65' lang='lat' dir='ltr'><strong>(activam</strong></span> <span class='ocrx_word' id='word_1_762' title='bbox 3094 4360 3174 4416; x_wconf 88' lang='lat' dir='ltr'><strong>illi</strong></span> <span class='ocrx_word' id='word_1_763' title='bbox 3217 4359 3492 4413; x_wconf 72' lang='lat' dir='ltr'><strong>stationem</strong></span> <span class='ocrx_word' id='word_1_764' title='bbox 3535 4357 3713 4427; x_wconf 84' lang='lat' dir='ltr'><strong>aptior</strong></span> <span class='ocrx_word' id='word_1_765' title='bbox 3747 4371 3852 4410; x_wconf 78' lang='lat' dir='ltr'><strong>ero.</strong></span> 
     </span>
    </p>
   </div>
   <div class='ocr_carea' id='block_1_100' title="bbox 2275 4452 3860 4528">
    <p class='ocr_par' dir='ltr' id='par_1_100' title="bbox 2275 4452 3860 4528">
     <span class='ocr_line' id='line_1_102' title="bbox 2275 4452 3860 4528; baseline -0.005 -17"><span class='ocrx_word' id='word_1_766' title='bbox 2275 4457 2548 4512; x_wconf 83' lang='lat' dir='ltr'><strong>Victorem</strong></span> <span class='ocrx_word' id='word_1_767' title='bbox 2575 4457 2683 4528; x_wconf 78' lang='lat'><strong>73</strong></span> <span class='ocrx_word' id='word_1_768' title='bbox 2700 4471 2832 4511; x_wconf 91' lang='lat' dir='ltr'><strong>vero</strong></span> <span class='ocrx_word' id='word_1_769' title='bbox 2853 4452 2933 4521; x_wconf 66' lang='grc' dir='ltr'><strong>δά,</strong></span> <span class='ocrx_word' id='word_1_770' title='bbox 2957 4454 3192 4509; x_wconf 88' lang='lat' dir='ltr'><strong>abeunte</strong></span> <span class='ocrx_word' id='word_1_771' title='bbox 3211 4452 3409 4519; x_wconf 88' lang='lat' dir='ltr'><strong>hieme,</strong></span> <span class='ocrx_word' id='word_1_772' title='bbox 3427 4456 3743 4519; x_wconf 84' lang='lat' dir='ltr'><strong>susceptum</strong></span> <span class='ocrx_word' id='word_1_773' title='bbox 3765 4464 3860 4503; x_wconf 79' lang='lat' dir='ltr'><strong>ne-</strong></span> 
     </span>
    </p>
   </div>
   <div class='ocr_carea' id='block_1_101' title="bbox 2194 4529 3859 4605">
    <p class='ocr_par' dir='ltr' id='par_1_101' title="bbox 2194 4529 3859 4605">
     <span class='ocr_line' id='line_1_103' title="bbox 2194 4529 3859 4605; baseline -0.008 0"><span class='ocrx_word' id='word_1_774' title='bbox 2194 4529 2248 4591; x_wconf 77' lang='grc' dir='ltr'><strong>Ῑ)</strong></span> <span class='ocrx_word' id='word_1_775' title='bbox 2272 4563 2424 4605; x_wconf 87' lang='lat' dir='ltr'><strong>cesse</strong></span> <span class='ocrx_word' id='word_1_776' title='bbox 2451 4548 2703 4604; x_wconf 87' lang='lat' dir='ltr'><strong>habuisse</strong></span> <span class='ocrx_word' id='word_1_777' title='bbox 2743 4546 2873 4603; x_wconf 88' lang='lat' dir='ltr'><strong>dicit</strong></span> <span class='ocrx_word' id='word_1_778' title='bbox 2914 4545 3167 4601; x_wconf 80' lang='lat' dir='ltr'><strong>Paulinus</strong></span> <span class='ocrx_word' id='word_1_779' title='bbox 3205 4543 3386 4598; x_wconf 87' lang='lat' dir='ltr'><strong>vernis</strong></span> <span class='ocrx_word' id='word_1_780' title='bbox 3413 4540 3691 4595; x_wconf 89' lang='lat' dir='ltr'><strong>mensibus</strong></span> <span class='ocrx_word' id='word_1_781' title='bbox 3716 4538 3859 4594; x_wconf 89' lang='lat' dir='ltr'><strong>deti-</strong></span> 
     </span>
    </p>
   </div>
   <div class='ocr_carea' id='block_1_102' title="bbox 2276 4627 3860 4709">
    <p class='ocr_par' dir='ltr' id='par_1_102' title="bbox 2276 4627 3860 4709">
     <span class='ocr_line' id='line_1_104' title="bbox 2276 4627 3860 4709; baseline -0.009 -13"><span class='ocrx_word' id='word_1_782' title='bbox 2276 4656 2440 4706; x_wconf 89' lang='lat' dir='ltr'><strong>nere;</strong></span> <span class='ocrx_word' id='word_1_783' title='bbox 2470 4649 2527 4695; x_wconf 90' lang='lat' dir='ltr'><strong>et</strong></span> <span class='ocrx_word' id='word_1_784' title='bbox 2550 4640 2675 4709; x_wconf 89' lang='lat' dir='ltr'><strong>quia</strong></span> <span class='ocrx_word' id='word_1_785' title='bbox 2704 4638 2868 4694; x_wconf 89' lang='lat' dir='ltr'><strong>breve</strong></span> <span class='ocrx_word' id='word_1_786' title='bbox 2896 4637 3128 4707; x_wconf 87' lang='lat' dir='ltr'><strong>spatium</strong></span> <span class='ocrx_word' id='word_1_787' title='bbox 3148 4634 3451 4700; x_wconf 89' lang='lat' dir='ltr'><strong>videbatur,</strong></span> <span class='ocrx_word' id='word_1_788' title='bbox 3480 4645 3604 4686; x_wconf 87' lang='lat' dir='ltr'><strong>cum</strong></span> <span class='ocrx_word' id='word_1_789' title='bbox 3624 4637 3684 4684; x_wconf 89' lang='lat' dir='ltr'><strong>et</strong></span> <span class='ocrx_word' id='word_1_790' title='bbox 3708 4627 3860 4683; x_wconf 80' lang='lat' dir='ltr'><strong>inﬁr-</strong></span> 
     </span>
    </p>
   </div>
   <div class='ocr_carea' id='block_1_103' title="bbox 2273 4721 3861 4804">
    <p class='ocr_par' dir='ltr' id='par_1_103' title="bbox 2273 4721 3861 4804">
     <span class='ocr_line' id='line_1_105' title="bbox 2273 4721 3861 4804; baseline -0.008 -17"><span class='ocrx_word' id='word_1_791' title='bbox 2273 4733 2543 4788; x_wconf 87' lang='lat' dir='ltr'><strong>missimus</strong></span> <span class='ocrx_word' id='word_1_792' title='bbox 2582 4747 2680 4804; x_wconf 90' lang='lat' dir='ltr'><strong>per</strong></span> <span class='ocrx_word' id='word_1_793' title='bbox 2708 4730 2850 4787; x_wconf 90' lang='lat' dir='ltr'><strong>idem</strong></span> <span class='ocrx_word' id='word_1_794' title='bbox 2894 4738 3106 4800; x_wconf 89' lang='lat' dir='ltr'><strong>tempus</strong></span> <span class='ocrx_word' id='word_1_795' title='bbox 3152 4727 3341 4783; x_wconf 80' lang='lat' dir='ltr'><strong>fuisset</strong></span> <span class='ocrx_word' id='word_1_796' title='bbox 3374 4723 3650 4785; x_wconf 88' lang='lat' dir='ltr'><strong>Paulinus,</strong></span> <span class='ocrx_word' id='word_1_797' title='bbox 3692 4729 3751 4776; x_wconf 89' lang='lat' dir='ltr'><strong>ut</strong></span> <span class='ocrx_word' id='word_1_798' title='bbox 3792 4721 3861 4775; x_wconf 89' lang='lat' dir='ltr'><strong>ad</strong></span> 
     </span>
    </p>
   </div>
   <div class='ocr_carea' id='block_1_104' title="bbox 2273 4816 3863 4894">
    <p class='ocr_par' dir='ltr' id='par_1_104' title="bbox 2273 4816 3863 4894">
     <span class='ocr_line' id='line_1_106' title="bbox 2273 4816 3863 4894; baseline -0.01 -11"><span class='ocrx_word' id='word_1_799' title='bbox 2273 4825 2605 4884; x_wconf 87' lang='lat' dir='ltr'><strong>rescribendi</strong></span> <span class='ocrx_word' id='word_1_800' title='bbox 2651 4825 2926 4894; x_wconf 88' lang='lat' dir='ltr'><strong>negotium</strong></span> <span class='ocrx_word' id='word_1_801' title='bbox 2962 4839 3070 4879; x_wconf 91' lang='lat' dir='ltr'><strong>non</strong></span> <span class='ocrx_word' id='word_1_802' title='bbox 3112 4822 3339 4885; x_wconf 85' lang='lat' dir='ltr'><strong>valeret,</strong></span> <span class='ocrx_word' id='word_1_803' title='bbox 3367 4834 3466 4892; x_wconf 91' lang='lat' dir='ltr'><strong>per</strong></span> <span class='ocrx_word' id='word_1_804' title='bbox 3492 4816 3729 4871; x_wconf 89' lang='lat' dir='ltr'><strong>mediam</strong></span> <span class='ocrx_word' id='word_1_805' title='bbox 3756 4828 3863 4869; x_wconf 71' lang='lat' dir='ltr'><strong>aes-</strong></span> 
     </span>
    </p>
   </div>
   <div class='ocr_carea' id='block_1_105' title="bbox 2271 4904 3865 4981">
    <p class='ocr_par' dir='ltr' id='par_1_105' title="bbox 2271 4904 3865 4981">
     <span class='ocr_line' id='line_1_107' title="bbox 2271 4904 3865 4981; baseline -0.009 -8"><span class='ocrx_word' id='word_1_806' title='bbox 2271 4926 2441 4981; x_wconf 73' lang='lat' dir='ltr'><strong>tatem</strong></span> <span class='ocrx_word' id='word_1_807' title='bbox 2488 4917 2761 4974; x_wconf 81' lang='lat' dir='ltr'><strong>Victorem</strong></span> <span class='ocrx_word' id='word_1_808' title='bbox 2805 4916 3047 4981; x_wconf 89' lang='lat' dir='ltr'><strong>retinuit,</strong></span> <span class='ocrx_word' id='word_1_809' title='bbox 3095 4929 3198 4970; x_wconf 90' lang='lat' dir='ltr'><strong>nec</strong></span> <span class='ocrx_word' id='word_1_810' title='bbox 3232 4913 3383 4967; x_wconf 90' lang='lat' dir='ltr'><strong>abire</strong></span> <span class='ocrx_word' id='word_1_811' title='bbox 3428 4924 3620 4981; x_wconf 87' lang='lat' dir='ltr'><strong>passus</strong></span> <span class='ocrx_word' id='word_1_812' title='bbox 3646 4915 3734 4963; x_wconf 89' lang='lat' dir='ltr'><strong>est</strong></span> <span class='ocrx_word' id='word_1_813' title='bbox 3758 4904 3865 4960; x_wconf 86' lang='lat' dir='ltr'><strong>nisi</strong></span> 
     </span>
    </p>
   </div>
   <div class='ocr_carea' id='block_1_106' title="bbox 2273 4998 3865 5075">
    <p class='ocr_par' dir='ltr' id='par_1_106' title="bbox 2273 4998 3865 5075">
     <span class='ocr_line' id='line_1_108' title="bbox 2273 4998 3865 5075; baseline -0.011 -6"><span class='ocrx_word' id='word_1_814' title='bbox 2273 5013 2372 5069; x_wconf 88' lang='lat' dir='ltr'><strong>sub</strong></span> <span class='ocrx_word' id='word_1_815' title='bbox 2400 5012 2559 5066; x_wconf 83' lang='lat' dir='ltr'><strong>tinem</strong></span> <span class='ocrx_word' id='word_1_816' title='bbox 2587 5011 2809 5075; x_wconf 67' lang='lat' dir='ltr'><strong>aestatis,</strong></span> <span class='ocrx_word' id='word_1_817' title='bbox 2838 5017 2895 5064; x_wconf 90' lang='lat' dir='ltr'><strong>ut</strong></span> <span class='ocrx_word' id='word_1_818' title='bbox 2923 5009 2989 5063; x_wconf 90' lang='lat' dir='ltr'><strong>ad</strong></span> <span class='ocrx_word' id='word_1_819' title='bbox 3030 5008 3293 5064; x_wconf 88' lang='lat' dir='ltr'><strong>Severum</strong></span> <span class='ocrx_word' id='word_1_820' title='bbox 3321 5013 3579 5061; x_wconf 91' lang='lat' dir='ltr'><strong>autumno</strong></span> <span class='ocrx_word' id='word_1_821' title='bbox 3606 4998 3865 5071; x_wconf 84' lang='lat' dir='ltr'><strong>perveni-</strong></span> 
     </span>
    </p>
   </div>
   <div class='ocr_carea' id='block_1_107' title="bbox 2273 5089 3869 5172">
    <p class='ocr_par' dir='ltr' id='par_1_107' title="bbox 2273 5089 3869 5172">
     <span class='ocr_line' id='line_1_109' title="bbox 2273 5089 3869 5172; baseline -0.014 -8"><span class='ocrx_word' id='word_1_822' title='bbox 2273 5116 2378 5172; x_wconf 89' lang='lat' dir='ltr'><strong>ret,</strong></span> <span class='ocrx_word' id='word_1_823' title='bbox 2412 5115 2468 5163; x_wconf 93' lang='lat' dir='ltr'><strong>et</strong></span> <span class='ocrx_word' id='word_1_824' title='bbox 2487 5105 2721 5161; x_wconf 90' lang='lat' dir='ltr'><strong>hiemem</strong></span> <span class='ocrx_word' id='word_1_825' title='bbox 2742 5103 2818 5158; x_wconf 91' lang='lat' dir='ltr'><strong>illi</strong></span> <span class='ocrx_word' id='word_1_826' title='bbox 2842 5117 3028 5157; x_wconf 91' lang='lat' dir='ltr'><strong>rursus</strong></span> <span class='ocrx_word' id='word_1_827' title='bbox 3047 5097 3403 5170; x_wconf 87' lang='lat' dir='ltr'><strong>impenderet.</strong></span> <span class='ocrx_word' id='word_1_828' title='bbox 3426 5092 3613 5149; x_wconf 87' lang='lat' dir='ltr'><strong>Eidem</strong></span> <span class='ocrx_word' id='word_1_829' title='bbox 3634 5089 3869 5162; x_wconf 63' lang='lat' dir='ltr'><strong>praebuit</strong></span> 
     </span>
    </p>
   </div>
   <div class='ocr_carea' id='block_1_108' title="bbox 2277 5186 3872 5264">
    <p class='ocr_par' dir='ltr' id='par_1_108' title="bbox 2277 5186 3872 5264">
     <span class='ocr_line' id='line_1_110' title="bbox 2277 5186 3872 5264; baseline -0.015 -4"><span class='ocrx_word' id='word_1_830' title='bbox 2277 5200 2623 5260; x_wconf 85' lang='lat' dir='ltr'><strong>deferendam</strong></span> <span class='ocrx_word' id='word_1_831' title='bbox 2653 5198 2720 5254; x_wconf 85' lang='lat' dir='ltr'><strong>ad</strong></span> <span class='ocrx_word' id='word_1_832' title='bbox 2746 5197 3004 5253; x_wconf 88' lang='lat' dir='ltr'><strong>Severum</strong></span> <span class='ocrx_word' id='word_1_833' title='bbox 3033 5193 3318 5264; x_wconf 88' lang='lat' dir='ltr'><strong>epistolam</strong></span> <span class='ocrx_word' id='word_1_834' title='bbox 3363 5186 3679 5257; x_wconf 83' lang='lat' dir='ltr'><strong>vigesimam</strong></span> <span class='ocrx_word' id='word_1_835' title='bbox 3708 5189 3872 5239; x_wconf 82' lang='lat' dir='ltr'><strong>octa-</strong></span> 
     </span>
    </p>
   </div>
   <div class='ocr_carea' id='block_1_109' title="bbox 2277 5274 3871 5362">
    <p class='ocr_par' dir='ltr' id='par_1_109' title="bbox 2277 5274 3871 5362">
     <span class='ocr_line' id='line_1_111' title="bbox 2277 5274 3871 5362; baseline -0.014 -10"><span class='ocrx_word' id='word_1_836' title='bbox 2277 5313 2421 5362; x_wconf 91' lang='lat' dir='ltr'><strong>vam,</strong></span> <span class='ocrx_word' id='word_1_837' title='bbox 2438 5294 2526 5351; x_wconf 92' lang='lat' dir='ltr'><strong>cui</strong></span> <span class='ocrx_word' id='word_1_838' title='bbox 2546 5291 2633 5362; x_wconf 91' lang='lat' dir='ltr'><strong>adj</strong></span> <span class='ocrx_word' id='word_1_839' title='bbox 2640 5296 2858 5346; x_wconf 91' lang='lat' dir='ltr'><strong>unctum</strong></span> <span class='ocrx_word' id='word_1_840' title='bbox 2872 5286 3105 5361; x_wconf 80' lang='lat' dir='ltr'><strong>habebat</strong></span> <span class='ocrx_word' id='word_1_841' title='bbox 3122 5293 3177 5325; x_wconf 65' lang='grc' dir='ltr'><strong>’θ</strong></span> <span class='ocrx_word' id='word_1_842' title='bbox 3193 5278 3481 5339; x_wconf 88' lang='lat' dir='ltr'><strong>Theodosii</strong></span> <span class='ocrx_word' id='word_1_843' title='bbox 3494 5274 3871 5348; x_wconf 79' lang='lat' dir='ltr'><strong>Panegyricon</strong></span> 
     </span>
    </p>
   </div>
   <div class='ocr_carea' id='block_1_110' title="bbox 606 5413 2153 5516">
    <p class='ocr_par' dir='ltr' id='par_1_110' title="bbox 606 5418 2153 5516">
     <span class='ocr_line' id='line_1_112' title="bbox 606 5418 2153 5516; baseline -0.004 -18"><span class='ocrx_word' id='word_1_844' title='bbox 606 5418 614 5516; x_wconf 73' lang='grc' dir='ltr'><em>ζ</em></span> <span class='ocrx_word' id='word_1_845' title='bbox 666 5444 935 5516; x_wconf 45' lang='lat' dir='ltr'><strong>asses.</strong></span> <span class='ocrx_word' id='word_1_846' title='bbox 970 5462 1023 5516; x_wconf 80' lang='grc' dir='ltr'><strong>η.</strong></span> <span class='ocrx_word' id='word_1_847' title='bbox 1055 5443 1127 5516; x_wconf 73' lang='lat'><strong>3.</strong></span> <span class='ocrx_word' id='word_1_848' title='bbox 1158 5440 1369 5516; x_wconf 59' lang='lat' dir='ltr'><strong>__|{l_bid.</strong></span> <span class='ocrx_word' id='word_1_849' title='bbox 1414 5436 2073 5516; x_wconf 61' lang='lat' dir='ltr'><strong>_g_tbid._cf_0arm_.}_t.</strong></span> <span class='ocrx_word' id='word_1_850' title='bbox 2125 5450 2153 5516; x_wconf 51' lang='grc' dir='ltr'><strong><em>ρ</em></strong></span> 
     </span>
    </p>
   </div>
   <div class='ocr_carea' id='block_1_111' title="bbox 2253 5413 3870 5516">
    <p class='ocr_par' dir='ltr' id='par_1_111' title="bbox 2253 5413 3870 5516">
     <span class='ocr_line' id='line_1_113' title="bbox 2253 5413 3870 5516; baseline 0 0"><span class='ocrx_word' id='word_1_851' title='bbox 2253 5432 2354 5516; x_wconf 60' lang='grc' dir='ltr'><strong>περ-ν</strong></span> <span class='ocrx_word' id='word_1_852' title='bbox 2383 5429 2540 5516; x_wconf 64' lang='grc' dir='ltr'><strong>νιὲἑ</strong></span> <span class='ocrx_word' id='word_1_853' title='bbox 2573 5436 2808 5516; x_wconf 57' lang='lat' dir='ltr'><strong>eassu-</strong></span> <span class='ocrx_word' id='word_1_854' title='bbox 2864 5423 2912 5516; x_wconf 66' lang='lat'><em>1</em></span> <span class='ocrx_word' id='word_1_855' title='bbox 2934 5422 3094 5516; x_wconf 57' lang='lat' dir='ltr'><strong>ius.</strong></span> <span class='ocrx_word' id='word_1_856' title='bbox 3135 5419 3342 5516; x_wconf 57' lang='lat' dir='ltr'><strong>ma-</strong></span> <span class='ocrx_word' id='word_1_857' title='bbox 3374 5414 3631 5516; x_wconf 38' lang='lat' dir='ltr'><strong>gar&quot;</strong></span> <span class='ocrx_word' id='word_1_858' title='bbox 3654 5413 3870 5516; x_wconf 56' lang='lat'><strong>3.32.0-</strong></span> 
     </span>
    </p>
   </div>
   <div class='ocr_carea' id='block_1_112' title="bbox 597 5509 1538 5603">
    <p class='ocr_par' dir='ltr' id='par_1_112' title="bbox 597 5509 1538 5603">
     <span class='ocr_line' id='line_1_114' title="bbox 597 5509 1538 5603; baseline -0.007 -32"><span class='ocrx_word' id='word_1_859' title='bbox 597 5513 625 5603; x_wconf 58' lang='grc' dir='ltr'><strong>ξι</strong></span> <span class='ocrx_word' id='word_1_860' title='bbox 652 5509 812 5603; x_wconf 48' lang='lat'><strong>113355,</strong></span> <span class='ocrx_word' id='word_1_861' title='bbox 832 5515 1033 5603; x_wconf 58' lang='lat' dir='ltr'><strong>maga.</strong></span> <span class='ocrx_word' id='word_1_862' title='bbox 1059 5513 1130 5603; x_wconf 58' lang='lat' dir='ltr'><strong>mf</strong></span> <span class='ocrx_word' id='word_1_863' title='bbox 1148 5513 1388 5603; x_wconf 49' lang='lat' dir='ltr'><strong>lbidrlv.</strong></span> <span class='ocrx_word' id='word_1_864' title='bbox 1413 5509 1538 5603; x_wconf 44' lang='lat' dir='ltr'><strong>sese.</strong></span> 
     </span>
    </p>
   </div>
   <div class='ocr_carea' id='block_1_113' title="bbox 598 5586 2006 5784">
    <p class='ocr_par' dir='ltr' id='par_1_113' title="bbox 598 5586 2006 5784">
     <span class='ocr_line' id='line_1_115' title="bbox 598 5586 2000 5656; baseline -0.008 -16"><span class='ocrx_word' id='word_1_865' title='bbox 598 5599 651 5640; x_wconf 86' lang='lat' dir='ltr'><strong>v.</strong></span> <span class='ocrx_word' id='word_1_866' title='bbox 684 5586 809 5641; x_wconf 73' lang='lat'><strong>362&#39;.</strong></span> <span class='ocrx_word' id='word_1_867' title='bbox 886 5598 908 5623; x_wconf 82' lang='grc' dir='ltr'><strong>ο</strong></span> <span class='ocrx_word' id='word_1_868' title='bbox 931 5586 1029 5656; x_wconf 63' lang='lat' dir='ltr'><strong>Ep.</strong></span> <span class='ocrx_word' id='word_1_869' title='bbox 1059 5586 1152 5652; x_wconf 84' lang='lat'><strong>29,</strong></span> <span class='ocrx_word' id='word_1_870' title='bbox 1186 5600 1239 5637; x_wconf 91' lang='lat' dir='ltr'><strong>n.</strong></span> <span class='ocrx_word' id='word_1_871' title='bbox 1274 5586 1361 5636; x_wconf 74' lang='grc' dir='ltr'><strong>Ην.</strong></span> <span class='ocrx_word' id='word_1_872' title='bbox 1439 5592 1467 5632; x_wconf 76' lang='grc' dir='ltr'><strong>Ρ</strong></span> <span class='ocrx_word' id='word_1_873' title='bbox 1496 5586 1648 5655; x_wconf 85' lang='lat' dir='ltr'><strong>Sulp.</strong></span> <span class='ocrx_word' id='word_1_874' title='bbox 1681 5586 1808 5635; x_wconf 83' lang='lat' dir='ltr'><strong>dial.</strong></span> <span class='ocrx_word' id='word_1_875' title='bbox 1840 5586 1893 5634; x_wconf 76' lang='grc'><strong>5.</strong></span> <span class='ocrx_word' id='word_1_876' title='bbox 1973 5589 2000 5628; x_wconf 83' lang='grc' dir='ltr'><strong>ιι</strong></span> 
     </span>
     <span class='ocr_line' id='line_1_116' title="bbox 604 5648 2006 5780; baseline -0.005 -71"><span class='ocrx_word' id='word_1_877' title='bbox 604 5659 620 5692; x_wconf 76' lang='grc' dir='ltr'>ι</span> <span class='ocrx_word' id='word_1_878' title='bbox 658 5656 759 5780; x_wconf 51' lang='lat' dir='ltr'><strong>Egi.</strong></span> <span class='ocrx_word' id='word_1_879' title='bbox 788 5656 873 5765; x_wconf 52' lang='lat'><strong>5:1;</strong></span> <span class='ocrx_word' id='word_1_880' title='bbox 897 5673 951 5740; x_wconf 37' lang='lat' dir='ltr'><strong>n‘.</strong></span> <span class='ocrx_word' id='word_1_881' title='bbox 982 5657 1034 5709; x_wconf 94' lang='grc'><strong>1.</strong></span> <span class='ocrx_word' id='word_1_882' title='bbox 1112 5665 1139 5692; x_wconf 81' lang='grc' dir='ltr'>ιι</span> <span class='ocrx_word' id='word_1_883' title='bbox 1164 5654 1261 5726; x_wconf 86' lang='lat' dir='ltr'><strong>Ep.</strong></span> <span class='ocrx_word' id='word_1_884' title='bbox 1293 5652 1382 5721; x_wconf 83' lang='lat'><strong>26,</strong></span> <span class='ocrx_word' id='word_1_885' title='bbox 1428 5670 1483 5738; x_wconf 65' lang='grc' dir='ltr'><strong>ηζ</strong></span> <span class='ocrx_word' id='word_1_886' title='bbox 1505 5651 1560 5706; x_wconf 86' lang='grc'><strong>5.</strong></span> <span class='ocrx_word' id='word_1_887' title='bbox 1638 5650 1840 5719; x_wconf 73' lang='lat' dir='ltr'><strong>vIbid._,</strong></span> <span class='ocrx_word' id='word_1_888' title='bbox 1873 5648 2006 5758; x_wconf 57' lang='grc' dir='ltr'><strong>ηᾶάϐ.</strong></span> 
     </span>
     <span class='ocr_line' id='line_1_117' title="bbox 602 5718 2006 5784; baseline -0.006 0"><span class='ocrx_word' id='word_1_889' title='bbox 602 5740 658 5784; x_wconf 85' lang='lat' dir='ltr'><strong>n.</strong></span> <span class='ocrx_word' id='word_1_890' title='bbox 726 5766 740 5780; x_wconf 94' lang='lat'><strong>.</strong></span> <span class='ocrx_word' id='word_1_891' title='bbox 900 5726 1001 5784; x_wconf 73' lang='lat' dir='ltr'><strong>Et).</strong></span> <span class='ocrx_word' id='word_1_892' title='bbox 1029 5724 1118 5784; x_wconf 77' lang='lat'><strong>29.</strong></span> <span class='ocrx_word' id='word_1_893' title='bbox 1146 5744 1201 5782; x_wconf 80' lang='grc' dir='ltr'><strong>ιι.</strong></span> <span class='ocrx_word' id='word_1_894' title='bbox 1230 5726 1281 5780; x_wconf 88' lang='grc'><strong>1.</strong></span> <span class='ocrx_word' id='word_1_895' title='bbox 1361 5737 1415 5765; x_wconf 79' lang='grc' dir='ltr'><strong>οε</strong></span> <span class='ocrx_word' id='word_1_896' title='bbox 1441 5722 1540 5784; x_wconf 81' lang='lat' dir='ltr'><strong>Ep.</strong></span> <span class='ocrx_word' id='word_1_897' title='bbox 1572 5722 1664 5784; x_wconf 84' lang='lat'><strong>28,</strong></span> <span class='ocrx_word' id='word_1_898' title='bbox 1697 5722 1828 5783; x_wconf 58' lang='grc' dir='ltr'><strong>ωδ.</strong></span> <span class='ocrx_word' id='word_1_899' title='bbox 1986 5718 2006 5775; x_wconf 88' lang='grc'><strong>1</strong></span> 
     </span>
    </p>
   </div>
   <div class='ocr_carea' id='block_1_114' title="bbox 1620 5501 2555 5575">
    <p class='ocr_par' dir='ltr' id='par_1_114' title="bbox 1620 5501 2555 5575">
     <span class='ocr_line' id='line_1_118' title="bbox 1620 5501 2555 5575; baseline -0.013 -10"><span class='ocrx_word' id='word_1_900' title='bbox 1620 5512 1634 5557; x_wconf 72' lang='lat' dir='ltr'><strong>i</strong></span> <span class='ocrx_word' id='word_1_901' title='bbox 1664 5509 1776 5565; x_wconf 85' lang='lat' dir='ltr'><strong>Ibid</strong></span> <span class='ocrx_word' id='word_1_902' title='bbox 1807 5549 1824 5575; x_wconf 91' lang='lat'><strong>,</strong></span> <span class='ocrx_word' id='word_1_903' title='bbox 1845 5525 1900 5563; x_wconf 84' lang='grc' dir='ltr'><strong>ν.</strong></span> <span class='ocrx_word' id='word_1_904' title='bbox 1926 5507 2049 5562; x_wconf 85' lang='grc'><strong>188.</strong></span> <span class='ocrx_word' id='word_1_905' title='bbox 2125 5505 2149 5545; x_wconf 81' lang='grc' dir='ltr'><strong>ιι</strong></span> <span class='ocrx_word' id='word_1_906' title='bbox 2175 5505 2332 5575; x_wconf 68' lang='lat' dir='ltr'><strong>Ibid,</strong></span> <span class='ocrx_word' id='word_1_907' title='bbox 2359 5519 2412 5557; x_wconf 90' lang='lat' dir='ltr'><strong>v.</strong></span> <span class='ocrx_word' id='word_1_908' title='bbox 2428 5501 2555 5575; x_wconf 61' lang='grc' dir='ltr'><strong>ξω.</strong></span> 
     </span>
    </p>
   </div>
   <div class='ocr_carea' id='block_1_115' title="bbox 886 5553 2153 5716">
    <p class='ocr_par' dir='ltr' id='par_1_115' title="bbox 886 5553 2153 5716">
     <span class='ocr_line' id='line_1_119' title="bbox 886 5553 2153 5656; baseline -0.006 -17"><span class='ocrx_word' id='word_1_909' title='bbox 886 5553 1033 5656; x_wconf 71' lang='grc' dir='ltr'><strong>α”ὲίἶζ</strong></span> <span class='ocrx_word' id='word_1_910' title='bbox 1059 5553 1388 5652; x_wconf 54' lang='grc' dir='ltr'><strong>εθίῖιῗῖιῗ</strong></span> <span class='ocrx_word' id='word_1_911' title='bbox 1414 5553 1648 5655; x_wconf 66' lang='grc' dir='ltr'><strong>ἲῖἓιιιρ.</strong></span> <span class='ocrx_word' id='word_1_912' title='bbox 1665 5553 1824 5635; x_wconf 64' lang='grc' dir='ltr'><strong>’ίῖξέιῖ</strong></span> <span class='ocrx_word' id='word_1_913' title='bbox 1840 5553 1900 5634; x_wconf 61' lang='grc' dir='ltr'><strong>ἐξ</strong></span> <span class='ocrx_word' id='word_1_914' title='bbox 1930 5553 1948 5560; x_wconf 84' lang='grc'><em>’</em></span> <span class='ocrx_word' id='word_1_915' title='bbox 1962 5553 2153 5633; x_wconf 48' lang='lat' dir='ltr'><strong>Visam</strong></span> 
     </span>
     <span class='ocr_line' id='line_1_120' title="bbox 897 5646 2153 5716; baseline -0.007 -7"><span class='ocrx_word' id='word_1_916' title='bbox 897 5673 951 5709; x_wconf 90' lang='lat' dir='ltr'><strong>n.</strong></span> <span class='ocrx_word' id='word_1_917' title='bbox 982 5657 1034 5709; x_wconf 94' lang='grc'><strong>1.</strong></span> <span class='ocrx_word' id='word_1_918' title='bbox 1112 5665 1139 5692; x_wconf 81' lang='grc' dir='ltr'><strong>ιι</strong></span> <span class='ocrx_word' id='word_1_919' title='bbox 1164 5654 1261 5716; x_wconf 85' lang='lat' dir='ltr'><strong>Eu.</strong></span> <span class='ocrx_word' id='word_1_920' title='bbox 1293 5652 1382 5716; x_wconf 82' lang='lat'><strong>26,</strong></span> <span class='ocrx_word' id='word_1_921' title='bbox 1428 5670 1482 5708; x_wconf 84' lang='grc' dir='ltr'><strong>η.</strong></span> <span class='ocrx_word' id='word_1_922' title='bbox 1505 5651 1560 5706; x_wconf 86' lang='grc'><strong>5.</strong></span> <span class='ocrx_word' id='word_1_923' title='bbox 1638 5663 1663 5689; x_wconf 71' lang='grc' dir='ltr'><strong>ν</strong></span> <span class='ocrx_word' id='word_1_924' title='bbox 1687 5650 1840 5716; x_wconf 90' lang='lat' dir='ltr'><strong>lbid.,</strong></span> <span class='ocrx_word' id='word_1_925' title='bbox 1873 5665 1928 5703; x_wconf 82' lang='grc' dir='ltr'><strong>η.</strong></span> <span class='ocrx_word' id='word_1_926' title='bbox 1952 5648 2006 5702; x_wconf 87' lang='grc'><strong>6.</strong></span> <span class='ocrx_word' id='word_1_927' title='bbox 2088 5646 2153 5699; x_wconf 64' lang='lat' dir='ltr'><strong>1‘l</strong></span> 
     </span>
    </p>
   </div>
   <div class='ocr_carea' id='block_1_116' title="bbox 2253 5553 3870 5716">
    <p class='ocr_par' dir='ltr' id='par_1_116' title="bbox 2253 5553 3870 5716">
     <span class='ocr_line' id='line_1_121' title="bbox 2253 5553 3870 5638; baseline -0.012 -11"><span class='ocrx_word' id='word_1_928' title='bbox 2253 5553 2332 5637; x_wconf 65' lang='lat' dir='ltr'><strong>f1:</strong></span> <span class='ocrx_word' id='word_1_929' title='bbox 2348 5553 2491 5627; x_wconf 51' lang='lat' dir='ltr'><strong>vis?</strong></span> <span class='ocrx_word' id='word_1_930' title='bbox 2557 5579 2579 5607; x_wconf 76' lang='grc' dir='ltr'><strong><em>τ</em></strong></span> <span class='ocrx_word' id='word_1_931' title='bbox 2607 5567 2706 5638; x_wconf 85' lang='lat' dir='ltr'><strong>Ep.</strong></span> <span class='ocrx_word' id='word_1_932' title='bbox 2732 5553 2901 5633; x_wconf 62' lang='lat'><strong>29;&quot;.</strong></span> <span class='ocrx_word' id='word_1_933' title='bbox 2933 5564 3041 5619; x_wconf 88' lang='lat' dir='ltr'><strong>6et</strong></span> <span class='ocrx_word' id='word_1_934' title='bbox 3066 5578 3222 5634; x_wconf 83' lang='lat' dir='ltr'><strong>seqq.</strong></span> <span class='ocrx_word' id='word_1_935' title='bbox 3299 5570 3322 5599; x_wconf 84' lang='lat'><strong>-</strong></span> <span class='ocrx_word' id='word_1_936' title='bbox 3352 5556 3449 5628; x_wconf 87' lang='lat' dir='ltr'><strong>Ep.</strong></span> <span class='ocrx_word' id='word_1_937' title='bbox 3481 5554 3569 5620; x_wconf 73' lang='lat'><strong>29,</strong></span> <span class='ocrx_word' id='word_1_938' title='bbox 3602 5570 3659 5608; x_wconf 83' lang='grc' dir='ltr'><strong>η.</strong></span> <span class='ocrx_word' id='word_1_939' title='bbox 3682 5553 3797 5610; x_wconf 74' lang='grc' dir='ltr'><strong>θει</strong></span> <span class='ocrx_word' id='word_1_940' title='bbox 3817 5554 3870 5611; x_wconf 85' lang='grc'><strong>8.</strong></span> 
     </span>
     <span class='ocr_line' id='line_1_122' title="bbox 2267 5622 3870 5716; baseline -0.014 -18"><span class='ocrx_word' id='word_1_941' title='bbox 2267 5643 2355 5716; x_wconf 73' lang='lat'><strong>28,</strong></span> <span class='ocrx_word' id='word_1_942' title='bbox 2377 5660 2442 5716; x_wconf 67' lang='grc' dir='ltr'><strong>Δη.</strong></span> <span class='ocrx_word' id='word_1_943' title='bbox 2473 5642 2524 5696; x_wconf 76' lang='grc'><strong>5.</strong></span> <span class='ocrx_word' id='word_1_944' title='bbox 2562 5712 2571 5716; x_wconf 25' lang='grc' dir='ltr'><strong><em>Δ</em></strong></span> <span class='ocrx_word' id='word_1_945' title='bbox 2605 5648 2633 5689; x_wconf 71' lang='lat' dir='ltr'><strong>.V</strong></span> <span class='ocrx_word' id='word_1_946' title='bbox 2655 5639 2810 5709; x_wconf 88' lang='lat' dir='ltr'><strong>lbid.,</strong></span> <span class='ocrx_word' id='word_1_947' title='bbox 2840 5635 2973 5692; x_wconf 64' lang='lat' dir='ltr'><strong>mi.</strong></span> <span class='ocrx_word' id='word_1_948' title='bbox 3052 5644 3073 5671; x_wconf 75' lang='grc' dir='ltr'><strong><em>ι</em></strong></span> <span class='ocrx_word' id='word_1_949' title='bbox 3104 5631 3203 5705; x_wconf 86' lang='lat' dir='ltr'><strong>Ep.</strong></span> <span class='ocrx_word' id='word_1_950' title='bbox 3231 5629 3324 5701; x_wconf 84' lang='lat'><strong>29,</strong></span> <span class='ocrx_word' id='word_1_951' title='bbox 3353 5644 3410 5684; x_wconf 91' lang='lat' dir='ltr'><strong>n.</strong></span> <span class='ocrx_word' id='word_1_952' title='bbox 3436 5625 3485 5682; x_wconf 84' lang='grc'><strong>1.</strong></span> <span class='ocrx_word' id='word_1_953' title='bbox 3562 5633 3621 5663; x_wconf 63' lang='lat' dir='ltr'><strong>ﬂ</strong></span> <span class='ocrx_word' id='word_1_954' title='bbox 3649 5622 3741 5696; x_wconf 76' lang='lat' dir='ltr'><strong>Ep</strong></span> <span class='ocrx_word' id='word_1_955' title='bbox 3781 5623 3870 5691; x_wconf 86' lang='lat'><strong>28,</strong></span> 
     </span>
    </p>
   </div>
   <div class='ocr_carea' id='block_1_117' title="bbox 2640 5484 3870 5561">
    <p class='ocr_par' dir='ltr' id='par_1_117' title="bbox 2640 5484 3870 5561">
     <span class='ocr_line' id='line_1_123' title="bbox 2640 5484 3870 5561; baseline -0.011 -9"><span class='ocrx_word' id='word_1_956' title='bbox 2640 5497 2652 5535; x_wconf 81' lang='grc' dir='ltr'>ι</span> <span class='ocrx_word' id='word_1_957' title='bbox 2679 5484 2840 5561; x_wconf 75' lang='lat' dir='ltr'><strong>lb&#39;id.,</strong></span> <span class='ocrx_word' id='word_1_958' title='bbox 2863 5511 2916 5549; x_wconf 85' lang='lat' dir='ltr'><strong>v.</strong></span> <span class='ocrx_word' id='word_1_959' title='bbox 2934 5484 3091 5547; x_wconf 69' lang='lat' dir='ltr'><strong>asa.’</strong></span> <span class='ocrx_word' id='word_1_960' title='bbox 3135 5502 3174 5530; x_wconf 78' lang='grc' dir='ltr'>ω</span> <span class='ocrx_word' id='word_1_961' title='bbox 3198 5490 3425 5561; x_wconf 84' lang='lat' dir='ltr'><strong>lbid.,_v.</strong></span> <span class='ocrx_word' id='word_1_962' title='bbox 3454 5484 3576 5561; x_wconf 48' lang='grc' dir='ltr'><strong>δέ).</strong></span> <span class='ocrx_word' id='word_1_963' title='bbox 3654 5484 3870 5561; x_wconf 50' lang='grc' dir='ltr'><strong>πέδω..</strong></span> 
     </span>
    </p>
   </div>
   <div class='ocr_carea' id='block_1_118' title="bbox 2267 5622 3870 5709">
    <p class='ocr_par' dir='ltr' id='par_1_118' title="bbox 2267 5622 3870 5709">
     <span class='ocr_line' id='line_1_124' title="bbox 2267 5622 3870 5709; baseline -0.013 -12"><span class='ocrx_word' id='word_1_964' title='bbox 2267 5622 2524 5707; x_wconf 45' lang='lat' dir='ltr'><strong>asinis.</strong></span> <span class='ocrx_word' id='word_1_965' title='bbox 2605 5622 2973 5709; x_wconf 65' lang='lat' dir='ltr'><strong>:ibid.,’n.t.</strong></span> <span class='ocrx_word' id='word_1_966' title='bbox 3052 5644 3073 5671; x_wconf 79' lang='grc' dir='ltr'><strong><em>ι</em></strong></span> <span class='ocrx_word' id='word_1_967' title='bbox 3104 5622 3203 5705; x_wconf 74' lang='lat' dir='ltr'><strong>E&#39;p&#39;.</strong></span> <span class='ocrx_word' id='word_1_968' title='bbox 3231 5629 3324 5701; x_wconf 77' lang='lat'><strong>29,</strong></span> <span class='ocrx_word' id='word_1_969' title='bbox 3353 5622 3412 5684; x_wconf 84' lang='lat' dir='ltr'><strong>n:</strong></span> <span class='ocrx_word' id='word_1_970' title='bbox 3436 5625 3485 5682; x_wconf 77' lang='grc' dir='ltr'><strong>ι.</strong></span> <span class='ocrx_word' id='word_1_971' title='bbox 3562 5633 3621 5663; x_wconf 77' lang='grc' dir='ltr'><strong>ιιι</strong></span> <span class='ocrx_word' id='word_1_972' title='bbox 3649 5622 3741 5696; x_wconf 72' lang='grc' dir='ltr'><strong>ευ</strong></span> <span class='ocrx_word' id='word_1_973' title='bbox 3781 5623 3870 5691; x_wconf 71' lang='lat' dir='ltr'><strong>es,</strong></span> 
     </span>
    </p>
   </div>
   <div class='ocr_carea' id='block_1_119' title="bbox 816 5712 2595 5797">
    <p class='ocr_par' dir='ltr' id='par_1_119' title="bbox 816 5712 2595 5797">
     <span class='ocr_line' id='line_1_125' title="bbox 816 5712 2595 5797; baseline -0.006 -17"><span class='ocrx_word' id='word_1_974' title='bbox 816 5712 872 5765; x_wconf 55' lang='lat'><em>“3</em></span> <span class='ocrx_word' id='word_1_975' title='bbox 900 5726 1001 5797; x_wconf 89' lang='lat' dir='ltr'><strong>Ep.</strong></span> <span class='ocrx_word' id='word_1_976' title='bbox 1029 5724 1118 5793; x_wconf 77' lang='lat'><strong>29,</strong></span> <span class='ocrx_word' id='word_1_977' title='bbox 1146 5712 1281 5782; x_wconf 80' lang='grc' dir='ltr'><strong>ιι.’1.</strong></span> <span class='ocrx_word' id='word_1_978' title='bbox 1361 5712 1415 5765; x_wconf 66' lang='grc' dir='ltr'><strong>δε</strong></span> <span class='ocrx_word' id='word_1_979' title='bbox 1441 5722 1540 5797; x_wconf 83' lang='lat' dir='ltr'><strong>Ep.</strong></span> <span class='ocrx_word' id='word_1_980' title='bbox 1572 5722 1664 5792; x_wconf 84' lang='lat'><strong>28,</strong></span> <span class='ocrx_word' id='word_1_981' title='bbox 1697 5712 1838 5783; x_wconf 52' lang='grc' dir='ltr'><strong>πεδί</strong></span> <span class='ocrx_word' id='word_1_982' title='bbox 1904 5716 1959 5758; x_wconf 67' lang='grc' dir='ltr'><strong>δά</strong></span> <span class='ocrx_word' id='word_1_983' title='bbox 1986 5717 2120 5775; x_wconf 84' lang='lat' dir='ltr'><strong>Ibid.</strong></span> <span class='ocrx_word' id='word_1_984' title='bbox 2184 5712 2253 5755; x_wconf 53' lang='grc'><strong>⁷⁸⁸</strong></span> <span class='ocrx_word' id='word_1_985' title='bbox 2282 5712 2509 5779; x_wconf 68' lang='lat' dir='ltr'><strong>Ibid.,n.</strong></span> <span class='ocrx_word' id='word_1_986' title='bbox 2540 5712 2595 5767; x_wconf 78' lang='lat'><strong>6.</strong></span> 
     </span>
    </p>
   </div>
  </div>
