4056 6358
191 345 266 403 ετ
1517 328 1789 384 nauseo

1877 326 2046 381 LENA.
2209 336 2234 385 ἶ
3353 333 3422 389 98

191 461 415 518 ιιοΙΙιΙυΙη
437 455 661 519 editum,
683 465 802 507 cum
827 447 1056 518 quodam
1081 445 1131 500 in
1157 444 1214 500 S.
1241 444 1466 498 Felicem
1488 444 1745 498 carmine.
1779 455 1821 508 Α
1853 453 1952 509 tas,
1983 453 2037 498 et
2065 443 2132 496 H
2150 443 2386 497 Januarii
2414 444 2500 498 dic
2529 461 2668 499 anno
2697 445 2800 500 403
2829 457 2856 496 ρ
2883 461 3088 512 omnes,
3117 447 3202 503 vel
3231 449 3420 506 saltem

193 556 256 607 De
287 545 624 606 conferendis
653 552 831 596 autem
856 539 1242 609 pneteritorum
1266 546 1566 604 temporum
1596 535 1758 589 ratio-

193 643 355 700 nibus,
383 636 574 691 scribit
604 633 725 687 huic
770 646 829 685 se
874 629 1052 684 studio
1099 641 1316 696 operam
1345 639 1636 691 numquam
1661 624 1750 676 de.

193 735 355 794 disse;
386 728 479 782 sed
509 727 575 778 ad
604 709 871 777 Bullinum
899 737 957 775 se
985 719 1196 774 misisse
1224 717 1340 785 ejus
1377 716 1632 777 libellum,
1666 714 1755 782 qui

194 824 399 892 quidem
447 819 491 873 si
524 819 620 871 has
648 815 881 869 historiae
909 827 1095 867 causas
1125 826 1230 864 non
1258 807 1521 871 ediderit,
1548 816 1760 860 veretur

190 930 258 971 ne
287 909 426 979 apud
455 908 618 961 alium
649 907 700 959 in
742 905 822 958 his
850 903 1153 970 regionibus
1182 901 1375 954 frustra
1402 900 1670 968 requirat;
1714 898 1760 952 si

189 1017 319 1056 vero
349 998 545 1067 aliquid
574 1010 733 1064 super
754 995 834 1048 his
863 991 1213 1060 rescripserit,
1241 1004 1299 1043 se
1329 987 1760 1042 transmissurum

198 1092 492 1161 pollicetur.
526 1098 548 1122 ⁸
570 1086 889 1158 Contextam
921 1083 987 1136 de
1016 1095 1272 1148 agnorum
1307 1079 1505 1132 vellere
1530 1077 1760 1130 tunicam

198 1183 257 1234 ad
282 1179 540 1238 Severum
571 1175 712 1230 misit
761 1171 1036 1235 Paulinus,
1059 1185 1218 1239 quam
1264 1169 1366 1222 sibi
1413 1166 1479 1220 de
1523 1165 1762 1218 Melania:

198 1268 566 1324 benedictione
591 1266 779 1334 pignus
800 1277 916 1318 esse
938 1261 1167 1316 dicebat.
1195 1259 1272 1314 Ex
1320 1258 1560 1312 laudibus
1601 1257 1702 1310 sibi
1730 1270 1762 1312 a

196 1362 392 1416 Severo
420 1359 557 1413 datis
583 1357 608 1395 ιι
644 1356 814 1424 majus
859 1354 1078 1417 sumsit,
1134 1351 1276 1422 quod
1305 1365 1615 1420 responsum
1644 1363 1762 1402 ma-

199 1453 385 1507 nifeste
432 1449 645 1519 probat,
692 1445 1006 1501 humilitatis
1058 1450 1449 1511 argumentum.
1496 1437 1603 1492 Sed
1638 1437 1763 1493 huic

198 1542 359 1613 priori
407 1539 647 1610 epistola:
692 1535 897 1590 addidit
942 1534 1196 1596 alteram,
1228 1531 1533 1598 vigesimam
1563 1542 1762 1582 nonam

193 1633 416 1696 scilicet;
445 1632 500 1684 in
526 1645 629 1699 qua
657 1626 683 1667 θ’
705 1643 772 1683 ex
809 1626 984 1696 palliis
1004 1623 1330 1680 camelorum
1356 1621 1474 1691 pilis
1498 1619 1764 1675 contextis

194 1723 473 1776 materiam
499 1726 680 1788 captat
706 1732 765 1771 se
793 1713 1084 1771 conﬁtendi
1111 1720 1450 1783 peccatorem
1478 1709 1567 1778 qui
1598 1708 1764 1778 pinni-

1859 537 2082 606 aliquas,
2113 529 2313 592 dicatas
2340 538 2580 604 legimus.
2625 538 2834 593 Mortuo
2859 539 3022 594 Felici
3053 550 3078 589 (ι
3107 549 3316 596 erectus
3344 553 3422 596 est

1860 629 2096 682 tumulus
2125 629 2213 706 qui
2239 643 2367 681 sane
2399 644 2502 681 non
2534 629 2667 682 tanti
2695 629 2792 682 viri
2823 629 3053 695 meritis,
3090 631 3182 686 sed
3207 646 3425 700 Oppres-

1858 735 1932 773 sae
1962 718 2248 773 infidelium
2280 718 2738 787 persecutionibus
2764 719 3012 774 Ecclesia:
3033 721 3190 775 rebus
3217 721 3426 776 aﬂlictis

1860 809 2239 878 respondebat.
2273 809 2338 860 At
2361 808 2579 875 insignis
2608 811 2738 862 tanti
2768 811 2865 863 viri
2895 813 3062 864 virtus
3083 812 3274 878 exiguo
3299 800 3428 866 con?

1862 901 1970 955 dita
2012 900 2215 953 tumulo
2270 900 2591 954 ita'tnirilicc
2621 901 2842 966 enituit,
2885 911 2940 955 ut
2970 903 3115 957 brevi
3147 913 3167 941 τ
3193 905 3428 973 quinque

1861 992 2092 1046 basilicis
2147 991 2436 1044 adornatus
2492 991 2682 1057 fuerit,
2738 1007 2960 1060 quarum
3013 993 3216 1062 fastigia
3274 995 3430 1063 longe

1861 1090 2132 1150 aspectata
2162 1081 2307 1134 urbis
2334 1082 2564 1148 speciem
2594 1079 2964 1150 prcherebant.
3005 1082 3080 1137 De
3109 1085 3190 1137 his
3221 1094 3243 1120 ³
3276 1085 3430 1152 quin-

1862 1191 1966 1244 que
1995 1175 2226 1229 basilicis
2254 1176 2362 1242 agit
2389 1172 2638 1227 Paulinus
2669 1174 2720 1227 in
2747 1175 2856 1228 suis
2880 1177 3205 1230 carminibus
3232 1177 3298 1229 ab
3326 1177 3427 1230 ini-

1864 1267 1938 1320 tio
1964 1265 2087 1319 anni
2117 1264 2253 1331 599,
2309 1265 2448 1318 inter
2490 1279 2622 1332 quas
2664 1261 2802 1318 forte
2847 1265 3103 1334 capellam
3143 1265 3427 1334 quamdam

1864 1356 2282 1419 annumerabat,
2334 1370 2452 1424 quae
2480 1355 2605 1409 licet
2629 1354 2846 1409 basilica
2876 1371 2981 1409 non
3011 1355 3193 1420 fuerit,
3249 1372 3316 1410 eo
3351 1365 3432 1408 ta-

1863 1460 1984 1498 men
2017 1443 2232 1498 nomine
2260 1445 2436 1512 potuit
2467 1443 2790 1512 nuncupari,
2844 1443 3267 1511 quandoquidem
3306 1427 3428 1497 cum

1867 1538 1884 1571 ⁸
1907 1535 1974 1589 de
1999 1549 2134 1588 nova
2147 1533 2362 1587 basilica
2379 1533 2481 1587 hoc
2509 1547 2650 1586 anno
2671 1532 2908 1585 absoluta
2934 1531 3182 1601 loquitur,
3207 1540 3436 1600 quatuor

1863 1625 2091 1693 antiquis
2112 1624 2250 1678 hanc
2271 1623 2500 1676 additam
2531 1636 2647 1676 esse
2676 1623 2884 1675 asserit.
2923 1620 3028 1676 Sed
3049 1637 3147 1676 nec
3171 1622 3236 1675 ad
3262 1631 3435 1676 tumu-

1864 1716 1970 1769 lum
1997 1714 2053 1769 S.
2085 1713 2275 1768 Felicis
2301 1721 2330 1750 ιι
2359 1713 2593 1766 allluenti
2617 1713 2813 1782 populo
2833 1712 3165 1766 sulnciebant
3187 1714 3437 1782 (quatuor

193 1814 374 1867 tentia:
404 1811 588 1865 habitu
637 1820 692 1864 et
718 1808 903 1862 labore
932 1805 1222 1873 indigeret,
1255 1803 1414 1870 idque
1467 1801 1581 1856 fuse
1633 1801 1764 1856 satis
1795 1813 1840 1872 Β
1866 1808 1947 1860 vel
1977 1806 2231 1875 quinque)
2265 1805 2365 1858 illac
2393 1803 2624 1857 basilica:
2654 1818 2786 1872 quas
2816 1801 3003 1856 Nolam
3037 1802 3324 1855 adveniens
3352 1816 3438 1854 re—

189 1904 449 1974 explicat.
493 1898 776 1970 .Reliquad
807 1897 1134 1968 praeconium
1179 1894 1466 1949 coniiciunt
1511 1893 1764 1959 Melaniae,

196 1993 336 2048 'cui
367 1999 551 2060 utpote
582 1989 762 2043 Romae
791 1986 1141 2042 commoranti
1173 1985 1360 2037 timere
1399 1999 1456 2037 se
1480 1983 1624 2036 dicit.
1657 1981 1772 2036 Iloc

195 2097 411 2150 quoque
465 2096 627 2143 anno,
662 2095 759 2133 nec
805 2077 976 2131 serius
1023 2075 1087 2128 ad
1131 2073 1393 2128 Severum
1447 2073 1770 2141 trigesimum

195 2171 342 2224 misit
367 2169 646 2239 epistolam
696 2167 982 2230 Paulinus,
1037 2180 1196 2233 quam
1251 2164 1628 2231 Augustinus‘
1667 2172 1773 2218 tra-

185 2269 349 2313 ctans
377 2259 443 2313 de
471 2259 625 2328 wlpa
651 2257 899 2325 originali
926 2255 1108 2311 citavit
1139 2294 1151 2308 .
1183 2254 1250 2308 de
1280 2269 1341 2308 ea
1367 2253 1477 2323 jam
1504 2269 1664 2324 supra
1685 2255 1771 2308 di-

187 2357 346 2402 ctum
372 2356 454 2402 est
482 2363 601 2418 cap.
631 2347 719 2412 20,
753 2363 807 2400 n.
841 2345 892 2400 1.

265 2438 324 2492 4.
370 2437 667 2506 Rogaverat
691 2437 940 2501 Severus,
972 2445 1029 2491 ut
1057 2437 1341 2493 verisimile
1369 2447 1478 2502 est,
1513 2448 1536 2485 κ
1568 2435 1774 2490 Paulini

183 2539 249 2583 et
279 2529 552 2582 Therasiae
579 2526 868 2593 imagines,
920 2527 972 2581 in
1011 2543 1118 2596 quo
1137 2544 1271 2582 eum
1309 2529 1542 2584 insanire
1571 2543 1774 2596 expro-

185 2617 326 2672 brat
354 2617 634 2682 Paulinzs,
690 2618 960 2686 multaque
988 2634 1108 2671 eum
1137 2619 1360 2672 caritate
1389 2633 1526 2687 pene
1551 2618 1776 2670 delirum

186 2711 320 2765 ﬁeri
346 2727 360 2774 ;
405 2718 459 2764 et
489 2710 761 2777 ingeniose
781 2710 1101 2778 postulatum
1135 2709 1160 2745 ιι
1189 2709 1254 2763 de
1283 2710 1501 2763 homine
1527 2708 1781 2760 interiore

191 2801 568 2870 interpretans
595 2800 782 2864 eludit,
835 2815 900 2854 ac
927 2799 1084 2852 solita
1107 2807 1392 2853 venustate
1421 2806 1474 2852 et
1497 2797 1783 2851 sanctitate

175 2890 263 2945 de
312 2906 384 2945 eo
425 2891 680 2958 disputat.
727 2889 1012 2943 Concludit
1040 2889 1271 2956 denique
1297 2887 1489 2942 dicens
1526 2886 1538 2924 ί
1573 2885 1715 2954 quod
1739 2885 1784 2940 si

181 2989 394 3034 tantus
423 2994 572 3032 amor
599 2979 672 3030 illi
705 2986 788 3032 est
820 2979 1044 3033 visibilis
1073 2993 1290 3047 quoque
1329 2988 1546 3048 captare
1571 2977 1781 3041 solatia,

179 3067 414 3136 poterit
461 3080 557 3134 per
601 3066 884 3133 magistras
919 3065 1080 3118 animi
1111 3066 1190 3119 sui
1222 3067 1388 3121 lineas
1407 3066 1492 3119 vel
1522 3065 1780 3135 imperitis

1869 1904 2084 1966 pererat
2134 1895 2425 1948 Paulinus:
2477 1905 2500 1931 ν
2538 1910 2731 1948 novam
2781 1893 2959 1962 itaque
3007 1893 3207 1946 exstrui
3256 1893 3434 1960 jussit,

1873 2003 2033 2056 quam
2082 1987 2224 2056 apsis
2266 1987 2380 2040 solo
2428 1992 2483 2039 et
2529 1985 2820 2055 parietibus
2865 1991 3186 2036 marmorata
3229 1997 3437 2036 necnon

1872 2095 2082 2134 camera
2123 2079 2328 2132 musivo
2359 2077 2508 2130 illusa
2539 2074 2879 2136 clarificabat,
2908 2074 2993 2127 ubi
3023 2069 3254 2126 'I‘rini'la's
3280 2072 3437 2141 pleno

1872 2168 2190 2225 coruscabat
2233 2168 2489 2238 mysterio
2523 2184 2535 2218 :
2586 2167 2795 2219 Patrem
2834 2164 3049 2234 quidem
3080 2179 3185 2217 vox
3229 2178 3260 2216 e
3299 2163 3437 2215 nnb‘e

1876 2270 2086 2329 tonans,
2117 2261 2385 2316 Christum
2413 2272 2610 2325 agnus,
2642 2257 2895 2328 Spiritum
2920 2256 3164 2310 columba
3194 2253 3440 2320 designat-

1872 2356 1983 2409 bat.
2017 2354 2244 2408 Crucem
2275 2359 2530 2422 prmterea
2560 2365 2759 2404 corona
2790 2348 2963 2402 lucido
2989 2347 3232 2413 cingebat
3261 2345 3439 2413 globo,

1874 2445 1960 2498 cui
1996 2458 2208 2498 corona:
2256 2443 2466 2494 inerant
2511 2439 2740 2508 apostoli
2778 2438 2829 2491 in
2859 2437 3224 2491 columbarum
3277 2435 3442 2488 choro

1878 2532 2087 2600 figurati
2116 2550 2128 2584 :
2180 2540 2292 2584 tum
2319 2531 2386 2584 de
2411 2537 2560 2598 petra
2589 2537 2823 2596 quatuor
2850 2527 3100 2579 meabant
3133 2527 3307 2577 fontes
3334 2525 3444 2592 (ιιιῖ-

1876 2623 1975 2676 bus
1995 2623 2207 2676 stabant
2227 2621 2564 2686 evangelista:
2588 2626 2818 2686 quatuor
2835 2618 2951 2670 viva
2972 2616 3069 2670 Chi
3085 2617 3168 2668 isti
3191 2615 3403 2668 ﬂumina
3428 2632 3444 2679 ;

1878 2728 2066 2764 versus
2103 2713 2242 2764 enirn
2277 2711 2513 2778 inscripti
2541 2709 2652 2762 lucc
2681 2709 2858 2762 omnia
2898 2707 3254 2777 explicabant.
3305 2706 3446 2762 Intra

1882 2803 2117 2872 apsidem
2143 2811 2166 2844 ι
2202 2801 2494 2856 lrichorum
2531 2800 2806 2854 videbatur
2833 2799 3000 2853 altare
3027 2800 3078 2852 in
3104 2815 3209 2868 quo
3230 2807 3447 2853 sacratae

1882 2892 2247 2962 apostolorum
2287 2900 2340 2945 et
2357 2899 2658 2974 ‘martyrum
2697 2890 2931 2958 reliquis:
2960 2889 3246 2943 recondita:
3274 2896 3444 2953 erant,

1872 2989 2088 3038 necnon
2137 2982 2393 3050 particula
2434 2980 2498 3034 de
2527 2981 2667 3048 ligno
2695 2980 2869 3034 crucis
2903 2990 3058 3049 quam
3113 2977 3335 3031 Melania
3382 2979 3448 3032 ab

1883 3072 2212 3127 Hierusalem
2243 3073 2347 3126 hoc
2375 3071 2490 3140 ipso
2520 3085 2661 3124 anno
2691 3069 2757 3123 ad
2785 3085 2904 3123 eum
2936 3069 3218 3122 detulerat.
3255 3067 3447 3122 Totn‘m

172 3163 294 3211 ,ιυι
323 3155 692 3222 ignorantibus
705 3153 981 3209 Paulinum
1002 3162 1057 3209 et
1075 3154 1381 3209 Therasiam
1399 3154 1597 3208 dictare
1610 3153 1777 3222 ρίειο·
1805 3163 1851 3225 ρ
1882 3179 2011 3218 γει-ο
2039 3172 2189 3218 εχιη
2221 3162 2478 3217 concham
2508 3171 2534 3210 y
2816 3159 3042 3230 spatium
3073 3159 3182 3213 alto
3223 3167 3277 3212 ει
3307 3159 3451 3213 lacu.

188 3246 387 3305 ribus,
441 3244 754 3297 memoriam
793 3243 897 3296 illis
950 3243 1002 3296 in
1029 3258 1134 3311 qua
1178 3258 1274 3297 eos
1315 3243 1537 3297 haberet
1582 3245 1772 3312 pictos,

192 3338 358 3392 velut
397 3335 648 3390 imitanda
703 3334 770 3390 de
811 3335 1114 3404 conspicuis
1156 3335 1498 3390 assidentium
1547 3334 1779 3389 vultibus

190 3443 297 3482 ora
332 3440 656 3495 proponens.
702 3424 809 3480 Sed
828 3427 872 3478 si
901 3427 1070 3496 forte,
1101 3425 1286 3478 additi
1329 3425 1474 3478 idem
1505 3424 1776 3489 Paulinus,

195 3519 270 3571 ad
296 3515 616 3570 intellectum
652 3515 790 3568 verbi
836 3515 910 3567 tui
950 3515 1186 3570 inscitior
1214 3531 1397 3568 manus
1430 3516 1559 3568 artis
1584 3521 1605 3550 κ
1637 3531 1781 3568 erra-

187 3610 369 3673 urit,
406 3606 685 3659 dissimiles
706 3605 880 3676 pinget
905 3607 1064 3671 aliis;
1101 3607 1191 3659 tibi
1229 3615 1401 3659 tamen
1426 3603 1442 3642 ι
1472 3622 1564 3659 nos
1586 3621 1783 3674 semper

199 3702 384 3753 animo
425 3695 774 3751 consideranti
813 3704 864 3748 et
901 3697 1288 3767 complectenti,
1343 3695 1594 3768 quoslibet
1618 3696 1782 3750 vultus

203 3789 300 3841 sub
332 3797 510 3840 nostro
541 3787 748 3840 nomine
779 3787 1037 3856 imperitia
1075 3803 1169 3840 sua
1193 3787 1448 3857 pinxerit,
1500 3796 1668 3839 tamen
1696 3794 1784 3838 tua

197 3879 526 3931 conscientia
553 3894 646 3931 nos
670 3877 880 3932 erimus.
910 3875 1073 3947 quue
1093 3877 1322 3932 Severus
1344 3876 1531 3932 fecisse
1552 3878 1783 3942 videtur,

207 3967 643 4038 quandoquidem
669 3984 811 4024 anno
847 3968 1093 4038 sequenti
1118 3979 1153 4004 πη
1170 3967 1448 4022 Paulinum
1477 3969 1528 4021 in
1557 3969 1670 4021 aede
1701 3981 1788 4020 sa-

193 4074 309 4113 .cra
340 4059 481 4127 pingi
510 4068 794 4114 curaverat
820 4079 832 4112 :
872 4059 1014 4114 unde
1041 4060 1145 4114 hoc
1173 4075 1314 4114 anno
1341 4059 1594 4128 scriptam
1623 4057 1788 4111 fuisse

206 4149 515 4216 colligimus
568 4150 705 4204 hanc
753 4150 1037 4219 epistolam
1062 4189 1078 4215 ,
1126 4163 1284 4216 quam
1327 4163 1428 4202 nec
1467 4147 1634 4200 multo
1663 4152 1789 4199 ante

205 4239 558 4295 conscribere
582 4240 756 4308 potuit
787 4257 801 4304 ;
830 4255 936 4308 qua
963 4239 1104 4292 enim
1133 4253 1230 4306 spe
1252 4236 1531 4290 Paulinmn
1561 4234 1790 4288 adeundi

205 4331 513 4386 ducebatur
540 4331 787 4394 Severus,
823 4345 886 4384 ea
915 4345 1044 4384 sane
1070 4327 1312 4396 dejectus
1334 4334 1416 4381 est
1435 4341 1555 4380 eum
1583 4324 1791 4378 Paulini

1878 3265 2006 3310 nato
2025 3255 2256 3310 culmine
2276 3253 2501 3323 geminis
2521 3247 2787 3322 u'trimqne
2801 3250 3094 3321 porticibus
3107 3249 3448 3311 dilatabatur,

1880 3346 2076 3416 quibus
2121 3345 2319 3415 duplex
2349 3353 2446 3414 per
2473 3343 2712 3411 singulos
2753 3357 2911 3396 arcus
2947 3341 3272 3408 dirigebatur
3316 3341 3450 3394 ordo

1880 3437 2267 3491 columnarum.
2325 3444 2347 3470 ι
2399 3432 2652 3487 Cubicula
2701 3434 2838 3486 intra
2885 3431 3122 3498 porticus
3167 3437 3450 3497 quaterna,

1882 3527 2054 3596 longis
2100 3525 2332 3580 basilica:
2376 3524 2627 3578 lateribus
2655 3524 2888 3585 inserta,
2937 3520 3157 3576 secretis
3186 3520 3452 3574 orantium

1882 3618 1966 3671 vel
1989 3617 2042 3670 in
2071 3608 2186 3684 lege
2218 3615 2425 3669 Domini
2453 3613 2850 3675 tlieditantium,
2892 3619 3146 3681 prseterea
3180 3611 3455 3664 memoriis

1882 3706 2250 3771 religiosorum
2293 3719 2356 3757 ac
2385 3702 2755 3766 familiarium,
2787 3711 3196 3755 accommoaatos
3220 3695 3288 3752 ad
3313 3702 3456 3770 pacis

1885 3805 2091 3850 wterna:
2114 3796 2338 3866 requiem
2359 3793 2494 3846 locos
2515 3791 2822 3863 praebebant.
2859 3791 3058 3845 Deinde
3085 3801 3205 3845 cum
3236 3801 3290 3828 η
3316 3789 3457 3843 dua-

1885 3889 1985 3942 bus
2029 3886 2218 3941 dextra
2259 3886 2494 3953 ltevaque
2539 3884 2816 3939 conchulis
2858 3884 2998 3938 intra
3044 3883 3336 3951 spatiosum
3375 3881 3457 3952 sui

1887 3976 2145 4029 ambitum
2179 3975 2320 4029 absis
2366 3975 2576 4027 sinuata
2622 3973 2940 4027 Iaxabatur:
2995 3972 3207 4024 sinistra
3245 3970 3458 4038 quidem

1888 4073 2106 4120 orantes
2161 4072 2216 4117 et
2262 4065 2431 4132 legem
2479 4072 2717 4118 sanctam
2774 4062 3092 4116 meditantes
3145 4061 3456 4130 recipiebat,

1889 4154 2077 4208 dextra
2107 4167 2234 4206 vero
2277 4151 2574 4204 immolanti
2615 4149 2950 4218 jubilationis
2996 4149 3200 4201 hostias
3235 4147 3458 4199 anti:titi

1892 4243 2130 4314 patebat,
2164 4244 2329 4296 instar
2357 4240 2673 4296 veneranda:
2700 4254 2869 4310 penus
2888 4254 2991 4308 qua
3013 4237 3380 4293 condebantur
3407 4245 3462 4290 et

1889 4349 1994 4403 qua
2018 4333 2400 4403 promebantur
2428 4332 2563 4386 sacri
2602 4330 2882 4385 ministerii
2911 4345 3034 4384 vasa
3067 4337 3123 4384 et
3149 4336 3460 4384 ornamzsnta

209 4422 505 4492 imaginem
537 4422 840 4491 postulavit.
883 4421 998 4475 Non
1019 4427 1239 4489 apparet
1263 4434 1292 4472 a
1313 4433 1420 4487 quo
1448 4416 1652 4471 reddita
1681 4415 1794 4472 fue-
1846 4447 1873 4475 ο
1893 4424 1960 4480 ad
1988 4424 2155 4478 altare
2183 4422 2490 4478 deferenda.

209 4514 286 4568 ῐίι
330 4514 447 4567 hinc
493 4513 717 4582 θρίειυιδ
737 4553 752 4579 ο
811 4527 910 4568 nec
935 4527 1002 4566 ea
1038 4512 1203 4566 unum
1225 4509 1388 4564 ιηώεῑ
1415 4508 1650 4563 δίεῑοΐὶὶε
1677 4523 1793 4562 ωο-
1821 4524 1868 4583 D
1963 4516 2016 4570 2.
2049 4517 2105 4570 In
2137 4514 2307 4571 hach
2339 4530 2473 4568 nova
2498 4515 2715 4570 basilica
2740 4513 3010 4582 antiquam
3042 4524 3233 4578 tegem,
3260 4510 3363 4563 hoc
3384 4516 3466 4563 est

209 4608 555 4656 numcntum.

783 4727 1012 4783 CAPUT
1065 4727 1219 4782 XLII.

213 4849 389 4904 Juxta
418 4849 480 4904 S.
515 4849 707 4903 Felicis
754 4849 1000 4903 tumulum
1032 4865 1215 4904 novam
1259 4850 1524 4904 basilicam
1565 4849 1796 4904 construi

356 4920 506 4990 jubet
539 4918 807 4973 Paulinus.
836 4937 1046 4974 eamaue
1067 4921 1222 4973 variis
1242 4930 1394 4973 ornat
1425 4921 1653 4972 victuris.

1902 4619 1953 4647 ει·
1972 4606 2344 4670 Pentateucbi,
2367 4604 2528 4659 Josue
2557 4605 2743 4681 et'Rut
2772 4603 3050 4667 historias,
3071 4601 3126 4637 δά
3155 4600 3348 4655 additis
3376 4615 3464 4653 ar-

1897 4698 2190 4768 gumentis,
2218 4697 2431 4766 depingi
2459 4697 2628 4750 voluit
2657 4695 2911 4749 Paulinus
2939 4695 2992 4748 in
3022 4692 3247 4760 gratiam
3277 4707 3466 4745 eorum

1897 4791 1988 4858 qui
2015 4789 2081 4842 ad
2115 4787 2172 4842 S.
2210 4787 2400 4842 Felicis
2430 4786 2622 4842 festum
2653 4786 2885 4855 undique
2915 4785 3136 4852 singulis
3171 4783 3324 4836 annis
3346 4781 3468 4836 illuc

1897 4877 2354 4944 conﬂuebant,qui
2381 4876 2594 4944 quidem
2612 4874 2778 4929 ferme
2797 4889 2984 4928 omnes
3007 4884 3062 4911 οε
3084 4871 3265 4926 rustici
3295 4878 3466 4931 erant,

1901 4968 2145 5036 adeoque
2165 4966 2326 5021 rudes
2345 4974 2399 5021 et
2431 4965 2747 5035 imperiti,ut
2775 4964 2971 5033 aliquid
2999 4963 3232 5018 maxime
3253 4960 3470 5028 religio.

294 5051 404 5121 74
434 5051 484 5104 l.
511 5049 628 5104 Jam
648 5050 916 5114 Paulinus,
938 5061 1032 5105 ut"
1053 5069 1209 5122 supra
1241 5053 1494 5120 diximus,
1525 5053 1801 5122 adjunctas
1901 5074 2017 5114 sum
2063 5057 2320 5112 ducerent
2352 5072 2513 5125 super
2540 5056 2772 5109 tumulos
2796 5063 3102 5110 sanctorum
3129 5069 3339 5108 mensas
3365 5052 3469 5121 75

213 5141 289 5195 ad
313 5141 369 5195 S.
386 5140 585 5196 Felicis
612 5143 892 5196 ecclesiam
923 5143 1064 5197 mdes
1095 5159 1234 5196 anno
1255 5143 1358 5197 400
1384 5155 1662 5200 exstruere
1690 5159 1800 5199 cm-

214 5241 400 5303 perat,
431 5248 569 5301 quas
595 5243 619 5268 ο
652 5235 812 5288 tertio
840 5242 961 5304 post
989 5250 1158 5299 anno,
1193 5236 1397 5292 scilicet
1424 5236 1560 5303 402,
1589 5238 1803 5292 absolu-

298 5374 324 5401 ³
365 5363 464 5434 Ep.
496 5363 606 5431 29,
660 5382 715 5419 n.
768 5363 1122 5434 5.7blbidi.,
1178 5366 1358 5434 n.7l;
1417 5374 1473 5419 et
1516 5381 1602 5434 cp.
1651 5364 1756 5427 28,
1809 5379 1869 5434 tt.

216 5451 276 5487 ιι.
322 5434 399 5486 I3.

224 5571 356 5624 187.
437 5575 463 5622 li
493 5573 673 5628 Carm.
707 5571 794 5636 18,
821 5589 871 5625 v.
902 5573 1020 5624 170.
1106 5583 1121 5607 τ
1150 5572 1310 5636 Ibid.,
1343 5590 1393 5627 v.
1420 5571 1540 5627 I70.
1617 5583 1638 5608 '
1671 5572 1800 5625 Ibid.

320 5431 427 5514 I3:
486 5434 659 5556 ‘Aulg.
688 5451 772 5503 cp.
809 5433 925 5498 I86,
957 5452 1010 5488 ιι.
1044 5433 1111 5486 40
1184 5444 1208 5481 8
1239 5433 1443 5488 Paulin.
1478 5431 1564 5504 ep;
1598 5434 1684 5499 50,
1715 5452 1766 5487 n.
1796 5433 1850 5486 2.
1927 5431 1953 5469 ι’
1982 5433 2112 5488 Ibid.

320 5504 469 5556 ilicis.
556 5503 569 5540 ι
629 5503 765 5556 ‘orte
793 5504 1070 5556 legendum
1100 5513 1289 5556 autem.
1363 5514 1399 5540 ιη
1431 5503 1527 5556 En.
1560 5503 1646 5556 52.
1679 5520 1730 5555 n.
1761 5503 1811 5555 2.
1889 5511 1914 5539 η
1946 5502 2112 5556 Can.E

219 5504 469 5572 artiﬁcis.
556 5503 569 5540 ι
605 5503 765 5558 Forte
793 5504 1070 5571 legendum
1100 5513 1289 5557 autem.
1363 5514 1399 5540 ιη
1431 5503 1527 5572 Ep.
1560 5503 1646 5565 52,
1679 5520 1730 5555 n.
1761 5503 1811 5555 2.

1882 5148 1884 5152 ’
1903 5156 2127 5209 struere,
2159 5155 2213 5200 et
2233 5146 2472 5200 convivia
2493 5152 2761 5200 sectantes
2781 5144 2832 5198 in
2859 5145 2986 5212 ipsis
3006 5143 3240 5198 basilicis
3261 5150 3470 5196 noctem

1906 5237 1959 5290 in
1988 5236 2158 5306 epulis
2180 5236 2492 5304 crebrisque
2515 5236 2878 5305 potationibus
2904 5249 3240 5290 consumere.

1925 5363 1978 5418 4.
2058 5375 2079 5403 ε
2116 5363 2214 5434 Ep.
2256 5364 2362 5428 29,
2396 5365 2505 5419 n.l
2548 5374 2602 5419 et
2631 5363 2681 5417 4.
2759 5366 2783 5398 ’⁸
2812 5362 2966 5426 Ibid.,
3011 5380 3063 5417 n.
3105 5360 3157 5414 6.
3237 5368 3261 5394 θ
3301 5355 3468 5419 Ibid.,

1927 5431 1953 5469 ιι
1982 5433 2112 5488 Ibid.
2198 5435 2211 5471 ί
2249 5431 2401 5500 Ibid.,
2457 5452 2510 5488 n.
2539 5434 2592 5488 6.
2670 5435 2683 5483 ἰ
2721 5433 2854 5487 Ibid.
2933 5425 3472 5500 kﬁl‘orlpdegendﬁum

1889 5511 1914 5539 η
1942 5502 2073 5573 ρει).
2095 5504 2180 5569 57,
2203 5521 2254 5557 ιι.
2289 5503 2340 5557 3.
2390 5493 2636 5573 'uCai-m.
2669 5500 2837 5573 25.3,.
2870 5499 3029 5573 26s“
3049 5511 3070 5544 ι’
3102 5496 3257 5559 Ibid.,
3286 5511 3338 5548 v.
3365 5493 3475 5573 get

1883 5575 1912 5642 l_
1935 5561 2036 5642 Ep:
2077 5561 2179 5636 '52,
2212 5590 2264 5626 η.
2302 5573 2383 5626 10.
2464 5582 2488 5608 ⁸³
2519 5572 2697 5642 Carm.
2730 5561 2815 5634 I8,
2845 5564 3033 5642 v_._182
3056 5573 3156 5642 iAet
3183 5579 3347 5642 carl!!-
3377 5561 3470 5629 94,

219 5657 296 5719 1.”
315 5641 536 5719 491.___v
570 5641 667 5712 Ep.
701 5631 792 5719 53;
823 5659 875 5695 η.
920 5641 1020 5719 te;
1071 5649 1264 5719 etnnot.
1298 5631 1517 5719 ἰξυῖ-,ξ
1547 5643 1778 5719 lbidzmr

1877 5631 2433 5719 id_._,_'n.l2._._:lbid.
2511 5641 2752 5707 "Ibid.,
2789 5631 2841 5691 II.
2869 5637 2935 5690 is
2963 5643 3018 5690 et
3049 5633 3133 5689 I6.
3210 5631 3473 5719 bbCann.

221 5709 323 5775 23,
351 5728 398 5765 v.
434 5712 554 5765 175.

635 5724 687 5749 τε
720 5710 898 5765 Carm.
921 5710 1006 5777 2’s,
1041 5728 1088 5764 v.
1123 5709 1242 5764 517.
1317 5709 1372 5748 δά
1403 5711 1556 5773 Ibid.,
1585 5727 1632 5764 v.
1665 5709 1752 5765 58.
1832 5721 1886 5749 εε
1913 5711 2065 5776 Ibid.,
2103 5729 2151 5764 v.
2183 5710 2284 5766 5H
