4056 6358
621 352 694 416 99

744 464 876 525 Ergo
900 463 1101 523 [Volunt
1119 462 1239 510 obiti
1260 462 1388 522 quod
1411 459 1704 525 damnavere
1739 456 1993 525 magistri?

632 578 637 581 _
744 522 910 575 Mensa
934 525 1064 573 I’elri
1092 525 1266 584 recipit
1288 530 1415 584 quot
1442 522 1575 570 l'etri
1597 522 1770 582 dogma
1794 523 2004 569 re”utat!

622 629 887 685 exclamat
909 625 1160 680 Paulinus
1188 636 1228 677 τ’.

695 721 791 774 llic
828 719 1024 773 abusus
1064 717 1114 768 in
1154 715 1177 751 ι)
1208 714 1448 783 Ecclesia
1474 712 1587 780 jam
1625 712 1848 765 multum
1878 710 2197 773 invalnerat,

621 811 901 877 fueratque
933 816 955 844 ο
982 821 1011 858 a
1037 803 1094 858 S.
1121 803 1404 857 Ambrosio
1427 800 1717 854 Mediolani
1746 799 1984 852 sublatus
2001 839 2014 863 ,
2058 799 2203 851 aliis-

622 916 727 969 que
755 895 1124 966 compluribus
1167 894 1218 946 in
1242 892 1374 945 locis
1395 906 1423 943 a
1450 889 1681 959 propriis
1706 887 1995 958 episcopis.
2041 886 2204 940 Eum-

619 991 739 1044 dem
768 987 918 1043 omni
943 985 1120 1041 studio
1152 982 1175 1019 ά
1213 984 1278 1037 ab
1302 980 1536 1035 Ecclesia
1564 978 1812 1032 Africana
1840 977 2071 1032 removit
2093 977 2202 1030 An—

619 1079 896 1148 gnstinns,
929 1076 1025 1130 sed
1052 1075 1219 1141 magis
1247 1071 1489 1127 docendo
1514 1086 1671 1139 quam
1698 1068 1969 1137 jubendo,
2002 1075 2057 1121 et
2085 1083 2203 1122 mo-

621 1169 799 1224 nendo
818 1182 979 1237 quam
1008 1164 1279 1218 minando.
1313 1160 1570 1217 Eamdem
1592 1161 1731 1213 viam
1755 1158 1926 1213 tenuit
1947 1156 2203 1212 Paulinus

620 1262 815 1317 eodem
845 1261 1023 1313 animo
1053 1257 1313 1310 allectus:
1355 1263 1378 1290 ο
1412 1262 1576 1307 totam
1613 1251 1888 1305 basilicam
1920 1249 2087 1305 variis
2115 1266 2204 1304 or-

623 1351 771 1406 navit
799 1347 1044 1419 picturis,
1099 1353 1156 1398 nt
1186 1342 1374 1397 rustici
1410 1357 1441 1395 a
1470 1340 1582 1395 suis
1612 1340 2105 1409 compotationibns
2135 1339 2203 1394 ad

622 1441 737 1495 hmo
764 1454 898 1494 nova
928 1432 1342 1503 contemplanda
1389 1430 1608 1486 abducti
1654 1429 1723 1483 ad
1757 1429 1923 1483 vitam
1969 1428 2206 1482 sanctio-

621 1545 738 1584 rem
783 1526 1231 1596 temperantiores
1274 1521 1399 1576 facti
1453 1527 1912 1575 converterentur.
1971 1516 2204 1585 Hujusce

621 1618 878 1688 temporis
904 1615 1156 1678 basilicae,
1189 1613 1355 1683 ipsius
1383 1609 1591 1663 Paulini
1620 1607 1635 1645 ί
1664 1607 1994 1675 testimonio,
2020 1607 2203 1661 orien-

622 1721 732 1767 tem
761 1711 1075 1782 plerumque
1113 1705 1427 1775 spectabant
1452 1719 1465 1767 ;
1504 1701 1570 1757 ab
1599 1716 1696 1754 usu
1728 1707 1903 1753 tamen
1932 1698 2204 1753 communi

622 1802 881 1859 recedens
904 1808 928 1845 ε
960 1797 1211 1851 Paulinus
1239 1808 1432 1849 novam
1464 1789 1737 1845 basilicam
1758 1804 1946 1843 versus
1974 1786 2031 1841 8.
2064 1786 2205 1841 Feli-

1641 348 1697 402 S.
1738 344 2077 401 PAULINUS
2115 344 2430 402 NOIANUS
2467 342 2858 411 EPISCOPUS.

3782 355 3880 416 100

2234 469 2280 524 Α
2309 460 2401 513 lini
2426 476 2585 514 manu
2615 461 2856 532 inscripti
2886 477 3102 529 versus,
3131 460 3221 535 qui
3248 474 3303 520 et
3333 482 3453 522 eam
3482 470 3804 540 ampliorem
3832 483 3885 527 et

2303 552 2616 607 lucidiorem
2647 553 2909 608 redditam
2938 555 3099 611 fuisse
3128 557 3422 613 declarant.
3480 560 3635 617 Hanc
3670 565 3833 617 etiam
3856 574 3878 602 ³

2302 644 2542 712 depinxit
2582 643 2866 708 Paulinus,
2906 648 2924 681 ί
2964 648 3033 700 ita
3062 656 3119 701 ut
3146 663 3298 716 reque
3327 666 3460 704 nova
3492 666 3556 706 ac
3599 653 3773 707 altera
3800 669 3883 723 ap-

2303 742 2516 803 pareret
2553 752 2564 786 :
2599 735 2649 788 in
2681 750 2739 787 ea
2763 744 2790 771 ιι
2823 736 2958 790 ’Νονί
2986 737 3073 791 Te.
3092 741 3311 793 tamenti
3333 741 3440 810 76
3468 741 3754 796 historiam
3800 743 3882 798 de-

2303 824 2514 891 scripsit
2537 841 2551 889 ;
2601 832 2657 878 et
2692 835 2718 861 ν
2759 828 2857 879 sub
2883 827 3067 881 altaris
3089 843 3274 882 mensa
3303 830 3515 885 eineres
3543 841 3602 885 et
3630 833 3879 901 reliquias

2303 913 2400 968 SS.
2428 912 2686 969 Johannis
2724 916 2975 985 Baptista:
2999 959 3013 984 ,
3070 918 3294 973 Andrea:
3320 962 3334 987 ,
3384 920 3605 975 Thema:
3633 965 3646 988 ,
3707 922 3877 989 Lucas,

2303 1003 2585 1072 Agricolae,
2616 1004 2824 1071 Vitatis,
2851 1004 3065 1061 Proculi
3091 1007 3321 1077 Nazarii,
3349 1018 3399 1064 et
3433 1009 3769 1081 Euphemize,
3791 1013 3878 1069 de-

2302 1095 2501 1164 posuit.

2370 1182 2424 1235 ‘2.
2456 1182 2588 1237 Tres
2618 1191 2645 1219 ι
2679 1184 2910 1239 habebat
2948 1186 3061 1241 hme
3087 1187 3306 1242 basilica
3337 1189 3528 1243 aditus.
3586 1189 3628 1242 E
3662 1191 3878 1259 regione

2303 1272 2538 1327 basilica:
2567 1284 2756 1328 uerte!
2781 1282 2890 1329 tres
2916 1284 3071 1330 erant
3097 1277 3311 1334 aditus:
3340 1288 3361 1315 ι
3393 1281 3647 1334 ostiolum
3679 1290 3798 1335 erat
3815 1297 3877 1335 ex

2302 1362 2471 1417 altera
2500 1371 2654 1433 parte
2681 1379 2785 1433 qua
2813 1364 2881 1419 de
2929 1366 3145 1422 hortulo
3188 1365 3399 1423 Paulini
3438 1371 3590 1439 quasi
3640 1372 3875 1441 privatus

2304 1454 2646 1521 aperiebatur
2672 1454 2959 1521 ingressus.
2983 1453 3250 1511 Przeterea
3273 1466 3327 1495 ιι
3357 1458 3563 1526 majora
3590 1459 3706 1514 duo
3732 1469 3875 1529 pate-

2304 1543 2436 1596 bant
2480 1543 2617 1596 ostia
2657 1543 2726 1597 ad
2769 1544 3094 1615 praecipuum
3117 1549 3310 1601 atrium
3339 1548 3391 1601 in
3416 1563 3528 1617 quo
3553 1547 3618 1588 δι’
3647 1550 3873 1605 obscuro

2305 1630 2480 1685 fuerat
2541 1640 2684 1687 tecto
2714 1634 2985 1703 porticus,
3037 1651 3157 1703 quae
3182 1635 3391 1691 Paulini
3432 1653 3560 1693 cura
3601 1648 3662 1693 et
3707 1640 3873 1694 studio

2305 1723 2472 1775 crevit
2501 1722 2784 1791 pigmentis
2810 1732 2971 1794 atque
2994 1726 3308 1792 culmine,cc
3326 1743 3499 1798 eaque
3529 1729 3748 1786 videtur
3775 1747 3872 1785 non

2306 1810 2469 1865 fuisse
2497 1822 2704 1881 operta.
2735 1812 2849 1868 Non
2872 1815 3059 1883 procul
3079 1816 3276 1871 abhinc
3294 1826 3447 1872 vetus
3467 1827 3586 1873 erat
3606 1819 3665 1856 δά
3691 1802 3872 1874 hortu-

622 1894 701 1949 eis
728 1892 1009 1947 ecclesiam
1039 1888 1325 1942 exstruxit.
1361 1882 1385 1920 ιλ
1428 1882 1631 1936 Novam
1672 1880 1896 1978 aveteri
1925 1877 2201 1978 cujusdam
2235 1866 2277 1927 Β
2303 1901 2387 1957 lus
2415 1909 2469 1955 et
2501 1866 2707 1957 aleris
2736 1866 3871 1978 ³1ὲῶζῶἇῦΓί

624 1983 989 2048 monumenti,
1039 1978 1223 2035 abside
1275 1976 1623 2051 interposita,
1679 1972 1986 2027 obstructus
2027 1969 2203 2039 paries

622 2073 942 2131 excludebat
969 2070 1140 2125 tribus
1163 2066 1344 2136 januis
1375 2064 1672 2134 patefactus
1702 2077 1733 2115 a
1762 2061 1932 2115 latere
1962 2059 2201 2113 basilicae

621 2163 681 2220 8.
712 2164 943 2219 Felicis:
994 2159 1249 2214 Paulinus
1298 2155 1522 2212 totidem
1550 2169 1580 2207 a
1616 2152 1793 2208 fronte
1823 2154 2093 2219 ingressus
2120 2149 2203 2204 sui

622 2256 827 2312 toribus
861 2268 1058 2309 novam
1081 2249 1368 2316 reseravit,
1421 2255 1478 2301 et
1515 2246 1734 2317 paribus
1763 2244 1915 2299 trinis
1953 2240 2227 2308 arcubus,

624 2351 816 2422 quibus
844 2356 956 2403 tota
979 2347 1094 2400 haec
1120 2343 1342 2399 basilica
1371 2341 1425 2394 in
1448 2339 1728 2399 basilicam
1759 2334 2042 2392 memorati
2082 2349 2206 2389 con-

624 2441 843 2498 fusoris
867 2438 1181 2508 perlucente
1199 2439 1497 2487 transenna
1518 2428 1860 2499 aperiebatur
1876 2467 1891 2490 ,
1913 2424 2058 2494 quod
2085 2424 2201 2479 dia-

625 2535 805 2590 tritam
831 2531 995 2587 veluti
1023 2528 1256 2599 speciem
1292 2525 1360 2579 ab
1387 2532 1615 2593 utraque
1660 2522 1712 2576 in
1753 2528 2034 2588 utramque
2079 2533 2202 2588 spe-

621 2625 888 2683 ctantibus
917 2620 1189 2678 laetissimo
1218 2614 1492 2687 praebebat
1533 2620 1773 2684 aspectu.
1814 2610 1829 2648 ι
1872 2610 1930 2664 In
1952 2609 2080 2680 ipsis
2104 2609 2201 2662 ba-

620 2716 782 2772 silica:
807 2727 958 2768 nova:
986 2707 1314 2779 ingressibus
1341 2705 1530 2761 dextra
1560 2703 1800 2772 kevaqne
1826 2714 2043 2756 crucem
2066 2697 2203 2752 Pau-

622 2804 762 2858 linus
787 2802 954 2856 minio
986 2799 1342 2868 depinxerat,
1387 2809 1506 2865 qua:
1537 2791 1783 2848 ﬂorifera:
1826 2804 2041 2846 corona:
2069 2789 2202 2843 orbe

622 2894 955 2961 cingebatur,
1006 2891 1159 2957 signo
1188 2886 1392 2942 caelesti
1412 2883 1837 2954 superstantibus
1865 2880 2144 2936 columbis.
2176 2877 2190 2929 i

622 2983 767 3039 Intra
792 2983 962 3051 ipsam
987 2987 1329 3034 transennam
1358 2991 1463 3044 qua
1491 2975 1654 3028 breve
1683 2972 1832 3036 illud,
1882 2970 2027 3039 quod
2068 2985 2199 3039 pro-

619 3076 850 3146 pinquas
872 3072 970 3126 sibi
996 3070 1242 3125 basilicas
1270 3066 1450 3137 potius
1477 3063 1829 3124 discludebat,
1861 3060 2198 3114 intervallum

619 3164 1040 3222 contionabatur
1063 3203 1080 3228 ,
1126 3157 1467 3215 interﬂuebat
1505 3155 1624 3210 fons
1662 3153 1715 3207 in
1743 3168 1924 3208 sacras
1949 3151 2093 3206 aades
2119 3152 2195 3205 in-

619 3258 879 3314 trantinm
927 3223 1204 3310 abluendis
1251 3249 1496 3306 manibus
1564 3247 1855 3317 ocibnsque
1926 3245 2193 3313 lavandis,
2222 3223 2267 3286 Ο

500 3349 510 3364 ⁸
616 3348 644 3389 ι
658 3350 750 3419 qui
779 3349 953 3402 fontes
975 3362 1039 3402 ex
1056 3344 1280 3399 adversa
1296 3344 1470 3397 lronte
1487 3340 1670 3409 templi
1690 3355 1754 3394 ea
1776 3346 1936 3393 a3tate
1956 3337 2201 3406 frequen-

613 3450 698 3498 tes
724 3446 907 3504 erant,
960 3444 1016 3491 et
1055 3436 1349 3491 etiamnum
1376 3433 1623 3489 visuntur
1645 3432 1697 3485 in
1725 3429 2114 3486 cathedralium
2138 3436 2198 3483 et

570 3518 575 3521 ’
611 3532 1001 3603 prmeipnarum
1029 3527 1379 3584 ecclesiarum
1421 3525 1573 3580 atriis
1592 3564 1611 3590 ,
1666 3520 1686 3562 ι
1733 3523 1924 3594 bisque
1962 3521 2198 3578 fontibus

607 3620 869 3677 successit
889 3633 985 3672 vas
1011 3633 1163 3688 aquae
1185 3616 1421 3671 lustralis
1439 3613 1507 3669 ad
1534 3614 1858 3670 vestibulum
1887 3613 2071 3683 templi
2100 3628 2196 3683 ap-

611 3712 743 3783 poni
762 3711 1001 3766 solitnm.
1029 3708 1229 3763 Praeter
1255 3709 1557 3776 ingressum
1583 3707 1676 3775 qui
1697 3714 1814 3760 erat
1840 3720 1869 3759 a
1900 3706 2069 3760 latere
2096 3706 2192 3759 ba-

606 3803 776 3860 silica:
804 3800 860 3856 8.
892 3800 1103 3862 Felicis,
1136 3799 1272 3853 alter
1299 3799 1516 3868 patebat
1539 3797 1731 3862 aditus,
1748 3805 1788 3834 ω
1807 3795 1958 3866 cujus
1977 3795 2195 3864 jannam

605 3890 956 3963 .snperttabat
983 3905 1117 3945 crux
1142 3896 1429 3945 coronata.

1183 4024 1413 4082 CAPUT
1442 4024 1621 4080 XLIII.

610 4080 872 4178 Paulinus
894 4121 1159 4192 antiquam
1293 4117 1487 4192 Felicis
1534 4115 1815 4192 basilicam
1845 4118 2060 4192 picturis
2103 4115 2195 4170 ad-

670 4202 849 4257 ornat,
880 4199 929 4246 et
951 4186 1078 4262 [oris
1103 4188 1335 4259 pluribus
1360 4188 1648 4242 circumdat
1676 4186 1935 4257 adiﬁciis.

2302 2001 2356 2047 et
2381 2008 2447 2048 eo
2478 1994 2581 2048 loci
2614 2003 2669 2033 η
2700 2011 2865 2050 novas
2879 1997 3385 2054 exstruxitdomos:
3415 2000 3636 2071 insuper
3670 2000 3722 2039 η
3755 2016 3872 2056 area

2300 2083 2565 2155 qnmdam,
2587 2099 2704 2153 qua:
2718 2084 2865 2154 largo
2881 2086 3232 2155 perlnndebat
3244 2088 3444 2145 lumine
3456 2104 3668 2145 sacram
3687 2092 3869 2157 aedem,

2299 2190 2417 2243 quae
2447 2176 2738 2244 porticibus
2763 2191 2971 2230 necnon
3010 2186 3065 2225 σε
3087 2177 3283 2248 duplici
3330 2180 3562 2247 tegmine
3588 2181 3745 2235 cellis
3785 2196 3871 2250 per

2301 2266 2620 2320 vestibulum
2650 2267 2971 2321 coeuntibus
3007 2268 3336 2337 cingebatur.
3388 2267 3515 2323 Erat
3542 2277 3601 2324 et
3628 2271 3798 2325 altera
3818 2268 3871 2308 ³³

2256 2390 2259 2391 ν
2302 2357 2479 2411 minor
2498 2373 2647 2423 area,
2668 2357 2761 2412 sed
2783 2358 2928 2413 cultu
2950 2358 3140 2429 major,
3171 2360 3411 2427 interior,
3437 2371 3493 2415 et
3516 2362 3684 2415 veluti
3706 2364 3870 2417 tribus

2297 2453 2482 2518 juncta
2512 2450 2748 2504 basilicis
2772 2488 2787 2514 ,
2836 2465 2906 2504 ex
2934 2466 3042 2504 uno
3065 2450 3307 2520 pandens
3335 2451 3578 2507 diversos
3606 2452 3786 2506 aditus
3811 2452 3871 2511 ad

2300 2555 2491 2595 omnes
2516 2581 2532 2608 ,
2587 2539 2944 2608 circumiectis
2986 2541 3149 2595 etiam
3203 2548 3393 2595 ornata
3424 2532 3736 2610 porticibus
3759 2557 3872 2611 qua:

2302 2632 2654 2688 fulcieba‘ntnr
2682 2633 2943 2687 columnis
2986 2633 3330 2697 marmoreis,
3383 2634 3577 2703 quibus
3619 2634 3869 2704 imposita

2301 2734 2456 2780 erant
2508 2723 2554 2762 “
2583 2724 2852 2794 duplicato
2897 2725 3129 2793 tegmine
3186 2726 3461 2781 cmnacnla
3501 2727 3673 2779 sacris
3727 2726 3870 2796 quasi

2302 2816 2470 2871 tectis
2497 2815 2827 2884 contignata,
2857 2823 2911 2870 et
2938 2815 3006 2870 de
3030 2816 3237 2885 superis
3264 2815 3512 2871 fenestris
3539 2816 3715 2871 altare
3752 2831 3870 2885 spe-

2300 2907 2521 2973 ctantia,
2543 2908 2594 2960 in
2620 2906 2813 2977 quibus
2849 2906 2895 2957 il
2927 2906 3335 2976 hospitabantnr
3352 2907 3445 2976 qui
3473 2906 3538 2961 ad
3570 2907 3867 2977 sepulcrum

2300 2994 2358 3049 S.
2384 2994 2608 3063 iFelicis
2654 2996 2818 3050 Deum
2876 2996 3122 3064 religiose
3182 2996 3451 3065 precaturi
3519 2997 3865 3051 accedebant.

2303 3083 2358 3122 υ
2387 3085 2443 3139 In
2474 3101 2596 3142 area
2618 3086 2754 3139 varii
2784 3096 2941 3140 erant
2970 3087 3142 3140 fontes
3162 3101 3224 3141 ac
3251 3087 3556 3157 multiplicis
3584 3087 3795 3155 formae,
3819 3096 3869 3143 et

2300 3179 2533 3234 maxime
2556 3177 2857 3249 prmlucens
2877 3177 3165 3234 cantharus
3184 3192 3341 3250 quem
3364 3177 3664 3235 cancellato
3696 3178 3870 3249 tegmi-

2301 3289 2367 3328 ne
2403 3289 2550 3327 mnea
2599 3273 2810 3340 tegebat
2853 3272 3033 3337 turris.
3095 3267 3408 3341 Complures
3448 3270 3496 3310 ιι
3533 3271 3869 3327 adstruxcrat

2296 3367 2551 3423 Paulinus
2575 3369 2834 3423 cisternas
2854 3409 2872 3434 ,
2923 3381 3041 3436 qum
3069 3366 3328 3435 pluviales
3354 3365 3668 3435 exciperent
3708 3380 3870 3435 aquas

2305 3466 2359 3515 et
2383 3460 2435 3514 in
2466 3459 2566 3513 bos
2589 3457 2764 3513 fontes
2791 3455 3165 3523 refunderent,
3190 3469 3311 3509 cum
3325 3464 3406 3491 ωπι
3424 3449 3613 3524 procul
3643 3455 3791 3519 urbe,
3820 3463 3870 3508 et

2297 3550 2640 3621 aquaeductus
2668 3563 2838 3620 prope
2883 3547 3059 3601 nullus
3087 3547 3154 3600 ab
3182 3546 3314 3600 urbe
3341 3546 3588 3613 exiguam
3622 3545 3753 3599 illuc
3794 3552 3871 3599 te-

2297 3643 2386 3698 nui
2409 3643 2579 3697 limite
2608 3646 2810 3709 guttam
2840 3639 3164 3694 demitteret.
3180 3645 3235 3674 "II
3252 3635 3331 3690 Ad
3362 3635 3501 3689 aliud
3527 3634 3670 3689 latus
3696 3635 3866 3705 porti-

2296 3750 2393 3790 cus
2420 3732 2743 3789 cernebatnr
2768 3729 2956 3785 mediis
2995 3728 3269 3798 bipatente
3305 3726 3481 3796 spatio
3506 3724 3641 3779 fulta
3668 3726 3870 3780 colum-

2297 3826 2401 3893 nis,
2431 3838 2549 3893 qua:
2576 3822 2807 3877 culmine
2826 3820 3084 3875 discretas
3105 3818 3253 3872 aulas
3274 3816 3421 3873 adito
3439 3816 3541 3871 sibi
3557 3816 3867 3885 copulabat.

2295 3913 2649 3986 Spectabatnr
2667 3920 2722 3968 et
2736 3918 2793 3948 0°
2807 3911 2949 3965 mdes
2971 3909 3138 3964 altera
3166 3908 3414 3976 oblonga,
3446 3916 3544 3976 per
3559 3906 3720 3976 plura
3742 3907 3871 3962 atria

2296 4005 2454 4061 etiam
2479 4004 2728 4068 discreta,
2752 4000 2892 4071 prati
2914 4015 3007 4056 seu
3029 3998 3204 4068 campi
3224 3996 3586 4067 spectaculum
3602 3997 3869 4065 pnebens,

2294 4094 2484 4151 inclusi
2515 4101 2693 4148 autem
2717 4099 2870 4161 septo
2897 4104 2966 4144 ne
2988 4103 3141 4144 sacra
3163 4096 3303 4145 tecta
3324 4087 3561 4158 profanis
3588 4088 3769 4142 oculis
3789 4102 3869 4157 pa-

2294 4191 2487 4240 terent.
2525 4181 2685 4237 Notat
2716 4182 2937 4249 insuper
2955 4176 3207 4233 Paulinus
3236 4187 3294 4227 PP
3318 4175 3645 4231 arctissimas
3667 4177 3869 4246 aliquot

2292 4277 2456 4333 cellas
2479 4290 2586 4344 quo
2614 4289 2713 4345 per
2733 4273 2871 4327 trina
2893 4271 3030 4326 ostia
3068 4268 3404 4339 pandebatur
3434 4267 3642 4321 aditus:
3679 4277 3743 4318 sq
3773 4268 3869 4338 pri-

604 4374 812 4429 dictam
840 4372 899 4427 8.
927 4370 1121 4426 Felicis
1146 4371 1422 4425 basilicam
1452 4370 1607 4424 novis
1626 4368 1910 4423 decoribus
1935 4370 2147 4423 ornavit
2171 4386 2187 4423 :
2293 4382 2435 4421 mam
2464 4363 2806 4434 complebant
2831 4360 2933 4416 Job
2961 4368 3017 4416 et
3048 4359 3230 4415 Tobiae
3258 4372 3410 4414 sacra
3440 4365 3588 4426 gesta
3612 4373 3628 4422 ;
3673 4373 3870 4415 secun-

611 4463 977 4533 °inscnlptum
1001 4476 1217 4517 camera
1240 4461 1512 4529 crispante
1546 4460 1768 4513 lacunar
1804 4458 1938 4512 ebur
1963 4458 2020 4512 in
2042 4458 2214 4526 ligno‘
2295 4458 2419 4512 dam
2465 4456 2728 4511 ornabant
2772 4454 3121 4525 plurimorum
3168 4452 3444 4519 utriusque
3471 4465 3634 4505 sexus
3662 4460 3871 4523 marty-

606 4554 988 4619 mentiebatur,
1018 4536 1271 4620 tectoque
1298 4563 1531 4619 superne
1557 4547 1856 4618 pendentes
1874 4546 2055 4618 lychni
2085 4546 2191 4616 spi-
2223 4587 2269 4647 ο
2294 4564 2413 4604 rum
2442 4548 2738 4615 imagines;
2771 4546 2822 4601 in
2849 4545 3007 4601 tertia
3037 4543 3173 4598 facta
3202 4542 3381 4647 {ndith
3405 4549 3459 4596 et
3485 4540 3685 4637 Esther
3711 4544 3871 4612 peni-

606 4647 689 4703 ris
716 4645 902 4701 ahenis
928 4643 1319 4700 retinebantur.
1377 4639 1503 4695 Haec
1528 4645 1753 4694 steterat
1779 4637 1997 4693 basilica
2021 4647 2048 4687 P
2073 4638 2194 4708 pilis
2223 4628 2269 4647 υ
2294 4639 2417 4694 cillo
2443 4645 2596 4693 erant
2624 4637 2895 4705 eleganter
2915 4648 3189 4705 expressa.
3220 4632 3279 4688 ln
3309 4628 3565 4686 interiore
3579 4640 3635 4670 η
3648 4633 3871 4701 majoris

609 4734 941 4791 deformibus
968 4742 1123 4790 vasto
1153 4732 1385 4801 agmine,
1414 4730 1608 4800 quibus
1637 4730 1691 4785 in
1706 4729 1912 4784 ‘melius
1948 4730 2187 4796 mutatis,
2291 4743 2433 4782 aura:
2461 4743 2557 4782 seu
2597 4726 2836 4781 ecclesia:
2858 4765 2876 4792 ,
2924 4725 3044 4780 sinu
3085 4723 3241 4777 insita
3288 4722 3490 4776 latebat
3513 4721 3650 4777 cella
3680 4722 3871 4791 procul

608 4826 742 4897 quin
770 4826 953 4892 etiam,
985 4824 1040 4879 ni
1069 4822 1242 4888 fallor,
1274 4831 1302 4872 ιι
1328 4821 1642 4877 marmoreis
1670 4819 1875 4875 fulcivit
1900 4820 2183 4886 columnis,
2289 4820 2505 4876 stellato
2526 4817 2767 4889 speciosa
2789 4816 2939 4870 tholo
2963 4823 3013 4869 et
3037 4815 3178 4868 trino
3203 4827 3419 4867 recessu
3443 4829 3459 4878 ;
3489 4810 3641 4879 cujus
3670 4812 3725 4866 in
3758 4827 3872 4867 me—

607 4931 721 4988 quo
735 4915 906 4985 major
926 4914 1076 4971 lieret
1103 4921 1158 4969 et
1184 4912 1342 4982 spatii
1367 4920 1422 4967 et
1448 4911 1663 4966 luminis
1678 4910 1934 4965 accessio.
1958 4908 2187 4965 Exstant
2293 4911 2381 4968 dio
2408 4908 2707 4980 baptisterii
2733 4906 2851 4962 fons
2870 4907 3108 4962 enitebat
3127 4904 3180 4958 in
3200 4920 3306 4973 quo
3330 4903 3562 4959 nondum
3583 4904 3869 4971 quisquam

584 5032 585 5035 η
610 5006 880 5062 hodieone
911 5015 935 5044 τ
960 5005 1012 5060 in
1041 5003 1100 5061 8.
1131 5002 1324 5060 Felicis
1351 5003 1573 5059 basilica
1594 5002 1740 5057 haud
1768 5000 1927 5056 dubie
1954 5000 2013 5056 S.
2042 5000 2185 5056 Pan-
2292 5003 2593 5074 baptizatus
2610 5000 2802 5063 fuerat,
2835 5013 2933 5053 nec
2951 4997 3137 5052 deerat
3162 4995 3330 5050 altare
3350 4995 3415 5049 ad
3434 5010 3585 5051 sacra
3609 4995 3869 5049 mvsteria

586 5147 595 5165 ο
658 5138 1040 5213 rear-nam.
1060 5137 1237 5213 εῖδει-,ι
1265 5137 1411 5193 νου-ο
1534 5136 1586 5190 5-
1622 5134 1843 5213 “uide.
1862 5142 1977 5213 et.
2003 5136 2125 5213 n.3-
2182 5137 2366 5213 ωηι.
2383 5135 2505 5213 ρει).
2525 5134 2731 5213 ᾼιηιθ-ες
2752 5149 2824 5213 εις»
2845 5146 2897 5188 ε.
2914 5130 2997 5213 ,5.
3021 5200 3033 5213 .
3053 5128 3226 5213 εἈιιε-
3252 5144 3339 5213 εἰη·
3362 5126 3451 5213 εες
3476 5136 3529 5213 «ξε
3547 5142 3717 5213 sem
3751 5127 3796 5213 δ.
3815 5138 3871 5213 ει

613 5211 711 5267 101
740 5210 810 5267 de
835 5209 943 5265 div.
969 5196 980 5203 ’
1023 5218 1047 5246 ε
1079 5207 1227 5262 Paul.
1259 5196 1586 5269 earm.2i,v.
1621 5204 1742 5259 580.
1824 5205 1843 5243 ί
1875 5204 1976 5269 Ep.
2008 5206 2095 5269 52,
2127 5222 2179 5260 η.

2297 5248 2301 5259 .
2379 5206 2564 5261 albid.
2641 5196 2827 5258 hlbid.
2912 5199 3124 5265 llbid.,
3168 5196 3221 5269 ii.
3266 5196 3349 5269 tt.
3431 5196 3865 5269 i_ip_i_d.,n_.is.

613 5222 711 5267 ιυι
740 5222 810 5267 de
835 5222 943 5265 mv.
1023 5222 1047 5246 ε
1079 5222 1227 5262 l’atﬂ.
1259 5222 1586 5269 carm.za,v.
1621 5222 1742 5259 οδυ.
1824 5222 1837 5243 ι
1876 5222 1917 5258 r.
1963 5246 1976 5260 .
2008 5222 2095 5269 az,
2127 5222 2179 5260 n.

612 5282 638 5322 ι
666 5282 800 5338 Vide
825 5286 938 5335 not.
971 5274 1035 5332 41
1066 5284 1119 5333 et
1148 5275 1268 5330 l69.
1348 5275 1518 5330 1Vide
1555 5283 1668 5345 not.
1701 5274 1788 5330 41.
1864 5222 2025 5345 "Ep.
2056 5275 2157 5341 52,
2186 5293 2203 5330 r

2297 5248 2301 5259 .
2379 5222 2403 5253 ε
2433 5222 2564 5261 ιῡιιι.
2641 5222 2667 5241 ⁸³
2695 5222 2827 5258 IDIG.
2914 5222 2927 5238 '
2962 5222 3124 5265 IDIu.,
3169 5222 3221 5252 ll.
3266 5222 3349 5251 'l‘l'.
3431 5222 3443 5248 ι
3486 5222 3641 5263 ιυιυ.,
3676 5222 3729 5250 II.
3783 5222 3862 5250 In.

2306 5275 2359 5331 2.
2438 5275 2665 5345 "Carm.
2696 5272 2767 5325 24
2790 5310 2805 5329 .
2829 5288 2890 5345 _v.
2924 5270 3094 5345 583.“
3125 5277 3150 5304 ο
3181 5267 3336 5345 Ibid.)
3367 5282 3419 5320 ν.
3463 5265 3588 5320 585.
3666 5266 3862 5345 aliud"

611 5371 663 5408 ν.
687 5335 800 5406 395
822 5367 837 5415 ;
859 5358 925 5415 et
950 5363 1117 5404 carm.
1148 5345 1238 5412 25,
1269 5362 1322 5400 ν.
1352 5345 1475 5400 200.
1554 5355 1581 5395 ς
1609 5344 1788 5415 Carm.
1822 5344 1911 5407 et,
1942 5335 1996 5398 νζ
2028 5335 2153 5400 594;

2297 5346 2314 5400 ἶ
2321 5347 2404 5404 ide
2429 5343 2696 5415 ηομ-101.
2779 5352 2798 5378 ι
2820 5340 3001 5415 Qarm.
3032 5338 3122 5415 ἓξ,
3151 5337 3333 5415 v._§86
3357 5354 3371 5401 ;
3401 5345 3466 5415 et_
3483 5351 3658 5415 carm;
3811 5351 3838 5385 ν

608 5405 732 5476 eis.
812 5405 836 5459 ι’
858 5405 1235 5488 Ibid.,v._210.'
1260 5425 1321 5488 _g
1343 5415 1505 5488 _lbid.,
1528 5431 1578 5488 γ,
1599 5414 1727 5488 ira.
1804 5405 2050 5488 χρειω..
2078 5415 2203 5488 at,

2297 5415 2437 5488 105.Δ
2488 5424 2513 5450 ι
2540 5412 2696 5477 Ibid.,
2727 5408 2932 5488 ν.
2960 5418 3034 5488 AI
3063 5406 3285 5488 Ern-{ig
3311 5423 3365 5460 n.
3402 5405 3551 5488 I71.“
3570 5415 3592 5441 ²
3622 5405 3781 5488 Ibid.,
3809 5420 3886 5487 n;

612 5473 731 5543 is“
774 5473 1387 5554 "Carm.24,v.374.
1458 5473 1924 5554 b51bid.,v.562.
2004 5473 2203 5541 cclbid.

2297 5525 2309 5538 .
2340 5485 2482 5550 566;
2512 5473 2842 5554 et_carm_._5,
2873 5478 3023 5554 v_._8_._
3048 5546 3060 5554 .
3085 5473 3147 5554 ξὶά
3176 5476 3414 5554 Ibid:_,_v.
3447 5473 3587 5554 Ξ.
3611 5484 3665 5529 et
3692 5488 3841 5554 caris}
3866 5473 3885 5541 ξ

609 5541 699 5618 ‘25;
731 5575 781 5612 ν.
810 5541 947 5613 ῒίσί
1011 5567 1067 5596 ⁸ο
1094 5541 1225 5613 Ibid.
1247 5596 1261 5619 ,
1288 5571 1340 5609 ν.
1364 5553 1501 5624 2η.
1568 5552 1586 5591 ί
1601 5552 1617 5591 τ
1649 5541 1827 5624 Carm.
1857 5553 1948 5624 24,
1974 5569 2022 5607 ν.
2056 5555 2178 5611 568.

2297 5541 2514 5609 tam.
2542 5549 2629 5624 2.5..
2662 5566 2713 5604 ν.
2900 5546 2959 5585 ιλιι
2987 5546 3239 5624 ιδῃ-...νο
3291 5543 3512 5624 se-“
3547 5544 3732 5624 ςπειιμε
3770 5541 3867 5609 ει.

608 5611 810 5694 γ.
840 5629 885 5677 ll
922 5611 1080 5694 lbid.,
1103 5611 1155 5683 v.
1187 5611 1311 5694 αξ),
1366 5621 1775 5694 ’ςιλϐθι-ιηεῇὅ,
1796 5639 1851 5694 v._
1873 5611 1946 5694 fit
1974 5633 2030 5678 et
2055 5639 2203 5694 seqq.

2297 5623 2524 5694 “Carm.
2553 5611 2878 5694 Ἅιδῃ-470.
2924 5627 3037 5694 inf“
3068 5615 3227 5683 Ibid.,
3256 5630 3309 5669 ν.
3340 5611 3464 5669 465.
3541 5622 3596 5650 ¹³¹¹
3622 5612 3785 5676 Ibid.,
3810 5627 3868 5670 τ.

609 5691 736 5750 480.
811 5704 867 5734 οο
895 5697 1049 5763 lbid.,
1067 5686 1128 5753 'v.
1152 5688 1311 5751 48V
1352 5706 1409 5765 rp
1437 5692 1615 5750 Carm.
1639 5689 1729 5759 25,
1756 5686 1809 5747 v.
1832 5691 1919 5746 15.
1995 5703 2052 5744 qq
2082 5686 2203 5749 Ibid.

2298 5710 2346 5749 ν.
2377 5692 2468 5747 2L
2550 5701 2593 5728 τι
2642 5688 2801 5756 Ibid.,
2832 5704 2882 5743 v.
2918 5686 3039 5741 180.

678 4283 731 4338 1.
762 4282 963 4338 Praeter
988 4284 1129 4337 hanc
1154 4296 1352 4336 novam
1379 4281 1659 4335 ecclesiam
1674 4319 1694 4344 ,
1717 4278 1970 4335 Paulinus
1994 4289 2022 4316 ιι
2057 4294 2192 4350 pne-
