4056 6358
187 349 277 406 101

1555 346 2079 404 I‘ROLEGOMENA.

3360 339 3458 392 I02

185 461 522 520 celebranda.
583 459 679 516 llic
709 460 859 515 locus
889 461 1031 516 forte
1074 459 1249 515 fuerat
1279 476 1308 514 a
1338 460 1564 515 Paulino
1592 463 1765 516 solum
1797 467 1842 524 Α
1873 473 2100 529 operum
2130 472 2247 527 qua:
2293 457 2362 512 ad
2411 472 2618 513 sacram
2649 458 2704 512 S.
2755 458 2946 513 Felicis
2991 456 3158 510 aedem
3195 455 3376 508 addita
3405 461 3461 508 et

185 551 344 608 modo
362 559 604 615 ornatus,
637 550 920 605 decoratus
948 567 1010 607 ac
1040 560 1350 619 renovatus,
1380 568 1503 606 cum
1533 552 1766 607 fateatur

189 657 211 682 ι
231 645 282 700 in
310 659 377 698 eo
405 658 464 697 se
493 654 801 712 superatum
825 659 854 697 a
881 643 1083 700 Severo
1110 645 1253 714 quod
1275 646 1646 715 baptisterium
1677 646 1767 700 ille

187 733 529 788 condidisset.
589 731 712 786 Hice
769 732 879 787 fere
908 734 1118 798 omnia,
1178 743 1436 802 quantum
1494 734 1766 802 potuimus

187 824 431 896 assequi,
460 824 714 878 describit
745 823 994 879 Paulinus
1025 835 1208 880 noster
1240 827 1307 881 de
1332 827 1692 880 additionibus
1714 835 1770 880 et

189 915 516 970 ornamentis
537 914 604 968 ab
628 914 742 983 ipso
766 913 916 969 factis
940 917 990 969 in
1013 916 1066 970 S.
1095 916 1286 971 Felicis
1307 919 1588 983 honorem,
1611 934 1768 986 quem

191 1008 239 1060 in
269 1015 555 1076 patronum
586 1015 932 1060 assumserat.
965 1007 1080 1062 Non
1103 1009 1328 1063 deerunt
1352 1010 1773 1079 perspicaciores

190 1098 326 1152 oculi
357 1097 448 1166 qui
473 1097 624 1166 plura
648 1107 950 1166 penetrent.

257 1189 308 1240 5.
344 1187 467 1241 Haec
495 1185 717 1241 (ediﬁcia
753 1187 865 1242 Deo
894 1199 1112 1260 accepta
1144 1191 1309 1245 fuisse
1341 1199 1568 1244 testatur
1597 1190 1777 1244 Pauli-

192 1294 285 1332 nus
304 1320 320 1345 ,
350 1277 376 1316 δ
401 1277 544 1347 quod
575 1286 631 1332 et
659 1280 920 1334 miraculo
950 1281 1181 1350 quodam
1211 1282 1621 1352 comprobatum
1671 1292 1774 1338 est.

191 1370 243 1424 In
265 1369 442 1425 media
471 1369 613 1422 enim
641 1384 767 1423 area
793 1370 947 1438 juxta
975 1373 1216 1428 ecclesia:
1240 1375 1420 1428 limina
1450 1385 1609 1428 erant
1631 1383 1778 1429 vetu-

192 1463 251 1516 la:
288 1463 483 1517 domus
510 1460 629 1515 duae
669 1462 856 1528 lignea:
896 1480 1014 1532 qua:
1055 1463 1198 1519 findo
1241 1465 1396 1518 obice
1433 1474 1775 1534 prospectum

192 1555 464 1610 amabant
511 1563 567 1608 et
619 1554 772 1608 decus
817 1572 966 1608 omne
1005 1573 1213 1626 operum
1260 1555 1599 1626 periinebant.
1655 1556 1778 1610 Illas

193 1647 401 1700 amoliri
429 1645 679 1714 cupiebat
709 1643 960 1699 Paulinus
988 1663 1001 1710 ;
1055 1654 1112 1700 at
1151 1645 1404 1700 dominus
1437 1645 1589 1714 cujus
1623 1654 1779 1700 erant

193 1734 404 1804 iurabat
449 1749 508 1790 se
555 1734 735 1804 potius
779 1742 1009 1789 mortem
1057 1735 1423 1805 oppetiturum
1465 1751 1625 1804 quam
1654 1734 1777 1788 inde

193 1842 552 1894 egressurum.

749 1921 796 1990 7
832 1928 1116 1978 'I'emnenda
1145 1928 1344 1988 quidem
1373 1943 1462 1978 vox

320 1988 416 2052 Ista
439 1988 730 2039 videbatur?
756 1988 844 2039 sed
871 1998 992 2049 erat,
1017 1990 1114 2038 fate
1139 2004 1173 2036 ιι·
1195 1993 1311 2039 mihi
1339 1993 1546 2052 idi..snm

319 2051 454 2098 lnvid
476 2065 537 2111 te,
566 2053 777 2100 tzedebat
795 2056 923 2100 enim
951 2052 1026 2100 vel
1053 2053 1250 2100 vincere
1287 2057 1412 2110 rixa,

193 2155 265 2208 ait
295 2153 550 2210 Paulinus
582 2165 628 2208 ο.

267 2247 336 2300 At
373 2243 399 2282 ἀ
441 2245 669 2315 quadam
712 2254 873 2300 nocte
914 2260 981 2300 ex
1029 2245 1320 2315 improviso
1379 2261 1482 2298 una
1526 2244 1782 2298 cellarum

196 2334 447 2390 'ncendio
474 2335 653 2390 subito
681 2335 938 2404 llagrante
970 2335 1039 2388 ita
1063 2336 1264 2390 exarsit
1293 2336 1448 2404 ignis,
1476 2344 1532 2388 ut
1557 2334 1782 2389 ecclesia

194 2427 310 2497 ipsa
340 2436 398 2481 et
427 2435 537 2481 tota
566 2426 756 2481 vicinia
783 2427 1230 2496 periclitarentur.
1266 2425 1480 2481 Frustra
1510 2426 1576 2478 ad
1606 2441 1789 2479 arcen-

193 2517 318 2572 dam
346 2517 617 2572 ﬂammam
643 2518 734 2572 diu
757 2518 1090 2572 elaboratum
1119 2527 1221 2581 est,
1253 2519 1425 2573 donec
1452 2519 1565 2588 ipse
1613 2517 1786 2570 Pauli-

195 2626 297 2664 nus
327 2610 386 2664 S.
419 2609 611 2665 Felicis
641 2611 895 2680 templum
928 2611 1198 2678 ingressus
1225 2613 1491 2681 supplices
1521 2612 1587 2664 ad
1620 2612 1787 2664 Demn

194 2717 388 2770 preces
417 2701 568 2766 fudit,
598 2710 653 2755 et
674 2702 921 2774 martyris
944 2702 1104 2756 fultus
1128 2703 1393 2771 precibus,
1419 2702 1623 2755 meritis
1652 2716 1789 2769 quo-

193 2808 305 2862 que
353 2793 720 2862 apostolorum
765 2808 995 2862 quorum
1043 2795 1254 2847 cineres
1311 2801 1366 2846 et
1410 2793 1647 2860 reliquiae
1693 2791 1793 2844 sub

191 2882 359 2936 altari
417 2884 606 2937 vicina:
653 2883 892 2937 ecclesim
942 2883 1363 2950 delitescebant,
1411 2883 1631 2936 domum
1683 2882 1795 2950 ipse

190 2983 394 3044 postea
435 2989 725 3040 reversus,.
753 2984 986 3028 sumtum
1033 2974 1100 3028 de
1129 2989 1270 3027 vene
1299 2975 1472 3028 crucis
1520 2974 1662 3042 ligno
1689 2973 1794 3025 fra-

190 3073 482 3135 gmentum
536 3065 764 3122 ﬂammis
813 3069 1084 3137 opposuit,
1138 3083 1256 3137 qua:
1305 3068 1484 3120 statim
1539 3067 1794 3136 impetum

190 3164 489 3211 remorata:
519 3166 838 3212 convertere
866 3173 925 3212 se
976 3158 1026 3210 in
1056 3157 1338 3226 pristinum
1389 3156 1561 3210 locum
1591 3157 1658 3210 de
1685 3172 1793 3224 quo

194 3248 632 3314 insurrexerant,
664 3247 752 3300 ubi
778 3247 1057 3303 deliciente
1087 3247 1282 3317 pabulo
1328 3247 1476 3300 brevi
1521 3248 1797 3301 exstincta:

195 3345 343 3392 sunt.
375 3345 407 3374 ο
438 3335 593 3390 Mane
621 3335 763 3391 facto
809 3353 913 3391 una
943 3337 1220 3392 dumtaxat
1249 3347 1458 3407 reperta
1486 3345 1569 3391 est
1607 3338 1799 3393 domus

198 3430 340 3498 ignis
369 3428 618 3483 incendio
647 3429 922 3495 absumta;
955 3430 1049 3484 sed
1081 3431 1153 3484 ita
1195 3429 1592 3484 excandescens
1620 3429 1796 3484 domi-

201 3537 320 3585 nus,
368 3517 524 3588 cujus
552 3519 744 3574 domus
774 3519 946 3575 fuerat
996 3528 1104 3575 tam
1152 3521 1463 3586 miserabili,
1506 3536 1574 3575 ne
1620 3520 1796 3575 dicam

203 3612 458 3676 mirabili,
491 3627 620 3668 casu
642 3627 853 3678 eversa,
885 3613 1108 3668 alteram
1139 3613 1440 3667 destruxit:
1474 3613 1652 3682 itaque
1681 3613 1798 3667 sine

205 3704 297 3758 lite
353 3705 467 3757 voti
526 3718 748 3773 compos
797 3702 968 3758 factus
1020 3711 1105 3759 est
1153 3701 1428 3758 Paulinus.
1481 3703 1662 3758 Altera
1709 3703 1797 3758 illa

206 3795 457 3862 basilica,
507 3794 561 3848 in
589 3810 695 3864 qua
723 3809 908 3849 orasse
939 3793 1215 3849 Paulinum
1261 3803 1316 3849 et
1344 3797 1618 3865 apostolos
1648 3796 1800 3850 invo-

210 3903 360 3944 casse
387 3887 640 3952 diximus,
666 3886 878 3940 videtur
899 3885 1060 3941 fuisse
1081 3902 1218 3941 nova
1249 3887 1337 3941 illa
1362 3903 1523 3956 quam
1552 3897 1800 3942 constru-

216 3987 395 4043 xerat;
418 3987 473 4033 et
494 3978 619 4047 quia
634 3976 747 4047 jam
769 3977 925 4032 altari
949 3979 1254 4059 suppositas
1273 3979 1528 4047 reliquias
1552 3979 1797 4048 legimus,

217 4068 494 4124 manifeste
524 4078 748 4139 apparet
766 4069 876 4138 jam
897 4079 1010 4124 tum
1042 4071 1184 4124 illam
1213 4086 1332 4125 esse
1360 4069 1680 4125 dedicatam.
1724 4072 1800 4127 De

221 4158 412 4228 ‘ligno
441 4161 585 4215 enim
613 4175 756 4215 vera:
795 4159 982 4214 Crucis
1026 4169 1220 4230 przeter
1259 4161 1614 4230 fragmentum
1659 4161 1804 4230 quod

216 4255 309 4308 sub
335 4271 404 4310 eo
433 4255 590 4310 altari
613 4255 872 4326 reposuit,
903 4255 1062 4308 aliam
1086 4263 1110 4301 ι
1129 4255 1443 4324 particulam
1465 4255 1531 4309 ad
1544 4254 1804 4309 Severum

218 4359 354 4399 anno
390 4345 632 4416 sequenti
672 4345 986 4400 mittendam
1020 4355 1388 4400 reservaverat
1417 4364 1428 4398 :
1457 4345 1551 4400 sed
1575 4345 1687 4401 sive
1715 4345 1804 4400 illa

221 4434 438 4491 basilica
466 4436 574 4491 boc
601 4451 764 4501 anno,
795 4436 881 4490 vel
908 4436 1153 4507 sequenti
1200 4435 1360 4491 fuerit
1402 4436 1642 4492 dedicata
1661 4475 1676 4501 ,
1706 4435 1806 4491 fuit

222 4537 361 4584 certe
410 4528 436 4565 δ
469 4529 539 4585 ab
589 4529 844 4600 episcopo
891 4527 1060 4584 Pauio
1107 4527 1358 4584 Ecclesia:
1412 4528 1630 4584 Nolana:
1675 4537 1804 4586 tunc

226 4619 464 4688 prtesule.

749 4727 883 4766 anno
921 4727 1128 4766 cuntsvt
1165 4709 1287 4766 405.

790 4856 1020 4912 CAPUT
1057 4856 1237 4913 XLIV.

233 4971 662 5046 Basilicamiitem
684 4973 884 5046 fundis
921 4974 1119 5046 exstrui
1152 4971 1298 5042 jubet
1337 4971 1612 5046 Paulinus,
1643 4983 1689 5028 et
1718 4991 1814 5046 pro

294 5043 693 5098 Primuliacensi
712 5042 932 5095 basilica
953 5043 1022 5094 ad
1053 5042 1292 5096 Severum
1313 5044 1468 5096 mittit
1487 5042 1738 5098 carmina}

307 5182 347 5234 Ι.
374 5183 457 5238 Ad
481 5183 694 5238 solitam
718 5181 936 5237 Paulino
957 5181 1296 5236 festivitatem
1320 5183 1546 5238 accessit
1567 5192 1622 5238 et
1642 5185 1810 5241 altera

239 5269 387 5329 ihoc
435 5290 580 5328 anno
627 5273 969 5336 solemnitas,
1019 5272 1283 5328 dedicatio
1325 5273 1528 5328 scilicet
1571 5277 1812 5331 omnium

304 5441 327 5503 ξ
356 5425 580 5503 Ερᾎ52,
608 5426 744 5503 n_._l.
823 5426 1052 5503 b__Carn_i.
1076 5427 1240 5503 25,_v.
1266 5429 1336 5503 62
1365 5440 1419 5487 et
1439 5449 1590 5503 seqq.

304 5443 326 5465 ι·
357 5443 398 5480 ιη.
443 5467 456 5480 .
492 5443 580 5491 az,
608 5443 662 5480 n.
693 5443 744 5480 1.
825 5443 850 5465 ο
873 5443 1052 5481 Carm.
1076 5443 1164 5493 2:),
1191 5446 1240 5484 v.
1266 5443 1336 5483 62
1365 5443 1458 5487 ets

243 5443 503 5566 γεμὲε,
537 5515 589 5566 ιι.
622 5497 712 5566 Il.
789 5507 813 5544 Β
836 5496 943 5566 ‘Ep.
972 5497 1056 5561 3.1,
1086 5515 1139 5551 ιι.
1169 5500 1188 5551 1
1216 5509 1271 5554 et
1301 5500 1352 5554 2.
1433 5504 1458 5539 ιι

244 5565 256 5636 ι
291 5565 502 5630 Ibid.,v.
534 5565 665 5636 514.
734 5578 770 5636 ιη
802 5565 901 5636 Ep.
933 5566 1022 5630 52,
1053 5585 1104 5622 n.
1127 5567 1210 5622 I7.
1288 5579 1311 5606 η
1343 5571 1472 5626 Ibid.

240 5635 322 5706 5!,
353 5655 410 5692 ιι.
441 5637 492 5691 I.
575 5646 596 5673 ⁸
629 5635 726 5706 Ep.
752 5635 926 5700 52,711.
957 5636 976 5688 l
1007 5646 1062 5690 et
1097 5637 1176 5690 l0.

240 5705 332 5775 '52,
364 5725 418 5764 n.
451 5708 505 5774 I;
552 5716 609 5763 et
635 5705 722 5778 ep.
759 5706 855 5773 32,
882 5723 935 5760 n.
969 5707 1016 5758 7.

1553 5589 1577 5610 υ
1608 5576 1740 5631 Ibid.

1098 5716 1118 5742 ε
1147 5706 1241 5779 Ep.
1272 5709 1356 5774 5|,
1403 5706 1459 5765 η.
1491 5714 1539 5767 I.

1538 5450 1590 5503 q.
1671 5448 1693 5475 ε
1725 5436 1903 5492 Carm.
1930 5437 2020 5503 25,
2052 5455 2103 5492 v.
2137 5439 2224 5494 72.
2301 5437 2334 5506 δη
2359 5440 2515 5508 Ibid.,
2550 5461 2600 5499 v.
2636 5445 2702 5499 75
2731 5454 2785 5499 et
2813 5459 2965 5514 seqq.

1538 5523 1587 5574 p.
1621 5505 1709 5572 52,
1743 5525 1793 5561 n.
1832 5507 1917 5561 l5.
2004 5510 2015 5546 ί
2051 5509 2228 5564 Carm.
2257 5509 2348 5574 25,
2372 5529 2424 5567 v.
2469 5513 2520 5566 2.
2605 5517 2617 5564 i
2660 5515 2816 5574 Ibid.,
2851 5531 2901 5567 v.
2953 5515 2965 5565 l

1717 5594 1740 5652 ι.
1817 5587 1845 5626 ι’
1878 5577 2008 5652 Yitle
2038 5587 2150 5634 not.
2175 5579 2295 5652 I74.
2337 5577 2342 5578 7
2373 5594 2397 5631 ιι
2433 5582 2529 5652 Ep.
2561 5583 2652 5651 52,
2682 5601 2735 5637 ιι.
2767 5583 2855 5636 17.

1258 5640 1466 5714 ‘_Ibi.l.,
1490 5661 1541 5698 η.
1575 5645 1592 5697 l
1629 5656 1685 5700 et
1709 5647 1761 5700 2.
1840 5657 1866 5684 ¹³
1898 5648 2057 5714 Ibid.,
2093 5668 2144 5703 ιι.
2176 5649 2226 5703 4.

1619 5727 1672 5752 ³⁸⁸³
1703 5717 1856 5783 Ibid.,
1884 5736 1935 5772 n.
1969 5721 2021 5772 2.

1870 566 2059 605 recens
2087 551 2328 605 absoluta
2367 551 2483 619 pari
2535 551 2768 618 undique
2815 550 2960 604 cultu
3008 547 3340 607 emicabant,
3373 544 3460 598 vel

1868 649 2016 696 certe
2043 641 2055 690 i
2097 641 2396 710 baptisterii
2427 642 2493 695 ab
2514 642 2766 710 episcopo
2791 639 3000 711 (Paulo)
3032 639 3096 691 ad
3128 635 3462 706 baptismatis

1871 731 2198 787 ctsacriiicii
2251 748 2405 785 usum
2452 732 2773 796 consecrati,
2821 732 2909 785 ubi
2941 740 3252 798 utrumque
3282 741 3462 782 sacra-

1872 832 2113 876 mentum
2143 823 2328 876 eadem
2359 823 2446 876 die
2475 822 2882 876 administravit.
2913 822 2968 875 lu
3013 821 3125 874 haec
3165 835 3302 874 nova
3331 818 3463 871 aedi-

1873 913 1989 967 ficia
2021 922 2074 968 et
2099 914 2426 984 praeteritum
2452 913 2756 967 incendium
2785 913 3052 966 decimum
3084 912 3136 965 in
3181 910 3238 963 S.
3269 909 3464 964 Felicis

1874 1006 2084 1059 laudem
2114 1006 2414 1059 natalitium
2448 1021 2664 1060 carmen
2696 1003 2718 1041 ¹ι
2752 1004 2994 1072 condidit
3023 1001 3292 1066 Paulinus,
3322 999 3469 1068 quod

1875 1097 2142 1164 integrum
2173 1096 2242 1150 ad
2270 1112 2370 1151 nos
2400 1113 2568 1165 usque
2615 1096 2991 1151 transmissum
3021 1104 3104 1148 est
3147 1114 3159 1147 :
3204 1093 3468 1148 accedunt

1878 1190 1979 1259 pi:e
2025 1191 2380 1258 cogitationes
2445 1190 2496 1242 in
2563 1189 2861 1260 spiritalem
2911 1188 3103 1242 anima:
3153 1187 3469 1241 Christiana:

1877 1281 2302 1343 renovationem,
2335 1289 2390 1335 et
2418 1282 2676 1350 pneclaro
2722 1282 2825 1336 hoc
2851 1281 3090 1335 carmine
3121 1279 3245 1333 illud
3274 1293 3468 1348 poema

1876 1373 2150 1426 concludit
2185 1371 2223 1425 ι.

2003 1493 2105 1541 Non
2134 1494 2284 1554 igitur
2306 1494 2456 1540 simus
2480 1500 2681 1540 veteres
2705 1494 2830 1539 inter
2853 1502 2970 1537 nova
2996 1497 3122 1538 tecta
3150 1525 3161 1535 .
3190 1525 3222 1537 ..

2004 1555 2115 1602 Vita
2143 1567 2273 1614 prior
2295 1563 2486 1614 pereat,
2511 1561 2682 1612 peri-at
2704 1567 2765 1600 ne
2792 1555 2884 1600 vita
2907 1555 3093 1610 l'utm'a;

2003 1618 2186 1676 Sponte
2207 1615 2539 1676 relinquamus
2559 1617 2808 1671 mundum,
2824 1628 2914 1660 non
2933 1627 2970 1672 si
2990 1622 3106 1659 onte
3125 1617 3408 1669 carendum,

2002 1681 2188 1738 Sponte
2213 1677 2303 1724 nisi
2330 1680 2569 1736 fugimus;
2598 1688 2877 1732 lliOl'lallllll',
2909 1689 2970 1720 ne
2993 1688 3051 1719 nn
3074 1676 3254 1721 riamur
3283 1685 3293 1718 :

2006 1737 2225 1787 Letalem
2255 1740 2399 1785 vitam
2427 1740 2557 1784 \itali
2587 1744 2743 1783 uorte
2767 1745 3012 1793 legamus,

2006 1799 2228 1850 'I'errena
2252 1801 2483 1855 intereat,
2510 1800 2676 1846 SUIH‘aI
2706 1797 2923 1845 Ctl'It'SllS
2949 1809 3133 1853 imago;

2013 1862 2070 1910 Iit
2098 1862 2285 1910 Christo
2311 1869 2528 1908 vertatur
2552 1861 2719 1918 Adam,
2749 1866 2965 1906 ηιιιιι-ιιιι·
2993 1868 3041 1905 et
3071 1864 3195 1914 isne,

2015 1923 2074 1970 lit
2097 1932 2338 1970 mutentur
2361 1925 2427 1970 ibi
2460 1937 2468 1969 :
2495 1923 2577 1982 qui
2606 1935 2731 1968 nunc
2753 1927 3072 1980 peimansi'r-t
3097 1919 3144 1966 in
3169 1930 3226 1966 se

2009 1985 2166 2043 Idem,
2195 1988 2311 2032 etin
2336 1993 2574 2031 aetermtm
2602 1997 2692 2030 non
2717 1983 3046 2030 immutabitur
3071 1995 3094 2026 a
3120 1994 3197 2029 se.

1956 2088 2542 2156 Ecclesiammquoque
2572 2085 2826 2139 Paulinus
2855 2083 3093 2139 construi
3115 2082 3274 2150 jussit
3305 2081 3476 2136 fundis

1887 2179 2105 2250 oppido,
2138 2178 2227 2232 ubi
2257 2177 2624 2248 possessiones
2669 2176 2798 2230 olim
2851 2175 3110 2228 habuerat
3138 2183 3193 2228 et
3223 2172 3481 2227 familiare

1889 2276 2219 2331 domicilium
2245 2293 2256 2326 :
2293 2275 2364 2328 ita
2405 2272 2471 2326 ad
2500 2273 2690 2342 pignus
2717 2271 2866 2339 quasi
2897 2271 3005 2340 78
3033 2269 3213 2323 CiVIGl‘.
3242 2267 3480 2322 caritatis

1889 2368 2162 2422 basilicam
2191 2365 2339 2420 dedit
2369 2366 2420 2420 in
2455 2363 2806 2434 ipsooppido,
2831 2363 3084 2431 quoniam
3114 2370 3169 2415 et
3185 2376 3246 2414 ea
3277 2361 3482 2426 indige-

1889 2461 1997 2523 bat,
2023 2459 2294 2513 ruinosam
2320 2465 2376 2511 et
2390 2471 2608 2526 parvam
2626 2455 2847 2508 habens.
2873 2446 2996 2508 Ilaec
3026 2461 3202 2506 tamen
3220 2451 3486 2521 posterior

1891 2566 1998 2604 non
2025 2551 2238 2604 videtur
2266 2549 2432 2618 priori
2463 2547 2626 2601 fuisse
2655 2547 2825 2600 multo
2866 2547 3056 2613 major,
3089 2553 3313 2597 vocatur
3341 2544 3485 2597 enim

1891 2639 2182 2708 aliquando
2211 2655 2240 2692 a
2272 2638 2496 2692 Paulino
2535 2647 2561 2674 ιι
2593 2638 2885 2690 basilicuta.
2919 2636 3044 2702 Ejus
3075 2635 3294 2700 titulus,
3325 2651 3486 2704 quan

1892 2731 2096 2784 Severo
2142 2730 2284 2783 misit
2303 2770 2316 2790 ,
2349 2729 2511 2782 docet
2551 2728 2824 2796 quomodo
2848 2726 3084 2796 apsidem
3113 2725 3134 2744 °
3157 2727 3406 2794 pinxerit,
3435 2735 3487 2780 et

1897 2821 2066 2876 fertur
2097 2833 2120 2871 P
2150 2836 2258 2875 non
2281 2821 2349 2874 ita
2389 2821 2596 2890 pridem
2626 2820 2825 2888 aliquid
2850 2835 2917 2874 ex
2947 2819 3045 2873 hac
3076 2820 3280 2888 pictura
3307 2819 3488 2872 Itonia:

1900 2916 2070 2968 visum
2100 2897 2290 2967 fuisse.
2310 2911 2582 2979 Reliquias
2605 2922 2630 2960 (ι
2780 2911 3028 2975 Andreae,
3060 2909 3232 2972 Luem,
3260 2909 3486 2974 Nazarii,

1900 3005 2162 3060 Prothasii
2191 3013 2244 3057 et
2269 3002 2508 3056 Gervasii
2539 3003 2638 3056 sub
2659 3018 2726 3056 eo
2747 3002 2901 3056 altari
2931 3002 3173 3070 reposuit
3205 2999 3486 3064 Paulinus;

1877 3106 1953 3178 .et
1981 3111 2100 3150 cum
2131 3095 2244 3148 hzec
2277 3103 2297 3130 τ
2331 3093 2545 3148 basilica
2567 3102 2704 3146 esset
2730 3091 3118 3162 propemodum
3150 3102 3488 3154 constructa,

1825 3209 1869 3270 ε
1900 3203 1963 3242 ac
1992 3203 2116 3241 mox
2166 3185 2527 3241 consecranda
2573 3185 2626 3237 in
2679 3186 2886 3238 nomine
2933 3183 3148 3250 Christi,
3195 3194 3491 3238 sanctorum

1903 3278 2108 3342 Sancti,
2134 3289 2418 3347 martyrum
2442 3275 2715 3346 Martyris,
2739 3276 3126 3329 etdomiuorum
3152 3273 3380 3328 Domini.

1967 3369 2021 3422 2.
2057 3367 2288 3423 Litteras
2319 3368 2648 3436 trigesimam
2691 3368 2917 3436 primam
2963 3375 3018 3420 et
3048 3367 3373 3433 trigesimam
3403 3381 3491 3419 sc-

1899 3461 2126 3516 cundam
2156 3460 2261 3514 hoc
2289 3475 2432 3512 anno
2461 3459 2607 3513 dedit
2634 3455 2891 3511 Paulinus
2936 3456 3002 3509 ad
3049 3456 3309 3510 Severum
3339 3463 3360 3489 ⁶
3402 3456 3493 3522 qui

1899 3551 2064 3605 etiam
2094 3548 2420 3604 mdiﬂcandis
2449 3547 2712 3615 religiosis
2742 3547 2876 3602 locis
2916 3561 3138 3616 operam
3167 3545 3350 3599 dabat.
3383 3545 3490 3598 Im-

1900 3641 2086 3710 primis
2131 3638 2363 3693 Severus
2411 3637 2640 3691 basilicae
2676 3639 2690 3674 ⁸
2737 3636 3128 3707 baptisterium,
3182 3635 3325 3706 quod
3370 3636 3494 3690 hinc
3539 3695 3544 3700 ,

1900 3732 1956 3788 S.
1985 3731 2217 3797 Martini,
2245 3731 2392 3784 illinc
2413 3727 2619 3783 Paulini
2644 3729 2962 3797 imaginibus
2989 3726 3282 3794 decoravit,
3311 3728 3496 3782 elabo-

1899 3825 2124 3880 randum
2163 3823 2404 3886 curavit;
2436 3830 2461 3856 υ
2494 3820 2696 3876 addidit
2725 3828 2776 3875 et
2805 3820 3045 3890 quaedam
3087 3822 3347 3886 carmina,
3378 3836 3497 3889 qua:

1899 3919 2308 3981 desiderantur,
2353 3918 2442 3972 ubi
2485 3917 2552 3972 de
2582 3917 2783 3971 lumine
2829 3924 2884 3971 et
2932 3915 3106 3970 mellis
3155 3914 3289 3969 favis
3334 3915 3496 3968 verba

1901 4008 2150 4065 faciebat.
2179 4011 2420 4080 Cumque
2449 4011 2514 4064 ad
2546 4009 2824 4063 Paulinum
2854 4009 3067 4077 scripsit
3097 4024 3191 4076 per
3221 4009 3493 4062 Victorem

1904 4111 1928 4136 ν
1959 4101 2052 4170 qui
2084 4102 2226 4170 apud
2256 4101 2512 4156 Severum
2544 4095 2784 4154 hiemare
2813 4099 3104 4161 debuerat,
3137 4108 3160 4134 ι
3204 4099 3412 4152 monuit
3440 4113 3500 4153 se

1903 4191 2203 4246 deleturum
2244 4192 2361 4246 haec
2403 4191 2673 4254 carmina,
2705 4188 2750 4243 si
2796 4189 2900 4242 alia
2949 4187 3190 4240 mitteret
3219 4185 3496 4241 Paulinus.

1903 4281 2000 4337 His
2027 4281 2232 4337 addidit
2274 4281 2458 4337 Victor
2485 4291 2513 4330 γ
2541 4295 2571 4335 a
2600 4277 2803 4336 Sevelo
2851 4277 3144 4335 desiderari
3186 4289 3500 4334 sanctorum

1904 4373 2160 4443 reliquias
2184 4388 2318 4442 quas
2345 4373 2398 4428 in
2423 4373 2525 4428 hac
2561 4371 2789 4428 ecclesia
2817 4371 3136 4428 reconderet
3164 4390 3176 4426 :
3209 4372 3295 4427 cui
3325 4370 3503 4428 Pauli-

1907 4481 2006 4520 nus
2036 4473 2059 4501 ι
2089 4464 2408 4536 signiﬁcavit
2453 4464 2631 4520 nullas
2678 4463 2779 4519 sibi
2823 4477 3136 4535 superesse,
3185 4471 3383 4534 prmter
3409 4479 3503 4519 eas

1832 4580 1885 4644 Β
1908 4571 2042 4626 quas
2071 4572 2200 4611 mox
2227 4554 2534 4611 dedicanda:
2575 4551 2845 4635 Fundana:
2892 4553 3125 4610 basilica:
3170 4555 3499 4611 reservabat.

1912 4647 1980 4700 At
2003 4646 2355 4716 fragmentum
2377 4646 2444 4702 de
2466 4646 2611 4715 ligno
2631 4663 2771 4702 verte
2798 4647 2996 4713 crucis,
3015 4646 3159 4718 quod
3187 4647 3288 4702 sibi
3315 4664 3506 4719 super-

1911 4743 2028 4792 erat
2061 4751 2126 4792 ex
2153 4737 2296 4793 dono
2324 4736 2583 4803 Melaniaa,
2615 4745 2671 4776 ιλ
2701 4738 2903 4794 tubello
2942 4753 3108 4793 aureo
3135 4739 3406 4794 conditum
3437 4739 3508 4797 ad

1917 4826 2139 4896 Sulpicii
2190 4827 2376 4883 Severi
2432 4844 2648 4884 socrum
2705 4829 2982 4885 Bassulam
3039 4830 3186 4885 misit
3238 4829 3509 4887 Therasiae

1919 4931 2128 4984 sponsze
2156 4932 2264 4973 suae
2294 4919 2531 4981 nomine,
2565 4920 2706 4988 quod
2737 4920 2959 4989 perinde
2985 4928 3103 4980 emt
3131 4937 3194 4976 ac
3222 4922 3266 4976 si
3305 4922 3510 4979 Severo

1921 5006 2021 5076 ipsi
2053 5007 2177 5061 illud
2201 5007 2343 5063 dono
2372 5007 2638 5077 dedisset;
2673 5009 2793 5065 ideo
2811 5027 2840 5065 a
2864 5027 2922 5066 se
2949 5010 3006 5050 ιδ
3025 5012 3245 5067 missum
3270 5012 3320 5068 id
3348 5013 3510 5069 fuisse

1920 5096 2123 5152 Severo
2173 5099 2298 5153 alibi
2355 5109 2599 5166 testatur,
2653 5101 2810 5170 eique
2855 5102 3048 5158 suadet
3098 5111 3154 5158 ut
3203 5104 3302 5159 sub
3353 5103 3510 5157 altari

1919 5190 2158 5244 ecclesiae
2181 5192 2321 5245 inter
2345 5193 2474 5247 alias
2496 5193 2749 5261 reliquias
2778 5203 3085 5265 reponat,t=c
3115 5196 3213 5250 nisi
3243 5193 3425 5248 mallet
3445 5191 3511 5249 ad

1920 5283 2286 5350 quotidianam
2315 5285 2535 5338 tutelam
2557 5295 2718 5354 atque
2739 5287 3058 5343 medicinam
3080 5289 3179 5342 sibi
3203 5300 3509 5349 reservare;

3048 5455 3070 5480 ε’
3099 5441 3256 5504 Ibid.,
3287 5455 3338 5494 ν,
3384 5438 3507 5494 159.

2605 5517 2617 5564 i
2660 5515 2816 5576 Ibid.,
2851 5509 2907 5567 v.
2930 5509 3069 5565 ‘186.
3155 5511 3175 5546 ¹ι
3205 5509 3384 5564 Carm.
3419 5509 3510 5566 25.

2935 5593 2955 5620 τ
2989 5581 3120 5652 Ibid.
3146 5597 3200 5636 ιι.
3230 5580 3313 5650 l7;
3339 5588 3511 5652 (περ.

2836 5660 2859 5725 ξ
2894 5651 2989 5720 Ep.
3014 5650 3113 5725 “32,
3144 5668 3199 5706 ιι.
3229 5649 3305 5708 4.
3357 5662 3382 5702 >’
3405 5649 3506 5725 Ep.

2651 5733 2704 5760 σο
2736 5719 2894 5782 Ibid.,
2928 5719 2982 5775 η.
3009 5721 3061 5776 8.

2004 5510 2015 5546 ί
2051 5509 2228 5564 Carm.
2257 5509 2348 5578 25,
2372 5529 2424 5567 v.
2469 5513 2520 5566 2.

2307 5663 2329 5688 '
2367 5652 2464 5721 Ep.
2492 5652 2582 5716 28,
2617 5671 2670 5706 ιι.
2704 5654 2754 5705 3.

2104 5719 2162 5758 ινιι
2189 5719 2286 5790 Ep.
2318 5719 2486 5785 32,'n.
2517 5722 2570 5774 7.
