4056 6358
545 334 650 390 105

1569 330 1623 388 S.
1661 331 2000 388 PAULINUS
2039 333 2352 389 NOIANUS
2391 330 2778 387 EPISJ‘JOPUS.
3706 335 3797 389 101»

540 449 806 515 docetque
844 455 868 484 ³
908 455 1103 516 quanta
1151 445 1445 500 reverentia
1497 453 1726 498 tractare
1773 442 1970 498 debeat
2013 460 2125 498 rem
2160 453 2202 506 Α
2233 444 2635 515 ϐακορΙιῃιαείο,
2688 460 2793 497 non
2833 455 2990 496 aaam
3020 443 3089 496 ob
3129 458 3342 497 causam
3371 458 3531 512 quam
3561 460 3631 500 co
3659 449 3799 516 quod

545 538 680 592 adeo
708 539 1015 607 pretiosam,
1039 546 1094 592 et
1123 538 1282 590 refert
1309 534 1756 603 quemadmodum
1781 533 1806 571 δ
1824 535 1891 588 ab
1918 533 2118 588 llelena

545 647 676 686 crux
705 639 914 699 reperta
943 631 1027 684 sit.
1061 629 1298 697 Cumque
1329 637 1537 697 pateret
1565 627 1777 696 pagina,
1815 637 1833 663 τ
1855 627 2117 695 prolixam

545 723 825 790 epistolam
853 723 1029 775 denuo
1059 721 1350 785 inchoavit,
1377 720 1426 772 in
1457 735 1559 788 qua
1591 718 1936 786 conqueritur
1963 716 1988 754 ἀ
2010 733 2066 770 se
2089 732 2118 770 a

544 812 744 866 Severo
766 813 847 865 vel
869 810 1057 880 majori
1079 811 1284 864 honore
1308 811 1388 862 vel
1414 808 1608 876 injuria
1632 808 1899 870 affectum,
1925 807 2122 876 quippe

545 903 635 970 qui
667 903 833 969 ipsum
862 916 984 954 cum
1013 901 1074 953 S.
1103 899 1331 953 Martino
1377 897 1683 952 contulerit.
1734 895 1838 950 Sed
1890 905 2009 965 post
2055 897 2122 950 de

547 991 802 1044 industria
832 1006 898 1043 eo
926 1004 1228 1066 sermonem
1258 989 1543 1050 convertit,
1575 997 1597 1023 θ
1617 987 1766 1054 quasi
1797 986 2026 1039 Severus
2068 985 2120 1037 in

545 1081 772 1136 Martino
818 1081 1042 1134 formam
1085 1078 1306 1148 justitim
1351 1087 1404 1132 et
1442 1093 1700 1131 summam
1748 1077 2020 1138 virtutum,
2067 1075 2123 1128 in

546 1169 772 1225 Paulino
818 1186 948 1224 vero
985 1169 1322 1224 conscientia:
1366 1167 1656 1236 iniquitatis
1697 1167 2039 1220 obtritiouem
2068 1171 2125 1217 et

544 1261 937 1317 confessionem
985 1261 1377 1325 declaraverit,
1436 1267 1492 1312 ut
1543 1265 1601 1311 et
1648 1257 1818 1311 beatis
1865 1255 2122 1309 Martinus

550 1353 851 1422 exemplum
877 1359 1103 1419 pateret,
1121 1359 1176 1404 et
1197 1349 1450 1403 Paulinus
1472 1346 1728 1402 miseris.f
1751 1346 1865 1402 Duo
1888 1347 1954 1400 ad
1971 1346 2122 1399 illum

511 1441 522 1450 “
549 1444 929 1512 epigrammata
951 1441 1002 1494 in
1028 1442 1166 1495 hanc
1193 1441 1336 1495 misit
1368 1440 1712 1506 sententiam,
1739 1447 1792 1492 et
1815 1438 1970 1507 petiit
1996 1445 2058 1490 ut
2079 1436 2124 1490 si

551 1531 638 1584 illa
667 1530 717 1582 in
748 1529 1058 1599 baptisterio
1084 1543 1286 1598 ponere
1316 1528 1495 1594 vellet,
1536 1536 1771 1581 servaret
1801 1534 1978 1579 tamen
2003 1541 2118 1578 sua.

546 1617 670 1673 Haec
699 1619 874 1672 omnia
919 1627 942 1664 ε
987 1617 1174 1671 fecisse
1212 1632 1270 1670 se
1307 1617 1542 1670 declarat
1584 1631 1681 1685 pro
1708 1630 1804 1669 suo
1832 1629 2041 1668 summo
2070 1615 2126 1668 in

545 1724 666 1763 eum
715 1710 915 1770 studio,
960 1707 1032 1760 ita
1083 1716 1140 1760 ut.
1190 1706 1361 1774 magis
1408 1705 1474 1759 de
1522 1721 1627 1758 non
1682 1703 2118 1772 obtemperando,

2223 535 2273 587 in
2316 551 2379 588 ea
2408 537 2600 604 primo
2651 534 2718 588 de
2759 534 3137 604 gazophylacio
3185 534 3439 602 loquitur,
3487 537 3636 603 quod
3684 550 3800 606 post

2223 624 2605 677 Tertullianum
2651 631 2808 676 vocat
2856 638 3090 677 mensam
3138 623 3188 676 in
3226 625 3455 678 ecclesia
3485 626 3718 694 positam
3748 629 3797 681 in

2221 729 2324 782 qua
2360 713 2790 767 recondebantur
2818 720 3048 780 erogatm
3077 713 3398 782 pauperibus
3423 715 3795 786 eleemosyna'.

2225 806 2468 860 Alethius
2511 807 2597 860 ille
2627 807 2816 859 merito
2845 821 2908 859 ac
2945 804 3065 872 jure
3101 805 3345 858 laudatur
3371 807 3507 876 apud
3539 807 3801 878 Hierony-

2222 914 2364 952 mum
2399 909 2417 935 τ
2437 913 2579 951 anno
2608 897 2732 963 407,
2759 913 2876 950 cum
2901 905 3105 950 tantum
3128 896 3422 950 sacerdotis
3447 906 3592 951 esset
3614 900 3801 952 chara-

2223 995 2369 1040 ctere
2413 987 2694 1054 insignitus
2736 1003 2748 1038 :
2798 984 2993 1039 factum
3041 985 3184 1039 enim
3231 1000 3354 1039 eum
3399 984 3797 1041 Cadurccnsem

2229 1079 2574 1147 episcopum,
2606 1087 2818 1132 mortuo
2866 1076 3029 1132 fratre
3067 1077 3374 1142 Florentio,
3423 1080 3565 1140 apud
3615 1094 3799 1134 omnes

2227 1176 2460 1220 constat.

2295 1257 2345 1311 2.
2379 1257 2454 1311 Ad
2484 1259 2623 1312 hunc
2651 1258 2980 1311 Florentium
3024 1259 3238 1328 scripsit
3263 1275 3478 1330 quoque
3525 1259 3796 1327 Paulinus,

2222 1347 2367 1414 quod
2391 1347 2476 1400 hic
2497 1347 2838 1401 observamus
2857 1363 2976 1401 cum
2999 1355 3207 1418 tempus
3227 1351 3542 1418 conscriptae
3563 1352 3798 1420 epistola:

2223 1437 2640 1507 quadragesima:
2661 1439 2906 1492 secundm
2936 1455 3040 1492 non
3065 1441 3282 1494 omnino
3310 1451 3514 1495 certum
3545 1444 3610 1498 sit
3643 1461 3656 1495 :
3685 1459 3800 1498 eam

2224 1536 2400 1582 tamen
2431 1529 2570 1584 circa
2600 1544 2794 1581 annum
2819 1526 2922 1581 405
2940 1530 3191 1598 scriptam
3216 1541 3483 1600 putamus.
3509 1532 3555 1585 A
3578 1533 3798 1588 Floren-

2227 1619 2504 1686 tio‘qnem
2537 1619 2768 1672 nondum
2801 1629 3023 1674 noverat
3047 1619 3294 1675 Paulinus
3313 1624 3569 1692 epistolas
3599 1627 3800 1695 accepit

2224 1711 2409 1778 plenas
2437 1709 2595 1763 officii
2635 1717 2689 1762 et
2730 1710 3075 1764 lmmanitatis
3117 1712 3336 1779 perinde
3380 1729 3446 1767 ac
3491 1715 3535 1766 si
3586 1717 3799 1783 antiqua

546 1816 704 1870 quani
746 1799 812 1852 de
854 1799 1190 1866 multiloquio
1239 1805 1518 1865 peccatum
1548 1797 1758 1848 timeret
1785 1812 1795 1845 ε
1831 1795 1929 1848 hac
1957 1808 2013 1846 sc
2039 1808 2122 1845 l'a-
2158 1812 2200 1870 Β
2225 1801 2582 1869 prmcessisset
2604 1800 2740 1853 inter
2761 1816 2854 1855 eos
2871 1801 3202 1854 necessitudo
3225 1810 3277 1855 et
3302 1802 3654 1858 f_.miliaritas.
3676 1806 3798 1860 Hu'c

551 1893 698 1945 tione
722 1888 746 1924 ιι
771 1890 1053 1945 adductum
1079 1900 1134 1943 ut
1154 1890 1411 1943 suadente
1435 1888 1649 1942 Victore
1662 1888 1884 1941 duarum
1910 1887 2125 1940 Nolana:

551 1991 606 2036 et
637 1981 900 2034 Fundana:
929 1981 1266 2035 basilicarum
1295 1994 1479 2033 versus
1513 1981 1775 2042 mitteret,
1829 1975 1841 2012 ί
1879 1985 1931 2030 et
1960 1992 2126 2030 novos

552 2073 712 2128 etiam
743 2071 998 2126 eluderet
1025 2071 1208 2124 Severi
1230 2070 1570 2123 basilicarum
1601 2067 1890 2136 parietibus
1938 2067 2126 2120 inscri-

550 2165 773 2229 bendos,
802 2164 1005 2232 ipsique
1031 2164 1045 2212 Ι
1084 2162 1286 2215 tumulo
1309 2159 1366 2214 S.
1392 2159 1638 2230 martyris
1664 2156 1806 2211 Clari
1830 2157 1918 2227 qui
1944 2158 1995 2210 in
2024 2173 2127 2211 una

550 2259 738 2313 harum
767 2257 1155 2326 requiescebat,
1185 2269 1413 2324 quorum
1442 2252 1718 2306 materiam
1749 2251 1932 2304 Victor
1958 2249 2126 2304 dicta-

551 2361 703 2404 verat
722 2350 1063 2404 enarratione
1082 2348 1280 2416 operis.
1304 2345 1403 2399 Ubi
1430 2345 1593 2398 multa
1623 2343 1757 2396 dixit
1780 2339 2031 2396 Paulinus
2059 2342 2125 2395 de

557 2442 798 2496 aediliciis
823 2441 925 2494 illis
951 2439 1354 2504 materialibus,
1386 2436 1410 2475 ¹ί
1453 2439 1517 2489 a_l
1547 2435 1836 2504 spiritualis
1862 2435 2125 2488 rationem

549 2533 757 2586 inditicii
802 2545 1104 2585 sermonem
1133 2528 1416 2594 convertit,
1444 2527 1509 2581 de
1537 2542 1644 2596 quo
1671 2541 1769 2582 suo
1808 2540 1959 2579 more
1988 2540 2126 2594 prm-

549 2626 696 2678 clare
721 2623 801 2678 dis
831 2623 950 2676 erit.

1127 2757 1353 2813 CAPUT
1392 2757 1549 2812 XLV.

551 2852 632 2905 Ad
673 2852 946 2913 Alethium,
976 2860 1024 2902 et
1055 2847 1376 2902 Florentium
1423 2847 1792 2901 Cadurcensem
1838 2847 2127 2915 episwpum

798 2922 974 2974 scribit
1004 2919 1272 2971 Paulinus.
1319 2917 1462 2970 Mors
1493 2919 1671 2988 fratris
1699 2917 1858 2985 ipsius

621 3062 728 3132 79
758 3060 808 3112 1.
839 3059 896 3113 In
928 3059 1032 3113 hoc
1072 3057 1262 3112 eodem
1295 3056 1471 3110 forsan
1503 3055 1694 3108 itinere
1721 3053 1902 3106 Victor
1944 3067 2127 3104 eorum

2226 1893 2385 1945 etiam
2420 1890 2673 1945 Paulinus
2702 1891 3002 1945 humaniter
3029 1900 3083 1945 et
3113 1892 3478 1947 liberalissime
3508 1896 3796 1963 respondit,

2225 1994 2278 2037 et
2307 1984 2377 2036 ita
2425 1983 2627 2036 lmtatus
2655 1975 2676 2018 ί
2712 1991 2792 2037 est
2837 1982 2952 2050 ejus
3000 1983 3235 2051 episcopi
3281 1998 3338 2037 se
3383 1984 3636 2053 adeptum
3691 2001 3799 2041 esse

2226 2072 2512 2125 amicitiam
2544 2081 2600 2126 et
2629 2073 2853 2126 caritate
2900 2072 3158 2137 ditatum,
3193 2082 3251 2125 ut
3277 2074 3343 2126 de
3372 2090 3438 2127 eo
3482 2076 3670 2130 laudes
3698 2076 3799 2130 Deo

2225 2165 2481 2234 plurimas
2508 2164 2724 2218 referat.
2779 2163 2853 2217 De
2894 2165 2996 2218 hoc
3039 2163 3309 2219 Florentio
3355 2165 3486 2219 nihil
3535 2168 3800 2235 peculiare

2228 2255 2469 2322 legimus.
2490 2253 2764 2322 Magnifice
2787 2245 3073 2307 uPaulinus
3094 2253 3208 2323 ejus
3229 2255 3480 2324 prmdieat
3500 2259 3795 2326 epistolam,

2227 2345 2376 2412 cujus
2404 2361 2581 2400 sermo
2605 2345 2900 2414 apostolico
2926 2344 3036 2398 sale
3059 2345 3305 2416 conditus
3325 2361 3574 2414 saporem
3600 2351 3796 2417 gratim,

2227 2450 2342 2504 qua:
2373 2435 2446 2489 illi
2477 2434 2601 2488 data
2631 2443 2804 2500 esset,
2838 2435 2910 2487 ita
2952 2435 3306 2503 exprimeret;
3353 2437 3798 2504 quemadmodum

2226 2529 2423 2596 eloquii
2467 2528 2702 2581 suavitas
2741 2541 2900 2594 quam
2946 2526 3122 2580 suavis
3167 2527 3218 2579 in
3264 2543 3329 2580 eo
3357 2537 3499 2581 esset
3551 2529 3799 2583 Dominus

2229 2629 2416 2690 aperte
2471 2619 2806 2673 ostendebat.
2863 2618 3115 2687 Adjungit
3169 2617 3420 2674 Paulinus
3469 2631 3495 2656 ν
3540 2637 3666 2675 eum
3715 2639 3800 2690 per

2229 2709 2689 2764 mansuetudinem
2739 2709 2853 2762 o‘vis
2900 2719 2952 2762 et
2991 2710 3111 2778 agni
3142 2709 3502 2764 innocentiam
3546 2713 3799 2765 meruisse

2228 2809 2494 2871 pastorem
2527 2798 2667 2864 fieri;
2699 2808 2753 2853 et
2782 2800 3058 2854 sublimem
3105 2799 3294 2854 factam
3325 2815 3420 2871 per
3449 2801 3797 2856 humilitatem

2229 2899 2283 2943 et
2313 2889 2771 2943 mansuetudinem
2795 2889 2974 2952 cordis
2995 2890 3225 2942 animam
3258 2891 3396 2944 illius
3420 2891 3470 2943 in
3503 2891 3553 2944 id
3585 2894 3798 2960 singulis

2231 2982 2415 3034 diebus
2442 2981 2763 3044 incumbere,
2797 2989 2854 3033 ut
2882 2980 3086 3033 animas
3115 2981 3180 3035 de
3215 2983 3407 3035 amaris
3436 2998 3498 3038 ac
3528 2984 3798 3051 profundis

2229 3070 2383 3139 hujus
2403 3071 2566 3125 seculi
2588 3068 2832 3123 fluctibus
2852 3071 3010 3124 hamo
3033 3071 3175 3124 verbi
3204 3071 3450 3124 salutaris
3471 3069 3798 3139 extraheret,

550 3151 850 3207 communis
873 3149 1178 3204 tabellarius
1202 3149 1222 3186 1
1250 3145 1469 3199 Paulino
1487 3145 1687 3197 litteras
1706 3140 2124 3204 Alethiidetulit,
2147 3149 2200 3224 ’ρ
2232 3161 2298 3213 ad
2340 3163 2449 3231 80
2492 3159 2631 3229 quod
2661 3175 2795 3228 opus
2820 3159 2876 3212 ίη
2914 3168 3113 3214 sortem
3145 3161 3508 3229 apostolorum
3536 3173 3798 3215 assumus

554 3251 591 3278 ’τι
622 3243 712 3313 qui
741 3257 808 3296 ex
828 3241 939 3296 suis
967 3237 1456 3294 elucubrationibus
1503 3233 1723 3302 aliquid,
1769 3241 1828 3285 ut
1873 3232 2122 3294 arbitror,

547 3332 876 3403 postulabat,
925 3327 1069 3398 quod
1114 3337 1141 3362 η
1170 3325 1556 3381 benevolentia:
1599 3331 1967 3392 argumentum
2017 3329 2124 3373 tam

549 3422 704 3475 dulce
733 3419 977 3487 Paulino,
1005 3433 1166 3488 quam
1212 3417 1538 3484 inSperatum
1567 3413 1666 3466 fuit
1700 3430 1713 3466 :
1745 3411 1838 3466 sed
1867 3411 1981 3478 ejus
2010 3417 2125 3463 stu-

549 3511 637 3566 dio
664 3519 689 3546 °
723 3511 923 3564 Paulini
953 3509 1223 3563 humilitas
1265 3506 1483 3560 restitit.
1512 3503 1627 3558 Non
1657 3509 1738 3557 est
1766 3503 1966 3570 integra
2009 3501 2125 3568 epi-

549 3601 688 3656 stola
718 3601 989 3667 trigesima
1012 3599 1192 3663 tertia,
1223 3612 1328 3665 qua
1373 3593 1621 3648 Paulinus
1645 3593 1856 3646 Alethio
1900 3606 2127 3660 respon-

552 3691 663 3758 det,
694 3690 807 3758 ejus
827 3692 969 3744 enim
991 3689 1324 3743 continuatio
1353 3687 1404 3739 in
1435 3701 1538 3753 qua
1568 3686 1744 3753 agitur
1769 3684 1834 3737 de
1863 3683 1916 3736 S.
1950 3681 2129 3735 Paula:

552 3784 659 3836 lilia
686 3788 890 3852 spectat
919 3781 1196 3849 epistolam
1239 3767 1583 3833 tredecimam
1613 3777 1680 3830 ad
1707 3775 2126 3828 Pammachium.

553 3869 711 3926 Putat
730 3867 1023 3924 Chimetius
1047 3878 1077 3917 ι’
1113 3867 1307 3922 Aletbii
1333 3867 1471 3921 Votis
1493 3866 1715 3920 cessisse
1743 3863 2044 3926 Paulinum,
2077 3871 2133 3916 et

552 3977 854 4021 sermonem
883 3963 950 4015 de
977 3959 1370 4030 Gazophylacio
1393 3959 1458 4012 ad
1486 3973 1609 4012 eum
1639 3957 1866 4024 misisse,
1890 3958 1980 4025 qui
2008 3955 2129 4025 qui-

551 4054 674 4110 dem
705 4055 756 4107 in
785 4068 884 4106 ms.
915 4053 1100 4107 codice
1140 4050 1397 4106 Vaticano
1447 4048 1660 4102 Alethio
1703 4048 2018 4102 nominatim
2050 4047 2130 4100 in-

550 4145 818 4201 scribitur.
841 4143 944 4200 Sed
970 4159 1090 4198 cum
1121 4153 1147 4192 tt
1177 4142 1244 4196 ad
1273 4142 1467 4195 multos
1488 4140 1648 4194 verba
1669 4138 1829 4194 faciat
1855 4136 2129 4200 Paulinus.

549 4237 865 4291 concionem
894 4235 961 4288 ad
992 4234 1246 4304 populum
1269 4233 1446 4302 potius
1472 4247 1631 4302 quam
1661 4230 1945 4304 epistolam
1973 4231 2130 4284 dixe-

553 4328 654 4381 rim
674 4367 688 4392 ,
721 4327 859 4379 iner
886 4339 1018 4393 quas
1047 4332 1227 4377 tamen
1269 4324 1318 4376 ei
1347 4323 1590 4378 dedimus
1617 4323 1792 4377 locum
1822 4331 1879 4376 ut
1907 4338 2005 4376 suo
2034 4338 2133 4377 nu-

553 4433 702 4471 mero
744 4421 1036 4470 constaret.
1088 4413 1156 4467 Et
1200 4412 1354 4466 facile
1397 4413 1571 4482 quivis
1612 4413 1932 4479 judicaverit
1973 4411 2133 4466 fuisse

2227 3249 2414 3304 fuerat.
2449 3248 2599 3302 Hunc
2626 3257 2649 3283 ι
2682 3247 3003 3302 Florentium
3040 3247 3280 3303 fecerunt
3307 3249 3522 3317 quidam
3566 3249 3796 3304 Tiburti-

2229 3355 2445 3394 nensem
2470 3340 2782 3408 episcopum
2811 3340 2933 3406 quia
2971 3348 3099 3394 tunc
3141 3341 3398 3408 temporis
3427 3340 3644 3394 vivebat
3683 3342 3797 3410 qui-

2227 3430 2346 3483 dam
2378 3446 2442 3484 eo
2492 3431 2707 3484 nomine
2753 3429 3136 3484 Tiburtinensis
3179 3431 3460 3500 episcopus
3489 3449 3502 3483 :
3536 3432 3630 3485 sed
3677 3433 3798 3488 huic

2229 3523 2329 3576 levi
2359 3523 2679 3590 conjectura:
2718 3523 3070 3592 praeponenda
3102 3531 3184 3578 est
3212 3524 3368 3576 trium
3409 3525 3652 3579 codicum
3683 3541 3798 3580 ma-

2229 3616 2622 3683 nnscriptorum
2653 3614 2929 3678 autoritas,
2963 3613 3014 3666 in
3045 3613 3236 3682 quibus
3262 3615 3564 3672 inscribitur
3592 3615 3796 3673 Cadur-

2229 3706 2402 3759 censis
2431 3705 2728 3773 episcopus.

2301 3795 2351 3848 ὅ.
2385 3793 2636 3848 Paulinus
2661 3795 2813 3849 initio
2839 3796 3111 3863 sequentis
3132 3797 3257 3850 anni
3280 3807 3305 3843 ἵ
3324 3796 3640 3865 Delphinum
3666 3797 3801 3852 Bur-

2229 3885 2566 3952 degalensem
2606 3885 2914 3953 episcopum
2964 3886 3015 3938 in
3057 3894 3360 3940 sanctorum
3401 3901 3678 3940 numerum
3707 3888 3802 3940 ad-

2229 3975 2432 4041 scribit,
2451 3973 2598 4042 cnjus
2614 3975 2850 4044 reliquiae
2883 3977 2976 4028 has
3005 3983 3171 4030 terras
3199 3976 3668 4040 commendabant;
3702 3978 3803 4031 ita-

2229 4079 2335 4134 que
2362 4065 2533 4119 serius
2571 4081 2731 4134 quam
2777 4066 3025 4133 praesenti
3073 4066 3194 4120 huic
3240 4081 3382 4119 anno
3410 4083 3515 4120 non
3544 4065 3804 4121 debemus

2231 4155 2534 4210 adscribere
2555 4155 2834 4224 epistolam
2863 4155 2927 4208 ad
2953 4154 3268 4224 Delphinum
3292 4155 3614 4223 trigesimam
3644 4157 3804 4224 quin-

2232 4256 2359 4312 tam,
2381 4258 2402 4283 ι
2429 4263 2533 4316 qua
2559 4247 2722 4316 priori
2743 4245 2857 4314 ejus
2886 4247 3124 4316 epistola:
3146 4247 3469 4300 brevissimae
3489 4247 3801 4316 respondet,

2226 4352 2296 4392 ex
2324 4353 2427 4405 qua
2457 4337 2685 4391 fortasse
2712 4337 2795 4390 vel
2823 4337 2928 4390 alio
2958 4337 3152 4390 indicio
3180 4345 3408 4390 mortem
3449 4337 3628 4390 fratris
3659 4338 3806 4392 circa

2235 4427 2372 4481 idem
2400 4435 2608 4495 tempus
2627 4435 2948 4494 cognoverat
2977 4445 2988 4479 :
3015 4442 3117 4495 qua
3139 4427 3206 4481 de
3228 4442 3384 4481 causa
3413 4443 3518 4481 non
3540 4429 3807 4496 prolixam

554 4503 840 4573 aliquando
867 4502 1210 4557 sollicitatum
1245 4501 1312 4554 ab
1338 4502 1591 4571 episcopo
1625 4500 1827 4556 Nolano
1855 4499 2131 4556 Paulinum

2237 4515 2301 4568 ad
2349 4515 2666 4583 Delphinum
2708 4515 2848 4570 fecit
2875 4515 3174 4584 epistolam.
3224 4515 3470 4570 Dolorem
3526 4516 3810 4570 dumtaxat

555 4604 617 4650 ut
644 4593 897 4664 populum
917 4593 1135 4647 doceret
1163 4593 1393 4646 maxime
1424 4591 1775 4662 eleemosynae
1804 4594 2052 4648 virtutem
2082 4603 2136 4648 et

556 4687 830 4754 meritum,
850 4685 1000 4754 cujus
1021 4695 1135 4740 erat
1155 4685 1396 4753 egregius
1412 4684 1761 4739 concionator
1781 4696 1834 4739 et
1860 4685 2130 4754 magister:

557 4777 625 4831 de
642 4792 704 4831 ea
733 4777 873 4830 enim
902 4777 1016 4831 haec
1042 4776 1309 4845 praecipue
1325 4784 1516 4830 tractat
1536 4775 1735 4840 oratio,
1760 4791 1874 4848 quae
1898 4775 2134 4831 omnium

559 4868 767 4923 Paulini
797 4884 1018 4939 operum
1041 4868 1435 4936 elegantissima
1463 4877 1546 4924 est
1574 4877 1628 4922 et
1655 4869 1986 4924 suavissima.
2011 4867 2132 4940 Sty-

559 4956 644 5016 lus
672 4959 828 5029 longe
857 4949 1040 5029 puridr
1066 4975 1223 5030 quam
1254 4960 1306 5012 in
1333 4959 1602 5029 epistolis;
1647 4947 1770 5014 cum
1819 4960 1959 5014 enim
1989 4959 2132 5013 illam

2239 4604 2486 4673 exposuit
2515 4619 2620 4660 non
2652 4613 2757 4657 tam
2781 4605 2846 4658 de
2876 4604 3055 4658 fratris
3081 4614 3253 4658 morte
3287 4613 3612 4673 susceptum,
3642 4619 3810 4673 quam

2236 4696 2303 4750 de
2347 4696 2510 4762 gestis
2549 4696 2730 4764 ipsius,
2760 4710 2878 4763 quae
2908 4703 2965 4749 ut
2994 4696 3178 4764 pietati
3222 4693 3537 4748 Christiana:
3584 4696 3656 4748 ita
3704 4710 3811 4750 nec

2236 4785 2374 4840 votis
2394 4785 2502 4840 suis
2527 4800 2758 4854 congrua
2786 4784 3033 4840 deﬂebat.
3069 4783 3173 4838 Pro
3201 4784 3315 4852 ejus
3344 4785 3516 4838 anima
3539 4791 3593 4838 et
3620 4799 3718 4852 pro
3749 4802 3811 4841 se

2233 4889 2422 4944 preces
2450 4874 2691 4942 Delphini
2719 4875 2971 4942 postulat.
3003 4873 3081 4926 Ad
3127 4873 3424 4927 Amandum
3453 4873 3612 4941 paulo
3643 4875 3812 4942 proli-

2236 4965 2502 5018 xioremMl
2519 4965 2705 5018 eadem
2725 4963 2791 5018 de
2815 4979 2976 5020 causa
3002 4963 3148 5020 dedit
3175 4965 3455 5037 epistolam
3479 4965 3810 5037 trigesimum

559 5048 797 5105 studiose
840 5049 1114 5104 elaborare
1143 5059 1358 5106 coaetus
1401 5049 1576 5116 fuerit,
1608 5049 1820 5106 videtur
1848 5050 2016 5119 magis
2042 5051 2137 5103 ad-
2236 5062 2458 5108 sextam.

556 5140 744 5194 stricta
772 5139 1110 5208 compositio,
1140 5139 1192 5192 in
1221 5154 1324 5208 qua
1352 5141 1562 5194 solitam
1593 5141 1644 5194 in
1674 5141 1916 5208 epistolis
1944 5141 2136 5194 verbo-

557 5243 678 5282 rum
701 5227 908 5298 copiam
936 5235 992 5281 et
1019 5227 1351 5296 rapiditatem
1381 5231 1638 5285 coercuit.
1677 5226 1935 5298 Inscripta
1965 5238 2047 5285 est
2074 5229 2136 5285 de

636 5410 790 5481 '_Ep.
821 5410 908 5481 Z'gl,
937 5407 1060 5481 n.2.
1091 5407 1166 5481 _b
1189 5407 1344 5481 ιω..
1376 5410 1498 5481 n.5.
1536 5421 1599 5481 ηε
1631 5410 1728 5481 Ep.
1749 5412 1850 5481 752,
1886 5427 1938 5463 n.
1967 5410 2015 5464 1.

567 5495 623 5532 n.
656 5478 707 5531 4.
738 5478 753 5481 ’
784 5480 807 5516 δ
838 5478 1056 5540 lbid.,n.
1082 5479 1166 5532 10.

569 5563 601 5600 n
656 5547 706 5600 2.
779 5559 806 5585 ιι
837 5548 989 5610 lbid.,
1024 5565 1075 5602 n.
1105 5549 1152 5602 1.
1229 5557 1252 5584 °
1281 5547 1438 5612 lbid.,
1480 5564 1532 5600 n.
1565 5548 1616 5601 2.
1694 5561 1720 5598 ρ
1749 5549 1948 5604 Chilll..

569 5615 664 5684 lin.
695 5629 778 5684 ep.
811 5617 893 5682 £2,
927 5635 980 5672 η.
1014 5618 1062 5671 1.
1139 5620 1158 5658 ³
1193 5617 1321 5672 Ibid.

561 5682 743 5754 27,7.—
769 5685 858 5741 76.
935 5697 956 5724 ι
984 5686 1080 5758 Ep.
1111 5687 1199 5743 55.
1278 5699 1332 5728 οι
1364 5686 1462 5758 Ep.
1495 5686 1583 5752 56,
1620 5704 1672 5741 η.
1701 5687 1758 5740 2.

2092 5409 2119 5448 ά
2149 5411 2304 5479 lbid.,
2339 5430 2390 5466 η.
2418 5414 2471 5468 2.
2547 5413 2747 5476 'Ibid.,
2781 5431 2832 5467 η.
2867 5413 2902 5467 2
2927 5423 2982 5469 et
3007 5415 3058 5468 '5.

1250 5481 1262 5515 ί
1299 5478 1427 5532 Ibid.
1456 5495 1508 5532 n.
1534 5477 1638 5534 Set
1660 5477 1792 5544 7,'8.
1871 5481 1884 5530 ἰ
1917 5481 2068 5543 lbid.,
2096 5498 2150 5536 η.
2173 5482 2224 5536 6.
2292 5477 2324 5520 ’⁸
2357 5483 2510 5548 lbid.,
2544 5500 2596 5537 n.
2617 5483 2683 5535 18
2712 5492 2766 5536 et
2795 5482 2882 5536 25.

1250 5563 1252 5578 ι
1281 5547 1616 5619 ΙῠίιΙη-ηηὲ.
1694 5561 1720 5598 ρ
1749 5549 1948 5619 Chilll..
1981 5567 2032 5619 p.
2064 5550 2150 5604 47.
2228 5564 2255 5602 (ι
2285 5552 2491 5607 Paulin.
2517 5553 2603 5612 51,
2637 5571 2688 5606 η.
2725 5552 2775 5606 1.
2853 5557 2878 5587 ³

1401 5626 1425 5694 ξι
1456 5617 1606 5694 lb_id.,
1638 5619 1748 5694 11.}
1767 5627 1821 5673 et
1836 5618 1888 5672 2.
1966 5617 1992 5655 "7
2012 5619 2164 5679 lbid..
2191 5637 2245 5676 n.
2268 5621 2302 5674 2
2322 5632 2376 5677 et
2403 5623 2456 5676 5.
2535 5632 2559 5659 ι
2583 5622 2717 5677 Vide
2738 5621 2913 5677 Chil’ll.
2943 5625 3070 5694 p.l0
3092 5632 3146 5679 et
3175 5624 3260 5677 ll.
3335 5617 3368 5674 ί
3395 5623 3606 5679 Paulin.
3639 5639 3812 5682 carm.

3143 5416 3161 5452 ί
3193 5415 3347 5480 lbid.,
3381 5431 3434 5469 η.
3465 5415 3518 5468 '5.
3600 5427 3625 5464 ε
3647 5415 3808 5482 Ibid.,

2970 5483 3206 5553 ‘Ep.53,
3231 5501 3283 5538 n.
3320 5485 3343 5536 1
3378 5494 3434 5539 et
3461 5485 3514 5538 2.
3593 5486 3808 5553 mlbid.,

2228 5564 2255 5602 (ι
2285 5552 2491 5607 Paulin.
2517 5553 2603 5612 51,
2637 5571 2688 5606 η.
2725 5552 2775 5606 1.
2853 5557 2878 5587 ³
2915 5552 3058 5608 Vide
3078 5555 3294 5609 Dissert.
3318 5553 3373 5620 5,
3394 5572 3444 5608 η.
3480 5554 3532 5608 2.
3615 5565 3636 5591 ⁸
3662 5552 3812 5608 Pau-
