4056 6358
284 283 385 337 ίοε

806 434 938 474 uno
967 436 1170 475 CHRISTI
1203 419 1324 473 404.

837 558 1065 613 CAPUT
1095 530 1275 612 xm.

282 665 591 740 victricia,
622 669 834 740 Aper_et
871 671 1183 740 Augustinus
1222 668 1443 740 Paulino
1485 667 1743 740 scribant;
1774 668 1855 720 Itis

308 738 400 792 ille
424 722 717 808 respondet.
749 722 993 811 Pelagia“:
1024 722 1183 794 etiam
1209 737 1384 791 scribit
1422 722 1491 790 nd
1518 722 1815 790 Pauﬂnum.

348 868 401 924 ί.
432 869 510 924 Ex
549 870 785 925 carmine
815 881 837 907 ⁸
869 871 1013 940 quod
1058 872 1156 925 sub
1202 870 1407 924 initium
1448 868 1605 938 hujus
1649 868 1775 923 anni
1803 868 1857 923 in

190 976 195 981 ·
271 956 331 1010 S.
365 957 556 1012 Felicis
584 957 793 1012 laudem
820 957 982 1012 edidit
1003 956 1259 1013 Paulinus
1282 974 1453 1029 pauca
1492 959 1647 1013 nobis
1674 974 1859 1028 super-

271 1056 401 1100 sunt
428 1045 723 1115 fragmenta
743 1090 759 1114 ,
789 1048 841 1102 in
881 1045 1074 1118 quibus
1102 1048 1278 1117 agitur
1302 1049 1368 1103 de
1396 1057 1703 1104 sanctorum
1730 1048 1857 1102 reli-

272 1136 417 1205 quiis
468 1151 602 1205 quas
654 1136 797 1193 Deus
844 1153 940 1208 per
989 1139 1176 1193 orbem
1222 1138 1289 1192 iis
1317 1139 1483 1193 veluti
1537 1138 1859 1208 expiandum

274 1226 550 1295 dispersit.
580 1226 638 1281 Si
668 1227 933 1297 integrum
955 1229 1250 1284 exstitisset
1277 1244 1489 1299 poema,
1518 1245 1586 1283 ex
1612 1244 1679 1283 eo
1709 1230 1861 1283 inno—

274 1316 467 1371 tuisset
492 1326 723 1386 quantus
751 1319 947 1373 Alarici
975 1321 1206 1375 nominis
1228 1329 1401 1375 terror
1419 1335 1561 1374 anno
1580 1320 1860 1390 superiore

271 1408 490 1462 Italiam
517 1410 791 1474 invaserit,
825 1410 878 1464 in
907 1425 1067 1479 quam
1096 1409 1469 1473 descenderat,
1495 1420 1549 1465 et
1576 1408 1717 1465 unde
1741 1418 1862 1480 post

276 1511 513 1566 pugnam
542 1496 816 1553 Pollentia:
843 1499 1105 1554 discessit.
1148 1499 1263 1554 Hoc
1300 1488 1442 1554 anno
1483 1498 1549 1553 ad
1579 1499 1859 1553 Paulinum

278 1587 305 1623 δ
358 1588 573 1657 scripsit
620 1587 905 1643 Victricius
959 1588 1369 1657 Rotomagensis
1429 1588 1711 1659 episcopus
1764 1605 1862 1659 per

274 1676 683 1740 Candidianmn,
707 1678 793 1731 cui
818 1677 1092 1748 respondit
1120 1677 1374 1732 Paulinus
1396 1678 1621 1747 epistola
1653 1678 1855 1746 trigesi-

1631 281 2086 338 PROLEGOMEN
2093 283 2130 335 Α
2141 323 2153 336 .
3450 269 3532 323 1οξ

1881 404 1929 461 Α
1958 393 2086 463 ipsis
2113 393 2299 462 primis
2338 394 2612 448 mensibus
2640 394 2793 448 binas
2834 392 3056 447 Paulino
3098 390 3354 462 epistolas
3399 391 3549 446 misit

1957 484 2307 551 Augustinus,
2341 485 2353 533 l
2394 484 2552 537 aliain
2580 499 2699 554 quae
2743 485 2930 554 periit,
2978 497 3075 553 per
3103 482 3548 537 Fortunatianum

1956 573 2236 640 Thagastaa
2264 574 2635 643 presbyterum
2664 573 2890 629 Romam
2910 571 3337 643 proﬁciscentem
3362 589 3376 623 :
3406 570 3544 625 alte-

1957 680 2076 718 ram
2104 663 2128 701 ¹ι
2154 680 2252 734 per
2266 663 2501 727 Celsum.
2532 666 2622 733 qui
2652 680 2773 721 eum
2801 664 3081 720 festinaret
3109 662 3298 718 Nolam
3322 662 3544 727 reverti,

1956 768 2130 822 pauca
2174 754 2317 809 illico
2346 754 2559 823 scripsit
2604 755 2958 822 Augustinus,
2994 751 3014 791 ι
3046 753 3133 808 cui
3162 752 3335 823 plura,
3365 765 3428 805 ut
3455 766 3551 806 vo-

1956 844 2164 911 luisset,
2194 842 2463 898 scribendi
2487 844 2798 897 tacultatem
2829 859 2936 897 non
2959 842 3107 898 dedit
3132 842 3339 897 Celsus.
3370 839 3553 897 Pauli-

1960 950 2084 988 num
2104 943 2259 1003 rogat
2278 943 2316 971 ω
2345 944 2400 988 ut
2428 934 2526 1003 ipsi
2568 934 2835 988 rescribat
2862 934 3056 1004 quibus
3086 934 3251 1001 signis
3277 933 3448 1005 possit
3470 934 3553 987 in-

1959 1030 2238 1078 notescere
2266 1024 2360 1077 Dei
2383 1024 2628 1078 voluntas
2650 1025 2703 1077 in
2732 1024 3106 1078 occasionibus
3130 1025 3252 1079 vitta
3278 1024 3550 1091 humanm,

1963 1113 2015 1166 in
2044 1114 2239 1182 quibus
2268 1129 2411 1181 saepe
2438 1112 2595 1168 facile
2622 1129 2729 1168 non
2761 1121 2937 1182 potest
2965 1114 3215 1168 discerni.
3248 1113 3385 1168 Eum
3429 1114 3549 1184 plu-

1962 1201 2082 1255 rimi
2126 1201 2317 1257 fecisse
2347 1201 2624 1256 Paulinum
2654 1218 2719 1257 ex
2767 1204 2830 1257 iis
2869 1203 3059 1258 litteris
3086 1203 3366 1258 evidenter
3392 1218 3551 1273 appa-

1962 1299 2066 1345 ret.
2099 1291 2237 1346 Dicit
2258 1300 2283 1327 ιι
2313 1307 2371 1345 se
2398 1307 2507 1345 non
2536 1292 2795 1360 potuisse,
2826 1307 2925 1346 nec
2952 1293 3115 1348 etiam
3143 1291 3390 1347 debuisse
3429 1290 3552 1346 Cel-

1961 1396 2081 1435 sum
2124 1382 2376 1444 retinere,
2409 1382 2495 1436 cui
2532 1398 2652 1436 cum
2681 1381 2906 1437 Paulino
2953 1383 3144 1437 melius
3172 1398 3333 1458 quam
3363 1399 3551 1439 secum

1961 1480 2122 1526 esset.
2155 1471 2402 1526 Africana
2432 1471 2671 1527 Ecclesia
2696 1488 2839 1542 saepe
2867 1472 3160 1539 cogebatur
3181 1473 3464 1542 episcopos
3494 1474 3551 1528 in

1959 1559 2163 1614 Italiam
2195 1562 2374 1614 multis
2400 1561 2467 1615 de
2496 1562 2904 1616 necessitatibus
2931 1562 3259 1630 gravissimis
3287 1563 3500 1618 mittere
3532 1580 3547 1616 :

1963 1660 1987 1685 υ
2018 1667 2154 1721 quos
2181 1652 2396 1721 quidem
2424 1652 2707 1722 episcopos
2751 1651 2862 1706 fere
2892 1667 3081 1707 omnes
3107 1652 3297 1707 Nolam
3330 1668 3389 1707 se
3416 1667 3552 1708 con-

272 1784 367 1823 ma
409 1770 654 1839 septima.
712 1740 924 1826 Videat"
945 1771 1117 1826 lector
1176 1740 1618 1826 Disserlal'ionem
1663 1740 1748 1825 ,ις
1778 1771 1860 1826 Ad
1891 1768 1934 1827 Β
1962 1741 2148 1796 tulisse
2169 1750 2411 1810 apparet,
2442 1750 2499 1794 ut
2522 1742 2591 1797 ibi
2614 1740 2895 1831 Paulinum
2921 1742 3236 1796 salutarent.
3265 1741 3555 1797 Solabatur

274 1859 564 1915 Paulinum
594 1862 723 1916 item
756 1872 781 1902 ε
808 1862 1098 1931 scripserat
1119 1862 1261 1931 Aper
1288 1861 1357 1917 de
1376 1877 1472 1916 sua
1500 1860 1570 1915 ad
1590 1861 1862 1916 Christum

272 1952 628 2006 conversione
672 1971 685 2005 :
729 1952 920 2007 eodem
968 1967 1111 2008 anno
1157 1952 1208 2007 ei
1269 1952 1547 2022 respondit
1594 1950 1853 2007 Paulinus

278 2041 508 2111 epistola
557 2042 830 2110 trigesima
859 2051 1068 2097 octava.
1120 2042 1250 2109 Quis
1296 2042 1386 2096 ille
1433 2042 1592 2096 fuerit
1629 2040 1771 2110 Apir
1808 2051 1863 2095 et

273 2133 435 2200 quale
462 2132 673 2187 Paulini
699 2149 821 2188 cum
860 2149 928 2189 eo
968 2135 1370 2199 commercium,
1400 2134 1519 2188 vide
1547 2133 1769 2188 Dissert.
1803 2132 1857 2186 5.

278 2222 420 2289 Hoc,
470 2232 528 2278 ut
572 2224 797 2290 videtur,
847 2240 989 2279 anno
1028 2224 1053 2261 ά
1102 2225 1320 2279 maximi
1367 2224 1603 2279 scandali
1648 2238 1862 2279 causam

274 2314 554 2382 praebuere
607 2314 852 2384 Hippone
892 2314 1196 2371 Bonifacius
1246 2317 1523 2386 presbyter
1565 2324 1621 2369 et
1644 2314 1861 2384 quidam

273 2405 448 2459 laicus
474 2406 690 2460 nomine
718 2404 872 2475 Spes,
894 2421 1123 2475 quorum
1171 2408 1573 2461 contentionem
1602 2421 1725 2461 eum
1753 2407 1863 2460 dis-

277 2504 463 2551 cutere
492 2507 584 2551 aut
612 2498 805 2552 saltem
830 2497 947 2551 aliis
980 2497 1249 2568 explicare
1276 2512 1385 2552 non
1413 2505 1594 2567 posset
1612 2496 1865 2566 Augusti-

280 2604 410 2652 nus,
452 2588 613 2657 jussit
656 2598 939 2659 utrumque
968 2589 1020 2643 in
1051 2589 1228 2644 locum
1277 2589 1565 2660 quemdam
1592 2588 1865 2644 miraculis

279 2679 488 2734 clarum
512 2691 734 2748 pergere
751 2719 766 2744 ,
796 2688 854 2732 ut
882 2679 1021 2734 Deus
1049 2679 1360 2733 alterutribs
1386 2678 1747 2744 innocentiam
1772 2685 1867 2732 aut

277 2784 495 2841 culpam
522 2771 865 2841 patefaceret.
894 2771 950 2825 In
973 2782 996 2807 ο
1020 2772 1198 2825 locum
1220 2770 1381 2838 igitur
1402 2770 1489 2824 ubi
1509 2769 1653 2824 beati
1673 2767 1866 2823 Felicis

279 2862 476 2916 Nolani
502 2877 700 2931 corpus
726 2861 1004 2916 conditura
1032 2870 1118 2915 est
1144 2875 1240 2914 eos
1262 2859 1428 2925 misit,
1456 2858 1582 2927 quia
1612 2857 1735 2912 inde
1765 2858 1868 2927 ipsi

283 2954 495 3009 facilius
523 2953 839 3022 Meliusque
873 2952 1036 3007 scribi
1080 2958 1294 3020 poterat
1329 2949 1590 3018 quidquid
1617 2963 1777 3019 super
1803 2963 1866 3003 ea

287 3059 347 3098 re
393 3042 646 3096 divinitus
693 3052 839 3097 esset
879 3041 1247 3111 propalatum;
1299 3041 1443 3111 quod
1487 3040 1621 3095 citra
1648 3040 1866 3094 dubium

1961 1833 2090 1888 illud
2119 1833 2492 1901 Augustinum,
2525 1828 2668 1903 quOd
2699 1833 2911 1888 assidue
2941 1831 3221 1887 Paulinum
3251 1833 3554 1889 amicorum

1961 1924 2132 1978 oculis
2159 1924 2363 1979 videret
2391 1922 2651 1978 Theasius
2677 1933 2732 1978 et
2759 1923 2992 1978 Evodius
3020 1923 3180 1978 ambo
3205 1923 3398 1979 deinde
3428 1940 3555 1979 con-

1961 2015 2191 2071 fessores
2209 2058 2222 2081 ,
2253 2032 2482 2087 quorum
2512 2015 2727 2070 ultimus
2754 2024 2870 2071 erat
2897 2016 3194 2083 Augustino
3223 2016 3553 2085 conjunctis-

1960 2092 2127 2161 sinfus
2152 2147 2167 2172 ,
2199 2106 2359 2175 legati
2403 2105 2614 2161 fuerant
2641 2121 2672 2161 a
2711 2106 3119 2175 Carthaginiensi
3150 2107 3381 2162 concilio
3410 2116 3471 2162 ut
3498 2109 3552 2166 in

1962 2202 2357 2258 Donatistarum
2398 2202 2713 2258 eilrenalam
2755 2202 3065 2257 violentiam
3095 2211 3342 2272 peterent
3368 2203 3549 2271 leges:
3592 2238 3609 2252 .

1962 2293 2067 2348 hoc
2111 2293 2228 2363 ipso
2276 2308 2419 2348 anno
2472 2308 2565 2349 eas
2610 2292 2958 2347 obtinuerunt
3003 2306 3188 2346 mense
3236 2290 3550 2347 Februario.

1964 2380 2244 2437 Paulinum
2272 2383 2541 2446 adierunt,
2571 2381 2899 2451 Augustinus
2928 2396 3059 2435 vero
3083 2381 3174 2450 qui
3200 2395 3297 2436 eos
3324 2395 3555 2451 exspec-

1962 2474 2130 2539 tabat,
2158 2490 2278 2529 cum
2309 2472 2580 2544 profectus
2609 2481 2692 2527 est
2717 2470 2924 2537 Celsus,
2953 2472 3087 2526 dixit
3107 2482 3132 2521 P
3175 2470 3454 2526 Paulinum
3484 2473 3551 2527 ad

1963 2583 2023 2623 se
2064 2567 2118 2621 in
2159 2581 2347 2620 eorum
2376 2565 2750 2636 episcoporum
2779 2564 3087 2633 pectoribus
3114 2562 3169 2616 et
3218 2564 3552 2621 sermonibus

1964 2671 2086 2712 esse
2111 2664 2415 2718 venturum,
2437 2668 2666 2723 cumque
2690 2668 2755 2707 ex
2782 2652 2846 2707 iis
2867 2666 2986 2720 quae
3013 2651 3274 2705 referrent
3296 2659 3553 2721 quantum

1966 2753 2152 2816 posset
2175 2760 2242 2799 eo
2276 2745 2504 2799 satiatus
2531 2742 2706 2808 fuerit,
2738 2757 2797 2797 se
2818 2742 2884 2796 ad
2914 2756 3037 2796 eum
3065 2740 3433 2811 prolixiorem,
3456 2756 3554 2797 cu-

1960 2835 2052 2905 jus
2079 2850 2139 2890 se
2179 2834 2535 2890 confitebatur
2576 2833 2894 2900 debitorem,
2941 2833 3224 2888 missurum
3272 2834 3552 2904 epistolam

1967 2927 2238 2998 pollicitus
2258 2936 2359 2982 est.
2392 2925 2575 2996 Neque
2604 2940 2668 2980 ea
2689 2940 2830 2980 nunc
2852 2932 3092 2995 apparet,
3128 2939 3302 2993 neque
3331 2924 3436 2977 ulla
3461 2938 3552 2979 ea-

1967 3034 2086 3073 rum
2110 3034 2242 3089 quas
2270 3018 2337 3073 ad
2363 3034 2421 3074 se
2450 3017 2677 3073 invicem
2707 3016 2772 3072 ad
2792 3013 2994 3071 annum
3018 3032 3186 3086 usque
3210 3015 3312 3072 408
3338 3017 3551 3072 mittere

284 3133 499 3187 Paulini
518 3132 695 3200 gratia
723 3132 963 3195 dicebat,
996 3147 1115 3187 cum
1144 3145 1252 3200 quo
1280 3130 1549 3199 inceptum
1580 3144 1723 3183 anno
1761 3127 1862 3182 595

1969 3117 2280 3181 potuerunt.

277 3226 668 3281 commercium
724 3224 998 3293 probabile
1060 3232 1144 3278 est
1206 3238 1329 3277 eum
1384 3221 1577 3276 fovisse
1627 3236 1860 3291 semper,

281 3316 530 3387 quamvis
555 3314 696 3369 nulla
723 3314 865 3368 illius
888 3321 1067 3368 exstet
1095 3320 1222 3367 nota
1249 3312 1317 3366 ab
1343 3326 1485 3366 anno
1513 3310 1616 3369 596
1634 3311 1700 3364 ad
1721 3311 1863 3366 hunc

280 3422 455 3477 usque
476 3420 694 3460 annum.
723 3404 853 3471 Quis
873 3403 1032 3458 fuerit
1053 3402 1313 3457 Bonifacii
1331 3410 1386 3456 et
1409 3401 1535 3471 Spei
1560 3401 1863 3456 contentio-

280 3500 366 3553 nis
394 3498 572 3552 exitus
591 3512 696 3550 non
717 3503 959 3565 apparet.
990 3492 1103 3548 Hae
1127 3491 1356 3548 fortasse
1384 3492 1436 3546 in
1458 3492 1741 3547 occasione
1764 3492 1863 3546 has

284 3592 431 3646 misit
455 3591 522 3645 ad
551 3588 830 3644 Paulinum
853 3587 1061 3642 litteras
1074 3585 1141 3640 de
1154 3585 1348 3655 quibus
1375 3600 1518 3639 anno
1537 3585 1783 3653 sequenti
1808 3584 1860 3638 in

280 3684 511 3755 epistola
543 3681 564 3721 ί
597 3682 922 3737 mentionem
953 3678 1101 3745 facit,
1132 3680 1187 3734 in
1213 3677 1406 3748 quibus
1424 3721 1440 3747 ,
1472 3687 1531 3732 ut
1555 3677 1785 3745 videtur,
1812 3678 1862 3732 ei

283 3774 623 3845 proponebat
675 3771 1023 3843 qmtionem
1078 3767 1368 3839 quamdam
1414 3767 1485 3822 de
1535 3768 1863 3836 obligatione

287 3875 471 3922 nostra
500 3879 713 3934 semper
740 3863 835 3919 Dei
862 3862 1126 3917 voluntati
1171 3862 1393 3931 parendi
1439 3881 1452 3915 :
1495 3862 1563 3917 de
1604 3862 1710 3931 ει
1757 3874 1863 3927 qua

290 3956 540 4010 Paulinus
566 3954 633 4009 ad
673 3969 794 4009 enm
824 3952 1097 4023 rescripsit
1126 3962 1150 3999 ε
1181 3953 1252 4006 ita
1280 3967 1339 4007 se
1369 3952 1460 4007 illo
1494 3967 1602 4020 quo
1638 3949 1865 4005 feliciter

292 4048 540 4102 urebatur
567 4047 688 4101 loco
715 4058 1062 4115 perseverare
1101 4043 1423 4109 decrevisse,
1472 4052 1533 4097 ut
1570 4042 1616 4096 si
1643 4042 1770 4110 quid
1797 4040 1864 4095 de

286 4156 344 4195 se
368 4140 511 4194 aliud
538 4138 765 4193 Domino
792 4134 1055 4205 placuerit
1082 4134 1197 4201 ejus
1221 4134 1556 4187 voluntatem
1588 4132 1866 4200 prmierret

281 4247 417 4286 suae.
451 4226 821 4298 Augustinush
854 4224 1135 4279 Paulinum
1164 4223 1470 4279 Christiano
1515 4224 1675 4293 plane
1704 4222 1863 4276 intel-

286 4323 429 4378 lectu
456 4331 513 4376 et
538 4320 826 4374 devotione
848 4318 901 4372 in
928 4331 1026 4371 sua
1048 4316 1276 4385 epistola
1305 4316 1541 4371 locutum
1571 4329 1693 4370 esse
1713 4313 1863 4381 dicit,

285 4431 475 4471 verum
515 4413 673 4468 nimis
699 4411 895 4467 cursim
939 4418 994 4465 et
1032 4408 1287 4471 breviter,
1328 4416 1386 4462 et
1423 4416 1682 4478 exoptare
1720 4421 1780 4461 se
1806 4414 1866 4460 ut

2036 3222 2090 3276 5.
2122 3221 2371 3291 Pelagius
2397 3222 2510 3292 qui,
2552 3229 2839 3291 antequam
2870 3220 3084 3290 vulgata
3113 3231 3256 3277 esset
3293 3220 3411 3292 ejus
3438 3221 3551 3277 hae-

1962 3314 2118 3380 resis,
2170 3314 2459 3368 multorum
2506 3319 2814 3367 sanctorum
2858 3312 3097 3367 virorum
3150 3312 3352 3368 amicus
3394 3320 3549 3378 erat,

1965 3415 1991 3453 ιι
2027 3412 2296 3472 tamquam
2344 3401 2440 3457 Dei
2482 3417 2670 3458 servus
2722 3401 2886 3455 etiam
2914 3416 2946 3454 a
2994 3398 3220 3455 Paulino
3250 3401 3550 3457 amabatur.

1964 3494 2290 3562 Augustinus
2336 3508 2396 3547 se
2433 3491 2658 3561 hujusce
2703 3490 3071 3546 hmresiarcha:
3111 3499 3133 3527 τ
3183 3490 3441 3560 epistolas
3485 3491 3553 3545 ad

1965 3586 2248 3641 Paulinum
2294 3585 2502 3640 misisse
2546 3583 2707 3647 dicit,
2737 3583 2791 3637 in
2838 3582 3031 3652 quibus
3057 3597 3115 3637 se
3155 3582 3287 3636 satis
3324 3582 3552 3651 gratiam

1964 3693 2256 3748 agnoscere
2284 3676 2461 3730 aiebat
2493 3673 2756 3744 Pelagius,
2787 3673 2932 3745 quod
2959 3687 2990 3728 a
3020 3672 3132 3729 Deo
3162 3674 3317 3729 nobis
3339 3674 3553 3729 insitam

1962 3784 2085 3822 esse
2106 3768 2437 3823 voluntatem
2479 3767 2811 3836 liberumque
2834 3764 3115 3820 arbitridm
3145 3763 3419 3821 fateretur.
3452 3763 3555 3818 Ea-

1968 3859 2091 3913 dem
2131 3868 2232 3923 est,
2263 3867 2319 3913 ut
2341 3858 2571 3923 videtur,
2603 3857 2831 3928 epistola
2858 3856 2922 3911 ad
2954 3854 3235 3913 Paulinum
3265 3856 3421 3924 longa
3453 3854 3554 3910 300

1966 3949 2179 4003 circiter
2201 3949 2385 4011 lineas,
2419 3954 2478 4002 ut
2507 3954 2752 4003 numerat
2778 3957 2799 3983 υ
2834 3947 2948 4017 ipse
2998 3946 3344 4014 Augustinus,
3394 3961 3555 4016 quain

1967 4039 2211 4103 Pelagius
2238 4038 2496 4092 alTerebat
2524 4054 2667 4093 anno
2696 4037 2799 4090 417
2829 4046 2890 4091 ut
2916 4036 3077 4092 [idem
3106 4054 3259 4091 suam
3302 4038 3554 4107 probaret

1967 4130 2232 4184 sinceram
2262 4138 2317 4181 et
2346 4128 2721 4183 orthodoxam.
2755 4128 3081 4194 Augustinus
3109 4143 3215 4181 non
3246 4128 3377 4181 dicit
3410 4128 3463 4180 in
3488 4143 3553 4182 ea

1968 4221 2195 4289 epistola
2236 4219 2439 4290 aliquid
2465 4219 2709 4273 absolute
2738 4218 2937 4272 malum
2986 4217 3149 4273 fuisse
3171 4256 3187 4282 ,
3219 4226 3275 4272 at
3322 4233 3445 4273 eum
3485 4219 3555 4273 de

1967 4312 2138 4380 gratia
2178 4309 2391 4364 nonnisi
2420 4308 2643 4363 remisso
2683 4307 2971 4363 admodum
3000 4306 3195 4377 vixque
3239 4307 3553 4363 sustinendo

1969 4400 2129 4457 modo
2158 4400 2211 4456 in
2239 4415 2302 4456 ea
2332 4399 2612 4469 scripsisse
2634 4398 2927 4455 contendit.
2953 4397 3201 4467 Pelagius
3226 4414 3346 4454 eam
3366 4414 3425 4454 se
3445 4400 3555 4469 θρῖα

286 4508 516 4577 idipsum
566 4504 841 4573 aliquanto
887 4498 1125 4569 apertius
1169 4498 1514 4568 explicuisset
1537 4540 1552 4563 ,
1609 4497 1864 4566 quoniam
1893 4500 1945 4562 Ι)
1968 4492 2162 4549 stolam
2195 4494 2208 4527 ί
2236 4500 2360 4546 ante
2399 4490 2684 4546 duodecim
2713 4490 2827 4545 fere
2854 4506 3026 4546 annos
3062 4499 3223 4561 atque
3258 4490 3380 4546 ideo
3409 4482 3548 4547 circa

285 4598 449 4653 modo
480 4595 809 4649 voluntatem
846 4591 961 4657 Dei,
997 4604 1113 4660 quae
1154 4598 1350 4645 nostris
1372 4589 1731 4660 praeponenda
1758 4597 1862 4654 est,

260 4687 615 4743 .noverimus.
660 4683 844 4752 Neque
888 4681 1170 4749 Augustini
1201 4681 1427 4748 litteras,
1455 4696 1629 4750 neque
1657 4679 1864 4735 Paulini

289 4792 606 4850 responsum
635 4776 930 4840 habemus,
959 4773 1103 4842 quod
1144 4773 1420 4843 probabile
1464 4783 1547 4828 est
1596 4789 1718 4828 eum
1768 4788 1866 4843 per

296 4873 312 4911 ι
337 4871 555 4928 Celsum
582 4868 934 4925 domesticum
960 4883 1114 4922 suum
1138 4867 1365 4922 misisse.

814 5024 950 5063 anno
986 5023 1189 5063 cnntsn
1228 5007 1349 5061 405.

358 5128 415 5181 2.
445 5126 611 5182 Nobis
638 5124 769 5179 nihil
805 5132 1051 5192 superest
1088 5123 1226 5177 illius
1255 5124 1521 5193 poematis
1544 5124 1687 5191 quod
1727 5121 1869 5177 Pau-

293 5219 428 5274 linus
474 5218 580 5272 hoc
621 5230 763 5269 anno
790 5215 843 5268 in
890 5212 946 5267 S.
999 5212 1190 5267 Felicis
1222 5214 1479 5268 honorem
1509 5213 1741 5283 scripsit.
1778 5213 1872 5268 Vel

272 5364 279 5371 -
360 5343 709 5403 'Carm.27.
784 5340 1219 5414 sepe-1.9.1.
1300 5341 1739 5414 ng.ss,n.i.

292 5508 375 5561 ep.
404 5481 506 5561 80,Δ
526 5481 579 5540 ii.
612 5484 664 5561 1ἶ
739 5484 763 5522 ιι
786 5481 915 5561 liud.

1968 4598 2166 4637 anmnn
2187 4580 2292 4636 405
2314 4581 2588 4651 scripsisse
2610 4581 2924 4636 testabatur.
2952 4581 3029 4636 De
3050 4580 3181 4652 Apri
3200 4582 3555 4639 conversione

1966 4675 2082 4730 fuse
2111 4684 2399 4729 tractamus
2429 4673 2814 4728 Dissertatione
2844 4671 2894 4727 5.
2927 4673 3003 4729 De
3034 4672 3148 4741 ejus
3171 4673 3241 4727 ad
3270 4670 3548 4729 Paulinum
3594 4664 3599 4671 ’

1967 4765 2217 4836 epistola,
2245 4766 2353 4835 82
2380 4763 2555 4834 deque
2582 4763 2789 4818 Paulini
2819 4763 2887 4818 ad
2916 4764 3089 4833 ipsum
3119 4778 3379 4834 responso
3407 4764 3549 4819 dixi-

1968 4873 2087 4911 mus
2103 4865 2128 4892 ιι
2151 4872 2293 4910 anno
2314 4855 2609 4926 superiore.
2644 4855 2787 4924 Aper
2813 4870 3000 4910 rursus
3026 4853 3094 4909 ad
3131 4869 3252 4909 eum
3283 4865 3308 4892 '
3336 4855 3552 4927 scripsit

1973 4956 2029 5000 et
2073 4955 2294 5014 questus
2321 4955 2406 5000 est
2448 4946 2816 5014 possessiones
2857 4943 3084 5000 illion
3114 4961 3335 5001 suorum
3365 4961 3556 5001 causas

1973 5037 2073 5091 sibi
2103 5051 2220 5089 esse
2276 5036 2607 5089 necessitatis
2634 5050 2738 5103 qua
2784 5043 2997 5089 terrena
3039 5044 3273 5100 curaret,
3301 5051 3423 5091 cum
3465 5050 3556 5090 eas

1974 5127 2206 5183 vendere
2233 5126 2524 5182 debuisset.
2571 5126 2777 5180 Paulini
2808 5136 2833 5162 ι
2883 5136 3250 5196 paupertatem
3280 5126 3550 5190 laudabat,

1973 5226 2026 5271 et
2043 5216 2146 5269 lato
2162 5226 2341 5286 potens
2356 5233 2444 5269 ore
2457 5227 2483 5266 .V
2496 5216 2832 5269 describebat
2850 5216 3120 5271 hortulum
3139 5216 3415 5269 Nolanum.
3428 5212 3557 5268 Pau-

1817 5339 1841 5377 δ
1873 5341 2007 5412 Vide
2036 5357 2122 5412 cp.
2153 5341 2218 5394 78
2253 5342 2383 5408 Aug.
2418 5351 2470 5395 et
2502 5341 2617 5396 ord.
2640 5342 2886 5397 chronol.
2967 5353 2991 5379 θ
3023 5343 3157 5409 Aug.
3189 5357 3273 5412 ep.
3302 5338 3389 5402 78,
3417 5356 3468 5412 n.
3499 5340 3555 5396 5.

296 5422 315 5462 τ
343 5423 477 5487 Aug.
505 5431 593 5486 ep.
613 5414 702 5487 _80,
944 5422 968 5460 Β
990 5413 1124 5487 ibid.
1145 5412 1278 5487 ⁸Ηιιξο
1303 5410 1507 5487 Paulini
1537 5411 2013 5487 episto|a__e_xcidit.
2046 5410 2116 5487 ξι*
2142 5411 2393 5487 Αιιεηςξν.
2428 5411 2516 5475 80.
2548 5412 2677 5487 111⁸9..

1002 5483 1015 5520 ι
1049 5482 1179 5537 Ibid.
1257 5494 1294 5520 "'
1321 5482 1476 5545 lbid.,
1510 5480 1648 5537 n.7‘2.
1723 5491 1748 5518 υ
1772 5481 1925 5542 Ibid”
1957 5498 2009 5535 η.
2040 5480 2089 5535 l.

2763 5408 3126 5475 ‘Videdulru,
3156 5408 3292 5463 n.72.
3421 5411 3561 5478 Aug.

2171 5493 2194 5519 ο
2220 5475 2428 5536 Ῐυίείξοι
2444 5498 2528 5550 ep.
2554 5480 2640 5544 95,
2660 5499 2713 5537 η.
2742 5482 2787 5536 l.
2867 5494 2891 5531 P
2922 5482 3020 5550 Ep.
3039 5480 3129 5550 80,
3156 5497 3213 5534 n.
3237 5479 3287 5550 l.
3366 5475 3391 5529 (1
3418 5475 3555 5550 Aug.

292 5549 379 5637 cp.
407 5558 529 5637 lSG,
558 5573 612 5609 η.
758 5550 982 5637 Illud,
1027 5569 1079 5606 ιι.
1244 5553 1415 5622 sAug.
1449 5554 1538 5607 lib.
1570 5555 1636 5607 dc
1660 5549 1843 5607 Gratia

1962 5549 2022 5603 55
2124 5555 2136 5587 ί
2176 5551 2306 5606 Ibid.
2386 5561 2407 5587 υ
2433 5549 2564 5621 Citp.
2594 5552 2677 5617 46,
2704 5570 2756 5605 ιι.
2782 5550 2828 5604 l.
2910 5561 2934 5587 ν
2962 5549 3112 5632 Paul.
3144 5563 3231 5617 cp.
3275 5549 3366 5613 39,
3397 5566 3471 5637 ur

296 5620 598 5695 ιἰδωητ..
633 5623 683 5678 5.
757 5632 784 5671 θ’
814 5620 977 5684 lbid.,
1018 5637 1071 5674 η.
1102 5621 1153 5675 4.

577 5723 843 5780 l'nnoa.
892 5715 1056 5774 LXl.

3201 5708 3237 5767 lt
