4056 6358
546 240 646 295 107

1562 239 1618 293 S.
1660 239 2000 296 PAULINUS
2037 241 2353 298 NOLANUS
2391 241 2778 299 EPISCOPUS.

3701 250 3813 303 1οὀ

542 351 721 406 Iinus‘
740 363 841 404 suo
860 357 914 405 et
934 349 1199 405 Therastc
1219 348 1432 404 nomine
1454 347 1524 402 ad
1544 348 1744 418 Aprum
1765 359 1821 406 et
1839 351 1908 406 ad
1931 351 2122 405 Aman-
2149 358 2198 415 Α
2226 351 2316 405 tibi
2331 355 2464 404 tanti
2510 355 2632 415 sint,
2665 353 2835 420 inquit
2859 395 2873 420 ,
2897 369 3200 424 "regnarunt
3221 372 3480 410 morarum
3501 358 3810 427 dispendia,

541 443 666 498 dam
694 441 972 512 rescripsit,
1003 461 1016 495 :
1047 457 1141 496 eos
1181 440 1489 496 hortabatur
1509 439 1537 478 δ
1567 449 1626 494 ιιι
1651 449 1858 495 tantum
1887 442 1955 495 ad
1991 458 2114 496 eru-

541 532 799 587 ditionem
826 533 1015 586 anima:
1044 531 1315 584 traherent
1355 537 1613 598 quantum
1641 529 1706 584 de
1730 530 1849 598 jure
1877 540 2112 602 possent,

548 632 570 658 ε
590 635 709 674 sese
747 618 945 675 Christi
974 634 1154 687 agrum
1185 634 1303 672 esse
1330 619 1650 686 cogitarent,
1682 627 1737 674 et
1761 621 1971 688 qualem
2001 622 2114 688 agri

539 709 642 774 sui,
667 715 726 764 ut
749 707 912 764 ferret
938 707 1157 772 fructus,
1180 709 1414 778 speciem
1438 708 1554 762 ﬁeri
1578 710 1929 780 postularent,
1951 710 2114 764 talem

481 832 484 834 η
538 799 716 854 cordis
742 800 824 853 sui
851 797 962 852 Deo
997 798 1225 852 Domino
1253 798 1514 852 culturam
1557 799 1843 854 redderent
1871 819 1884 852 :
1923 802 2114 856 deinde

537 893 563 927 ιι
581 891 816 959 seipsum
845 890 1098 958 deprimit
1124 889 1378 944 Paulinus
1405 902 1460 944 et
1485 891 1552 944 de
1580 893 1690 946 suis
1731 893 2114 946 tentationibus

536 979 787 1048 loquitur.
807 978 961 1034 Circa
986 979 1126 1034 hunc
1143 995 1338 1033 annum
1359 981 1571 1049 scripsit
1595 979 1846 1035 Paulinus
1865 982 1932 1035 ad
1956 982 2113 1036 Sanc-

535 1076 647 1122 tum
673 1077 728 1124 et
743 1067 1043 1123 Amandum
1066 1069 1320 1137 epistolas
1339 1070 1791 1137 quadragesimam
1805 1079 1858 1123 et
1877 1070 2110 1139 quadra-

533 1158 792 1227 gesimam
815 1159 1211 1228 primam.Vide
1236 1159 1340 1212 Vit.
1373 1175 1421 1213 c.
1455 1158 1543 1212 25.

1092 1315 1316 1371 CAPUT
1339 1315 1544 1370 XLVII.

532 1408 613 1461 Ad
642 1407 882 1464 Sevefum
918 1415 965 1459 et
992 1406 1313 1460 Desiderium
1351 1406 1526 1460 scribit
1575 1405 1846 1459 Paulinus.
1893 1404 2107 1460 Severus

667 1476 1097 1531 Posthumianum
1123 1477 1357 1530 hortatur
1379 1485 1432 1528 ut
1451 1477 1638 1530 invisat
1657 1474 1959 1527 Paulinum.

599 1588 650 1641 l.
684 1587 789 1643 Per
820 1587 1131 1643 °Victorem
1161 1585 1230 1640 ad
1265 1585 1550 1638 Paulinum
1585 1599 1684 1649 eo,
1716 1591 1775 1637 ut
1819 1581 2103 1647 credimus,

528 1693 669 1733 anno
697 1679 912 1748 scripsit
962 1677 1227 1746 Sulpicius
1255 1673 1507 1729 Severus.
1539 1673 1668 1739 Quis
1696 1674 1992 1727 litterarum
2021 1681 2098 1728 te-
2139 1713 2182 1772 Β

527 1784 629 1824 nor
654 1769 813 1824 fuerit
839 1783 945 1823 non
975 1767 1152 1836 palam
1193 1765 1346 1819 nobis
1373 1773 1476 1832 est,
1507 1762 1607 1816 nisi
1635 1761 1778 1831 quod
1805 1777 1836 1816 a
1882 1761 2104 1818 Paulino

526 1869 738 1934 peteret
781 1861 1171 1933 quamprimum
1218 1859 1320 1915 sibi
1369 1859 1570 1915 remitti
1599 1857 1890 1925 Victorem,
1937 1867 1992 1911 ut
2038 1858 2103 1910 al

527 1955 807 2010 vindemize
831 1953 945 2008 dies
973 1953 1227 2008 remissus
1255 1961 1582 2006 occurreret.
1609 1949 1624 1988 ¹
1663 1950 1921 2005 Desiderii
1949 1964 2102 2019 prcs-

525 2043 700 2115 byteri
729 2043 936 2098 litteras
962 2043 1119 2098 simul
1146 2042 1196 2096 ei
1221 2041 1402 2096 Victor
1429 2040 1676 2106 reddidit,
1707 2041 1796 2110 qui
1821 2041 1887 2094 ab
1915 2056 1981 2094 eo
2010 2054 2103 2109 pe-

525 2135 672 2188 tebat
710 2133 1112 2200 intelligentiam
1143 2130 1577 2186 benedictionum
1598 2131 1789 2199 quibus
1819 2130 1955 2184 iilios
1977 2146 2103 2185 suos

435 2204 448 2213 I
524 2223 685 2278 morti
729 2224 1005 2293 proximus
1027 2221 1192 2278 Jacob
1221 2220 1457 2276 donavit.
1489 2220 1659 2275 Post!
1690 2221 1958 2276 modicum
2003 2222 2100 2274 ad-

524 2325 714 2371 ventus
741 2317 824 2371 sui
859 2315 1049 2370 Nolam
1087 2325 1298 2384 tempus
1325 2314 1510 2368 Victor
1537 2328 1595 2369 se
1623 2313 1690 2366 ad
1731 2313 1834 2366 iter
1859 2313 2102 2380 relegen-

523 2408 648 2462 dum
673 2408 1006 2477 praeparavit,
1031 2407 1102 2460 ita
1125 2415 1182 2460 ut
1202 2405 1453 2460 Paulinus
1472 2407 1661 2460 breves
1683 2405 1748 2458 ad
1768 2403 2099 2458 Desiderium

523 2506 578 2552 et
623 2497 879 2553 Severum
909 2498 1113 2552 litteras
1154 2496 1358 2562 fecerit,
1389 2512 1507 2566 qua:
1532 2497 1671 2551 bina:
1710 2497 2000 2566 perierunt.
2033 2496 2101 2549 Et

519 2588 702 2645 forsan
731 2588 921 2644 eodem
952 2596 1193 2658 tempore
1217 2596 1307 2641 aut
1345 2588 1502 2658 paulo
1532 2596 1654 2658 post
1688 2587 1989 2658 conscripta
2015 2594 2100 2640 est

520 2677 588 2733 ad
609 2677 935 2733 Florentium
957 2677 1349 2734 Cadurcensem
1375 2679 1683 2749 episcopum
1706 2679 1930 2750 epistola
1965 2694 2098 2747 qua-

519 2767 817 2836 dragesima
852 2769 1106 2836 secunda,
1135 2769 1202 2823 de
1251 2785 1356 2838 qua
1404 2769 1519 2824 fuse
1565 2768 1591 2806 δ
1634 2785 1794 2840 supra
1842 2769 2092 2826 diximus.

518 2857 588 2913 At
609 2873 736 2913 vero
749 2857 971 2928 jamjam
995 2857 1008 2896 ί
1044 2858 1403 2928 profecturum
1425 2858 1700 2915 Victorem
1723 2859 1885 2914 subiti
1913 2876 2090 2914 rerum

518 2950 700 3005 obices
723 2959 1083 3013 retraxerunt,
1113 2951 1236 3004 dum
1282 2951 1454 3004 hiems
1481 2951 1874 3018 navigationem
1917 2960 1972 3004 et
2008 2952 2094 3004 iti-

519 3054 646 3094 nera
676 3048 849 3094 metus
877 3039 1206 3106 clauderent,
1240 3039 1432 3108 quibus
1477 3041 1761 3109 impeditus
1790 3043 2092 3097 necessitati

517 3131 728 3200 longam
757 3132 902 3186 Nolae
923 3132 1230 3186 dilationem
1257 3133 1324 3185 ad
1352 3131 1508 3186 ﬁnem
1533 3148 1699 3202 usque
1741 3133 1930 3189 hiemis
1954 3149 2091 3204 pra:-

515 3221 667 3276 stitit.
700 3221 871 3276 Metus
899 3223 990 3292 qui
1019 3222 1208 3276 itinera
1229 3223 1441 3286 clausit,
1466 3223 1554 3276 ille
1582 3223 1931 3292 proculdubio
1953 3233 2087 3290 erat,

515 3325 582 3365 ne
610 3311 708 3382 ipsi
738 3311 1102 3366 Romanorum
1127 3319 1219 3366 aut
1246 3312 1482 3366 hostium
1509 3314 1776 3368 exercitus
1803 3314 1856 3367 in
1893 3315 1976 3368 via
2001 3329 2091 3370 oc-

515 3411 814 3457 currerent:
847 3403 990 3472 quod
1013 3403 1210 3458 referre
1235 3403 1314 3458 fas
1334 3412 1416 3458 est
1431 3403 1498 3458 ad
1517 3405 1829 3461 descensum
1846 3407 2038 3461 Alarici
2064 3407 2077 3458 i

515 3491 570 3545 in
609 3491 813 3546 Italiam
841 3508 982 3548 anno
1009 3492 1131 3559 405,
1165 3502 1258 3547 aut
1284 3493 1605 3563 Rhadagaisi
1633 3510 1774 3550 anno
1803 3496 1924 3550 605.
1954 3495 2087 3551 Cum

512 3595 641 3637 vero
668 3584 1006 3640 retulerimus
1030 3585 1096 3638 ad
1122 3601 1320 3640 annum
1343 3584 1445 3639 405
1465 3586 1744 3656 epistolam
1767 3588 1925 3642 aliam
1949 3587 2089 3642 Pauo

513 3671 604 3726 lini
633 3673 702 3726 ad
727 3673 983 3729 Severum
1013 3677 1113 3746 ipsi
1142 3692 1172 3730 a
1191 3677 1410 3732 Victore
1434 3678 1716 3741 redditam,
1749 3681 1954 3735 huncce
1974 3697 2087 3736 me-

513 3767 624 3814 tum
659 3761 882 3831 rejicere
909 3773 1123 3834 oportet
1161 3765 1213 3819 in
1264 3767 1578 3822 descensum
1607 3767 1946 3836 Rhadagaisi,
1991 3772 2086 3840 qui

510 3852 680 3908 multo
729 3853 986 3922 majorem
1030 3870 1191 3924 quam
1235 3857 1475 3914 Alaricus
1519 3860 1571 3913 in
1623 3859 1772 3914 Italia
1801 3863 2086 3916 concitavit

510 3950 791 3998 terrorem.
825 3943 1139 4014 Rhadagaisi
1173 3945 1198 3984 ¹ι
1229 3950 1497 4004 exercitus
1533 3951 1745 4004 nonnisi
1787 3952 1926 4006 circa
1974 3952 2085 4007 hie-

509 4047 652 4086 mem
681 4031 887 4088 deletus
911 4031 1075 4090 fuisse
1097 4035 1306 4102 dicitur,
1336 4039 1426 4108 qui
1451 4039 1576 4094 licet
1600 4051 1725 4094 ante
1748 4039 1952 4108 fuisset,
1976 4040 2084 4096 Ro-

506 4122 651 4176 mani
696 4123 857 4178 etiam
908 4126 1174 4180 exercitus
1214 4129 1429 4193 milites,
1475 4129 1565 4198 qui
1603 4130 1775 4185 adhuc
1813 4131 1992 4187 multis
2029 4132 2081 4185 in

505 4214 636 4271 locis
663 4216 884 4286 dispersi
910 4233 1028 4272 esse
1055 4226 1322 4288 poterant,
1346 4222 1543 4290 quique
1571 4229 1627 4275 ut
1654 4221 1939 4291 plurimum
1959 4223 2085 4278 bar-

503 4304 620 4360 bari
648 4317 821 4371 erant,
853 4316 1051 4362 metum
1083 4311 1374 4364 viatoribus
1401 4314 1638 4366 incutere
1668 4323 1971 4382 potuerunt.

2215 443 2335 510 quin
2360 441 2469 494 illic
2493 441 2649 494 adeas
2677 443 2927 495 illustrem
2955 444 3116 495 uirum
3145 459 3206 496 ac
3245 453 3349 498 toto
3381 446 3653 498 laudatum
3681 447 3812 500 orbe

2221 529 2515 582 Paulinum.
2544 529 2653 594 Illi,
2678 546 2851 598 quaeso
2872 539 2938 594 tc,
2963 533 3185 600 primum
3207 535 3455 587 sermonis
3479 537 3646 588 nostri
3666 537 3810 604 quod

2215 622 2291 674 vel
2345 621 2577 674 hesterno
2623 623 2933 692 confecimus
2988 623 3063 676 vel
3104 623 3253 677 hodie
3282 625 3507 679 diximus
3563 628 3806 680 volumen

2214 707 2420 765 evolve?
2434 710 2521 764 Illi
2549 713 2720 764 omnia
2751 714 2958 782 referes,
2990 713 3066 765 illi
3096 725 3278 766 cuncta
3305 714 3565 778 recitabis,
3593 727 3651 768 ut
3678 734 3806 770 mox

2215 819 2306 870 per
2323 802 2469 854 illum
2490 818 2642 854 sacra
2671 803 2762 854 viri
2793 803 2970 855 laudes
3002 802 3166 856 Roma
3196 815 3491 873 cognoscat,
3523 808 3658 859 sicut
3686 811 3806 878 pri-

2215 906 2350 942 mum
2373 890 2516 942 illum
2555 898 2785 943 nostrum
2811 891 3035 943 libellum
3080 908 3182 944 non
3211 909 3300 961 per
3327 892 3543 946 Italiam
3573 905 3803 958 tantum,

2213 981 2304 1033 sed
2332 997 2421 1049 per
2443 989 2603 1040 totum
2629 981 2781 1033 etiam
2805 980 3011 1048 diffudit
3029 979 3304 1044 ~Illiricum.
3334 981 3433 1035 Ille
3454 981 3676 1036 Martini
3693 1001 3804 1036 non

2211 1072 2416 1124 invidus
2464 1072 2768 1141 gloriarum,
2799 1083 3190 1143 sanctorumque
3216 1075 3268 1126 in
3313 1074 3514 1126 Christo
3555 1076 3803 1128 virtutum

2211 1163 2472 1230 piissimus
2525 1163 2806 1215 wstimator
2831 1199 2844 1223 ,
2877 1178 2978 1215 non
3027 1163 3213 1215 abnuet
3257 1164 3528 1228 pra'sulem
3563 1176 3800 1217 nostrum

2211 1269 2325 1305 cum
2345 1269 2436 1305 suo
2466 1251 2643 1305 Felice
2670 1268 2986 1318 componere.
3012 1251 3144 1305 Cum
3174 1263 3198 1288 ο
3229 1263 3470 1308 mortuus
3498 1263 3581 1307 est
3612 1253 3801 1308 Pauli-

2211 1357 2312 1396 nus
2339 1342 2477 1412 apud
2507 1357 2566 1396 se
2594 1341 2822 1396 habebat
2849 1342 3131 1410 quemdam
3159 1344 3531 1412 presbyterum
3577 1344 3800 1398 nomine

2211 1433 2648 1489 Posthumianum
2700 1451 2713 1486 :
2769 1448 2837 1486 an
2893 1432 3031 1487 idem
3077 1432 3236 1486 fuerit
3283 1433 3373 1502 qui
3429 1449 3681 1489 reversus
3726 1449 3798 1490 ex

2209 1525 2425 1581 Oriente
2453 1523 2675 1579 Paulino
2703 1523 3003 1588 adbzeserit,
3034 1539 3141 1577 non
3171 1523 3299 1576 mihi
3326 1532 3560 1577 constat.

2740 1678 2874 1717 anno
2903 1677 3106 1716 ευιιιετι
3132 1660 3253 1714 406.

2277 1777 2329 1830 3.
2372 1775 2571 1830 Decimi
2601 1774 2743 1829 tertii
2773 1773 2995 1828 natalitii
3020 1773 3272 1828 carminis
3301 1784 3325 1822 ρ
3348 1775 3402 1827 in
3433 1777 3696 1830 honorem
3728 1777 3790 1831 S.

2206 1866 2426 1929 Felicis,
2456 1865 2597 1934 quod
2637 1863 2789 1931 juxta
2844 1863 3080 1916 historia:
3121 1872 3316 1917 nostra:
3343 1864 3534 1917 seriem
3567 1865 3792 1920 ineunte

2205 1959 2308 2012 hoc
2353 1972 2492 2010 anno
2537 1955 2792 2024 scriptum
2837 1953 2952 2017 fuit,
3004 1954 3188 2008 titulus
3222 1963 3306 2008 est
3338 1972 3349 2006 :
3383 1954 3462 2008 De
3499 1955 3792 2010 Gothorum

2203 2049 2456 2100 exercitus
2477 2063 2589 2099 cum
2612 2062 2704 2099 suo
2724 2063 2842 2116 rege
2867 2047 3073 2098 interitu
3097 2061 3113 2098 :
3137 2046 3330 2114 quibus
3356 2047 3534 2100 verbis
3554 2057 3742 2116 aperte
3760 2060 3790 2098 ιι

2206 2136 2520 2204 Rliadagaisi
2565 2135 2741 2190 clades
2804 2136 3106 2200 indicatur;
3164 2149 3283 2203 qua:
3339 2135 3556 2204 quidem
3605 2137 3790 2192 clades

2204 2235 2474 2295 tamquam
2503 2224 2840 2278 manifestum
2880 2225 3113 2292 illudque
3153 2224 3344 2278 mirum
3390 2225 3482 2278 Dei
3514 2226 3567 2278 in
3614 2226 3789 2295 impc-

2203 2317 2338 2370 rium
2393 2316 2810 2382 religionemque
2864 2313 3225 2368 Christianam
3293 2317 3470 2368 tutela:
3529 2317 3786 2371 indicium

2201 2421 2411 2474 semper
2437 2407 2612 2458 habita
2659 2412 2770 2469 est;
2818 2412 2873 2458 et
2913 2418 2974 2457 ea
3027 2419 3146 2472 qua:
3173 2415 3457 2472 supersunt
3487 2420 3660 2474 pauca
3715 2421 3786 2461 ex

2201 2496 2304 2549 hoc
2323 2497 2567 2564 poemate
2601 2505 2618 2530 τ
2651 2495 2886 2548 carmina
2918 2490 3196 2547 Paulindm
3248 2493 3430 2547 Roma:
3477 2504 3531 2548 et
3570 2496 3783 2564 imperii

2200 2587 2520 2656 martyribus
2556 2583 2693 2639 hanc
2724 2583 2882 2638 i'ictoi
2895 2586 2996 2637 iam
3030 2585 3274 2639 tribuisse
3327 2586 3572 2654 probant.
3604 2594 3624 2619 ³
3661 2585 3782 2640 Vic—

2200 2686 2369 2730 torem
2399 2691 2537 2728 auno
2575 2668 2850 2744 superiore
2879 2677 2906 2728 a
2937 2673 3136 2728 Severo
3166 2683 3222 2728 et
3250 2675 3522 2729 Desiderio
3553 2676 3778 2730 missum

2197 2767 2262 2820 ad
2309 2765 2585 2819 Paulinum
2616 2765 2862 2828 vidiinus,
2903 2774 3253 2833 coactumque
3301 2759 3462 2819 fuisse
3490 2765 3635 2820 Nola:
3683 2778 3779 2820 ex-

2194 2867 2437 2928 spectare
2483 2858 2655 2911 donec
2700 2857 3039 2910 adventasset
3084 2872 3246 2910 verna
3297 2865 3588 2925 tempestas
3636 2868 3694 2912 ut
3721 2860 3776 2913 in

2193 2949 2391 3004 Gallias
2424 2949 2638 3002 rediret.
2671 2946 2760 3002 Sic
2793 2951 2810 2983 ⁸
2844 2947 3245 3016 exspecmntem
3274 2961 3396 3000 eum
3425 2947 3617 3001 invasit
3653 2963 3776 3016 gra-

2121 3073 2166 3132 ε
2196 3042 2440 3097 vissimus
2486 3041 2722 3105 morbus,
2754 3036 2861 3109 ([lIO
2891 3041 2943 3093 in
2973 3039 3228 3093 extremis
3274 3039 3484 3108 positus
3511 3049 3611 3094 est.
3647 3039 3776 3108 Ejus

2199 3133 2591 3187 tribulationem
2622 3141 2647 3168 ιι
2687 3131 3018 3199 compaticns
3063 3131 3311 3184 sustinuit
3356 3128 3626 3194 Paulinus,
3679 3132 3772 3185 sed

2193 3224 2434 3292 quamvis
2456 3223 2567 3291 jam
2597 3222 2663 3275 ab
2691 3221 2940 3276 omnibus
2975 3220 3284 3289 desperatus
3311 3229 3616 3288 zegrotaret,
3645 3230 3674 3259 ν
3704 3221 3773 3275 de

2192 3315 2374 3370 Severi
2407 3325 2582 3368 tamen
2608 3312 2708 3368 ﬁde
2734 3312 2957 3381 ejusqiie
2986 3312 3192 3365 meritis
3220 3313 3505 3366 sanitatem
3533 3314 3771 3380 speravit

2191 3405 2464 3458 Paulinus.
2502 3403 2706 3457 Revera
2739 3412 2763 3438 ι
2792 3401 3059 3456 convaluit
3090 3401 3273 3455 Victor
3315 3419 3326 3452 :
3359 3401 3451 3456 sed
3483 3403 3599 3470 plus
3627 3411 3769 3456 tem-

2190 3497 2336 3566 poris
2363 3497 2413 3548 in
2443 3492 2728 3549 reﬁcienda
2762 3491 3064 3546 valetudine
3088 3492 3401 3556 consumsit,
3425 3507 3586 3560 quam
3607 3493 3767 3561 πενί-

2190 3585 2370 3639 tudine
2400 3585 2622 3639 tolerata
2647 3583 2991 3652 produxerat,
3024 3589 3080 3635 et
3106 3591 3133 3629 γ
3162 3581 3340 3635 vicino
3369 3589 3573 3634 tantum
3603 3566 3766 3651 apos-

2189 3677 2418 3731 tolorum
2465 3675 2626 3728 natali
2655 3674 2813 3743 plane
2842 3673 3119 3728 restitutus
3143 3681 3242 3727 est.
3277 3672 3405 3726 Tam
3434 3674 3542 3727 cito
3582 3674 3767 3727 dimit-

2189 3778 2300 3824 tere
2343 3785 2464 3824 eum
2493 3769 2662 3822 noluit
2694 3768 2979 3831 Paulinus;
3011 3768 3103 3821 sed
3134 3768 3353 3822 retinuit
3381 3767 3555 3821 donec
3583 3783 3766 3821 secum

2188 3859 2412 3915 Romam
2459 3861 2606 3913 illum
2661 3859 2743 3913 sui
2789 3859 2995 3913 itineris
3019 3859 3182 3912 annui
3236 3859 3440 3914 socium
3495 3858 3765 3924 duceret,

2187 3959 2246 4004 ut
2293 3951 2435 4004 illinc
2465 3949 2889 4017 prolicisccretur
2917 3949 2968 4001 in
2997 3945 3196 4002 Gallias
3224 3963 3534 4002 reversurus
3558 3986 3573 4008 ,
3605 3957 3661 4002 et
3701 3951 3765 4002 ad

2185 4041 2463 4096 vindemitc
2491 4039 2604 4094 dies
2630 4039 2831 4094 Severo
2860 4039 3111 4093 remissus
3156 4047 3483 4102 occurreret,
3513 4040 3632 4108 ipso
3656 4042 3765 4094 sci-

2186 4134 2310 4187 licet
2339 4141 2578 4201 tempore
2600 4131 2742 4200 quod
2772 4130 3171 4199 pncscripserat
3228 4128 3458 4184 Severus
3483 4139 3503 4164 ²
3531 4169 3546 4193 ,
3579 4146 3763 4184 verum

2183 4222 2427 4292 sequenti
2454 4229 2660 4276 tantum
2689 4236 2848 4274 anno.
2881 4221 3023 4274 Duas
3047 4231 3099 4256 η
3130 4221 3320 4274 breves
3348 4221 3604 4290 epistolas
3632 4237 3763 4290 quas

2184 4332 2324 4370 anno
2352 4315 2646 4384 superiore,
2684 4328 2803 4367 cum
2843 4313 3029 4366 Victor
3056 4313 3318 4381 proticisci
3349 4313 3527 4376 vellet,
3560 4314 3628 4368 ad
3667 4314 3765 4368 Se-

576 4394 630 4447 2.
655 4394 751 4460 Eo,
771 4406 828 4448 ut
849 4397 1074 4462 videtur,
1101 4413 1242 4451 anno
1270 4398 1284 4435 ι
1322 4399 1732 4455 Posthumianus
1754 4418 1819 4456 ex
1842 4404 2077 4469 Oriente,
2108 4435 2160 4494 ι)
2184 4424 2367 4462 verum
2392 4414 2446 4462 et
2474 4406 2804 4462 Desiderium
2833 4406 3119 4474 scripserat
3147 4403 3416 4469 Paulinus,
3438 4406 3615 4460 eidem
3642 4407 3764 4460 Vic-

509 4491 703 4538 exacto
731 4484 927 4538 ibidem
959 4493 1074 4540 toto
1107 4487 1356 4552 triennio,
1385 4505 1631 4544 reversus
1656 4499 1757 4544 est.
1789 4490 2080 4560 Trigesima

507 4572 626 4627 luce
649 4582 686 4608 ιη
705 4587 772 4627 ex
815 4571 1046 4644 Egypto
1076 4575 1359 4630 Massiliam
1407 4581 1671 4647 pervenit,
1701 4580 1904 4635 decima
1956 4597 2080 4637 vero

505 4675 573 4714 ex
601 4662 734 4715 urbe
759 4661 987 4717 Massilia
1012 4664 1077 4718 ad
1108 4665 1283 4719 locum
1314 4667 1403 4722 ubi
1434 4669 1700 4738 Sulpicius
1727 4670 1957 4728 Severus
1984 4675 2078 4729 de-

504 4753 682 4820 gebat.
714 4752 994 4809 Materiam
1034 4755 1374 4824 Dialogorum
1406 4747 1814 4831 suppeditarunt
1840 4762 2076 4834 Sulpicio

503 4841 704 4898 Severo
717 4847 886 4914 prima
897 4862 1014 4902 cum
1037 4848 1151 4918 ipso
1172 4849 1456 4918 colloquia,
1480 4853 1578 4906 sub
1594 4867 1819 4920 quorum
1844 4853 2002 4910 tinem
2023 4866 2070 4922 η,

501 4952 624 4991 cum
654 4937 1062 4995 Posthumianus
1089 4949 1232 4994 esset
1259 4938 1530 4997 Orientem
1567 4960 1692 4999 mox
1719 4949 2071 5014 repetiturus,

501 5041 624 5081 eum
653 5027 896 5082 hortatur
920 5039 978 5084 ut
1025 5046 1120 5100 per
1147 5030 1491 5103 campaniam
1531 5035 1632 5089 iter
1659 5037 1899 5102 haberet,
1947 5039 2073 5094 licet

500 5116 570 5172 de
607 5117 692 5172 via
721 5117 946 5174 multum
993 5123 1100 5191 83
1146 5122 1244 5176 hac
1289 5123 1356 5178 de
1383 5139 1542 5179 causa
1587 5124 1911 5182 deﬂecteret.
1946 5128 2069 5185 Non

576 5292 729 5364 [ΕΡ.
764 5291 862 5364 59,
898 5294 947 5347 in
986 5295 1066 5348 tit.
1143 5296 1168 5334 ι)
1204 5297 1335 5352 Ibid.
1358 5341 1372 5364 ,
1418 5317 1467 5352 η.
1508 5301 1560 5354 2.

505 5378 560 5441 ῃ.
687 5432 700 5441 _
731 5374 756 5410 ις
801 5363 974 5441 Ibid,
1021 5365 1158 5441 ,1)...1
1203 5363 1367 5441 et
1427 5369 1608 5441 [(Jap.
1674 5371 1778 5432 45.
1828 5363 1880 5428 n.
1925 5377 1977 5430 Ξ.

504 5430 655 5511 Dial...
681 5432 734 5502 t,
754 5449 801 5488 ο.
831 5432 999 5511 εέμυι
1018 5433 1148 5511 Ibid.
1226 5447 1251 5474 α
1281 5437 1429 5511 Sttip.
1457 5430 1579 5511 Sevf.
1608 5441 1740 5496 Dial.
1767 5430 1819 5510 '5,
1849 5461 1896 5499 c.
1927 5447 2011 5500 Π.

503 5499 970 5580 aV_id.no_t_._I’_)29.
1031 5499 1396 5580 genuinas:
1475 5509 1656 5580 9‘Cap.
1691 5499 1862 5573 47,'n.
1899 5514 1948 5568 ι.

503 5568 639 5624 n.t.
715 5571 898 5629 non.
979 5574 1340 5643 *Ibid.,u.2.
1421 5587 1472 5614 ιη
1507 5568 1656 5647 lbi.l'.,
1690 5597 1738 5633 ιι.
1767 5568 1793 5633 '1
1823 5585 1955 5639 et‘2.

2033 5523 2044 5555 ι
2082 5519 2289 5574 Paulin.
2317 5537 2405 5589 ep.
2441 5518 2510 5572 45
2535 5558 2548 5580 ,
2581 5535 2634 5589 n.
2670 5518 2721 5589 β.

2037 5589 2091 5626 δι’
2122 5591 2303 5658 Spicil.
2331 5587 2370 5643 ιζ
2397 5590 2456 5654 V,
2484 5605 2537 5657 ι).
2591 5587 2710 5652 552,
2745 5587 2865 5641 55L

2186 4499 2288 4551 tori
2313 4497 2626 4552 deferendas
2648 4497 2818 4561 dedit;
2841 4497 2932 4550 sed
2947 4496 3081 4550 duas
3103 4496 3418 4565 prolixiores
3434 4497 3500 4550 ad
3520 4498 3760 4564 eosdem,

2184 4590 2397 4642 remissa
2443 4598 2594 4658 atque
2620 4589 2798 4640 laxata
2826 4589 2877 4641 in
2909 4589 3062 4641 otium
3111 4598 3277 4640 mente
3320 4588 3544 4656 scriptas
3574 4588 3641 4641 iis
3669 4590 3763 4641 ad-

2180 4677 2416 4745 jecit.Ea
2446 4693 2563 4744 qua:
2589 4677 2652 4729 ad
2683 4676 2938 4730 Severum
2967 4677 3224 4744 prolixior
3239 4685 3356 4730 erat
3383 4677 3604 4745 scripta,
3631 4693 3760 4744 per-

2180 4770 2270 4834 iit,
2317 4784 2415 4824 nec
2462 4769 2622 4822 etiam
2664 4768 2790 4836 quid
2841 4776 3080 4822 remanet
3128 4782 3311 4821 earum
3343 4783 3475 4836 quas
3502 4767 3570 4820 ad
3611 4768 3761 4821 illum

2179 4859 2366 4914 deinde
2385 4859 2618 4913 scribere
2645 4858 2836 4926 potuit.

2249 4952 2300 5004 4.
2333 4951 2390 5004 In
2420 4949 2476 4988 δι’
2495 4949 2778 5018 Spicilegio
2809 4948 3105 5002 Acheriano
3144 4949 3298 5003 binas
3328 4948 3542 5003 nomine
3571 4947 3758 5002 Severi

2178 5043 2244 5096 ad
2292 5041 2569 5094 Paulinum
2599 5039 2876 5107 inscriptas
2917 5038 3174 5092 habemus
3218 5038 3490 5107 epistolas,
3531 5052 3758 5105 quarum

2175 5135 2343 5205 prima
2375 5146 2504 5186 sane
2532 5138 2613 5184 est
2635 5129 2817 5182 Severi
2846 5127 2912 5180 ad
2942 5127 3241 5194 Paulinum,
3272 5143 3437 5198 quare
3465 5136 3521 5180 et
3548 5142 3668 5181 eam
3701 5137 3756 5166 τε

1641 5313 1664 5340 ο
1687 5302 1822 5385 Ibid.
1844 5345 1858 5369 ,
1908 5325 1960 5385 nn.
1994 5309 2071 5385 5..

2198 5312 2326 5385 bid?
2378 5310 2514 5385 ειμι.
2595 5307 2806 5385 ςιξαυι.
2858 5325 2941 5378 ep.
2978 5310 3078 5385 d5,
3128 5327 3180 5364 n.
3233 5309 3452 5385 let__2.
3522 5308 3556 5385 f
3590 5309 3754 5385 Ibid,

2063 5380 2075 5416 ί
2110 5380 2206 5505 EE.
2255 5381 2324 5435 45
2349 5421 2362 5446 ,
2395 5399 2447 5434 ιι.
2494 5381 2542 5460 lt.

2098 5459 2121 5485 ο
2202 5468 2314 5504 ran.
2347 5451 2412 5505 de
2438 5447 2535 5503 Ob:

2624 5380 2653 5450 i_
2677 5375 2926 5450 Prosper.
2969 5381 3168 5450 Chron.
3220 5378 3271 5450 7k
3305 5375 3436 5433 Ibid.
3483 5378 3535 5450 AI
3599 5375 3750 5450 Sulp.

2227 5468 2314 5504 an.
2347 5451 2412 5505 de
2438 5447 2596 5503 Obitu
2629 5448 2851 5512 Paulini,
2883 5465 2936 5502 ιι.
2963 5450 3012 5501 2.
3049 5461 3074 5497 ρ
3105 5449 3252 5502 Paul.
3285 5465 3452 5502 carm.
3475 5448 3563 5512 28,
3592 5451 3643 5502 in
3669 5447 3752 5503 tit.

2801 5528 2824 5554 υ
2858 5519 3012 5581 Ibid.,
3048 5536 3098 5572 η.
3132 5518 3183 5571 2.
3267 5529 3289 5554 ν
3318 5519 3450 5571 Ibid.
3530 5527 3554 5554 ι
3585 5519 3752 5583 Ibid.,

2949 5601 2999 5628 τε
3026 5587 3156 5658 Cap.
3193 5587 3279 5651 '58,
3311 5603 3366 5642 ιι.
3406 5587 3452 5641 I.
