4056 6358
214 304 318 358 I09

1558 302 2084 359 PBOLEGOMENA.

3368 312 3466 368 llo

211 432 370 486 supra
399 414 695 469 retulimus.
724 412 905 468 Altera
925 412 1086 468 etiam
1113 413 1375 482 potuisset
1403 415 1542 468 mitti
1568 415 1634 468 ad
1659 417 1790 471 Pau-
1819 427 1865 481 Α
1893 429 1948 471 et
1975 419 2290 485 Amandum,
2320 438 2350 475 a
2380 424 2572 492 quibus
2616 439 2773 478 unam
2820 434 3102 494 acceperat
3126 439 3287 494 quam
3333 430 3468 481 mulo

210 506 396 568 linum,
422 518 597 573 eaque
616 514 758 558 esset
786 502 1096 572 praeclarum
1125 503 1338 572 pietatis
1365 502 1480 571 ejus
1506 518 1790 572 argumen-

208 604 342 659 tum,
367 609 490 649 cum
519 595 590 648 sit
608 594 897 661 gratiarum
919 593 1061 647 actio
1080 593 1355 662 cujusdam
1386 598 1602 650 nomine
1630 597 1711 650 sui
1738 605 1794 651 et

208 685 457 747 aliorum,
485 694 544 739 ut
567 684 797 748 videtur,
823 685 1164 749 rusticorum,
1190 685 1333 753 quod
1358 685 1526 754 ipsius
1541 686 1794 740 cohorta-

208 776 446 830 tionibus
473 776 754 830 veritatem
786 783 841 828 et
867 775 962 828 Dei
986 776 1186 828 cultum
1207 775 1432 830 fuissent
1470 775 1670 841 edocti,
1693 776 1793 829 mi-

208 868 295 921 nis
317 882 429 920 non
458 867 650 920 territi.
683 865 789 919 Sed
817 881 936 920 cum
966 875 1174 920 constet
1201 867 1482 936 epistolam
1519 867 1658 920 hanc
1685 883 1790 922 non

205 972 328 1012 esse
351 955 558 1018 Severi,
589 971 688 1010 nos
713 956 811 1009 hac
839 971 944 1009 una
971 957 1082 1010 nixi
1123 958 1431 1022 autoritate,
1463 955 1705 1023 Paulino,
1729 973 1793 1012 ea

206 1063 327 1117 qua:
344 1047 443 1116 ipsi
473 1048 611 1101 forte
630 1061 734 1100 non
755 1047 1098 1110 conveniunt,
1125 1047 1358 1102 tribuere
1384 1063 1490 1101 non
1513 1048 1790 1106 audemus.

204 1135 342 1190 Cum
362 1125 614 1190 Paulinus
637 1137 688 1190 in
718 1137 944 1204 epistola
972 1136 1039 1190 ad
1055 1135 1388 1190 Desiderium
1420 1148 1442 1173 ει
1473 1138 1796 1192 ostendisset

203 1227 333 1295 quid
362 1243 538 1282 causte
565 1226 737 1280 fuerat
766 1243 861 1280 cur
891 1226 1074 1280 Victor
1124 1229 1337 1282 nonnisi
1390 1237 1511 1297 post
1555 1229 1792 1297 elapsum

201 1333 403 1372 annum
436 1319 652 1383 rediret,
682 1318 913 1371 maxima
941 1335 998 1372 se
1025 1318 1324 1373 humilitate
1350 1319 1460 1389 84
1484 1328 1704 1373 excusat
1728 1319 1794 1372 de

201 1425 370 1481 opere
397 1411 540 1480 quod
581 1411 795 1480 petebat
826 1410 1149 1475 Desiderius,
1177 1426 1405 1478 eumque
1434 1419 1588 1476 rogat
1617 1420 1672 1462 ut
1691 1411 1793 1464 sibi

201 1500 485 1555 duodecim
517 1499 938 1568 patriarcharum
967 1498 1375 1556 Benedictiones
1404 1501 1516 1569 ipse
1538 1500 1788 1568 explicet.

754 1636 978 1691 CAPUT
1016 1637 1244 1691 XLVIII.

199 1724 487 1781 Duodecim
525 1728 939 1797 patriarcharum
961 1726 1366 1780 benedictionum
1391 1727 1790 1796 explicationem

186 1852 197 1860 ,
271 1814 330 1867 a_
363 1793 568 1867 Ruﬁirio
598 1797 858 1867 Paulinus
900 1798 1160 1866 impetrat.
1215 1797 1296 1848 Ad
1343 1793 1537 1866 Aprum
1577 1797 1788 1860 scribit;
1824 1793 1868 1851 Β

271 1865 619 1936 Μειαιιὶιεᾳιιε
646 1867 812 1934 ﬁlium
841 1865 1042 1919 laudat.

271 1978 323 2031 1.
357 1977 508 2032 Hanc
537 1993 720 2032 rursus
759 1993 788 2030 a
831 1976 1046 2032 Bullino
1093 1978 1526 2032 benedictionum
1555 1979 1793 2048 explica-

197 2069 406 2123 tionem
424 2068 717 2136 postulavit
736 2066 764 2105 ι’
796 2065 1070 2131 Paulinus,
1101 2067 1170 2122 de
1196 2082 1301 2136 qua
1330 2083 1388 2122 sc
1418 2068 1484 2121 ab
1512 2068 1631 2122 aliis
1659 2085 1789 2123 con-

199 2160 308 2214 suli
326 2167 556 2213 testatur
581 2168 603 2195 ο
636 2157 689 2210 in
717 2172 814 2212 sua
841 2157 911 2211 ad
941 2156 1212 2211 Bullinum
1241 2157 1465 2226 epistola
1493 2159 1792 2227 quadrage-

195 2250 341 2303 sima
399 2249 645 2318 septima.
701 2248 851 2303 Hanc
905 2249 1296 2318 expositionem
1365 2249 1464 2318 ipsi
1523 2250 1794 2318 denegare

193 2355 311 2394 non
340 2341 516 2409 potuit
547 2337 803 2394 Bullinus.
832 2340 963 2394 Cum
984 2339 1128 2393 enim
1148 2339 1214 2392 ad
1239 2337 1520 2393 Paulinum
1551 2342 1793 2410 scripsis-

191 2441 282 2485 set
312 2428 339 2468 ἀ
364 2430 608 2484 Bullinus
635 2447 693 2485 se
727 2431 1044 2500 quibusdam
1072 2431 1140 2485 de
1186 2433 1416 2500 negotiis
1439 2434 1649 2488 venisse
1678 2433 1789 2488 Bo-

191 2536 367 2584 tnam,
393 2521 647 2576 Paulinus
679 2532 701 2558 ο
733 2538 854 2576 eum
883 2523 1091 2590 rogavit
1132 2524 1356 2592 epistola
1385 2525 1790 2594 quadragesima

188 2619 352 2665 sexta
408 2621 466 2666 ut
515 2613 807 2681 capitulum
851 2629 958 2683 quo
985 2612 1148 2668 Judas
1177 2632 1207 2668 a
1250 2614 1419 2669 Iacob
1456 2616 1794 2670 benedicitur

192 2701 547 2770 explanaret.
581 2699 775 2756 Postea
800 2703 868 2755 ad
892 2718 1015 2758 eum
1045 2719 1230 2757 rursus
1250 2704 1466 2772 scripsit
1492 2703 1509 2740 τ
1537 2706 1603 2756 ab
1619 2719 1792 2771 eoque

189 2791 362 2857 petiit
390 2799 447 2843 ut
490 2790 630 2844 hanc
658 2790 1091 2846 benedictionem
1123 2793 1316 2861 triplici
1348 2792 1794 2860 interpretatione

185 2881 526 2943 elucidaret,
563 2891 585 2927 Β
620 2882 873 2935 historica
892 2883 1166 2943 nimirum,
1200 2883 1387 2936 morali
1436 2892 1490 2935 et
1534 2883 1791 2952 mystica;

186 2974 276 3027 ita
328 2980 391 3025 ut
420 2971 665 3025 Bullinus
706 2974 1054 3036 excusatione
1085 2975 1316 3042 primum
1348 2974 1506 3027 allata
1532 2973 1554 3009 h
1579 2973 1792 3028 tandem

181 3064 702 3133 obtemperaverit,
773 3064 994 3133 ejusque
1049 3066 1188 3120 votis
1239 3066 1493 3134 paruerit.
1558 3067 1789 3134 Accepta

181 3154 346 3208 enim
377 3152 539 3220 hujus
569 3153 959 3207 benedictionis
987 3155 1345 3222 explicatione
1370 3155 1560 3223 prima,
1593 3153 1781 3223 petiiti
1814 3151 1859 3210 C

182 3261 219 3298 a
252 3241 480 3296 Rullino
512 3241 782 3308 Paulinus,
819 3253 876 3298 ut
902 3259 996 3312 per
1023 3245 1261 3313 reliquos
1285 3244 1422 3300 filios
1450 3245 1783 3299 distributam

187 3335 514 3400 dignaretur
559 3348 849 3401 exponere.
903 3333 1083 3388 Paruit
1127 3334 1386 3400 Bullinus,
1437 3337 1631 3404 illaque
1678 3338 1785 3407 dpo

190 3439 364 3493 opera
397 3424 691 3478 etiamnum
716 3433 1004 3494 supersunt
1026 3440 1148 3478 cum
1172 3425 1362 3479 litteris
1382 3441 1514 3494 quas
1537 3427 1696 3480 simul
1719 3427 1784 3481 ad

194 3511 484 3567 Paulinum
505 3513 666 3566 misit.
694 3503 870 3578 Quare
891 3523 948 3568 ut
963 3512 1225 3568 Gennadii
1243 3516 1586 3570 autoritatem
1604 3525 1783 3571 tacea-

198 3620 354 3666 mus,
395 3604 409 3654 i
451 3603 656 3658 Isidoro
704 3603 833 3658 illud
880 3620 1016 3674 optts
1055 3605 1155 3674 ipsi
1187 3605 1410 3660 Paulino
1462 3606 1786 3674 adjudicanti

198 3695 469 3750 assentire
523 3710 630 3749 non
673 3711 974 3764 possumus.
1007 3695 1078 3751 Se
1106 3697 1304 3765 aliquid
1332 3697 1594 3764 ejusmodi
1635 3697 1788 3768 |lpos:

198 3799 399 3858 tempus
447 3804 477 3842 a
537 3788 751 3843 Bullino
801 3790 1173 3859 expostulasse
1223 3799 1450 3845 testatur
1503 3789 1786 3855 Paulinus;

199 3878 552 3948 Bullinusquc
578 3879 677 3934 sibi
698 3882 764 3935 ah
793 3881 909 3950 ipso
932 3881 1174 3950 quaedam
1199 3882 1266 3936 de
1291 3881 1685 3952 Scripturarum
1718 3883 1795 3936 in-

200 3973 590 4041 terpretatione
621 3972 812 4026 tradita
865 3974 1026 4028 luisse
1055 3974 1252 4028 asserit
1283 3992 1296 4026 :
1329 3990 1513 4029 verum
1563 3975 1651 4028 illa
1681 3991 1788 4030 non

201 4071 438 4117 exstant.
475 4063 554 4118 Ex
585 4065 761 4134 priore
792 4065 930 4118 illius
963 4063 978 4100 ι
1018 4065 1080 4118 ad
1113 4065 1383 4119 Bullinum
1412 4067 1638 4134 epistola
1667 4082 1788 4120 eum

199 4154 404 4224 aliquid
434 4155 500 4210 de
526 4155 583 4209 S.
615 4155 892 4209 Clemente
941 4155 1146 4224 (papa)
1201 4156 1539 4208 transtulisse
1567 4154 1791 4208 manife-

199 4258 341 4303 stum
372 4245 460 4312 lit;
479 4263 645 4315 quare
661 4263 781 4302 cum
804 4246 1017 4315 gravius
1046 4261 1168 4298 eum
1193 4254 1230 4280 π’
1264 4245 1628 4298 admonuisset
1659 4243 1789 4298 Buf-

201 4340 337 4393 linus
359 4347 422 4392 ut
445 4340 676 4393 studium
703 4339 756 4392 in
777 4337 992 4392 Graecas
1017 4337 1223 4391 litteras
1248 4339 1502 4390 attentius
1531 4346 1784 4401 sumeret,

199 4449 256 4488 se
284 4433 511 4502 implere
543 4449 647 4486 non
695 4432 877 4486 valere
919 4430 1171 4496 afﬁrmat,
1223 4431 1319 4485 nisi
1348 4430 1546 4484 diutius
1589 4429 1784 4484 Bullini

1897 517 2005 561 tum
2045 510 2242 576 laudat,
2276 523 2299 560 P
2330 521 2384 566 et
2413 514 2499 566 cui
2527 513 2656 568 dicit
2683 530 2741 570 se
2786 516 2914 570 nihil
2960 516 3133 570 simile
3179 532 3336 586 posse
3379 535 3467 572 re-

1893 599 2052 654 ferre.
2086 601 2320 657 Tandem
2339 607 2526 658 statuit
2550 616 2576 654 ει
2607 607 2886 674 epistolam
2915 608 2967 660 in
2991 623 3177 661 eorum
3206 611 3471 665 sermonis

1893 692 2271 746 retractatione
2297 701 2608 761 contexere,
2637 706 2692 749 et
2735 697 2872 766 apud
2913 712 3008 751 eos
3035 714 3217 752 rursus
3256 699 3470 753 illorum

1892 781 2173 848 epistolam
2195 783 2417 838 laudans
2441 796 2461 822 τ
2496 802 2622 840 usus
2639 796 2721 840 est
2749 787 2916 842 ferme
2941 789 3126 843 iisdem
3147 790 3326 845 verbis
3351 792 3471 859 qui-

1891 874 1993 925 bus
2021 874 2344 941 Augustinus
2372 877 2440 932 ad
2470 878 2638 947 ipsum
2669 879 2958 947 scripserat
2985 895 3126 935 anno
3165 881 3285 936 395.
3308 882 3470 938 'Beli-

1894 976 2057 1030 quum
2085 963 2325 1033 epistola:
2352 976 2372 1001 ³
2405 966 2624 1020 adhibet
2664 968 2717 1020 in
2741 967 2923 1024 laudes
2958 970 3212 1026 Amandze
3239 987 3358 1040 qua:
3383 989 3472 1028 se-

1894 1051 2000 1105 culi
2048 1068 2204 1107 curas
2231 1055 2491 1124 curabat,
2522 1066 2580 1110 ut
2627 1068 2808 1126 posset
2848 1058 2998 1128 Aper
3040 1070 3210 1117 totum
3258 1079 3317 1117 se
3342 1065 3471 1119 dare

1894 1142 2202 1196 cmlestibus
2255 1154 2312 1198 et
2357 1147 2635 1200 ministerii
2678 1148 2758 1201 sui
2785 1149 3053 1218 operibus.
3105 1151 3210 1205 Eos
3238 1133 3470 1223 denique

1896 1231 2142 1285 hortatur
2175 1238 2191 1270 ι
2216 1242 2274 1287 ut
2302 1233 2438 1288 filios
2463 1235 2744 1303 diligenter
2771 1247 2825 1291 et
2853 1241 2941 1308 pie
2968 1241 3198 1294 educent

2421 1391 2556 1428 ANNO
2585 1392 2788 1430 cnntsrt
2813 1376 2935 1431 407.

1965 1482 2016 1534 5.
2048 1482 2247 1536 Decimi
2277 1486 2452 1552 quarti
2485 1488 2706 1542 natalitii
2736 1491 2986 1545 carminis
3010 1500 3036 1526 υ
3066 1491 3118 1544 in
3152 1491 3208 1544 S.
3240 1491 3472 1547 Felicem

1892 1582 2180 1640 supersunt
2209 1583 2412 1628 tantum
2464 1576 2758 1642 fragmenta
2787 1581 3052 1648 quaedam.
3086 1582 3216 1636 Illud
3256 1599 3474 1640 carmen

1893 1679 1959 1716 eo
1989 1664 2160 1717 solum
2191 1665 2465 1735 scripsisse
2496 1669 2704 1722 videtur
2734 1669 3005 1735 Paulinus,
3051 1681 3110 1726 ut
3137 1687 3474 1734 enumeraret

1895 1755 1989 1808 Dei
2029 1757 2080 1809 in
2127 1772 2185 1810 se
2227 1757 2482 1812 beneficia
2513 1759 2669 1827 hujus
2697 1764 2868 1816 sancti
2895 1763 3216 1819 confessoris
3244 1781 3367 1834 ope.
3419 1766 3474 1820 Si

1898 1849 2158 1916 integrant
2181 1859 2435 1917 exstaret,
2467 1867 2536 1904 ex
2562 1855 2670 1923 85
2700 1869 2766 1906 eo
2789 1855 2956 1908 multa
2986 1855 3051 1908 ad
3076 1853 3279 1909 Paulini
3314 1857 3474 1910 vitam

1893 1941 2190 2010 spectantia
2230 1943 2631 2009 colligeremus;
2663 1945 2754 1997 sed
2785 1954 2838 1999 et
2865 1961 2932 1999 ex
2963 1947 3026 1999 iis
3055 1961 3172 2014 qua:
3220 1947 3475 2001 habemus

1895 2031 2324 2111 animadvertere
2369 2048 2651 2101 possumus
2695 2029 3050 2102 quam'grato
3089 2035 3246 2090 fuerit
3282 2052 3313 2089 a
3364 2035 3475 2090 Deo

1897 2123 2128 2176 donatus
2155 2124 2334 2176 animo
2364 2123 2636 2191 Paulinus,
2668 2129 2756 2194 qui
2786 2135 2841 2179 et
2883 2126 2998 2194 ejus
3025 2127 3370 2194 generositati
3398 2127 3475 2180 al-

1899 2221 2072 2284 tazque
2101 2214 2384 2267 humilitati
2416 2217 2608 2270 merito
2640 2217 2799 2270 tribui
2832 2226 3027 2286 potest.
3062 2217 3175 2272 Hoc
3203 2219 3383 2282 etiam,
3415 2227 3471 2272 ut

1893 2303 2182 2368 credimus,
2226 2319 2366 2358 anno
2395 2304 2622 2359 Melania
2651 2308 2830 2361 senior
2857 2310 2957 2362 iter
2985 2307 3037 2362 in
3068 2307 3296 2363 Africam
3345 2325 3474 2363 con-

1897 2393 2042 2460 fecit,
2072 2410 2190 2462 qute
2219 2393 2445 2449 fortasse
2475 2395 2540 2450 ad
2569 2396 2920 2464 Augustinu‘m
2948 2399 3123 2451 attulit
3143 2398 3424 2467 epistolam
3446 2406 3474 2436 '

1894 2486 1946 2538 in
1975 2501 2080 2554 qua
2111 2484 2362 2540 Paulinus
2390 2488 2480 2539 lilii
2510 2487 2651 2540 unici
2675 2487 2896 2554 hujusce
2927 2489 3095 2542 vidum
3123 2489 3342 2543 illustris
3367 2489 3473 2542 cir-

1895 2594 1957 2632 ca
1989 2579 2127 2632 idem
2159 2587 2368 2645 tempus
2397 2578 2660 2630 demortui
2685 2579 2866 2632 laudes
2895 2579 3218 2632 celebrabat.

2418 2730 2550 2767 uno
2589 2702 2795 2768 cuius“
2833 2715 2956 2767 408.

2457 2851 2684 2907 CAPUT
2724 2851 2903 2908 XLIX.

1898 2965 2236 3042 De_4!el_a_nia
2255 2967 2432 3042 scribit
2466 2965 2718 3042 Paulinus
2737 2966 2815 3042 ad
2831 2969 3246 3042 auguratum!”
3265 2986 3362 3040 quo
3383 2987 3472 3042 per

1966 3036 2260 3109 Facsidium
2284 3035 2482 3109 littera!
2523 3037 2728 3109 accipit.
2773 3033 3035 3109 Plurimos
3066 3033 3251 3094 Gallia:
3275 3033 3470 3109 episco-

1964 3123 2059 3176 μοι
2086 3104 2283 3157 laudat.
2318 3103 2396 3157 De
2438 3102 2496 3157 S.
2538 3102 2842 3159 Venerando
2872 3106 3290 3163 Claromontano.

1961 3246 2011 3297 l.
2054 3244 2330 3299 Decimum
2361 3245 2608 3312 quintum
2637 3247 2937 3302 natalitium
2985 3264 3204 3305 carmen
3222 3260 3269 3316 ι,
3300 3265 3472 3319 quan-

1890 3345 1998 3391 tum
2041 3335 2312 3404 conjicere
2353 3333 2638 3406 possumus
2680 3344 2746 3391 e'x
2796 3339 2860 3392 iis
2903 3354 3022 3408 qua:
3050 3349 3359 3409 supersunt,
3405 3343 3470 3396 ad

1889 3428 2152 3483 narranda
2179 3427 2237 3482 S.
2270 3427 2462 3483 Felicis
2495 3429 2754 3483 miracula
2782 3430 2995 3498 scripsit
3038 3431 3307 3487 Paulinus.
3337 3435 3469 3488 Illud

1888 3523 1954 3577 de
1979 3522 2036 3576 S.
2073 3515 2248 3575 Felice
2289 3521 2534 3574 ultimum
2565 3536 2594 3574 a
2627 3520 2848 3575 Paulino
2894 3524 3151 3591 scriptum
3189 3527 3470 3592 cognosci-

1889 3632 2028 3680 mus,
2051 3616 2163 3669 sive
2187 3615 2444 3684 perierint
2472 3614 2596 3680 alia,
2619 3615 2732 3668 sive
2752 3614 2818 3668 de
2845 3630 2912 3669 eo
2936 3616 3064 3670 nihil
3086 3618 3315 3687 amplius
3339 3621 3471 3675 scri-

1890 3707 2058 3776 pserit
2085 3705 2364 3770 Paulinus;
2396 3704 2597 3759 etenim
2643 3712 2854 3760 constat
2885 3707 3066 3761 turbas
3109 3709 3278 3764 tribus
3317 3712 3472 3766 annis

1889 3797 2238 3865 sequentibus
2277 3804 2496 3850 exortas
2540 3797 2608 3850 ab
2636 3796 2783 3851 hisce
2825 3798 2985 3851 animi
3023 3799 3472 3857 oblectationibus

1890 3888 2128 3957 potuisse
2170 3873 2448 3940 Paulinum
2492 3895 2756 3950 avertere,
2802 3888 2912 3954 qui,
2963 3888 3051 3942 ubi
3100 3891 3468 3960 episcopatum

1893 3981 2118 4048 adeptus
2133 3988 2234 4040 est,
2254 3979 2372 4032 aliis
2391 3979 2492 4032 sibi
2507 3978 2696 4032 studiis
2715 3978 2968 4046 pietatem
2991 3980 3274 4034 colendam
3296 3981 3466 4036 duxit.

1891 4069 2091 4122 Saltem
2124 4083 2228 4120 non
2261 4067 2333 4120 illi
2380 4076 2496 4120 erat
2521 4069 2651 4120 satis
2679 4067 2772 4119 otii
2814 4066 2950 4121 festo
2977 4068 3062 4120 die
3091 4069 3148 4122 S.
3196 4071 3388 4124 Felicis
3413 4083 3473 4123 nt

1890 4156 2186 4215 scribendis
2212 4156 2454 4208 versibus
2480 4144 2715 4206 animum
2749 4155 3079 4220 adjungeret.
3111 4157 3192 4208 Ab
3232 4159 3334 4210 hoc
3355 4160 3472 4226 ipso

1891 4263 2032 4300 anno
2077 4247 2292 4298 fuerunt
2337 4254 2364 4292 ι
2401 4243 2625 4296 Paulino
2671 4242 3009 4298 incredibiles
3063 4247 3465 4314 cccupationes,

1889 4338 2083 4407 quibus
2124 4335 2269 4388 illum
2298 4344 2573 4403 expertem
2604 4333 2927 4400 Augustinus
2950 4335 3236 4400 credebat;
3268 4344 3324 4390 et
3347 4337 3469 4406 qui-

1890 4431 1989 4484 bus
2013 4429 2247 4498 jactatus
2276 4426 2528 4480 Paulinus
2559 4424 2782 4480 fortasse
2815 4435 2835 4462 κ
2867 4425 3027 4480 solito
3055 4426 3214 4481 citius
3239 4426 3466 4483 Romam

199 4525 476 4577 consortio
507 4521 732 4588 fruatur,
761 4536 936 4590 eoque
964 4530 1293 4590 praeceptore
1322 4530 1520 4573 utatur.
1565 4519 1784 4575 Postre-
1814 4515 1864 4574 D
1887 4520 2371 4593 peregrinationem
2397 4525 2708 4571 consuetam
2735 4523 3006 4571 maturare
3033 4518 3341 4587 compulsus
3358 4528 3468 4583 est;

201 4630 345 4669 mum
390 4629 492 4684 per
518 4612 796 4668 Cerealem
825 4614 1104 4682 epistolam
1132 4613 1590 4684 quadragesimam
1621 4614 1784 4682 septi-

205 4720 343 4758 mam
378 4705 527 4758 misit
568 4703 782 4758 Bulllno
810 4705 898 4770 qui
944 4713 970 4738 ιι
999 4712 1126 4757 tunc
1173 4704 1228 4756 in
1272 4704 1596 4758 monasterio
1626 4702 1783 4758 Pine-

204 4796 338 4849 tensi
387 4795 632 4863 degebat,
666 4793 805 4848 unde
831 4795 981 4848 brevi
1028 4801 1144 4848 erat
1190 4793 1416 4848 Romam
1442 4803 1698 4849 venturus
1725 4803 1784 4848 ut

206 4887 254 4941 in
283 4885 562 4942 Orientem
612 4895 1002 4952 reverteretur;
1035 4887 1197 4955 idque
1244 4888 1386 4942 circa
1430 4903 1626 4941 annum
1654 4887 1777 4950 409,

205 4988 260 5032 ut
277 4979 739 5033 demonstrabitur
758 4978 1045 5048 aliquando
1067 4979 1116 5032 in
1143 4979 1361 5034 historia
1387 4979 1443 5032 S.
1471 4977 1780 5050 Hieronymi

204 5079 252 5122 et
270 5067 492 5123 Bullini.

267 5160 328 5214 Ξ.
358 5161 640 5216 Credimus
670 5162 759 5215 illo
788 5161 977 5216 eodem
1004 5177 1145 5216 anno
1175 5161 1276 5216 406
1318 5160 1598 5215 Paulinum
1623 5173 1646 5198 ο
1679 5178 1781 5215 ιιιι-

203 5252 332 5306 sisse
379 5252 665 5321 epistolam
711 5251 1170 5320 quadragesimam
1199 5261 1442 5321 quartam
1473 5251 1539 5304 ad
1583 5253 1780 5321 Aprum

276 5417 300 5444 ⁸
340 5406 445 5478 Ep.
469 5407 555 5469 41’),
584 5424 637 5460 ιι.
668 5407 720 5461 4.
795 5406 823 5444 1³
852 5405 948 5475 Ep.
976 5407 1060 5470 46,
1087 5425 1138 5460 ιι.
1165 5405 1217 5460 2.
1298 5417 1318 5444 ε
1345 5405 1442 5475 Ep.
1471 5406 1558 5466 47,
1583 5423 1638 5459 ιι.
1667 5404 1720 5459 2.

276 5477 481 5513 nummi
537 5476 687 5513 ηηιηι
742 5493 770 5513 ρ
817 5477 880 5513 t7
979 5479 1003 5513 ιι
1036 5476 1161 5513 poni
1232 5492 1298 5513 nn
1347 5476 1413 5513 ιτ
1461 5493 1492 5513 ι.
1545 5475 1578 5513 ε)
1681 5480 1696 5513 ι
1724 5475 1792 5513 Ihi

1893 5408 1952 5474 Lp.
1987 5405 2052 5457 4C
2082 5403 2315 5468 Paulin.,
2350 5423 2402 5459 ιι.
2438 5406 2488 5459 I.

1938 5476 1947 5513 i
1986 5475 2084 5513 luitI
2156 5473 2333 5513 Himqu
2390 5477 2461 5513 lih

210 5488 232 5524 ε
259 5475 504 5532 Gennad.
537 5476 709 5530 Catal.
742 5493 789 5530 c.
817 5477 900 5529 l7.
979 5479 1003 5513 ιι
1036 5476 1184 5530 Paul.
1232 5492 1318 5544 ep.
1347 5476 1432 5538 47,
1461 5493 1514 5530 ιι.
1545 5475 1596 5529 9..
1681 5480 1696 5513 ι
1723 5475 1792 5530 Ibi

209 5548 298 5630 40.-
324 5565 378 5630 tt:
411 5547 493 5630 5._
517 5546 730 5630 ξιιμ-ἰὼ,
753 5545 889 5630 ιι..2.
1207 5556 1232 5582 ιι
1264 5547 1381 5630 Yid.
1577 5546 1792 5630 Hier‘o‘n.

1935 5476 1947 5526 ι
1986 5475 2107 5529 Isid.
2153 5475 2314 5543 Hispa

1897 5545 2015 5630 ιρι).
2047 5557 2120 5630 m0
2153 5544 2314 5630 Paul..-

1409 5625 1433 5652 υ
1459 5615 1638 5670 Carm.
1683 5616 1770 5686 29.

1917 5615 2011 5684 Ep.
2047 5614 2145 5679 9i,
2191 5633 2241 5669 ιι.
2285 5615 2338 5668 3.
2383 5608 2395 5614 ’
2422 5628 2439 5652 ι
2468 5608 2646 5671 Carm.
2681 5616 2765 5669 50.
2845 5625 2871 5662 ῖ
2913 5616 3052 5680 Aug.
3080 5629 3170 5686 ep.
3200 5608 3288 5681 95,
3321 5637 3372 5674 ιι.
3417 5624 3468 5677 ν.

210 5488 232 5524 ε
259 5475 504 5532 Gennad.
537 5476 709 5530 Catal.
742 5493 789 5530 c.
817 5477 900 5529 l7.
979 5479 1003 5513 ιι
1036 5476 1184 5530 Paul.
1232 5492 1318 5544 ep.
1347 5476 1432 5538 47,
1461 5493 1514 5530 ιι.
1545 5475 1596 5529 9..

212 5629 230 5656 τ
264 5617 394 5672 Ibid.
473 5625 494 5652 '
531 5616 690 5682 Ibid.,
721 5633 774 5668 ιι.
813 5616 865 5670 4.

947 5619 963 5651 ί
1001 5616 1156 5679 Ibid.,
1192 5632 1245 5668 n.
1280 5616 1329 5669 5.

1893 4615 2016 4669 illuc
2057 4613 2200 4666 enim
2249 4619 2381 4680 post-
2417 4609 2616 4663 Pascha
2643 4624 2703 4662 se
2752 4608 2996 4672 contulit,
3047 4609 3190 4665 unde
3237 4619 3361 4665 ante
3401 4611 3469 4666 I5

1892 4707 2013 4760 Maii
2043 4705 2183 4760 diem
2216 4714 2332 4759 erat
2355 4719 2618 4758 reversus.
2653 4700 2724 4756 Ibi
2743 4711 2799 4738 λιι
2828 4702 3056 4769 Quintus
3082 4705 3343 4762 diaconus
3357 4706 3468 4775 jam

1893 4798 2076 4851 Bonae
2106 4796 2414 4865 aliquandiu
2443 4803 2808 4850 commoratus
2833 4795 2900 4848 ab
2929 4795 3229 4864 Augustino
3261 4797 3471 4866 episto-

1891 4890 2012 4951 lam,
2062 4887 2213 4955 cujus
2261 4895 2380 4942 erat
2425 4888 2675 4956 portitor,
2708 4885 2928 4940 Paulino
2960 4888 3200 4942 tradidit.
3253 4891 3322 4943 At
3370 4891 3470 4961 ipsi

1891 4980 2224 5051 percupienti
2266 4979 2546 5046 Augustini
2588 4980 2869 5048 epistolam
2917 4979 3096 5046 legere
3137 4997 3234 5051 per
3257 4991 3469 5053 tempus

1896 5089 2003 5125 non
2021 5072 2171 5125 licuit
2191 5116 2203 5136 ,
2229 5069 2285 5106 δη
2308 5071 2480 5123 donec
2508 5070 2952 5138 interponendum
2977 5071 3263 5128 aditineris
3277 5076 3466 5129 stativa

1891 5161 2052 5220 diem,
2083 5176 2243 5229 quem
2274 5160 2326 5213 in
2356 5160 2553 5230 oppido
2582 5159 2866 5215 Formiano
2894 5160 3097 5226 habuit,
3146 5172 3316 5218 totum
3347 5165 3471 5219 huic

1893 5253 2040 5321 operi
2071 5253 2420 5322 manciparet,
2452 5261 2506 5306 et
2539 5252 2589 5305 in
2615 5251 2729 5319 ejus
2759 5253 2997 5320 epistola:
3045 5254 3272 5309 lectione
3300 5255 3464 5310 veluti

2570 5417 2591 5444 ε
2624 5407 2779 5470 Ibid.,
2809 5424 2864 5461 ιι.
2892 5407 2942 5460 5.
3026 5405 3044 5444 ἲ
3080 5405 3177 5475 Ep.
3204 5408 3292 5468 47,
3326 5425 3378 5463 ιι.
3413 5411 3468 5466 2.

1935 5476 1947 5526 ι
1986 5475 2107 5529 Isid.
2153 5473 2356 5543 Hispal.
2390 5477 2481 5530 lib.
2533 5477 2727 5547 Script.
2762 5477 2893 5531 eecl.
2928 5494 2974 5557 ς.
3001 5475 3053 5528 4.
3088 5473 3350 5534 ¹ίΪέιιιΙίιι.
3382 5495 3468 5586 ep.

1935 5546 1996 5586 Rh
2097 5544 2278 5586 Upunl
2347 5561 2413 5586 οη
2481 5547 2550 5586 ΛΑ.
2602 5564 2632 5586 η
2693 5547 2710 5586 ι
2819 5545 2999 5586 pthm-
3079 5545 3244 5586 thhI
3327 5567 3358 5586 η
3459 5551 3468 5560 ο

2097 5557 2120 5580 υ
2153 5544 2300 5599 Paul.
2347 5561 2433 5614 ep.
2480 5547 2568 5614 44,
2602 5544 2665 5600 ιι.
2693 5547 2738 5598 l.
2819 5559 2840 5594 P
2870 5545 3001 5598 Ibid.
3079 5556 3105 5594 τι
3137 5545 3292 5609 Ibid.,
3327 5567 3381 5604 ιι.
3413 5544 3465 5606 ἓξ

273 5687 402 5742 Vide
433 5703 552 5754 cap.
584 5686 670 5751 (ἃ,
705 5703 755 5739 ιι.
790 5686 841 5740 ‘2.
922 5695 974 5722 θ’·
997 5685 1148 5741 Paul.
1176 5701 1260 5751 ep.
1294 5684 1379 5751 43$,
1407 5702 1458 5739 ιι.
1487 5686 1538 5738 8.
1617 5686 1674 5724 δι’
1706 5685 1859 5751 Ibid.,
1890 5703 1946 5740 ιι.
1989 5687 2035 5740 l.
