  <div class='ocr_page' id='page_1' title='image "/cluster/home/n/w/nwhite01/storage/ocr_20150623/61/hvd.32044004824777/062.png"; bbox 0 0 4056 6358; ppageno 0'>
   <div class='ocr_carea' id='block_1_1' title="bbox 178 327 276 381">
    <p class='ocr_par' dir='ltr' id='par_1_1' title="bbox 178 327 276 381">
     <span class='ocr_line' id='line_1_1' title="bbox 178 327 276 381; baseline -0.01 0"><span class='ocrx_word' id='word_1_1' title='bbox 178 327 276 381; x_wconf 76' lang='grc'><strong>115</strong></span> 
     </span>
    </p>
   </div>
   <div class='ocr_carea' id='block_1_2' title="bbox 1543 315 2067 374">
    <p class='ocr_par' dir='ltr' id='par_1_2' title="bbox 1543 315 2067 374">
     <span class='ocr_line' id='line_1_2' title="bbox 1543 315 2067 374; baseline 0 -1"><span class='ocrx_word' id='word_1_2' title='bbox 1543 315 2067 374; x_wconf 62' lang='grc' dir='ltr'>Ριιοιεςοιιεαιι.</span> 
     </span>
    </p>
   </div>
   <div class='ocr_carea' id='block_1_3' title="bbox 3308 314 3409 370">
    <p class='ocr_par' dir='ltr' id='par_1_3' title="bbox 3308 314 3409 370">
     <span class='ocr_line' id='line_1_3' title="bbox 3308 314 3409 370; baseline 0 -1"><span class='ocrx_word' id='word_1_3' title='bbox 3308 314 3409 370; x_wconf 79' lang='grc'><strong>114</strong></span> 
     </span>
    </p>
   </div>
   <div class='ocr_carea' id='block_1_4' title="bbox 175 434 3408 525">
    <p class='ocr_par' dir='ltr' id='par_1_4' title="bbox 175 434 3408 525">
     <span class='ocr_line' id='line_1_4' title="bbox 175 434 3408 525; baseline -0.002 -29"><span class='ocrx_word' id='word_1_4' title='bbox 175 444 261 511; x_wconf 85' lang='lat' dir='ltr'><strong>qui</strong></span> <span class='ocrx_word' id='word_1_5' title='bbox 313 437 523 495; x_wconf 81' lang='lat' dir='ltr'><strong>Paulini</strong></span> <span class='ocrx_word' id='word_1_6' title='bbox 569 438 807 509; x_wconf 61' lang='lat' dir='ltr'><strong>epistola</strong></span> <span class='ocrx_word' id='word_1_7' title='bbox 847 436 1261 525; x_wconf 66' lang='lat' dir='ltr'><strong>quadragesima:</strong></span> <span class='ocrx_word' id='word_1_8' title='bbox 1303 435 1542 507; x_wconf 67' lang='lat' dir='ltr'><strong>septimm</strong></span> <span class='ocrx_word' id='word_1_9' title='bbox 1595 448 1737 525; x_wconf 86' lang='lat' dir='ltr'><strong>anno</strong></span> <span class='ocrx_word' id='word_1_10' title='bbox 1763 443 1813 504; x_wconf 76' lang='grc' dir='ltr'><strong>Α</strong></span> <span class='ocrx_word' id='word_1_11' title='bbox 1838 437 2153 507; x_wconf 76' lang='lat' dir='ltr'><strong>suscepisse.</strong></span> <span class='ocrx_word' id='word_1_12' title='bbox 2179 436 2327 492; x_wconf 83' lang='lat' dir='ltr'><strong>Adde</strong></span> <span class='ocrx_word' id='word_1_13' title='bbox 2345 436 2487 507; x_wconf 86' lang='lat' dir='ltr'><strong>quod</strong></span> <span class='ocrx_word' id='word_1_14' title='bbox 2505 451 2627 493; x_wconf 86' lang='lat' dir='ltr'><strong>eum</strong></span> <span class='ocrx_word' id='word_1_15' title='bbox 2650 445 2855 508; x_wconf 84' lang='lat' dir='ltr'><strong>tempus</strong></span> <span class='ocrx_word' id='word_1_16' title='bbox 2883 435 3148 507; x_wconf 62' lang='lat' dir='ltr'><strong>inscripta</strong></span> <span class='ocrx_word' id='word_1_17' title='bbox 3165 434 3408 507; x_wconf 63' lang='lat' dir='ltr'><strong>epistola</strong></span> 
     </span>
    </p>
   </div>
   <div class='ocr_carea' id='block_1_5' title="bbox 177 524 1738 599">
    <p class='ocr_par' dir='ltr' id='par_1_5' title="bbox 177 524 1738 599">
     <span class='ocr_line' id='line_1_5' title="bbox 177 524 1738 599; baseline -0.004 -15"><span class='ocrx_word' id='word_1_18' title='bbox 177 532 274 585; x_wconf 79' lang='grc'><strong>409</strong></span> <span class='ocrx_word' id='word_1_19' title='bbox 292 530 612 599; x_wconf 75' lang='lat' dir='ltr'><strong>conscripta:</strong></span> <span class='ocrx_word' id='word_1_20' title='bbox 632 524 960 585; x_wconf 71' lang='lat' dir='ltr'><strong>satisfaciens</strong></span> <span class='ocrx_word' id='word_1_21' title='bbox 1005 527 1056 582; x_wconf 93' lang='lat' dir='ltr'><strong>in</strong></span> <span class='ocrx_word' id='word_1_22' title='bbox 1085 527 1310 597; x_wconf 84' lang='lat' dir='ltr'><strong>epistola</strong></span> <span class='ocrx_word' id='word_1_23' title='bbox 1352 524 1738 595; x_wconf 89' lang='lat' dir='ltr'><strong>nuncupatoria</strong></span> 
     </span>
    </p>
   </div>
   <div class='ocr_carea' id='block_1_6' title="bbox 179 619 1741 688">
    <p class='ocr_par' dir='ltr' id='par_1_6' title="bbox 179 619 1741 688">
     <span class='ocr_line' id='line_1_6' title="bbox 179 619 1741 688; baseline -0.004 -13"><span class='ocrx_word' id='word_1_24' title='bbox 179 622 292 675; x_wconf 85' lang='lat' dir='ltr'><strong>libri</strong></span> <span class='ocrx_word' id='word_1_25' title='bbox 330 636 367 675; x_wconf 89' lang='grc' dir='ltr'><strong>ιι</strong></span> <span class='ocrx_word' id='word_1_26' title='bbox 393 620 461 674; x_wconf 89' lang='lat' dir='ltr'><strong>de</strong></span> <span class='ocrx_word' id='word_1_27' title='bbox 492 619 954 674; x_wconf 88' lang='lat' dir='ltr'><strong>Benedictionibus</strong></span> <span class='ocrx_word' id='word_1_28' title='bbox 967 619 1586 688; x_wconf 84' lang='lat' dir='ltr'><strong>patriarcharum,qoem</strong></span> <span class='ocrx_word' id='word_1_29' title='bbox 1605 630 1741 684; x_wconf 85' lang='lat' dir='ltr'><strong>qua-</strong></span> 
     </span>
    </p>
   </div>
   <div class='ocr_carea' id='block_1_7' title="bbox 178 703 1741 779">
    <p class='ocr_par' dir='ltr' id='par_1_7' title="bbox 178 703 1741 779">
     <span class='ocr_line' id='line_1_7' title="bbox 178 703 1741 779; baseline -0.005 -14"><span class='ocrx_word' id='word_1_30' title='bbox 178 710 511 779; x_wconf 85' lang='lat' dir='ltr'><strong>dragesimali</strong></span> <span class='ocrx_word' id='word_1_31' title='bbox 539 709 757 777; x_wconf 80' lang='lat' dir='ltr'><strong>huiusce</strong></span> <span class='ocrx_word' id='word_1_32' title='bbox 778 718 803 744; x_wconf 75' lang='grc' dir='ltr'><strong>ἰ</strong></span> <span class='ocrx_word' id='word_1_33' title='bbox 834 708 958 762; x_wconf 87' lang='lat' dir='ltr'><strong>anni</strong></span> <span class='ocrx_word' id='word_1_34' title='bbox 978 715 1219 777; x_wconf 89' lang='lat' dir='ltr'><strong>tempore</strong></span> <span class='ocrx_word' id='word_1_35' title='bbox 1247 707 1479 776; x_wconf 91' lang='lat' dir='ltr'><strong>scripsit,</strong></span> <span class='ocrx_word' id='word_1_36' title='bbox 1498 719 1603 760; x_wconf 90' lang='lat' dir='ltr'><strong>non</strong></span> <span class='ocrx_word' id='word_1_37' title='bbox 1626 703 1741 774; x_wconf 84' lang='lat' dir='ltr'><strong>epi-</strong></span> 
     </span>
    </p>
   </div>
   <div class='ocr_carea' id='block_1_8' title="bbox 179 795 1743 870">
    <p class='ocr_par' dir='ltr' id='par_1_8' title="bbox 179 795 1743 870">
     <span class='ocr_line' id='line_1_8' title="bbox 179 795 1743 870; baseline -0.005 -14"><span class='ocrx_word' id='word_1_38' title='bbox 179 815 417 870; x_wconf 89' lang='lat' dir='ltr'><strong>scopum,</strong></span> <span class='ocrx_word' id='word_1_39' title='bbox 433 798 529 855; x_wconf 89' lang='lat' dir='ltr'><strong>sed</strong></span> <span class='ocrx_word' id='word_1_40' title='bbox 551 801 763 870; x_wconf 89' lang='lat' dir='ltr'><strong>fratrem</strong></span> <span class='ocrx_word' id='word_1_41' title='bbox 784 798 953 869; x_wconf 89' lang='lat' dir='ltr'><strong>ipsum</strong></span> <span class='ocrx_word' id='word_1_42' title='bbox 975 798 1228 867; x_wconf 74' lang='lat' dir='ltr'><strong>appellat.</strong></span> <span class='ocrx_word' id='word_1_43' title='bbox 1250 795 1743 863; x_wconf 82' lang='lat' dir='ltr'><strong>Quantulacumque</strong></span> 
     </span>
    </p>
   </div>
   <div class='ocr_carea' id='block_1_9' title="bbox 180 885 1746 959">
    <p class='ocr_par' dir='ltr' id='par_1_9' title="bbox 180 885 1746 959">
     <span class='ocr_line' id='line_1_9' title="bbox 180 885 1746 959; baseline -0.004 -15"><span class='ocrx_word' id='word_1_44' title='bbox 180 892 247 944; x_wconf 89' lang='lat' dir='ltr'><strong>sit</strong></span> <span class='ocrx_word' id='word_1_45' title='bbox 270 888 508 959; x_wconf 86' lang='lat' dir='ltr'><strong>episcopi</strong></span> <span class='ocrx_word' id='word_1_46' title='bbox 542 887 804 953; x_wconf 71' lang='lat' dir='ltr'><strong>dimcesis,</strong></span> <span class='ocrx_word' id='word_1_47' title='bbox 834 903 940 942; x_wconf 92' lang='lat' dir='ltr'><strong>non</strong></span> <span class='ocrx_word' id='word_1_48' title='bbox 967 886 1176 941; x_wconf 83' lang='lat' dir='ltr'><strong>videtur</strong></span> <span class='ocrx_word' id='word_1_49' title='bbox 1220 901 1251 940; x_wconf 89' lang='lat' dir='ltr'><strong>a</strong></span> <span class='ocrx_word' id='word_1_50' title='bbox 1293 885 1523 953; x_wconf 86' lang='lat' dir='ltr'><strong>negotiis</strong></span> <span class='ocrx_word' id='word_1_51' title='bbox 1549 897 1746 939; x_wconf 87' lang='lat' dir='ltr'><strong>vacuus</strong></span> 
     </span>
    </p>
   </div>
   <div class='ocr_carea' id='block_1_10' title="bbox 182 973 1745 1050">
    <p class='ocr_par' dir='ltr' id='par_1_10' title="bbox 182 973 1745 1050">
     <span class='ocr_line' id='line_1_10' title="bbox 182 973 1745 1050; baseline -0.007 -14"><span class='ocrx_word' id='word_1_52' title='bbox 182 983 483 1050; x_wconf 88' lang='lat' dir='ltr'><strong>episcopus,</strong></span> <span class='ocrx_word' id='word_1_53' title='bbox 507 980 682 1048; x_wconf 86' lang='lat' dir='ltr'><strong>qualis</strong></span> <span class='ocrx_word' id='word_1_54' title='bbox 710 978 1002 1047; x_wconf 75' lang='lat' dir='ltr'><strong>Augustino</strong></span> <span class='ocrx_word' id='word_1_55' title='bbox 1026 977 1170 1031; x_wconf 89' lang='lat' dir='ltr'><strong>visus</strong></span> <span class='ocrx_word' id='word_1_56' title='bbox 1195 983 1279 1030; x_wconf 89' lang='lat' dir='ltr'><strong>est</strong></span> <span class='ocrx_word' id='word_1_57' title='bbox 1313 973 1567 1028; x_wconf 91' lang='lat' dir='ltr'><strong>Paulinus</strong></span> <span class='ocrx_word' id='word_1_58' title='bbox 1604 986 1745 1026; x_wconf 90' lang='lat' dir='ltr'><strong>anno</strong></span> 
     </span>
    </p>
   </div>
   <div class='ocr_carea' id='block_1_11' title="bbox 182 1061 1748 1139">
    <p class='ocr_par' dir='ltr' id='par_1_11' title="bbox 182 1061 1748 1139">
     <span class='ocr_line' id='line_1_11' title="bbox 182 1061 1748 1139; baseline -0.005 -16"><span class='ocrx_word' id='word_1_59' title='bbox 182 1069 299 1124; x_wconf 85' lang='grc'><strong>408.</strong></span> <span class='ocrx_word' id='word_1_60' title='bbox 356 1068 707 1122; x_wconf 84' lang='lat' dir='ltr'><strong>Nihilominus</strong></span> <span class='ocrx_word' id='word_1_61' title='bbox 734 1094 740 1103; x_wconf 67' lang='grc' dir='ltr'><strong>ν</strong></span> <span class='ocrx_word' id='word_1_62' title='bbox 765 1066 911 1121; x_wconf 83' lang='lat' dir='ltr'><strong>addit</strong></span> <span class='ocrx_word' id='word_1_63' title='bbox 956 1066 1281 1139; x_wconf 78' lang='lat' dir='ltr'><strong>Augustinus</strong></span> <span class='ocrx_word' id='word_1_64' title='bbox 1329 1063 1430 1118; x_wconf 87' lang='lat' dir='ltr'><strong>sibi</strong></span> <span class='ocrx_word' id='word_1_65' title='bbox 1479 1061 1748 1117; x_wconf 87' lang='lat' dir='ltr'><strong>nuntiatas</strong></span> 
     </span>
    </p>
   </div>
   <div class='ocr_carea' id='block_1_12' title="bbox 182 1154 1750 1227">
    <p class='ocr_par' dir='ltr' id='par_1_12' title="bbox 182 1154 1750 1227">
     <span class='ocr_line' id='line_1_12' title="bbox 182 1154 1750 1227; baseline -0.004 -12"><span class='ocrx_word' id='word_1_66' title='bbox 182 1160 341 1215; x_wconf 81' lang='lat' dir='ltr'><strong>fuisse</strong></span> <span class='ocrx_word' id='word_1_67' title='bbox 367 1159 703 1215; x_wconf 81' lang='lat' dir='ltr'><strong>incredibiles</strong></span> <span class='ocrx_word' id='word_1_68' title='bbox 730 1158 845 1226; x_wconf 84' lang='lat' dir='ltr'><strong>ejus</strong></span> <span class='ocrx_word' id='word_1_69' title='bbox 869 1158 1248 1227; x_wconf 77' lang='lat' dir='ltr'><strong>occupationes</strong></span> <span class='ocrx_word' id='word_1_70' title='bbox 1282 1174 1294 1209; x_wconf 90' lang='lat'>:</span> <span class='ocrx_word' id='word_1_71' title='bbox 1332 1170 1451 1224; x_wconf 64' lang='lat' dir='ltr'><strong>quae</strong></span> <span class='ocrx_word' id='word_1_72' title='bbox 1475 1154 1750 1224; x_wconf 76' lang='lat' dir='ltr'><strong>expressio</strong></span> 
     </span>
    </p>
   </div>
   <div class='ocr_carea' id='block_1_13' title="bbox 181 1248 1751 1322">
    <p class='ocr_par' dir='ltr' id='par_1_13' title="bbox 181 1248 1751 1322">
     <span class='ocr_line' id='line_1_13' title="bbox 181 1248 1751 1322; baseline -0.006 -15"><span class='ocrx_word' id='word_1_73' title='bbox 181 1253 359 1322; x_wconf 88' lang='lat' dir='ltr'><strong>potius</strong></span> <span class='ocrx_word' id='word_1_74' title='bbox 384 1251 604 1306; x_wconf 90' lang='lat' dir='ltr'><strong>denotat</strong></span> <span class='ocrx_word' id='word_1_75' title='bbox 629 1265 720 1305; x_wconf 90' lang='lat' dir='ltr'><strong>eas</strong></span> <span class='ocrx_word' id='word_1_76' title='bbox 747 1264 866 1318; x_wconf 64' lang='lat' dir='ltr'><strong>qnze</strong></span> <span class='ocrx_word' id='word_1_77' title='bbox 884 1248 1099 1304; x_wconf 89' lang='lat' dir='ltr'><strong>insolito</strong></span> <span class='ocrx_word' id='word_1_78' title='bbox 1125 1262 1253 1303; x_wconf 86' lang='lat' dir='ltr'><strong>casu</strong></span> <span class='ocrx_word' id='word_1_79' title='bbox 1288 1248 1563 1313; x_wconf 83' lang='lat' dir='ltr'><strong>eveniunt,</strong></span> <span class='ocrx_word' id='word_1_80' title='bbox 1591 1260 1751 1315; x_wconf 88' lang='lat' dir='ltr'><strong>quam</strong></span> 
     </span>
    </p>
   </div>
   <div class='ocr_carea' id='block_1_14' title="bbox 180 1336 1752 1412">
    <p class='ocr_par' dir='ltr' id='par_1_14' title="bbox 180 1336 1752 1412">
     <span class='ocr_line' id='line_1_14' title="bbox 180 1336 1752 1412; baseline -0.006 -14"><span class='ocrx_word' id='word_1_81' title='bbox 180 1357 296 1412; x_wconf 70' lang='lat' dir='ltr'><strong>qusc</strong></span> <span class='ocrx_word' id='word_1_82' title='bbox 316 1342 647 1411; x_wconf 87' lang='lat' dir='ltr'><strong>episcopatui</strong></span> <span class='ocrx_word' id='word_1_83' title='bbox 674 1355 896 1395; x_wconf 64' lang='lat' dir='ltr'><strong>annexa:</strong></span> <span class='ocrx_word' id='word_1_84' title='bbox 918 1347 1060 1394; x_wconf 91' lang='lat' dir='ltr'><strong>sunt.</strong></span> <span class='ocrx_word' id='word_1_85' title='bbox 1091 1336 1546 1412; x_wconf 81' lang='lat' dir='ltr'><strong>Quemadmodum</strong></span> <span class='ocrx_word' id='word_1_86' title='bbox 1574 1342 1752 1390; x_wconf 89' lang='lat' dir='ltr'><strong>autem</strong></span> 
     </span>
    </p>
   </div>
   <div class='ocr_carea' id='block_1_15' title="bbox 183 1423 1754 1499">
    <p class='ocr_par' dir='ltr' id='par_1_15' title="bbox 183 1423 1754 1499">
     <span class='ocr_line' id='line_1_15' title="bbox 183 1423 1754 1499; baseline -0.006 -14"><span class='ocrx_word' id='word_1_87' title='bbox 183 1430 461 1485; x_wconf 90' lang='lat' dir='ltr'><strong>Paulinum</strong></span> <span class='ocrx_word' id='word_1_88' title='bbox 485 1429 776 1499; x_wconf 88' lang='lat' dir='ltr'><strong>episcopali</strong></span> <span class='ocrx_word' id='word_1_89' title='bbox 807 1427 1040 1482; x_wconf 89' lang='lat' dir='ltr'><strong>nondum</strong></span> <span class='ocrx_word' id='word_1_90' title='bbox 1063 1427 1319 1495; x_wconf 80' lang='lat' dir='ltr'><strong>dignitate</strong></span> <span class='ocrx_word' id='word_1_91' title='bbox 1345 1424 1507 1479; x_wconf 81' lang='lat' dir='ltr'><strong>fuisse</strong></span> <span class='ocrx_word' id='word_1_92' title='bbox 1532 1423 1754 1491; x_wconf 85' lang='lat' dir='ltr'><strong>insigni-</strong></span> 
     </span>
    </p>
   </div>
   <div class='ocr_carea' id='block_1_16' title="bbox 184 1515 1754 1586">
    <p class='ocr_par' dir='ltr' id='par_1_16' title="bbox 184 1515 1754 1586">
     <span class='ocr_line' id='line_1_16' title="bbox 184 1515 1754 1586; baseline -0.004 -12"><span class='ocrx_word' id='word_1_93' title='bbox 184 1531 292 1576; x_wconf 88' lang='lat' dir='ltr'><strong>tum</strong></span> <span class='ocrx_word' id='word_1_94' title='bbox 339 1520 493 1575; x_wconf 89' lang='lat' dir='ltr'><strong>iuitio</strong></span> <span class='ocrx_word' id='word_1_95' title='bbox 540 1520 668 1575; x_wconf 90' lang='lat' dir='ltr'><strong>anni</strong></span> <span class='ocrx_word' id='word_1_96' title='bbox 697 1517 819 1584; x_wconf 82' lang='grc'><strong>409,</strong></span> <span class='ocrx_word' id='word_1_97' title='bbox 851 1519 923 1573; x_wconf 92' lang='lat' dir='ltr'><strong>ita</strong></span> <span class='ocrx_word' id='word_1_98' title='bbox 950 1534 1071 1573; x_wconf 89' lang='lat' dir='ltr'><strong>eum</strong></span> <span class='ocrx_word' id='word_1_99' title='bbox 1100 1517 1211 1586; x_wconf 84' lang='lat' dir='ltr'><strong>jam</strong></span> <span class='ocrx_word' id='word_1_100' title='bbox 1252 1515 1563 1586; x_wconf 88' lang='lat' dir='ltr'><strong>episcopum</strong></span> <span class='ocrx_word' id='word_1_101' title='bbox 1611 1528 1754 1568; x_wconf 91' lang='lat' dir='ltr'><strong>anno</strong></span> 
     </span>
    </p>
   </div>
   <div class='ocr_carea' id='block_1_17' title="bbox 183 1605 1756 1680">
    <p class='ocr_par' dir='ltr' id='par_1_17' title="bbox 183 1605 1756 1680">
     <span class='ocr_line' id='line_1_17' title="bbox 183 1605 1756 1680; baseline -0.003 -15"><span class='ocrx_word' id='word_1_102' title='bbox 183 1612 284 1667; x_wconf 74' lang='grc'><strong>415</strong></span> <span class='ocrx_word' id='word_1_103' title='bbox 311 1613 474 1668; x_wconf 83' lang='lat' dir='ltr'><strong>fuisse</strong></span> <span class='ocrx_word' id='word_1_104' title='bbox 502 1614 734 1675; x_wconf 86' lang='lat' dir='ltr'><strong>constat,</strong></span> <span class='ocrx_word' id='word_1_105' title='bbox 761 1609 1195 1680; x_wconf 88' lang='lat' dir='ltr'><strong>quandoquidem</strong></span> <span class='ocrx_word' id='word_1_106' title='bbox 1214 1608 1319 1663; x_wconf 91' lang='lat' dir='ltr'><strong>hoc</strong></span> <span class='ocrx_word' id='word_1_107' title='bbox 1350 1608 1566 1662; x_wconf 85' lang='lat' dir='ltr'><strong>nomine</strong></span> <span class='ocrx_word' id='word_1_108' title='bbox 1586 1605 1756 1661; x_wconf 87' lang='lat' dir='ltr'><strong>done-</strong></span> 
     </span>
    </p>
   </div>
   <div class='ocr_carea' id='block_1_18' title="bbox 184 1694 1756 1771">
    <p class='ocr_par' dir='ltr' id='par_1_18' title="bbox 184 1694 1756 1771">
     <span class='ocr_line' id='line_1_18' title="bbox 184 1694 1756 1771; baseline -0.006 -14"><span class='ocrx_word' id='word_1_109' title='bbox 184 1715 268 1758; x_wconf 86' lang='lat' dir='ltr'><strong>tur</strong></span> <span class='ocrx_word' id='word_1_110' title='bbox 295 1704 367 1758; x_wconf 85' lang='lat' dir='ltr'><strong>ab</strong></span> <span class='ocrx_word' id='word_1_111' title='bbox 393 1703 690 1771; x_wconf 74' lang='lat' dir='ltr'><strong>Augustino</strong></span> <span class='ocrx_word' id='word_1_112' title='bbox 718 1701 746 1741; x_wconf 67' lang='grc' dir='ltr'>δ</span> <span class='ocrx_word' id='word_1_113' title='bbox 773 1702 865 1755; x_wconf 91' lang='lat' dir='ltr'><strong>lib.</strong></span> <span class='ocrx_word' id='word_1_114' title='bbox 899 1700 1003 1756; x_wconf 82' lang='lat' dir='ltr'><strong>ide</strong></span> <span class='ocrx_word' id='word_1_115' title='bbox 1032 1699 1259 1755; x_wconf 86' lang='lat' dir='ltr'><strong>Civitate</strong></span> <span class='ocrx_word' id='word_1_116' title='bbox 1287 1697 1400 1763; x_wconf 87' lang='lat' dir='ltr'><strong>Dei,</strong></span> <span class='ocrx_word' id='word_1_117' title='bbox 1433 1697 1591 1765; x_wconf 84' lang='lat' dir='ltr'><strong>idque</strong></span> <span class='ocrx_word' id='word_1_118' title='bbox 1615 1694 1756 1750; x_wconf 81' lang='lat' dir='ltr'><strong>refe-</strong></span> 
     </span>
    </p>
   </div>
   <div class='ocr_carea' id='block_1_19' title="bbox 1842 525 3409 598">
    <p class='ocr_par' dir='ltr' id='par_1_19' title="bbox 1842 525 3409 598">
     <span class='ocr_line' id='line_1_19' title="bbox 1842 525 3409 598; baseline -0.002 -15"><span class='ocrx_word' id='word_1_119' title='bbox 1842 527 2144 584; x_wconf 86' lang='lat' dir='ltr'><strong>lnnocentii</strong></span> <span class='ocrx_word' id='word_1_120' title='bbox 2173 528 2255 583; x_wconf 84' lang='lat' dir='ltr'><strong>vel</strong></span> <span class='ocrx_word' id='word_1_121' title='bbox 2285 529 2479 598; x_wconf 83' lang='lat' dir='ltr'><strong>partim</strong></span> <span class='ocrx_word' id='word_1_122' title='bbox 2511 528 2597 583; x_wconf 83' lang='lat' dir='ltr'><strong>vel</strong></span> <span class='ocrx_word' id='word_1_123' title='bbox 2632 527 2851 584; x_wconf 89' lang='lat' dir='ltr'><strong>omnino</strong></span> <span class='ocrx_word' id='word_1_124' title='bbox 2885 525 3293 595; x_wconf 81' lang='lat' dir='ltr'><strong>rejicerenobis</strong></span> <span class='ocrx_word' id='word_1_125' title='bbox 3321 539 3409 579; x_wconf 85' lang='lat' dir='ltr'><strong>ne-</strong></span> 
     </span>
    </p>
   </div>
   <div class='ocr_carea' id='block_1_20' title="bbox 1843 616 3409 688">
    <p class='ocr_par' dir='ltr' id='par_1_20' title="bbox 1843 616 3409 688">
     <span class='ocr_line' id='line_1_20' title="bbox 1843 616 3409 688; baseline -0.005 -11"><span class='ocrx_word' id='word_1_126' title='bbox 1843 634 1994 677; x_wconf 81' lang='lat' dir='ltr'><strong>cesse</strong></span> <span class='ocrx_word' id='word_1_127' title='bbox 2021 619 2092 673; x_wconf 88' lang='lat' dir='ltr'><strong>sit</strong></span> <span class='ocrx_word' id='word_1_128' title='bbox 2119 634 2182 672; x_wconf 86' lang='lat' dir='ltr'><strong>ex</strong></span> <span class='ocrx_word' id='word_1_129' title='bbox 2206 633 2347 672; x_wconf 89' lang='lat' dir='ltr'><strong>anno</strong></span> <span class='ocrx_word' id='word_1_130' title='bbox 2374 616 2478 672; x_wconf 85' lang='grc'><strong>404</strong></span> <span class='ocrx_word' id='word_1_131' title='bbox 2500 632 2604 688; x_wconf 78' lang='lat' dir='ltr'><strong>quo</strong></span> <span class='ocrx_word' id='word_1_132' title='bbox 2626 618 2771 673; x_wconf 86' lang='lat' dir='ltr'><strong>illam</strong></span> <span class='ocrx_word' id='word_1_133' title='bbox 2800 616 2816 655; x_wconf 86' lang='grc' dir='ltr'>ί</span> <span class='ocrx_word' id='word_1_134' title='bbox 2848 616 3409 686; x_wconf 80' lang='lat' dir='ltr'><strong>apposuimus,quam-</strong></span> 
     </span>
    </p>
   </div>
   <div class='ocr_carea' id='block_1_21' title="bbox 1844 707 3411 777">
    <p class='ocr_par' dir='ltr' id='par_1_21' title="bbox 1844 707 3411 777">
     <span class='ocr_line' id='line_1_21' title="bbox 1844 707 3411 777; baseline -0.003 -12"><span class='ocrx_word' id='word_1_135' title='bbox 1844 712 1926 767; x_wconf 89' lang='lat' dir='ltr'><strong>vis</strong></span> <span class='ocrx_word' id='word_1_136' title='bbox 1949 727 2054 765; x_wconf 91' lang='lat' dir='ltr'><strong>non</strong></span> <span class='ocrx_word' id='word_1_137' title='bbox 2080 708 2147 762; x_wconf 83' lang='grc'><strong>15</strong></span> <span class='ocrx_word' id='word_1_138' title='bbox 2170 709 2443 773; x_wconf 81' lang='lat' dir='ltr'><strong>Februarii</strong></span> <span class='ocrx_word' id='word_1_139' title='bbox 2469 709 2584 776; x_wconf 89' lang='lat' dir='ltr'><strong>die;</strong></span> <span class='ocrx_word' id='word_1_140' title='bbox 2612 709 2802 765; x_wconf 88' lang='lat' dir='ltr'><strong>eodem</strong></span> <span class='ocrx_word' id='word_1_141' title='bbox 2830 708 3046 777; x_wconf 84' lang='lat' dir='ltr'><strong>quidem</strong></span> <span class='ocrx_word' id='word_1_142' title='bbox 3073 708 3273 764; x_wconf 84' lang='lat' dir='ltr'><strong>mensis</strong></span> <span class='ocrx_word' id='word_1_143' title='bbox 3312 707 3411 761; x_wconf 88' lang='lat' dir='ltr'><strong>hu-</strong></span> 
     </span>
    </p>
   </div>
   <div class='ocr_carea' id='block_1_22' title="bbox 1842 796 3413 870">
    <p class='ocr_par' dir='ltr' id='par_1_22' title="bbox 1842 796 3413 870">
     <span class='ocr_line' id='line_1_22' title="bbox 1842 796 3413 870; baseline -0.004 -15"><span class='ocrx_word' id='word_1_144' title='bbox 1842 800 1932 870; x_wconf 85' lang='lat' dir='ltr'><strong>jus</strong></span> <span class='ocrx_word' id='word_1_145' title='bbox 1966 801 2073 867; x_wconf 89' lang='lat' dir='ltr'><strong>die,</strong></span> <span class='ocrx_word' id='word_1_146' title='bbox 2095 800 2188 857; x_wconf 88' lang='lat' dir='ltr'><strong>sed</strong></span> <span class='ocrx_word' id='word_1_147' title='bbox 2206 800 2378 854; x_wconf 88' lang='lat' dir='ltr'><strong>altero</strong></span> <span class='ocrx_word' id='word_1_148' title='bbox 2403 815 2545 854; x_wconf 91' lang='lat' dir='ltr'><strong>anno</strong></span> <span class='ocrx_word' id='word_1_149' title='bbox 2563 799 2875 853; x_wconf 87' lang='lat' dir='ltr'><strong>collocanda</strong></span> <span class='ocrx_word' id='word_1_150' title='bbox 2902 805 3008 866; x_wconf 87' lang='lat' dir='ltr'><strong>est,</strong></span> <span class='ocrx_word' id='word_1_151' title='bbox 3037 804 3093 853; x_wconf 89' lang='lat' dir='ltr'><strong>et</strong></span> <span class='ocrx_word' id='word_1_152' title='bbox 3112 796 3251 852; x_wconf 81' lang='lat' dir='ltr'><strong>forte</strong></span> <span class='ocrx_word' id='word_1_153' title='bbox 3271 812 3413 852; x_wconf 85' lang='lat' dir='ltr'><strong>anno</strong></span> 
     </span>
    </p>
   </div>
   <div class='ocr_carea' id='block_1_23' title="bbox 1846 887 3415 958">
    <p class='ocr_par' dir='ltr' id='par_1_23' title="bbox 1846 887 3415 958">
     <span class='ocr_line' id='line_1_23' title="bbox 1846 887 3415 958; baseline -0.001 -14"><span class='ocrx_word' id='word_1_154' title='bbox 1846 890 1951 945; x_wconf 83' lang='grc'><strong>410</strong></span> <span class='ocrx_word' id='word_1_155' title='bbox 1974 907 2095 946; x_wconf 90' lang='lat' dir='ltr'><strong>cum</strong></span> <span class='ocrx_word' id='word_1_156' title='bbox 2125 890 2392 946; x_wconf 86' lang='lat' dir='ltr'><strong>liouorius</strong></span> <span class='ocrx_word' id='word_1_157' title='bbox 2420 889 2604 945; x_wconf 73' lang='lat' dir='ltr'><strong>Roma:</strong></span> <span class='ocrx_word' id='word_1_158' title='bbox 2631 904 2826 943; x_wconf 86' lang='lat' dir='ltr'><strong>annum</strong></span> <span class='ocrx_word' id='word_1_159' title='bbox 2851 887 2954 942; x_wconf 85' lang='grc'><strong>407</strong></span> <span class='ocrx_word' id='word_1_160' title='bbox 2982 897 3038 945; x_wconf 91' lang='lat' dir='ltr'><strong>et</strong></span> <span class='ocrx_word' id='word_1_161' title='bbox 3059 897 3266 958; x_wconf 87' lang='lat' dir='ltr'><strong>partem</strong></span> <span class='ocrx_word' id='word_1_162' title='bbox 3288 889 3415 943; x_wconf 86' lang='lat' dir='ltr'><strong>anni</strong></span> 
     </span>
    </p>
   </div>
   <div class='ocr_carea' id='block_1_24' title="bbox 1848 979 3410 1051">
    <p class='ocr_par' dir='ltr' id='par_1_24' title="bbox 1848 979 3410 1051">
     <span class='ocr_line' id='line_1_24' title="bbox 1848 979 3410 1051; baseline -0.001 -14"><span class='ocrx_word' id='word_1_163' title='bbox 1848 982 1952 1037; x_wconf 77' lang='grc'><strong>408</strong></span> <span class='ocrx_word' id='word_1_164' title='bbox 1977 983 2233 1051; x_wconf 81' lang='lat' dir='ltr'><strong>exegerit.</strong></span> <span class='ocrx_word' id='word_1_165' title='bbox 2266 983 2470 1039; x_wconf 87' lang='lat' dir='ltr'><strong>Turbas</strong></span> <span class='ocrx_word' id='word_1_166' title='bbox 2500 992 2675 1036; x_wconf 89' lang='lat' dir='ltr'><strong>tamen</strong></span> <span class='ocrx_word' id='word_1_167' title='bbox 2699 996 2817 1050; x_wconf 82' lang='lat' dir='ltr'><strong>quae</strong></span> <span class='ocrx_word' id='word_1_168' title='bbox 2846 982 2898 1036; x_wconf 90' lang='lat' dir='ltr'><strong>in</strong></span> <span class='ocrx_word' id='word_1_169' title='bbox 2935 979 3121 1037; x_wconf 84' lang='lat' dir='ltr'><strong>Galliis</strong></span> <span class='ocrx_word' id='word_1_170' title='bbox 3147 990 3203 1036; x_wconf 91' lang='lat' dir='ltr'><strong>et</strong></span> <span class='ocrx_word' id='word_1_171' title='bbox 3227 982 3282 1036; x_wconf 93' lang='lat' dir='ltr'><strong>in</strong></span> <span class='ocrx_word' id='word_1_172' title='bbox 3310 980 3410 1035; x_wconf 81' lang='lat' dir='ltr'><strong>Ita-</strong></span> 
     </span>
    </p>
   </div>
   <div class='ocr_carea' id='block_1_25' title="bbox 1850 1070 3417 1140">
    <p class='ocr_par' dir='ltr' id='par_1_25' title="bbox 1850 1070 3417 1140">
     <span class='ocr_line' id='line_1_25' title="bbox 1850 1070 3417 1140; baseline -0.001 -14"><span class='ocrx_word' id='word_1_173' title='bbox 1850 1073 1919 1127; x_wconf 88' lang='lat' dir='ltr'><strong>lia</strong></span> <span class='ocrx_word' id='word_1_174' title='bbox 1950 1074 2205 1127; x_wconf 81' lang='lat' dir='ltr'><strong>exstitere</strong></span> <span class='ocrx_word' id='word_1_175' title='bbox 2232 1088 2352 1126; x_wconf 91' lang='lat' dir='ltr'><strong>cum</strong></span> <span class='ocrx_word' id='word_1_176' title='bbox 2380 1072 2482 1126; x_wconf 86' lang='lat' dir='ltr'><strong>illis</strong></span> <span class='ocrx_word' id='word_1_177' title='bbox 2511 1087 2541 1125; x_wconf 88' lang='lat' dir='ltr'><strong>a</strong></span> <span class='ocrx_word' id='word_1_178' title='bbox 2568 1072 2722 1126; x_wconf 88' lang='lat' dir='ltr'><strong>nobis</strong></span> <span class='ocrx_word' id='word_1_179' title='bbox 2743 1072 3026 1140; x_wconf 83' lang='lat' dir='ltr'><strong>assignatis</strong></span> <span class='ocrx_word' id='word_1_180' title='bbox 3054 1070 3294 1128; x_wconf 83' lang='lat' dir='ltr'><strong>Victricii</strong></span> <span class='ocrx_word' id='word_1_181' title='bbox 3322 1085 3417 1139; x_wconf 84' lang='lat' dir='ltr'><strong>pe-</strong></span> 
     </span>
    </p>
   </div>
   <div class='ocr_carea' id='block_1_26' title="bbox 1851 1162 3420 1232">
    <p class='ocr_par' dir='ltr' id='par_1_26' title="bbox 1851 1162 3420 1232">
     <span class='ocr_line' id='line_1_26' title="bbox 1851 1162 3420 1232; baseline -0.002 -13"><span class='ocrx_word' id='word_1_182' title='bbox 1851 1164 2299 1232; x_wconf 81' lang='lat' dir='ltr'><strong>regrinationibus</strong></span> <span class='ocrx_word' id='word_1_183' title='bbox 2326 1172 2380 1217; x_wconf 91' lang='lat' dir='ltr'><strong>et</strong></span> <span class='ocrx_word' id='word_1_184' title='bbox 2419 1164 2520 1218; x_wconf 90' lang='lat' dir='ltr'><strong>hoc</strong></span> <span class='ocrx_word' id='word_1_185' title='bbox 2563 1164 2858 1218; x_wconf 88' lang='lat' dir='ltr'><strong>litterarum</strong></span> <span class='ocrx_word' id='word_1_186' title='bbox 2901 1162 3225 1218; x_wconf 78' lang='lat' dir='ltr'><strong>commercio</strong></span> <span class='ocrx_word' id='word_1_187' title='bbox 3252 1162 3420 1232; x_wconf 85' lang='lat' dir='ltr'><strong>aptis-</strong></span> 
     </span>
    </p>
   </div>
   <div class='ocr_carea' id='block_1_27' title="bbox 1851 1250 3422 1321">
    <p class='ocr_par' dir='ltr' id='par_1_27' title="bbox 1851 1250 3422 1321">
     <span class='ocr_line' id='line_1_27' title="bbox 1851 1250 3422 1321; baseline -0.003 -12"><span class='ocrx_word' id='word_1_188' title='bbox 1851 1255 1987 1309; x_wconf 82' lang='lat' dir='ltr'><strong>sime</strong></span> <span class='ocrx_word' id='word_1_189' title='bbox 2013 1255 2299 1309; x_wconf 89' lang='lat' dir='ltr'><strong>convenirc</strong></span> <span class='ocrx_word' id='word_1_190' title='bbox 2335 1253 2575 1321; x_wconf 87' lang='lat' dir='ltr'><strong>judicant</strong></span> <span class='ocrx_word' id='word_1_191' title='bbox 2618 1252 2909 1307; x_wconf 84' lang='lat' dir='ltr'><strong>doctissimi</strong></span> <span class='ocrx_word' id='word_1_192' title='bbox 2935 1250 3035 1306; x_wconf 90' lang='lat' dir='ltr'><strong>viri</strong></span> <span class='ocrx_word' id='word_1_193' title='bbox 3066 1266 3203 1320; x_wconf 84' lang='lat' dir='ltr'><strong>quos</strong></span> <span class='ocrx_word' id='word_1_194' title='bbox 3229 1250 3422 1306; x_wconf 77' lang='lat' dir='ltr'><strong>coitsu-</strong></span> 
     </span>
    </p>
   </div>
   <div class='ocr_carea' id='block_1_28' title="bbox 1856 1339 3423 1409">
    <p class='ocr_par' dir='ltr' id='par_1_28' title="bbox 1856 1339 3423 1409">
     <span class='ocr_line' id='line_1_28' title="bbox 1856 1339 3423 1409; baseline -0.003 -11"><span class='ocrx_word' id='word_1_195' title='bbox 1856 1344 2073 1409; x_wconf 90' lang='lat' dir='ltr'><strong>luimus;</strong></span> <span class='ocrx_word' id='word_1_196' title='bbox 2106 1344 2326 1397; x_wconf 85' lang='lat' dir='ltr'><strong>historia</strong></span> <span class='ocrx_word' id='word_1_197' title='bbox 2356 1357 2484 1396; x_wconf 80' lang='lat' dir='ltr'><strong>vero</strong></span> <span class='ocrx_word' id='word_1_198' title='bbox 2530 1341 2663 1395; x_wconf 90' lang='lat' dir='ltr'><strong>duas</strong></span> <span class='ocrx_word' id='word_1_199' title='bbox 2690 1342 2807 1395; x_wconf 89' lang='lat' dir='ltr'><strong>illas</strong></span> <span class='ocrx_word' id='word_1_200' title='bbox 2846 1348 3051 1395; x_wconf 85' lang='lat' dir='ltr'><strong>tantum</strong></span> <span class='ocrx_word' id='word_1_201' title='bbox 3080 1340 3147 1395; x_wconf 84' lang='lat' dir='ltr'><strong>ab</strong></span> <span class='ocrx_word' id='word_1_202' title='bbox 3186 1339 3423 1396; x_wconf 80' lang='lat' dir='ltr'><strong>Honorio</strong></span> 
     </span>
    </p>
   </div>
   <div class='ocr_carea' id='block_1_29' title="bbox 1857 1423 3423 1505">
    <p class='ocr_par' dir='ltr' id='par_1_29' title="bbox 1857 1423 3423 1505">
     <span class='ocr_line' id='line_1_29' title="bbox 1857 1423 3423 1505; baseline -0.003 -16"><span class='ocrx_word' id='word_1_203' title='bbox 1857 1435 2082 1489; x_wconf 82' lang='lat' dir='ltr'><strong>Romam</strong></span> <span class='ocrx_word' id='word_1_204' title='bbox 2110 1450 2206 1505; x_wconf 91' lang='lat' dir='ltr'><strong>per</strong></span> <span class='ocrx_word' id='word_1_205' title='bbox 2233 1432 2600 1502; x_wconf 72' lang='lat' dir='ltr'><strong>pontiﬁatum</strong></span> <span class='ocrx_word' id='word_1_206' title='bbox 2629 1423 2923 1485; x_wconf 85' lang='lat' dir='ltr'><strong>Innocentii</strong></span> <span class='ocrx_word' id='word_1_207' title='bbox 2967 1438 3243 1498; x_wconf 86' lang='lat' dir='ltr'><strong>susceptas</strong></span> <span class='ocrx_word' id='word_1_208' title='bbox 3269 1443 3423 1499; x_wconf 85' lang='lat' dir='ltr'><strong>pere-</strong></span> 
     </span>
    </p>
   </div>
   <div class='ocr_carea' id='block_1_30' title="bbox 1856 1518 3427 1593">
    <p class='ocr_par' dir='ltr' id='par_1_30' title="bbox 1856 1518 3427 1593">
     <span class='ocr_line' id='line_1_30' title="bbox 1856 1518 3427 1593; baseline -0.003 -15"><span class='ocrx_word' id='word_1_209' title='bbox 1856 1525 2184 1593; x_wconf 88' lang='lat' dir='ltr'><strong>grinationes</strong></span> <span class='ocrx_word' id='word_1_210' title='bbox 2210 1523 2461 1577; x_wconf 78' lang='lat' dir='ltr'><strong>observat</strong></span> <span class='ocrx_word' id='word_1_211' title='bbox 2491 1539 2504 1574; x_wconf 93' lang='lat'><strong>:</strong></span> <span class='ocrx_word' id='word_1_212' title='bbox 2536 1520 2675 1575; x_wconf 89' lang='lat' dir='ltr'><strong>unde</strong></span> <span class='ocrx_word' id='word_1_213' title='bbox 2720 1519 3017 1574; x_wconf 85' lang='lat' dir='ltr'><strong>Innocentii</strong></span> <span class='ocrx_word' id='word_1_214' title='bbox 3045 1527 3101 1574; x_wconf 91' lang='lat' dir='ltr'><strong>et</strong></span> <span class='ocrx_word' id='word_1_215' title='bbox 3129 1518 3334 1574; x_wconf 86' lang='lat' dir='ltr'><strong>Paulini</strong></span> <span class='ocrx_word' id='word_1_216' title='bbox 3362 1518 3427 1573; x_wconf 83' lang='lat' dir='ltr'><strong>ad</strong></span> 
     </span>
    </p>
   </div>
   <div class='ocr_carea' id='block_1_31' title="bbox 1858 1607 3428 1679">
    <p class='ocr_par' dir='ltr' id='par_1_31' title="bbox 1858 1607 3428 1679">
     <span class='ocr_line' id='line_1_31' title="bbox 1858 1607 3428 1679; baseline -0.004 -12"><span class='ocrx_word' id='word_1_217' title='bbox 1858 1612 2165 1667; x_wconf 77' lang='lat' dir='ltr'><strong>Victricium</strong></span> <span class='ocrx_word' id='word_1_218' title='bbox 2191 1611 2449 1679; x_wconf 87' lang='lat' dir='ltr'><strong>epistolas</strong></span> <span class='ocrx_word' id='word_1_219' title='bbox 2473 1625 2615 1665; x_wconf 89' lang='lat' dir='ltr'><strong>anno</strong></span> <span class='ocrx_word' id='word_1_220' title='bbox 2644 1608 2747 1662; x_wconf 87' lang='grc'><strong>404</strong></span> <span class='ocrx_word' id='word_1_221' title='bbox 2782 1607 3086 1663; x_wconf 82' lang='lat' dir='ltr'><strong>adscribere</strong></span> <span class='ocrx_word' id='word_1_222' title='bbox 3113 1609 3284 1663; x_wconf 87' lang='lat' dir='ltr'><strong>coacti</strong></span> <span class='ocrx_word' id='word_1_223' title='bbox 3326 1607 3428 1662; x_wconf 81' lang='lat' dir='ltr'><strong>lui-</strong></span> 
     </span>
    </p>
   </div>
   <div class='ocr_carea' id='block_1_32' title="bbox 1858 1700 3431 1773">
    <p class='ocr_par' dir='ltr' id='par_1_32' title="bbox 1858 1700 3431 1773">
     <span class='ocr_line' id='line_1_32' title="bbox 1858 1700 3431 1773; baseline -0.003 -15"><span class='ocrx_word' id='word_1_224' title='bbox 1858 1716 1997 1759; x_wconf 84' lang='lat' dir='ltr'><strong>mus.</strong></span> <span class='ocrx_word' id='word_1_225' title='bbox 2024 1704 2206 1773; x_wconf 82' lang='lat' dir='ltr'><strong>Neque</strong></span> <span class='ocrx_word' id='word_1_226' title='bbox 2233 1718 2299 1757; x_wconf 78' lang='lat' dir='ltr'><strong>ex</strong></span> <span class='ocrx_word' id='word_1_227' title='bbox 2347 1703 2460 1757; x_wconf 89' lang='lat' dir='ltr'><strong>sola</strong></span> <span class='ocrx_word' id='word_1_228' title='bbox 2500 1704 2679 1772; x_wconf 77' lang='lat' dir='ltr'><strong>fratris</strong></span> <span class='ocrx_word' id='word_1_229' title='bbox 2706 1701 3062 1771; x_wconf 81' lang='lat' dir='ltr'><strong>appellatione</strong></span> <span class='ocrx_word' id='word_1_230' title='bbox 3085 1700 3431 1767; x_wconf 82' lang='lat' dir='ltr'><strong>judicandum</strong></span> 
     </span>
    </p>
   </div>
   <div class='ocr_carea' id='block_1_33' title="bbox 183 1783 3431 1864">
    <p class='ocr_par' dir='ltr' id='par_1_33' title="bbox 183 1783 3431 1864">
     <span class='ocr_line' id='line_1_33' title="bbox 183 1783 3431 1864; baseline -0.004 -15"><span class='ocrx_word' id='word_1_231' title='bbox 183 1795 352 1850; x_wconf 88' lang='lat' dir='ltr'><strong>rendo</strong></span> <span class='ocrx_word' id='word_1_232' title='bbox 381 1793 582 1864; x_wconf 89' lang='lat' dir='ltr'><strong>aliquid</strong></span> <span class='ocrx_word' id='word_1_233' title='bbox 606 1792 748 1864; x_wconf 91' lang='lat' dir='ltr'><strong>quod</strong></span> <span class='ocrx_word' id='word_1_234' title='bbox 769 1791 1020 1846; x_wconf 88' lang='lat' dir='ltr'><strong>Paulinus</strong></span> <span class='ocrx_word' id='word_1_235' title='bbox 1039 1804 1180 1843; x_wconf 90' lang='lat' dir='ltr'><strong>anno</strong></span> <span class='ocrx_word' id='word_1_236' title='bbox 1200 1786 1303 1841; x_wconf 80' lang='grc'><strong>410</strong></span> <span class='ocrx_word' id='word_1_237' title='bbox 1330 1792 1594 1855; x_wconf 87' lang='lat' dir='ltr'><strong>gesserat:</strong></span> <span class='ocrx_word' id='word_1_238' title='bbox 1620 1783 1761 1838; x_wconf 86' lang='lat' dir='ltr'><strong>unde</strong></span> <span class='ocrx_word' id='word_1_239' title='bbox 1794 1794 1838 1855; x_wconf 75' lang='grc' dir='ltr'><strong>Β</strong></span> <span class='ocrx_word' id='word_1_240' title='bbox 1862 1796 2112 1851; x_wconf 60' lang='lat' dir='ltr'><strong>duximus</strong></span> <span class='ocrx_word' id='word_1_241' title='bbox 2162 1795 2308 1849; x_wconf 76' lang='lat' dir='ltr'><strong>mum</strong></span> <span class='ocrx_word' id='word_1_242' title='bbox 2363 1802 2474 1848; x_wconf 62' lang='lat' dir='ltr'><strong>tum</strong></span> <span class='ocrx_word' id='word_1_243' title='bbox 2523 1792 2686 1848; x_wconf 65' lang='lat' dir='ltr'><strong>fuisse</strong></span> <span class='ocrx_word' id='word_1_244' title='bbox 2729 1794 3062 1863; x_wconf 64' lang='lat' dir='ltr'><strong>episcopum,</strong></span> <span class='ocrx_word' id='word_1_245' title='bbox 3106 1808 3229 1848; x_wconf 72' lang='lat' dir='ltr'><strong>cum</strong></span> <span class='ocrx_word' id='word_1_246' title='bbox 3280 1793 3431 1847; x_wconf 64' lang='grc' dir='ltr'><strong>ποδί,</strong></span> 
     </span>
    </p>
   </div>
   <div class='ocr_carea' id='block_1_34' title="bbox 184 1873 1762 1956">
    <p class='ocr_par' dir='ltr' id='par_1_34' title="bbox 184 1873 1762 1956">
     <span class='ocr_line' id='line_1_34' title="bbox 184 1873 1762 1956; baseline -0.008 -18"><span class='ocrx_word' id='word_1_247' title='bbox 184 1884 533 1956; x_wconf 86' lang='lat' dir='ltr'><strong>probabiliter</strong></span> <span class='ocrx_word' id='word_1_248' title='bbox 557 1882 734 1952; x_wconf 86' lang='lat' dir='ltr'><strong>colligi</strong></span> <span class='ocrx_word' id='word_1_249' title='bbox 778 1887 957 1950; x_wconf 86' lang='lat' dir='ltr'><strong>potest</strong></span> <span class='ocrx_word' id='word_1_250' title='bbox 990 1879 1102 1949; x_wconf 89' lang='lat' dir='ltr'><strong>jam</strong></span> <span class='ocrx_word' id='word_1_251' title='bbox 1131 1893 1272 1933; x_wconf 88' lang='lat' dir='ltr'><strong>anno</strong></span> <span class='ocrx_word' id='word_1_252' title='bbox 1296 1875 1397 1929; x_wconf 86' lang='grc'><strong>410</strong></span> <span class='ocrx_word' id='word_1_253' title='bbox 1425 1875 1574 1929; x_wconf 91' lang='lat' dir='ltr'><strong>illum</strong></span> <span class='ocrx_word' id='word_1_254' title='bbox 1601 1873 1762 1928; x_wconf 81' lang='lat' dir='ltr'><strong>fuisse</strong></span> 
     </span>
    </p>
   </div>
   <div class='ocr_carea' id='block_1_35' title="bbox 184 1963 1765 2044">
    <p class='ocr_par' dir='ltr' id='par_1_35' title="bbox 184 1963 1765 2044">
     <span class='ocr_line' id='line_1_35' title="bbox 184 1963 1765 2044; baseline -0.007 -17"><span class='ocrx_word' id='word_1_255' title='bbox 184 1976 518 2044; x_wconf 87' lang='lat' dir='ltr'><strong>episcopum.</strong></span> <span class='ocrx_word' id='word_1_256' title='bbox 563 1970 630 2025; x_wconf 87' lang='lat' dir='ltr'><strong>Et</strong></span> <span class='ocrx_word' id='word_1_257' title='bbox 679 1978 938 2039; x_wconf 82' lang='lat' dir='ltr'><strong>praeterea</strong></span> <span class='ocrx_word' id='word_1_258' title='bbox 963 1968 1174 2023; x_wconf 91' lang='lat' dir='ltr'><strong>videtur</strong></span> <span class='ocrx_word' id='word_1_259' title='bbox 1222 1965 1472 2020; x_wconf 88' lang='lat' dir='ltr'><strong>Paulinus</strong></span> <span class='ocrx_word' id='word_1_260' title='bbox 1516 1963 1765 2019; x_wconf 88' lang='lat' dir='ltr'><strong>debuisse</strong></span> 
     </span>
    </p>
   </div>
   <div class='ocr_carea' id='block_1_36' title="bbox 184 2056 1765 2136">
    <p class='ocr_par' dir='ltr' id='par_1_36' title="bbox 184 2056 1765 2136">
     <span class='ocr_line' id='line_1_36' title="bbox 184 2056 1765 2136; baseline -0.008 -15"><span class='ocrx_word' id='word_1_261' title='bbox 184 2066 437 2136; x_wconf 90' lang='lat' dir='ltr'><strong>quopiam</strong></span> <span class='ocrx_word' id='word_1_262' title='bbox 466 2080 523 2120; x_wconf 89' lang='lat' dir='ltr'><strong>se</strong></span> <span class='ocrx_word' id='word_1_263' title='bbox 544 2065 786 2134; x_wconf 88' lang='lat' dir='ltr'><strong>recipere</strong></span> <span class='ocrx_word' id='word_1_264' title='bbox 813 2071 872 2116; x_wconf 93' lang='lat' dir='ltr'><strong>ut</strong></span> <span class='ocrx_word' id='word_1_265' title='bbox 906 2076 937 2116; x_wconf 91' lang='lat' dir='ltr'><strong>e</strong></span> <span class='ocrx_word' id='word_1_266' title='bbox 962 2060 1263 2116; x_wconf 87' lang='lat' dir='ltr'><strong>Gothorum</strong></span> <span class='ocrx_word' id='word_1_267' title='bbox 1302 2057 1546 2112; x_wconf 90' lang='lat' dir='ltr'><strong>manibus</strong></span> <span class='ocrx_word' id='word_1_268' title='bbox 1572 2072 1631 2111; x_wconf 91' lang='lat' dir='ltr'><strong>se</strong></span> <span class='ocrx_word' id='word_1_269' title='bbox 1658 2056 1765 2111; x_wconf 89' lang='lat' dir='ltr'><strong>eri-</strong></span> 
     </span>
    </p>
   </div>
   <div class='ocr_carea' id='block_1_37' title="bbox 186 2136 1766 2224">
    <p class='ocr_par' dir='ltr' id='par_1_37' title="bbox 186 2136 1766 2224">
     <span class='ocr_line' id='line_1_37' title="bbox 186 2136 1766 2224; baseline -0.006 -14"><span class='ocrx_word' id='word_1_270' title='bbox 186 2163 360 2224; x_wconf 89' lang='lat' dir='ltr'><strong>peret,</strong></span> <span class='ocrx_word' id='word_1_271' title='bbox 394 2163 453 2208; x_wconf 91' lang='lat' dir='ltr'><strong>ut</strong></span> <span class='ocrx_word' id='word_1_272' title='bbox 477 2165 500 2193; x_wconf 68' lang='grc' dir='ltr'><strong>ε</strong></span> <span class='ocrx_word' id='word_1_273' title='bbox 533 2168 720 2208; x_wconf 79' lang='lat' dir='ltr'><strong>revera</strong></span> <span class='ocrx_word' id='word_1_274' title='bbox 747 2153 800 2206; x_wconf 92' lang='lat' dir='ltr'><strong>in</strong></span> <span class='ocrx_word' id='word_1_275' title='bbox 827 2165 1012 2207; x_wconf 90' lang='lat' dir='ltr'><strong>eorum</strong></span> <span class='ocrx_word' id='word_1_276' title='bbox 1042 2163 1230 2205; x_wconf 90' lang='lat' dir='ltr'><strong>manus</strong></span> <span class='ocrx_word' id='word_1_277' title='bbox 1277 2147 1482 2213; x_wconf 90' lang='lat' dir='ltr'><strong>incidit,</strong></span> <span class='ocrx_word' id='word_1_278' title='bbox 1508 2136 1617 2201; x_wconf 89' lang='lat' dir='ltr'><strong>nisi</strong></span> <span class='ocrx_word' id='word_1_279' title='bbox 1638 2145 1766 2200; x_wconf 78' lang='lat' dir='ltr'><strong>fuis—</strong></span> 
     </span>
    </p>
   </div>
   <div class='ocr_carea' id='block_1_38' title="bbox 184 2237 1767 2321">
    <p class='ocr_par' dir='ltr' id='par_1_38' title="bbox 184 2237 1767 2321">
     <span class='ocr_line' id='line_1_38' title="bbox 184 2237 1767 2321; baseline -0.005 -21"><span class='ocrx_word' id='word_1_280' title='bbox 184 2254 267 2300; x_wconf 88' lang='lat' dir='ltr'><strong>set</strong></span> <span class='ocrx_word' id='word_1_281' title='bbox 296 2244 544 2300; x_wconf 87' lang='lat' dir='ltr'><strong>addictus</strong></span> <span class='ocrx_word' id='word_1_282' title='bbox 572 2243 840 2314; x_wconf 87' lang='lat' dir='ltr'><strong>pascendo</strong></span> <span class='ocrx_word' id='word_1_283' title='bbox 868 2242 1055 2321; x_wconf 83' lang='lat' dir='ltr'><strong>gregi,</strong></span> <span class='ocrx_word' id='word_1_284' title='bbox 1087 2247 1142 2297; x_wconf 88' lang='lat' dir='ltr'><strong>et</strong></span> <span class='ocrx_word' id='word_1_285' title='bbox 1169 2242 1269 2296; x_wconf 89' lang='lat' dir='ltr'><strong>nisi</strong></span> <span class='ocrx_word' id='word_1_286' title='bbox 1298 2240 1522 2295; x_wconf 89' lang='lat' dir='ltr'><strong>vinculis</strong></span> <span class='ocrx_word' id='word_1_287' title='bbox 1559 2237 1767 2307; x_wconf 79' lang='lat' dir='ltr'><strong>episco-</strong></span> 
     </span>
    </p>
   </div>
   <div class='ocr_carea' id='block_1_39' title="bbox 185 2327 1766 2405">
    <p class='ocr_par' dir='ltr' id='par_1_39' title="bbox 185 2327 1766 2405">
     <span class='ocr_line' id='line_1_39' title="bbox 185 2327 1766 2405; baseline -0.004 -16"><span class='ocrx_word' id='word_1_288' title='bbox 185 2335 325 2405; x_wconf 84' lang='lat' dir='ltr'><strong>palis</strong></span> <span class='ocrx_word' id='word_1_289' title='bbox 354 2335 590 2389; x_wconf 86' lang='lat' dir='ltr'><strong>muneris</strong></span> <span class='ocrx_word' id='word_1_290' title='bbox 620 2333 803 2387; x_wconf 81' lang='lat' dir='ltr'><strong>fuisset</strong></span> <span class='ocrx_word' id='word_1_291' title='bbox 830 2340 1089 2397; x_wconf 89' lang='lat' dir='ltr'><strong>retentus,</strong></span> <span class='ocrx_word' id='word_1_292' title='bbox 1113 2346 1143 2385; x_wconf 91' lang='lat' dir='ltr'><strong>a</strong></span> <span class='ocrx_word' id='word_1_293' title='bbox 1165 2330 1360 2400; x_wconf 87' lang='lat' dir='ltr'><strong>quibus</strong></span> <span class='ocrx_word' id='word_1_294' title='bbox 1387 2330 1438 2383; x_wconf 91' lang='lat' dir='ltr'><strong>in</strong></span> <span class='ocrx_word' id='word_1_295' title='bbox 1465 2327 1766 2384; x_wconf 83' lang='lat' dir='ltr'><strong>sacerdotio</strong></span> 
     </span>
    </p>
   </div>
   <div class='ocr_carea' id='block_1_40' title="bbox 186 2418 1766 2499">
    <p class='ocr_par' dir='ltr' id='par_1_40' title="bbox 186 2418 1766 2499">
     <span class='ocr_line' id='line_1_40' title="bbox 186 2418 1766 2499; baseline -0.004 -21"><span class='ocrx_word' id='word_1_296' title='bbox 186 2424 513 2479; x_wconf 80' lang='lat' dir='ltr'><strong>constitutus</strong></span> <span class='ocrx_word' id='word_1_297' title='bbox 540 2432 656 2478; x_wconf 90' lang='lat' dir='ltr'><strong>erat</strong></span> <span class='ocrx_word' id='word_1_298' title='bbox 699 2423 918 2478; x_wconf 91' lang='lat' dir='ltr'><strong>omnino</strong></span> <span class='ocrx_word' id='word_1_299' title='bbox 964 2422 1396 2499; x_wconf 28' lang='lat' dir='ltr'><strong>liber;‘singulis</strong></span> <span class='ocrx_word' id='word_1_300' title='bbox 1442 2428 1619 2475; x_wconf 87' lang='lat' dir='ltr'><strong>autem</strong></span> <span class='ocrx_word' id='word_1_301' title='bbox 1649 2418 1766 2488; x_wconf 89' lang='lat' dir='ltr'><strong>cpi-</strong></span> 
     </span>
    </p>
   </div>
   <div class='ocr_carea' id='block_1_41' title="bbox 183 2509 1769 2586">
    <p class='ocr_par' dir='ltr' id='par_1_41' title="bbox 183 2509 1769 2586">
     <span class='ocr_line' id='line_1_41' title="bbox 183 2509 1769 2586; baseline -0.005 -15"><span class='ocrx_word' id='word_1_302' title='bbox 183 2516 346 2571; x_wconf 88' lang='lat' dir='ltr'><strong>stolis</strong></span> <span class='ocrx_word' id='word_1_303' title='bbox 392 2517 653 2586; x_wconf 85' lang='lat' dir='ltr'><strong>privatam</strong></span> <span class='ocrx_word' id='word_1_304' title='bbox 704 2514 876 2584; x_wconf 86' lang='lat' dir='ltr'><strong>egisse</strong></span> <span class='ocrx_word' id='word_1_305' title='bbox 922 2513 1083 2567; x_wconf 80' lang='lat' dir='ltr'><strong>vitam</strong></span> <span class='ocrx_word' id='word_1_306' title='bbox 1125 2513 1352 2567; x_wconf 88' lang='lat' dir='ltr'><strong>videtur.</strong></span> <span class='ocrx_word' id='word_1_307' title='bbox 1398 2509 1769 2580; x_wconf 88' lang='lat' dir='ltr'><strong>Comperimus</strong></span> 
     </span>
    </p>
   </div>
   <div class='ocr_carea' id='block_1_42' title="bbox 185 2601 1769 2676">
    <p class='ocr_par' dir='ltr' id='par_1_42' title="bbox 185 2601 1769 2676">
     <span class='ocr_line' id='line_1_42' title="bbox 185 2601 1769 2676; baseline -0.004 -16"><span class='ocrx_word' id='word_1_308' title='bbox 185 2616 359 2661; x_wconf 76' lang='lat' dir='ltr'><strong>etlam</strong></span> <span class='ocrx_word' id='word_1_309' title='bbox 391 2605 739 2673; x_wconf 78' lang='lat' dir='ltr'><strong>Augustinum</strong></span> <span class='ocrx_word' id='word_1_310' title='bbox 769 2607 836 2660; x_wconf 86' lang='lat' dir='ltr'><strong>ab</strong></span> <span class='ocrx_word' id='word_1_311' title='bbox 866 2619 933 2659; x_wconf 82' lang='lat' dir='ltr'><strong>eo</strong></span> <span class='ocrx_word' id='word_1_312' title='bbox 961 2602 987 2641; x_wconf 71' lang='grc' dir='ltr'><strong><em>ἀ</em></strong></span> <span class='ocrx_word' id='word_1_313' title='bbox 1016 2605 1196 2676; x_wconf 89' lang='lat' dir='ltr'><strong>fratris</strong></span> <span class='ocrx_word' id='word_1_314' title='bbox 1223 2604 1438 2659; x_wconf 87' lang='lat' dir='ltr'><strong>nomine</strong></span> <span class='ocrx_word' id='word_1_315' title='bbox 1459 2601 1769 2671; x_wconf 85' lang='lat' dir='ltr'><strong>compellari</strong></span> 
     </span>
    </p>
   </div>
   <div class='ocr_carea' id='block_1_43' title="bbox 184 2692 1772 2766">
    <p class='ocr_par' dir='ltr' id='par_1_43' title="bbox 184 2692 1772 2766">
     <span class='ocr_line' id='line_1_43' title="bbox 184 2692 1772 2766; baseline -0.006 -16"><span class='ocrx_word' id='word_1_316' title='bbox 184 2697 238 2750; x_wconf 87' lang='lat' dir='ltr'><strong>in</strong></span> <span class='ocrx_word' id='word_1_317' title='bbox 288 2695 520 2766; x_wconf 89' lang='lat' dir='ltr'><strong>epistola</strong></span> <span class='ocrx_word' id='word_1_318' title='bbox 548 2710 706 2766; x_wconf 88' lang='lat' dir='ltr'><strong>quam</strong></span> <span class='ocrx_word' id='word_1_319' title='bbox 752 2694 1075 2749; x_wconf 88' lang='lat' dir='ltr'><strong>arbitramur</strong></span> <span class='ocrx_word' id='word_1_320' title='bbox 1113 2694 1367 2762; x_wconf 88' lang='lat' dir='ltr'><strong>scriptam</strong></span> <span class='ocrx_word' id='word_1_321' title='bbox 1397 2692 1539 2745; x_wconf 87' lang='lat' dir='ltr'><strong>circa</strong></span> <span class='ocrx_word' id='word_1_322' title='bbox 1571 2704 1772 2743; x_wconf 91' lang='lat' dir='ltr'><strong>annum</strong></span> 
     </span>
    </p>
   </div>
   <div class='ocr_carea' id='block_1_44' title="bbox 1863 1883 3433 1956">
    <p class='ocr_par' dir='ltr' id='par_1_44' title="bbox 1863 1883 3433 1956">
     <span class='ocr_line' id='line_1_44' title="bbox 1863 1883 3433 1956; baseline -0.004 -13"><span class='ocrx_word' id='word_1_323' title='bbox 1863 1893 2147 1956; x_wconf 85' lang='lat' dir='ltr'><strong>suppetant</strong></span> <span class='ocrx_word' id='word_1_324' title='bbox 2176 1885 2428 1939; x_wconf 84' lang='lat' dir='ltr'><strong>validiora</strong></span> <span class='ocrx_word' id='word_1_325' title='bbox 2461 1893 2795 1953; x_wconf 85' lang='lat' dir='ltr'><strong>argumenta,</strong></span> <span class='ocrx_word' id='word_1_326' title='bbox 2836 1886 3029 1954; x_wconf 84' lang='lat' dir='ltr'><strong>quibus</strong></span> <span class='ocrx_word' id='word_1_327' title='bbox 3053 1891 3205 1940; x_wconf 88' lang='lat' dir='ltr'><strong>certo</strong></span> <span class='ocrx_word' id='word_1_328' title='bbox 3231 1883 3433 1952; x_wconf 78' lang='lat' dir='ltr'><strong>colligi-</strong></span> 
     </span>
    </p>
   </div>
   <div class='ocr_carea' id='block_1_45' title="bbox 1864 1974 3434 2047">
    <p class='ocr_par' dir='ltr' id='par_1_45' title="bbox 1864 1974 3434 2047">
     <span class='ocr_line' id='line_1_45' title="bbox 1864 1974 3434 2047; baseline -0.003 -11"><span class='ocrx_word' id='word_1_329' title='bbox 1864 1995 1983 2037; x_wconf 86' lang='lat' dir='ltr'><strong>mus</strong></span> <span class='ocrx_word' id='word_1_330' title='bbox 2008 1987 2136 2033; x_wconf 86' lang='lat' dir='ltr'><strong>ante</strong></span> <span class='ocrx_word' id='word_1_331' title='bbox 2163 1993 2359 2031; x_wconf 89' lang='lat' dir='ltr'><strong>annum</strong></span> <span class='ocrx_word' id='word_1_332' title='bbox 2387 1976 2491 2030; x_wconf 85' lang='grc'><strong>409</strong></span> <span class='ocrx_word' id='word_1_333' title='bbox 2516 1977 2590 2032; x_wconf 92' lang='lat' dir='ltr'><strong>illi</strong></span> <span class='ocrx_word' id='word_1_334' title='bbox 2615 1993 2720 2032; x_wconf 90' lang='lat' dir='ltr'><strong>nou</strong></span> <span class='ocrx_word' id='word_1_335' title='bbox 2759 1977 3009 2032; x_wconf 85' lang='lat' dir='ltr'><strong>collatam</strong></span> <span class='ocrx_word' id='word_1_336' title='bbox 3039 1974 3202 2033; x_wconf 76' lang='lat' dir='ltr'><strong>fuisse</strong></span> <span class='ocrx_word' id='word_1_337' title='bbox 3229 1976 3434 2047; x_wconf 83' lang='lat' dir='ltr'><strong>episco-</strong></span> 
     </span>
    </p>
   </div>
   <div class='ocr_carea' id='block_1_46' title="bbox 1864 2064 3437 2139">
    <p class='ocr_par' dir='ltr' id='par_1_46' title="bbox 1864 2064 3437 2139">
     <span class='ocr_line' id='line_1_46' title="bbox 1864 2064 3437 2139; baseline -0.002 -16"><span class='ocrx_word' id='word_1_338' title='bbox 1864 2068 2041 2139; x_wconf 89' lang='lat' dir='ltr'><strong>palem</strong></span> <span class='ocrx_word' id='word_1_339' title='bbox 2067 2067 2404 2134; x_wconf 86' lang='lat' dir='ltr'><strong>dignitatem,</strong></span> <span class='ocrx_word' id='word_1_340' title='bbox 2432 2081 2594 2134; x_wconf 88' lang='lat' dir='ltr'><strong>quam</strong></span> <span class='ocrx_word' id='word_1_341' title='bbox 2624 2074 2682 2121; x_wconf 92' lang='lat' dir='ltr'><strong>ut</strong></span> <span class='ocrx_word' id='word_1_342' title='bbox 2705 2066 2759 2121; x_wconf 91' lang='lat' dir='ltr'><strong>in</strong></span> <span class='ocrx_word' id='word_1_343' title='bbox 2788 2066 2890 2121; x_wconf 87' lang='lat' dir='ltr'><strong>hac</strong></span> <span class='ocrx_word' id='word_1_344' title='bbox 2916 2081 3022 2120; x_wconf 86' lang='lat' dir='ltr'><strong>una</strong></span> <span class='ocrx_word' id='word_1_345' title='bbox 3060 2066 3291 2121; x_wconf 89' lang='lat' dir='ltr'><strong>nominis</strong></span> <span class='ocrx_word' id='word_1_346' title='bbox 3332 2064 3437 2120; x_wconf 83' lang='lat' dir='ltr'><strong>dil-</strong></span> 
     </span>
    </p>
   </div>
   <div class='ocr_carea' id='block_1_47' title="bbox 1867 2153 3438 2227">
    <p class='ocr_par' dir='ltr' id='par_1_47' title="bbox 1867 2153 3438 2227">
     <span class='ocr_line' id='line_1_47' title="bbox 1867 2153 3438 2227; baseline 0 -15"><span class='ocrx_word' id='word_1_347' title='bbox 1867 2158 2102 2214; x_wconf 85' lang='lat' dir='ltr'><strong>licultate</strong></span> <span class='ocrx_word' id='word_1_348' title='bbox 2130 2159 2446 2213; x_wconf 69' lang='lat' dir='ltr'><strong>hasreamus.</strong></span> <span class='ocrx_word' id='word_1_349' title='bbox 2477 2156 2702 2212; x_wconf 87' lang='lat' dir='ltr'><strong>Creatns</strong></span> <span class='ocrx_word' id='word_1_350' title='bbox 2728 2156 2827 2211; x_wconf 90' lang='lat' dir='ltr'><strong>l&#39;uit</strong></span> <span class='ocrx_word' id='word_1_351' title='bbox 2853 2159 2867 2207; x_wconf 80' lang='grc' dir='ltr'><strong>ι</strong></span> <span class='ocrx_word' id='word_1_352' title='bbox 2903 2153 3139 2211; x_wconf 72' lang='lat' dir='ltr'><strong>Nolanus</strong></span> <span class='ocrx_word' id='word_1_353' title='bbox 3157 2155 3438 2227; x_wconf 79' lang='lat' dir='ltr'><strong>episcopus</strong></span> 
     </span>
    </p>
   </div>
   <div class='ocr_carea' id='block_1_48' title="bbox 1867 2237 3439 2315">
    <p class='ocr_par' dir='ltr' id='par_1_48' title="bbox 1867 2237 3439 2315">
     <span class='ocr_line' id='line_1_48' title="bbox 1867 2237 3439 2315; baseline -0.003 -11"><span class='ocrx_word' id='word_1_354' title='bbox 1867 2248 2120 2304; x_wconf 85' lang='lat' dir='ltr'><strong>Paulinus</strong></span> <span class='ocrx_word' id='word_1_355' title='bbox 2154 2255 2340 2303; x_wconf 89' lang='lat' dir='ltr'><strong>noster</strong></span> <span class='ocrx_word' id='word_1_356' title='bbox 2369 2254 2427 2301; x_wconf 92' lang='lat' dir='ltr'><strong>ut</strong></span> <span class='ocrx_word' id='word_1_357' title='bbox 2455 2261 2612 2302; x_wconf 90' lang='lat' dir='ltr'><strong>nemo</strong></span> <span class='ocrx_word' id='word_1_358' title='bbox 2639 2246 2883 2311; x_wconf 86' lang='lat' dir='ltr'><strong>dubitat,</strong></span> <span class='ocrx_word' id='word_1_359' title='bbox 2913 2246 3229 2315; x_wconf 80' lang='lat' dir='ltr'><strong>videturque</strong></span> <span class='ocrx_word' id='word_1_360' title='bbox 3273 2237 3439 2301; x_wconf 78' lang='lat' dir='ltr'><strong>Paulo</strong></span> 
     </span>
    </p>
   </div>
   <div class='ocr_carea' id='block_1_49' title="bbox 1866 2334 3441 2406">
    <p class='ocr_par' dir='ltr' id='par_1_49' title="bbox 1866 2334 3441 2406">
     <span class='ocr_line' id='line_1_49' title="bbox 1866 2334 3441 2406; baseline -0.003 -11"><span class='ocrx_word' id='word_1_361' title='bbox 1866 2339 2206 2406; x_wconf 75' lang='lat' dir='ltr'><strong>successisse,</strong></span> <span class='ocrx_word' id='word_1_362' title='bbox 2236 2336 2257 2374; x_wconf 77' lang='grc' dir='ltr'><strong>ιι</strong></span> <span class='ocrx_word' id='word_1_363' title='bbox 2287 2336 2379 2405; x_wconf 89' lang='lat' dir='ltr'><strong>qui</strong></span> <span class='ocrx_word' id='word_1_364' title='bbox 2406 2336 2560 2390; x_wconf 87' lang='lat' dir='ltr'><strong>annis</strong></span> <span class='ocrx_word' id='word_1_365' title='bbox 2587 2334 2691 2390; x_wconf 70' lang='grc'><strong>402</strong></span> <span class='ocrx_word' id='word_1_366' title='bbox 2718 2344 2773 2391; x_wconf 91' lang='lat' dir='ltr'><strong>et</strong></span> <span class='ocrx_word' id='word_1_367' title='bbox 2815 2335 2920 2391; x_wconf 77' lang='grc'><strong>405</strong></span> <span class='ocrx_word' id='word_1_368' title='bbox 2961 2336 3257 2392; x_wconf 87' lang='lat' dir='ltr'><strong>certissime</strong></span> <span class='ocrx_word' id='word_1_369' title='bbox 3301 2335 3441 2391; x_wconf 84' lang='lat' dir='ltr'><strong>hanc</strong></span> 
     </span>
    </p>
   </div>
   <div class='ocr_carea' id='block_1_50' title="bbox 1867 2423 3441 2497">
    <p class='ocr_par' dir='ltr' id='par_1_50' title="bbox 1867 2423 3441 2497">
     <span class='ocr_line' id='line_1_50' title="bbox 1867 2423 3441 2497; baseline -0.003 -12"><span class='ocrx_word' id='word_1_370' title='bbox 1867 2428 2159 2485; x_wconf 87' lang='lat' dir='ltr'><strong>Ecclesiam</strong></span> <span class='ocrx_word' id='word_1_371' title='bbox 2193 2426 2443 2497; x_wconf 81' lang='lat' dir='ltr'><strong>regebat;</strong></span> <span class='ocrx_word' id='word_1_372' title='bbox 2494 2440 2612 2496; x_wconf 70' lang='lat' dir='ltr'><strong>qum</strong></span> <span class='ocrx_word' id='word_1_373' title='bbox 2653 2440 2759 2480; x_wconf 90' lang='lat' dir='ltr'><strong>non</strong></span> <span class='ocrx_word' id='word_1_374' title='bbox 2788 2424 2997 2481; x_wconf 91' lang='lat' dir='ltr'><strong>videtur</strong></span> <span class='ocrx_word' id='word_1_375' title='bbox 3041 2424 3242 2494; x_wconf 84' lang='lat' dir='ltr'><strong>ingenti</strong></span> <span class='ocrx_word' id='word_1_376' title='bbox 3285 2423 3441 2495; x_wconf 83' lang='lat' dir='ltr'><strong>plebe</strong></span> 
     </span>
    </p>
   </div>
   <div class='ocr_carea' id='block_1_51' title="bbox 1866 2514 3443 2589">
    <p class='ocr_par' dir='ltr' id='par_1_51' title="bbox 1866 2514 3443 2589">
     <span class='ocr_line' id='line_1_51' title="bbox 1866 2514 3443 2589; baseline -0.006 -14"><span class='ocrx_word' id='word_1_377' title='bbox 1866 2521 2030 2577; x_wconf 79' lang='lat' dir='ltr'><strong>fuisse</strong></span> <span class='ocrx_word' id='word_1_378' title='bbox 2065 2534 2375 2589; x_wconf 83' lang='lat' dir='ltr'><strong>numerosa,</strong></span> <span class='ocrx_word' id='word_1_379' title='bbox 2403 2515 2836 2587; x_wconf 87' lang='lat' dir='ltr'><strong>quandoquidem</strong></span> <span class='ocrx_word' id='word_1_380' title='bbox 2865 2514 3121 2571; x_wconf 80' lang='lat' dir='ltr'><strong>Paulinus</strong></span> <span class='ocrx_word' id='word_1_381' title='bbox 3147 2515 3164 2553; x_wconf 78' lang='grc' dir='ltr'>ι</span> <span class='ocrx_word' id='word_1_382' title='bbox 3198 2528 3259 2570; x_wconf 86' lang='lat' dir='ltr'><strong>se</strong></span> <span class='ocrx_word' id='word_1_383' title='bbox 3282 2519 3443 2570; x_wconf 74' lang='lat' dir='ltr'><strong>vocat</strong></span> 
     </span>
    </p>
   </div>
   <div class='ocr_carea' id='block_1_52' title="bbox 1868 2610 2525 2680">
    <p class='ocr_par' dir='ltr' id='par_1_52' title="bbox 1868 2610 2525 2680">
     <span class='ocr_line' id='line_1_52' title="bbox 1868 2610 2525 2680; baseline -0.006 -16"><span class='ocrx_word' id='word_1_384' title='bbox 1868 2610 2039 2680; x_wconf 74' lang='lat' dir='ltr'><strong>exigui</strong></span> <span class='ocrx_word' id='word_1_385' title='bbox 2057 2610 2225 2679; x_wconf 80' lang='lat' dir='ltr'><strong>gregis</strong></span> <span class='ocrx_word' id='word_1_386' title='bbox 2252 2618 2525 2677; x_wconf 83' lang='lat' dir='ltr'><strong>pastorem.</strong></span> 
     </span>
    </p>
   </div>
   <div class='ocr_carea' id='block_1_53' title="bbox 1940 2695 3446 2769">
    <p class='ocr_par' dir='ltr' id='par_1_53' title="bbox 1940 2695 3446 2769">
     <span class='ocr_line' id='line_1_53' title="bbox 1940 2695 3446 2769; baseline -0.001 -16"><span class='ocrx_word' id='word_1_387' title='bbox 1940 2699 1996 2753; x_wconf 74' lang='lat'><strong>2.</strong></span> <span class='ocrx_word' id='word_1_388' title='bbox 2029 2698 2149 2753; x_wconf 74' lang='lat' dir='ltr'><strong>tam</strong></span> <span class='ocrx_word' id='word_1_389' title='bbox 2178 2713 2308 2754; x_wconf 90' lang='lat' dir='ltr'><strong>vero</strong></span> <span class='ocrx_word' id='word_1_390' title='bbox 2326 2714 2432 2769; x_wconf 88' lang='lat' dir='ltr'><strong>qua</strong></span> <span class='ocrx_word' id='word_1_391' title='bbox 2460 2698 2673 2753; x_wconf 85' lang='lat' dir='ltr'><strong>ratione</strong></span> <span class='ocrx_word' id='word_1_392' title='bbox 2718 2697 2772 2752; x_wconf 91' lang='lat' dir='ltr'><strong>in</strong></span> <span class='ocrx_word' id='word_1_393' title='bbox 2800 2695 3091 2766; x_wconf 85' lang='lat' dir='ltr'><strong>episcopali</strong></span> <span class='ocrx_word' id='word_1_394' title='bbox 3118 2710 3342 2752; x_wconf 86' lang='lat' dir='ltr'><strong>munere</strong></span> <span class='ocrx_word' id='word_1_395' title='bbox 3386 2711 3446 2752; x_wconf 81' lang='lat' dir='ltr'><strong>se</strong></span> 
     </span>
    </p>
   </div>
   <div class='ocr_carea' id='block_1_54' title="bbox 183 2777 1766 2856">
    <p class='ocr_par' dir='ltr' id='par_1_54' title="bbox 183 2777 1766 2854">
     <span class='ocr_line' id='line_1_54' title="bbox 183 2777 1766 2854; baseline -0.004 -16"><span class='ocrx_word' id='word_1_396' title='bbox 183 2785 315 2840; x_wconf 90' lang='grc'><strong>410.</strong></span> <span class='ocrx_word' id='word_1_397' title='bbox 348 2784 671 2854; x_wconf 77' lang='lat' dir='ltr'><strong>Augustinus</strong></span> <span class='ocrx_word' id='word_1_398' title='bbox 700 2794 722 2822; x_wconf 72' lang='grc' dir='ltr'><strong>ο</strong></span> <span class='ocrx_word' id='word_1_399' title='bbox 746 2786 800 2839; x_wconf 92' lang='lat' dir='ltr'><strong>in</strong></span> <span class='ocrx_word' id='word_1_400' title='bbox 829 2784 1071 2854; x_wconf 89' lang='lat' dir='ltr'><strong>epistolis</strong></span> <span class='ocrx_word' id='word_1_401' title='bbox 1099 2783 1209 2836; x_wconf 89' lang='lat' dir='ltr'><strong>suis</strong></span> <span class='ocrx_word' id='word_1_402' title='bbox 1234 2781 1298 2834; x_wconf 91' lang='lat' dir='ltr'><strong>ad</strong></span> <span class='ocrx_word' id='word_1_403' title='bbox 1329 2780 1608 2833; x_wconf 89' lang='lat' dir='ltr'><strong>Paulinum</strong></span> <span class='ocrx_word' id='word_1_404' title='bbox 1630 2777 1766 2831; x_wconf 86' lang='lat' dir='ltr'><strong>circa</strong></span> 
     </span>
    </p>
   </div>
   <div class='ocr_carea' id='block_1_55' title="bbox 1868 2777 3447 2856">
    <p class='ocr_par' dir='ltr' id='par_1_55' title="bbox 1872 2785 3447 2856">
     <span class='ocr_line' id='line_1_55' title="bbox 1872 2785 3447 2856; baseline -0.001 -14"><span class='ocrx_word' id='word_1_405' title='bbox 1872 2789 2099 2856; x_wconf 87' lang='lat' dir='ltr'><strong>gesserit</strong></span> <span class='ocrx_word' id='word_1_406' title='bbox 2123 2788 2391 2844; x_wconf 85' lang='lat' dir='ltr'><strong>discamus</strong></span> <span class='ocrx_word' id='word_1_407' title='bbox 2416 2789 2484 2843; x_wconf 83' lang='lat' dir='ltr'><strong>ab</strong></span> <span class='ocrx_word' id='word_1_408' title='bbox 2506 2788 2720 2844; x_wconf 90' lang='lat' dir='ltr'><strong>oculato</strong></span> <span class='ocrx_word' id='word_1_409' title='bbox 2749 2794 2886 2843; x_wconf 88' lang='lat' dir='ltr'><strong>teste</strong></span> <span class='ocrx_word' id='word_1_410' title='bbox 2912 2796 2952 2824; x_wconf 76' lang='grc' dir='ltr'><strong>ιιι</strong></span> <span class='ocrx_word' id='word_1_411' title='bbox 2980 2793 2998 2840; x_wconf 68' lang='grc' dir='ltr'>ξ</span> <span class='ocrx_word' id='word_1_412' title='bbox 3030 2785 3157 2842; x_wconf 83' lang='lat' dir='ltr'><strong>Cum</strong></span> <span class='ocrx_word' id='word_1_413' title='bbox 3184 2796 3354 2842; x_wconf 75' lang='lat' dir='ltr'><strong>autem</strong></span> <span class='ocrx_word' id='word_1_414' title='bbox 3376 2786 3447 2841; x_wconf 86' lang='lat' dir='ltr'><strong>ad</strong></span> 
     </span>
    </p>
   </div>
   <div class='ocr_carea' id='block_1_56' title="bbox 181 2862 1766 2949">
    <p class='ocr_par' dir='ltr' id='par_1_56' title="bbox 181 2866 1766 2942">
     <span class='ocr_line' id='line_1_56' title="bbox 181 2866 1766 2942; baseline -0.006 -14"><span class='ocrx_word' id='word_1_415' title='bbox 181 2889 399 2930; x_wconf 88' lang='lat' dir='ltr'><strong>annum</strong></span> <span class='ocrx_word' id='word_1_416' title='bbox 430 2874 535 2929; x_wconf 77' lang='grc'><strong>415</strong></span> <span class='ocrx_word' id='word_1_417' title='bbox 577 2875 716 2930; x_wconf 88' lang='lat' dir='ltr'><strong>datis</strong></span> <span class='ocrx_word' id='word_1_418' title='bbox 741 2880 796 2928; x_wconf 92' lang='lat' dir='ltr'><strong>et</strong></span> <span class='ocrx_word' id='word_1_419' title='bbox 834 2874 890 2927; x_wconf 90' lang='lat' dir='ltr'><strong>in</strong></span> <span class='ocrx_word' id='word_1_420' title='bbox 930 2871 1317 2942; x_wconf 88' lang='lat' dir='ltr'><strong>posterioribus</strong></span> <span class='ocrx_word' id='word_1_421' title='bbox 1364 2868 1482 2921; x_wconf 87' lang='lat' dir='ltr'><strong>aliis</strong></span> <span class='ocrx_word' id='word_1_422' title='bbox 1526 2866 1766 2936; x_wconf 79' lang='lat' dir='ltr'><strong>operibus</strong></span> 
     </span>
    </p>
   </div>
   <div class='ocr_carea' id='block_1_57' title="bbox 1868 2862 3449 2949">
    <p class='ocr_par' dir='ltr' id='par_1_57' title="bbox 1875 2862 3449 2949">
     <span class='ocr_line' id='line_1_57' title="bbox 1875 2862 3449 2949; baseline 0 -18"><span class='ocrx_word' id='word_1_423' title='bbox 1875 2894 2123 2933; x_wconf 78' lang='lat' dir='ltr'><strong>summum</strong></span> <span class='ocrx_word' id='word_1_424' title='bbox 2170 2878 2443 2933; x_wconf 77' lang='lat' dir='ltr'><strong>sacerdotii</strong></span> <span class='ocrx_word' id='word_1_425' title='bbox 2488 2877 2706 2949; x_wconf 80' lang='lat' dir='ltr'><strong>gradum</strong></span> <span class='ocrx_word' id='word_1_426' title='bbox 2745 2862 3010 2948; x_wconf 72' lang='lat' dir='ltr'><strong>provectus</strong></span> <span class='ocrx_word' id='word_1_427' title='bbox 3043 2886 3146 2942; x_wconf 86' lang='lat' dir='ltr'><strong>est,</strong></span> <span class='ocrx_word' id='word_1_428' title='bbox 3184 2877 3349 2935; x_wconf 78' lang='lat' dir='ltr'><strong>noluit</strong></span> <span class='ocrx_word' id='word_1_429' title='bbox 3393 2888 3449 2931; x_wconf 76' lang='lat' dir='ltr'><strong>se</strong></span> 
     </span>
    </p>
   </div>
   <div class='ocr_carea' id='block_1_58' title="bbox 179 2956 3446 3039">
    <p class='ocr_par' dir='ltr' id='par_1_58' title="bbox 179 2956 3446 3039">
     <span class='ocr_line' id='line_1_58' title="bbox 179 2956 3446 3039; baseline -0.005 -4"><span class='ocrx_word' id='word_1_430' title='bbox 179 2982 321 3020; x_wconf 70' lang='lat' dir='ltr'><strong>cum</strong></span> <span class='ocrx_word' id='word_1_431' title='bbox 350 2981 563 3034; x_wconf 64' lang='lat' dir='ltr'><strong>semper</strong></span> <span class='ocrx_word' id='word_1_432' title='bbox 588 2973 744 3018; x_wconf 68' lang='grc' dir='ltr'><strong>νοοθῑ</strong></span> <span class='ocrx_word' id='word_1_433' title='bbox 784 2968 1097 3033; x_wconf 71' lang='grc' dir='ltr'><strong>ερὶιεοριιηιν</strong></span> <span class='ocrx_word' id='word_1_434' title='bbox 1147 2960 1287 3013; x_wconf 61' lang='lat' dir='ltr'><strong>&quot;una</strong></span> <span class='ocrx_word' id='word_1_435' title='bbox 1336 2959 1406 3013; x_wconf 72' lang='lat' dir='ltr'><strong>dc</strong></span> <span class='ocrx_word' id='word_1_436' title='bbox 1451 2956 1566 3025; x_wconf 70' lang='lat' dir='ltr'><strong>eius</strong></span> <span class='ocrx_word' id='word_1_437' title='bbox 1609 2970 1776 3010; x_wconf 68' lang='lat' dir='ltr'><strong>&quot;mre</strong></span> <span class='ocrx_word' id='word_1_438' title='bbox 1878 2969 2030 3025; x_wconf 85' lang='lat' dir='ltr'><strong>talem</strong></span> <span class='ocrx_word' id='word_1_439' title='bbox 2052 2968 2294 3023; x_wconf 66' lang='lat' dir='ltr'><strong>exhibere</strong></span> <span class='ocrx_word' id='word_1_440' title='bbox 2311 2969 2604 3039; x_wconf 80' lang='lat' dir='ltr'><strong>episcopum</strong></span> <span class='ocrx_word' id='word_1_441' title='bbox 2640 2970 2726 3037; x_wconf 83' lang='lat' dir='ltr'><strong>qui</strong></span> <span class='ocrx_word' id='word_1_442' title='bbox 2756 2968 2821 3022; x_wconf 91' lang='lat' dir='ltr'><strong>ab</strong></span> <span class='ocrx_word' id='word_1_443' title='bbox 2850 2969 3021 3038; x_wconf 82' lang='lat' dir='ltr'><strong>aliqua</strong></span> <span class='ocrx_word' id='word_1_444' title='bbox 3053 2968 3337 3034; x_wconf 81' lang='lat' dir='ltr'><strong>timeretur,</strong></span> <span class='ocrx_word' id='word_1_445' title='bbox 3356 2968 3446 3020; x_wconf 87' lang='lat' dir='ltr'><strong>sed</strong></span> 
     </span>
    </p>
   </div>
   <div class='ocr_carea' id='block_1_59' title="bbox 180 3042 1766 3130">
    <p class='ocr_par' dir='ltr' id='par_1_59' title="bbox 180 3046 1766 3120">
     <span class='ocr_line' id='line_1_59' title="bbox 180 3046 1766 3120; baseline -0.007 -11"><span class='ocrx_word' id='word_1_446' title='bbox 180 3054 479 3115; x_wconf 87' lang='lat' dir='ltr'><strong>mentione</strong></span> <span class='ocrx_word' id='word_1_447' title='bbox 506 3052 663 3117; x_wconf 78' lang='lat' dir='ltr'><strong>facta,</strong></span> <span class='ocrx_word' id='word_1_448' title='bbox 692 3054 829 3107; x_wconf 90' lang='lat' dir='ltr'><strong>unde</strong></span> <span class='ocrx_word' id='word_1_449' title='bbox 858 3068 974 3107; x_wconf 88' lang='lat' dir='ltr'><strong>eam</strong></span> <span class='ocrx_word' id='word_1_450' title='bbox 1018 3051 1131 3120; x_wconf 89' lang='lat' dir='ltr'><strong>jam</strong></span> <span class='ocrx_word' id='word_1_451' title='bbox 1162 3050 1267 3103; x_wconf 83' lang='lat' dir='ltr'><strong>vita</strong></span> <span class='ocrx_word' id='word_1_452' title='bbox 1298 3048 1532 3102; x_wconf 82' lang='lat' dir='ltr'><strong>functam</strong></span> <span class='ocrx_word' id='word_1_453' title='bbox 1558 3046 1766 3100; x_wconf 83' lang='lat' dir='ltr'><strong>omnino</strong></span> 
     </span>
    </p>
   </div>
   <div class='ocr_carea' id='block_1_60' title="bbox 1868 3042 3458 3130">
    <p class='ocr_par' dir='ltr' id='par_1_60' title="bbox 1878 3052 3458 3130">
     <span class='ocr_line' id='line_1_60' title="bbox 1878 3052 3458 3130; baseline -0.001 -18"><span class='ocrx_word' id='word_1_454' title='bbox 1878 3059 2031 3113; x_wconf 84' lang='lat' dir='ltr'><strong>talem</strong></span> <span class='ocrx_word' id='word_1_455' title='bbox 2055 3075 2111 3113; x_wconf 90' lang='lat' dir='ltr'><strong>se</strong></span> <span class='ocrx_word' id='word_1_456' title='bbox 2130 3058 2351 3112; x_wconf 78' lang='lat' dir='ltr'><strong>reddidit</strong></span> <span class='ocrx_word' id='word_1_457' title='bbox 2377 3052 2694 3112; x_wconf 68' lang='lat' dir='ltr'><strong>sacierdoteiis</strong></span> <span class='ocrx_word' id='word_1_458' title='bbox 2720 3059 2806 3130; x_wconf 75' lang='lat' dir='ltr'><strong>qui</strong></span> <span class='ocrx_word' id='word_1_459' title='bbox 2825 3057 2889 3111; x_wconf 87' lang='lat' dir='ltr'><strong>ab</strong></span> <span class='ocrx_word' id='word_1_460' title='bbox 2909 3056 3142 3113; x_wconf 77' lang='lat' dir='ltr'><strong>omnibus</strong></span> <span class='ocrx_word' id='word_1_461' title='bbox 3163 3067 3458 3130; x_wconf 33' lang='lat' dir='ltr'><strong>amareturu</strong></span> 
     </span>
    </p>
   </div>
   <div class='ocr_carea' id='block_1_61' title="bbox 179 3138 3451 3220">
    <p class='ocr_par' dir='ltr' id='par_1_61' title="bbox 179 3138 3451 3220">
     <span class='ocr_line' id='line_1_61' title="bbox 179 3138 3451 3220; baseline -0.001 -20"><span class='ocrx_word' id='word_1_462' title='bbox 179 3145 482 3217; x_wconf 78' lang='lat' dir='ltr'><strong>probabile</strong></span> <span class='ocrx_word' id='word_1_463' title='bbox 502 3154 602 3199; x_wconf 89' lang='lat' dir='ltr'><strong>est.</strong></span> <span class='ocrx_word' id='word_1_464' title='bbox 634 3143 919 3200; x_wconf 86' lang='lat' dir='ltr'><strong>Contendit</strong></span> <span class='ocrx_word' id='word_1_465' title='bbox 948 3141 1285 3197; x_wconf 66' lang='lat' dir='ltr'><strong>fChillletius</strong></span> <span class='ocrx_word' id='word_1_466' title='bbox 1310 3139 1586 3193; x_wconf 88' lang='lat' dir='ltr'><strong>Paulinum</strong></span> <span class='ocrx_word' id='word_1_467' title='bbox 1617 3138 1779 3193; x_wconf 78' lang='lat' dir='ltr'><strong>fuisse</strong></span> <span class='ocrx_word' id='word_1_468' title='bbox 1804 3156 1848 3219; x_wconf 70' lang='grc' dir='ltr'><em>ς</em></span> <span class='ocrx_word' id='word_1_469' title='bbox 1881 3147 2175 3220; x_wconf 61' lang='lat' dir='ltr'><strong>Numquam</strong></span> <span class='ocrx_word' id='word_1_470' title='bbox 2199 3151 2274 3204; x_wconf 59' lang='lat' dir='ltr'><strong>sic</strong></span> <span class='ocrx_word' id='word_1_471' title='bbox 2302 3151 2464 3203; x_wconf 64' lang='lat' dir='ltr'><strong>iratus</strong></span> <span class='ocrx_word' id='word_1_472' title='bbox 2505 3159 2603 3217; x_wconf 63' lang='lat' dir='ltr'><strong>est,</strong></span> <span class='ocrx_word' id='word_1_473' title='bbox 2642 3158 2697 3203; x_wconf 72' lang='lat' dir='ltr'><strong>ut</strong></span> <span class='ocrx_word' id='word_1_474' title='bbox 2734 3167 2838 3205; x_wconf 69' lang='lat' dir='ltr'><strong>non</strong></span> <span class='ocrx_word' id='word_1_475' title='bbox 2880 3152 2936 3205; x_wconf 69' lang='lat' dir='ltr'><strong>in</strong></span> <span class='ocrx_word' id='word_1_476' title='bbox 2974 3151 3055 3204; x_wconf 70' lang='lat' dir='ltr'><strong>ira</strong></span> <span class='ocrx_word' id='word_1_477' title='bbox 3081 3149 3451 3205; x_wconf 63' lang='lat' dir='ltr'><strong>misericordia</strong></span> 
     </span>
    </p>
   </div>
   <div class='ocr_carea' id='block_1_62' title="bbox 184 3232 1776 3309">
    <p class='ocr_par' dir='ltr' id='par_1_62' title="bbox 184 3232 1776 3309">
     <span class='ocr_line' id='line_1_62' title="bbox 184 3232 1776 3309; baseline -0.004 -17"><span class='ocrx_word' id='word_1_478' title='bbox 184 3238 511 3309; x_wconf 89' lang='lat' dir='ltr'><strong>episcopum</strong></span> <span class='ocrx_word' id='word_1_479' title='bbox 560 3237 628 3291; x_wconf 90' lang='lat' dir='ltr'><strong>ab</strong></span> <span class='ocrx_word' id='word_1_480' title='bbox 676 3236 829 3291; x_wconf 90' lang='lat' dir='ltr'><strong>initio</strong></span> <span class='ocrx_word' id='word_1_481' title='bbox 859 3236 983 3289; x_wconf 91' lang='lat' dir='ltr'><strong>anni</strong></span> <span class='ocrx_word' id='word_1_482' title='bbox 1025 3233 1147 3297; x_wconf 79' lang='grc'><strong>597,</strong></span> <span class='ocrx_word' id='word_1_483' title='bbox 1189 3233 1282 3288; x_wconf 90' lang='lat' dir='ltr'><strong>sed</strong></span> <span class='ocrx_word' id='word_1_484' title='bbox 1321 3233 1437 3301; x_wconf 89' lang='lat' dir='ltr'><strong>ejus</strong></span> <span class='ocrx_word' id='word_1_485' title='bbox 1483 3232 1776 3285; x_wconf 83' lang='lat' dir='ltr'><strong>rationibus</strong></span> 
     </span>
    </p>
   </div>
   <div class='ocr_carea' id='block_1_63' title="bbox 186 3325 1776 3395">
    <p class='ocr_par' dir='ltr' id='par_1_63' title="bbox 186 3325 1776 3395">
     <span class='ocr_line' id='line_1_63' title="bbox 186 3325 1776 3395; baseline -0.006 -10"><span class='ocrx_word' id='word_1_486' title='bbox 186 3328 525 3385; x_wconf 86' lang='lat' dir='ltr'><strong>satislecisse</strong></span> <span class='ocrx_word' id='word_1_487' title='bbox 571 3328 857 3383; x_wconf 88' lang='lat' dir='ltr'><strong>credimus.</strong></span> <span class='ocrx_word' id='word_1_488' title='bbox 912 3325 1185 3382; x_wconf 88' lang='lat' dir='ltr'><strong>Potuisset</strong></span> <span class='ocrx_word' id='word_1_489' title='bbox 1230 3325 1442 3395; x_wconf 85' lang='lat' dir='ltr'><strong>quidem</strong></span> <span class='ocrx_word' id='word_1_490' title='bbox 1484 3333 1537 3379; x_wconf 88' lang='lat' dir='ltr'><strong>et</strong></span> <span class='ocrx_word' id='word_1_491' title='bbox 1584 3325 1776 3377; x_wconf 91' lang='lat' dir='ltr'><strong>merito</strong></span> 
     </span>
    </p>
   </div>
   <div class='ocr_carea' id='block_1_64' title="bbox 189 3413 1777 3487">
    <p class='ocr_par' dir='ltr' id='par_1_64' title="bbox 189 3413 1777 3487">
     <span class='ocr_line' id='line_1_64' title="bbox 189 3413 1777 3487; baseline -0.004 -14"><span class='ocrx_word' id='word_1_492' title='bbox 189 3419 327 3474; x_wconf 88' lang='lat' dir='ltr'><strong>duas</strong></span> <span class='ocrx_word' id='word_1_493' title='bbox 350 3416 420 3471; x_wconf 87' lang='lat' dir='ltr'><strong>ad</strong></span> <span class='ocrx_word' id='word_1_494' title='bbox 446 3417 751 3473; x_wconf 78' lang='lat' dir='ltr'><strong>Victricium</strong></span> <span class='ocrx_word' id='word_1_495' title='bbox 780 3417 1033 3487; x_wconf 84' lang='lat' dir='ltr'><strong>epistolas</strong></span> <span class='ocrx_word' id='word_1_496' title='bbox 1061 3417 1320 3486; x_wconf 87' lang='lat' dir='ltr'><strong>objicere,</strong></span> <span class='ocrx_word' id='word_1_497' title='bbox 1350 3432 1484 3485; x_wconf 89' lang='lat' dir='ltr'><strong>quas</strong></span> <span class='ocrx_word' id='word_1_498' title='bbox 1510 3432 1650 3469; x_wconf 90' lang='lat' dir='ltr'><strong>anno</strong></span> <span class='ocrx_word' id='word_1_499' title='bbox 1674 3413 1777 3469; x_wconf 82' lang='grc'><strong>599</strong></span> 
     </span>
    </p>
   </div>
   <div class='ocr_carea' id='block_1_65' title="bbox 192 3508 1776 3580">
    <p class='ocr_par' dir='ltr' id='par_1_65' title="bbox 192 3508 1776 3580">
     <span class='ocr_line' id='line_1_65' title="bbox 192 3508 1776 3580; baseline -0.003 -15"><span class='ocrx_word' id='word_1_500' title='bbox 192 3519 247 3565; x_wconf 91' lang='lat' dir='ltr'><strong>et</strong></span> <span class='ocrx_word' id='word_1_501' title='bbox 274 3509 389 3564; x_wconf 76' lang='grc'><strong>404</strong></span> <span class='ocrx_word' id='word_1_502' title='bbox 432 3510 728 3580; x_wconf 87' lang='lat' dir='ltr'><strong>posuimus,</strong></span> <span class='ocrx_word' id='word_1_503' title='bbox 776 3509 1037 3578; x_wconf 89' lang='lat' dir='ltr'><strong>siquidem</strong></span> <span class='ocrx_word' id='word_1_504' title='bbox 1068 3508 1350 3564; x_wconf 82' lang='lat' dir='ltr'><strong>Victricins</strong></span> <span class='ocrx_word' id='word_1_505' title='bbox 1380 3509 1664 3578; x_wconf 85' lang='lat' dir='ltr'><strong>episcopus</strong></span> <span class='ocrx_word' id='word_1_506' title='bbox 1710 3508 1776 3561; x_wconf 85' lang='lat' dir='ltr'><strong>ab</strong></span> 
     </span>
    </p>
   </div>
   <div class='ocr_carea' id='block_1_66' title="bbox 194 3588 1776 3670">
    <p class='ocr_par' dir='ltr' id='par_1_66' title="bbox 194 3588 1776 3670">
     <span class='ocr_line' id='line_1_66' title="bbox 194 3588 1776 3670; baseline -0.001 -17"><span class='ocrx_word' id='word_1_507' title='bbox 194 3615 262 3653; x_wconf 89' lang='lat' dir='ltr'><strong>eo</strong></span> <span class='ocrx_word' id='word_1_508' title='bbox 291 3609 315 3646; x_wconf 76' lang='grc' dir='ltr'>ε</span> <span class='ocrx_word' id='word_1_509' title='bbox 344 3601 511 3670; x_wconf 88' lang='lat' dir='ltr'><strong>frater</strong></span> <span class='ocrx_word' id='word_1_510' title='bbox 533 3607 754 3652; x_wconf 84' lang='lat' dir='ltr'><strong>vocatur</strong></span> <span class='ocrx_word' id='word_1_511' title='bbox 782 3598 835 3653; x_wconf 92' lang='lat' dir='ltr'><strong>in</strong></span> <span class='ocrx_word' id='word_1_512' title='bbox 864 3599 1132 3668; x_wconf 88' lang='lat' dir='ltr'><strong>trigesima</strong></span> <span class='ocrx_word' id='word_1_513' title='bbox 1157 3588 1382 3668; x_wconf 65' lang='lat' dir='ltr'><strong>septima</strong></span> <span class='ocrx_word' id='word_1_514' title='bbox 1405 3600 1628 3670; x_wconf 87' lang='lat' dir='ltr'><strong>cpistola</strong></span> <span class='ocrx_word' id='word_1_515' title='bbox 1652 3599 1776 3653; x_wconf 77' lang='lat' dir='ltr'><strong>anni</strong></span> 
     </span>
    </p>
   </div>
   <div class='ocr_carea' id='block_1_67' title="bbox 197 3688 1777 3762">
    <p class='ocr_par' dir='ltr' id='par_1_67' title="bbox 197 3688 1777 3762">
     <span class='ocr_line' id='line_1_67' title="bbox 197 3688 1777 3762; baseline 0.002 -17"><span class='ocrx_word' id='word_1_516' title='bbox 197 3688 301 3745; x_wconf 83' lang='grc'><strong>404</strong></span> <span class='ocrx_word' id='word_1_517' title='bbox 327 3707 399 3745; x_wconf 80' lang='lat' dir='ltr'><strong>ex</strong></span> <span class='ocrx_word' id='word_1_518' title='bbox 427 3690 584 3745; x_wconf 89' lang='lat' dir='ltr'><strong>editis</strong></span> <span class='ocrx_word' id='word_1_519' title='bbox 602 3696 657 3744; x_wconf 88' lang='lat' dir='ltr'><strong>et</strong></span> <span class='ocrx_word' id='word_1_520' title='bbox 698 3706 824 3746; x_wconf 87' lang='lat' dir='ltr'><strong>mss.</strong></span> <span class='ocrx_word' id='word_1_521' title='bbox 857 3691 1151 3759; x_wconf 91' lang='lat' dir='ltr'><strong>codicibus,</strong></span> <span class='ocrx_word' id='word_1_522' title='bbox 1183 3708 1246 3746; x_wconf 91' lang='lat' dir='ltr'><strong>ac</strong></span> <span class='ocrx_word' id='word_1_523' title='bbox 1283 3692 1443 3751; x_wconf 88' lang='lat' dir='ltr'><strong>etiam</strong></span> <span class='ocrx_word' id='word_1_524' title='bbox 1472 3693 1524 3747; x_wconf 90' lang='lat' dir='ltr'><strong>in</strong></span> <span class='ocrx_word' id='word_1_525' title='bbox 1553 3693 1777 3762; x_wconf 86' lang='lat' dir='ltr'><strong>epistola</strong></span> 
     </span>
    </p>
   </div>
   <div class='ocr_carea' id='block_1_68' title="bbox 198 3779 1777 3855">
    <p class='ocr_par' dir='ltr' id='par_1_68' title="bbox 198 3779 1777 3855">
     <span class='ocr_line' id='line_1_68' title="bbox 198 3779 1777 3855; baseline 0.005 -22"><span class='ocrx_word' id='word_1_526' title='bbox 198 3780 410 3855; x_wconf 80' lang='lat' dir='ltr'><strong>decima</strong></span> <span class='ocrx_word' id='word_1_527' title='bbox 440 3789 632 3834; x_wconf 86' lang='lat' dir='ltr'><strong>octava</strong></span> <span class='ocrx_word' id='word_1_528' title='bbox 673 3781 796 3834; x_wconf 85' lang='lat' dir='ltr'><strong>anni</strong></span> <span class='ocrx_word' id='word_1_529' title='bbox 846 3779 948 3835; x_wconf 76' lang='lat'><strong>599</strong></span> <span class='ocrx_word' id='word_1_530' title='bbox 986 3798 1052 3836; x_wconf 81' lang='lat' dir='ltr'><strong>ex</strong></span> <span class='ocrx_word' id='word_1_531' title='bbox 1084 3798 1183 3838; x_wconf 91' lang='lat' dir='ltr'><strong>ms.</strong></span> <span class='ocrx_word' id='word_1_532' title='bbox 1218 3782 1507 3839; x_wconf 84' lang='lat' dir='ltr'><strong>Viennensi</strong></span> <span class='ocrx_word' id='word_1_533' title='bbox 1555 3785 1739 3841; x_wconf 82' lang='lat' dir='ltr'><strong>codice</strong></span> <span class='ocrx_word' id='word_1_534' title='bbox 1762 3827 1777 3851; x_wconf 89' lang='lat'><strong>,</strong></span> 
     </span>
    </p>
   </div>
   <div class='ocr_carea' id='block_1_69' title="bbox 200 3871 1779 3945">
    <p class='ocr_par' dir='ltr' id='par_1_69' title="bbox 200 3871 1779 3945">
     <span class='ocr_line' id='line_1_69' title="bbox 200 3871 1779 3945; baseline 0.003 -20"><span class='ocrx_word' id='word_1_535' title='bbox 200 3886 320 3925; x_wconf 84' lang='lat' dir='ltr'><strong>cum</strong></span> <span class='ocrx_word' id='word_1_536' title='bbox 351 3871 494 3933; x_wconf 90' lang='lat' dir='ltr'><strong>aliis,</strong></span> <span class='ocrx_word' id='word_1_537' title='bbox 524 3873 689 3940; x_wconf 78' lang='lat' dir='ltr'><strong>patris</strong></span> <span class='ocrx_word' id='word_1_538' title='bbox 711 3886 902 3926; x_wconf 90' lang='lat' dir='ltr'><strong>nomen</strong></span> <span class='ocrx_word' id='word_1_539' title='bbox 933 3872 1183 3926; x_wconf 86' lang='lat' dir='ltr'><strong>habeant.</strong></span> <span class='ocrx_word' id='word_1_540' title='bbox 1213 3872 1317 3928; x_wconf 89' lang='lat' dir='ltr'><strong>Sed</strong></span> <span class='ocrx_word' id='word_1_541' title='bbox 1344 3874 1449 3929; x_wconf 91' lang='lat' dir='ltr'><strong>hoc</strong></span> <span class='ocrx_word' id='word_1_542' title='bbox 1467 3876 1578 3945; x_wconf 76' lang='lat'><strong>88</strong></span> <span class='ocrx_word' id='word_1_543' title='bbox 1615 3888 1779 3943; x_wconf 87' lang='lat' dir='ltr'><strong>argu-</strong></span> 
     </span>
    </p>
   </div>
   <div class='ocr_carea' id='block_1_70' title="bbox 202 3961 1781 4033">
    <p class='ocr_par' dir='ltr' id='par_1_70' title="bbox 202 3961 1781 4033">
     <span class='ocr_line' id='line_1_70' title="bbox 202 3961 1781 4033; baseline 0.004 -19"><span class='ocrx_word' id='word_1_544' title='bbox 202 3971 444 4017; x_wconf 87' lang='lat' dir='ltr'><strong>mentum</strong></span> <span class='ocrx_word' id='word_1_545' title='bbox 476 3977 581 4017; x_wconf 83' lang='lat' dir='ltr'><strong>nou</strong></span> <span class='ocrx_word' id='word_1_546' title='bbox 613 3961 822 4017; x_wconf 87' lang='lat' dir='ltr'><strong>videtur</strong></span> <span class='ocrx_word' id='word_1_547' title='bbox 845 3965 1021 4031; x_wconf 88' lang='lat' dir='ltr'><strong>magni</strong></span> <span class='ocrx_word' id='word_1_548' title='bbox 1044 3965 1315 4033; x_wconf 88' lang='lat' dir='ltr'><strong>ponderis,</strong></span> <span class='ocrx_word' id='word_1_549' title='bbox 1336 3982 1459 4021; x_wconf 90' lang='lat' dir='ltr'><strong>cum</strong></span> <span class='ocrx_word' id='word_1_550' title='bbox 1490 3982 1781 4021; x_wconf 87' lang='lat' dir='ltr'><strong>amanuen-</strong></span> 
     </span>
    </p>
   </div>
   <div class='ocr_carea' id='block_1_71' title="bbox 1878 3242 3450 3312">
    <p class='ocr_par' dir='ltr' id='par_1_71' title="bbox 1878 3242 3450 3312">
     <span class='ocr_line' id='line_1_71' title="bbox 1878 3242 3450 3312; baseline 0 -17"><span class='ocrx_word' id='word_1_551' title='bbox 1878 3257 2071 3295; x_wconf 78' lang='lat' dir='ltr'><strong>memor</strong></span> <span class='ocrx_word' id='word_1_552' title='bbox 2111 3250 2242 3296; x_wconf 81' lang='lat' dir='ltr'><strong>esset</strong></span> <span class='ocrx_word' id='word_1_553' title='bbox 2271 3257 2289 3294; x_wconf 91' lang='lat'><em>:</em></span> <span class='ocrx_word' id='word_1_554' title='bbox 2318 3257 2477 3312; x_wconf 77' lang='lat' dir='ltr'><strong>neque</strong></span> <span class='ocrx_word' id='word_1_555' title='bbox 2515 3242 2654 3299; x_wconf 87' lang='lat' dir='ltr'><strong>enim</strong></span> <span class='ocrx_word' id='word_1_556' title='bbox 2698 3250 2900 3311; x_wconf 81' lang='lat' dir='ltr'><strong>poterat</strong></span> <span class='ocrx_word' id='word_1_557' title='bbox 2943 3244 3021 3296; x_wconf 78' lang='lat' dir='ltr'><strong>uir</strong></span> <span class='ocrx_word' id='word_1_558' title='bbox 3056 3242 3146 3297; x_wconf 85' lang='lat' dir='ltr'><strong>ille</strong></span> <span class='ocrx_word' id='word_1_559' title='bbox 3167 3242 3327 3297; x_wconf 86' lang='lat' dir='ltr'><strong>irasci</strong></span> <span class='ocrx_word' id='word_1_560' title='bbox 3364 3243 3450 3312; x_wconf 82' lang='lat' dir='ltr'><strong>qui</strong></span> 
     </span>
    </p>
   </div>
   <div class='ocr_carea' id='block_1_72' title="bbox 1877 3331 3453 3406">
    <p class='ocr_par' dir='ltr' id='par_1_72' title="bbox 1877 3331 3453 3406">
     <span class='ocr_line' id='line_1_72' title="bbox 1877 3331 3453 3406; baseline 0.003 -22"><span class='ocrx_word' id='word_1_561' title='bbox 1877 3332 2213 3387; x_wconf 80' lang='lat' dir='ltr'><strong>contumelias</strong></span> <span class='ocrx_word' id='word_1_562' title='bbox 2238 3332 2571 3403; x_wconf 82' lang='lat' dir='ltr'><strong>despiciebat,</strong></span> <span class='ocrx_word' id='word_1_563' title='bbox 2599 3341 2648 3386; x_wconf 90' lang='lat' dir='ltr'><strong>et</strong></span> <span class='ocrx_word' id='word_1_564' title='bbox 2680 3333 2802 3387; x_wconf 88' lang='lat' dir='ltr'><strong>odia</strong></span> <span class='ocrx_word' id='word_1_565' title='bbox 2830 3332 3040 3387; x_wconf 79' lang='lat' dir='ltr'><strong>uitabat.</strong></span> <span class='ocrx_word' id='word_1_566' title='bbox 3071 3331 3367 3406; x_wconf 75' lang='lat' dir='ltr'><strong>Numquam</strong></span> <span class='ocrx_word' id='word_1_567' title='bbox 3396 3335 3453 3388; x_wconf 76' lang='lat' dir='ltr'><strong>in</strong></span> 
     </span>
    </p>
   </div>
   <div class='ocr_carea' id='block_1_73' title="bbox 1871 3426 3453 3498">
    <p class='ocr_par' dir='ltr' id='par_1_73' title="bbox 1871 3426 3453 3498">
     <span class='ocr_line' id='line_1_73' title="bbox 1871 3426 3453 3498; baseline 0.001 -19"><span class='ocrx_word' id='word_1_568' title='bbox 1871 3426 2069 3495; x_wconf 85' lang='lat' dir='ltr'><strong>judicio</strong></span> <span class='ocrx_word' id='word_1_569' title='bbox 2081 3428 2194 3480; x_wconf 85' lang='lat' dir='ltr'><strong>sine</strong></span> <span class='ocrx_word' id='word_1_570' title='bbox 2219 3426 2575 3480; x_wconf 84' lang='lat' dir='ltr'><strong>misericordia</strong></span> <span class='ocrx_word' id='word_1_571' title='bbox 2597 3427 2749 3486; x_wconf 85' lang='lat' dir='ltr'><strong>sedit,</strong></span> <span class='ocrx_word' id='word_1_572' title='bbox 2774 3426 2895 3498; x_wconf 78' lang='lat' dir='ltr'><strong>quia</strong></span> <span class='ocrx_word' id='word_1_573' title='bbox 2927 3436 3137 3481; x_wconf 83' lang='lat' dir='ltr'><strong>noverat</strong></span> <span class='ocrx_word' id='word_1_574' title='bbox 3164 3428 3453 3481; x_wconf 83' lang='lat' dir='ltr'><strong>misericor-</strong></span> 
     </span>
    </p>
   </div>
   <div class='ocr_carea' id='block_1_74' title="bbox 1879 3515 3455 3587">
    <p class='ocr_par' dir='ltr' id='par_1_74' title="bbox 1879 3515 3455 3587">
     <span class='ocr_line' id='line_1_74' title="bbox 1879 3515 3455 3587; baseline -0.002 -18"><span class='ocrx_word' id='word_1_575' title='bbox 1879 3519 2017 3570; x_wconf 87' lang='lat' dir='ltr'><strong>diam</strong></span> <span class='ocrx_word' id='word_1_576' title='bbox 2046 3517 2305 3570; x_wconf 84' lang='lat' dir='ltr'><strong>meliorem</strong></span> <span class='ocrx_word' id='word_1_577' title='bbox 2331 3533 2443 3570; x_wconf 86' lang='lat' dir='ltr'><strong>esse</strong></span> <span class='ocrx_word' id='word_1_578' title='bbox 2461 3533 2614 3587; x_wconf 85' lang='lat' dir='ltr'><strong>quam</strong></span> <span class='ocrx_word' id='word_1_579' title='bbox 2633 3517 2948 3587; x_wconf 81' lang='lat' dir='ltr'><strong>sacriﬁcium</strong></span> <span class='ocrx_word' id='word_1_580' title='bbox 2971 3515 3127 3587; x_wconf 89' lang='lat' dir='ltr'><strong>(Osee</strong></span> <span class='ocrx_word' id='word_1_581' title='bbox 3148 3533 3219 3581; x_wconf 79' lang='lat' dir='ltr'><strong>vs,</strong></span> <span class='ocrx_word' id='word_1_582' title='bbox 3242 3516 3327 3583; x_wconf 87' lang='lat'><strong>6);</strong></span> <span class='ocrx_word' id='word_1_583' title='bbox 3356 3518 3455 3569; x_wconf 76' lang='lat' dir='ltr'><strong>mi-</strong></span> 
     </span>
    </p>
   </div>
   <div class='ocr_carea' id='block_1_75' title="bbox 1879 3606 3456 3677">
    <p class='ocr_par' dir='ltr' id='par_1_75' title="bbox 1879 3606 3456 3677">
     <span class='ocr_line' id='line_1_75' title="bbox 1879 3606 3456 3677; baseline -0.002 -15"><span class='ocrx_word' id='word_1_584' title='bbox 1879 3607 2160 3662; x_wconf 78' lang='lat' dir='ltr'><strong>sericordia</strong></span> <span class='ocrx_word' id='word_1_585' title='bbox 2206 3607 2520 3660; x_wconf 69' lang='lat' dir='ltr'><strong>vestiendum</strong></span> <span class='ocrx_word' id='word_1_586' title='bbox 2556 3623 2668 3662; x_wconf 88' lang='lat' dir='ltr'><strong>esse</strong></span> <span class='ocrx_word' id='word_1_587' title='bbox 2693 3623 2846 3661; x_wconf 85' lang='lat' dir='ltr'><strong>omne</strong></span> <span class='ocrx_word' id='word_1_588' title='bbox 2870 3606 3283 3662; x_wconf 73' lang='lat' dir='ltr'><strong>Christianorum</strong></span> <span class='ocrx_word' id='word_1_589' title='bbox 3318 3607 3456 3677; x_wconf 79' lang='lat' dir='ltr'><strong>judi-</strong></span> 
     </span>
    </p>
   </div>
   <div class='ocr_carea' id='block_1_76' title="bbox 1880 3696 3458 3769">
    <p class='ocr_par' dir='ltr' id='par_1_76' title="bbox 1880 3696 3458 3769">
     <span class='ocr_line' id='line_1_76' title="bbox 1880 3696 3458 3769; baseline 0.001 -18"><span class='ocrx_word' id='word_1_590' title='bbox 1880 3701 2033 3761; x_wconf 84' lang='lat' dir='ltr'><strong>cium,</strong></span> <span class='ocrx_word' id='word_1_591' title='bbox 2062 3699 2264 3751; x_wconf 79' lang='lat' dir='ltr'><strong>dicente</strong></span> <span class='ocrx_word' id='word_1_592' title='bbox 2303 3696 2577 3753; x_wconf 71' lang='lat' dir='ltr'><strong>uenerabili</strong></span> <span class='ocrx_word' id='word_1_593' title='bbox 2618 3699 2890 3769; x_wconf 84' lang='lat' dir='ltr'><strong>Scriptura</strong></span> <span class='ocrx_word' id='word_1_594' title='bbox 2918 3715 2936 3753; x_wconf 92' lang='lat'><strong><em>:</em></strong></span> <span class='ocrx_word' id='word_1_595' title='bbox 2968 3697 3382 3754; x_wconf 66' lang='lat' dir='ltr'><strong>Misericordiam</strong></span> <span class='ocrx_word' id='word_1_596' title='bbox 3407 3708 3458 3753; x_wconf 91' lang='lat' dir='ltr'><strong>et</strong></span> 
     </span>
    </p>
   </div>
   <div class='ocr_carea' id='block_1_77' title="bbox 1875 3788 3458 3861">
    <p class='ocr_par' dir='ltr' id='par_1_77' title="bbox 1875 3788 3458 3861">
     <span class='ocr_line' id='line_1_77' title="bbox 1875 3788 3458 3861; baseline 0.003 -21"><span class='ocrx_word' id='word_1_597' title='bbox 1875 3790 2129 3860; x_wconf 78' lang='lat' dir='ltr'><strong>judicium</strong></span> <span class='ocrx_word' id='word_1_598' title='bbox 2151 3789 2371 3844; x_wconf 81' lang='lat' dir='ltr'><strong>cantabo</strong></span> <span class='ocrx_word' id='word_1_599' title='bbox 2406 3790 2512 3853; x_wconf 87' lang='lat' dir='ltr'><strong>tibi,</strong></span> <span class='ocrx_word' id='word_1_600' title='bbox 2558 3788 2779 3845; x_wconf 82' lang='lat' dir='ltr'><strong>Domine</strong></span> <span class='ocrx_word' id='word_1_601' title='bbox 2807 3790 2971 3859; x_wconf 88' lang='lat' dir='ltr'><strong>(Psal.</strong></span> <span class='ocrx_word' id='word_1_602' title='bbox 3002 3806 3060 3855; x_wconf 84' lang='lat' dir='ltr'><strong>c,</strong></span> <span class='ocrx_word' id='word_1_603' title='bbox 3086 3790 3161 3861; x_wconf 92' lang='grc'><strong>1).</strong></span> <span class='ocrx_word' id='word_1_604' title='bbox 3191 3790 3458 3844; x_wconf 80' lang='lat' dir='ltr'><strong>Justitiam</strong></span> 
     </span>
    </p>
   </div>
   <div class='ocr_carea' id='block_1_78' title="bbox 1883 3878 3460 3952">
    <p class='ocr_par' dir='ltr' id='par_1_78' title="bbox 1883 3878 3460 3952">
     <span class='ocr_line' id='line_1_78' title="bbox 1883 3878 3460 3952; baseline 0 -19"><span class='ocrx_word' id='word_1_605' title='bbox 1883 3899 2077 3952; x_wconf 76' lang='lat' dir='ltr'><strong>quoque</strong></span> <span class='ocrx_word' id='word_1_606' title='bbox 2096 3883 2223 3935; x_wconf 81' lang='lat' dir='ltr'><strong>votis</strong></span> <span class='ocrx_word' id='word_1_607' title='bbox 2245 3878 2627 3951; x_wconf 77' lang='lat' dir='ltr'><strong>benignioribss</strong></span> <span class='ocrx_word' id='word_1_608' title='bbox 2647 3879 2998 3950; x_wconf 82' lang='lat' dir='ltr'><strong>tentperabat:</strong></span> <span class='ocrx_word' id='word_1_609' title='bbox 3020 3882 3188 3935; x_wconf 76' lang='lat' dir='ltr'><strong>sciens</strong></span> <span class='ocrx_word' id='word_1_610' title='bbox 3215 3881 3460 3951; x_wconf 64' lang='lat' dir='ltr'><strong>quatiam</strong></span> 
     </span>
    </p>
   </div>
   <div class='ocr_carea' id='block_1_79' title="bbox 1888 3968 3460 4040">
    <p class='ocr_par' dir='ltr' id='par_1_79' title="bbox 1888 3968 3460 4040">
     <span class='ocr_line' id='line_1_79' title="bbox 1888 3968 3460 4040; baseline -0.002 -16"><span class='ocrx_word' id='word_1_611' title='bbox 1888 3971 2114 4038; x_wconf 85' lang='lat' dir='ltr'><strong>Spiritus</strong></span> <span class='ocrx_word' id='word_1_612' title='bbox 2173 3968 2382 4024; x_wconf 78' lang='lat' dir='ltr'><strong>sanctus</strong></span> <span class='ocrx_word' id='word_1_613' title='bbox 2428 3979 2675 4039; x_wconf 75' lang='lat' dir='ltr'><strong>quantum</strong></span> <span class='ocrx_word' id='word_1_614' title='bbox 2713 3970 2945 4040; x_wconf 70' lang='lat' dir='ltr'><strong>wquitati</strong></span> <span class='ocrx_word' id='word_1_615' title='bbox 2970 3978 3020 4023; x_wconf 91' lang='lat' dir='ltr'><strong>et</strong></span> <span class='ocrx_word' id='word_1_616' title='bbox 3054 3968 3273 4037; x_wconf 67' lang='lat' dir='ltr'><strong>iustitia!</strong></span> <span class='ocrx_word' id='word_1_617' title='bbox 3302 3970 3460 4038; x_wconf 84' lang='lat' dir='ltr'><strong>faret,</strong></span> 
     </span>
    </p>
   </div>
   <div class='ocr_carea' id='block_1_80' title="bbox 206 4051 3462 4128">
    <p class='ocr_par' dir='ltr' id='par_1_80' title="bbox 206 4051 3462 4128">
     <span class='ocr_line' id='line_1_80' title="bbox 206 4051 3462 4128; baseline 0.001 -23"><span class='ocrx_word' id='word_1_618' title='bbox 206 4066 295 4105; x_wconf 83' lang='lat' dir='ltr'><strong>ses</strong></span> <span class='ocrx_word' id='word_1_619' title='bbox 320 4051 461 4107; x_wconf 84' lang='lat' dir='ltr'><strong>hunc</strong></span> <span class='ocrx_word' id='word_1_620' title='bbox 499 4067 736 4107; x_wconf 88' lang='lat' dir='ltr'><strong>errorem</strong></span> <span class='ocrx_word' id='word_1_621' title='bbox 787 4054 941 4107; x_wconf 84' lang='lat' dir='ltr'><strong>facile</strong></span> <span class='ocrx_word' id='word_1_622' title='bbox 981 4055 1267 4108; x_wconf 88' lang='lat' dir='ltr'><strong>admittant</strong></span> <span class='ocrx_word' id='word_1_623' title='bbox 1309 4056 1591 4111; x_wconf 90' lang='lat' dir='ltr'><strong>scribendo</strong></span> <span class='ocrx_word' id='word_1_624' title='bbox 1633 4059 1785 4128; x_wconf 81' lang='lat' dir='ltr'><strong>fratri</strong></span> <span class='ocrx_word' id='word_1_625' title='bbox 1889 4068 2085 4113; x_wconf 78' lang='lat' dir='ltr'><strong>tantum</strong></span> <span class='ocrx_word' id='word_1_626' title='bbox 2105 4060 2213 4111; x_wconf 82' lang='lat' dir='ltr'><strong>suis</strong></span> <span class='ocrx_word' id='word_1_627' title='bbox 2241 4061 2463 4127; x_wconf 79' lang='lat' dir='ltr'><strong>gratiam</strong></span> <span class='ocrx_word' id='word_1_628' title='bbox 2484 4060 2687 4125; x_wconf 84' lang='lat' dir='ltr'><strong>pietatis</strong></span> <span class='ocrx_word' id='word_1_629' title='bbox 2715 4058 2961 4127; x_wconf 81' lang='lat' dir='ltr'><strong>benignus</strong></span> <span class='ocrx_word' id='word_1_630' title='bbox 2986 4057 3246 4127; x_wconf 73' lang='lat' dir='ltr'><strong>indulget:</strong></span> <span class='ocrx_word' id='word_1_631' title='bbox 3274 4058 3462 4110; x_wconf 83' lang='lat' dir='ltr'><strong>etideo</strong></span> 
     </span>
    </p>
   </div>
   <div class='ocr_carea' id='block_1_81' title="bbox 206 4132 3464 4221">
    <p class='ocr_par' dir='ltr' id='par_1_81' title="bbox 206 4132 3464 4221">
     <span class='ocr_line' id='line_1_81' title="bbox 206 4132 3464 4221; baseline 0 -25"><span class='ocrx_word' id='word_1_632' title='bbox 206 4158 305 4212; x_wconf 88' lang='lat' dir='ltr'><strong>pro</strong></span> <span class='ocrx_word' id='word_1_633' title='bbox 351 4144 527 4210; x_wconf 90' lang='lat' dir='ltr'><strong>patri;</strong></span> <span class='ocrx_word' id='word_1_634' title='bbox 573 4132 823 4213; x_wconf 83' lang='lat' dir='ltr'><strong>quamvis</strong></span> <span class='ocrx_word' id='word_1_635' title='bbox 855 4145 1015 4198; x_wconf 88' lang='lat' dir='ltr'><strong>etiam</strong></span> <span class='ocrx_word' id='word_1_636' title='bbox 1048 4143 1299 4199; x_wconf 86' lang='lat' dir='ltr'><strong>Paulinus</strong></span> <span class='ocrx_word' id='word_1_637' title='bbox 1338 4148 1784 4216; x_wconf 73' lang='lat' dir='ltr'><strong>pOIUCI‘ilViClI&#39;i-</strong></span> <span class='ocrx_word' id='word_1_638' title='bbox 1891 4145 2091 4200; x_wconf 88' lang='lat' dir='ltr'><strong>tenebat</strong></span> <span class='ocrx_word' id='word_1_639' title='bbox 2120 4149 2341 4221; x_wconf 85' lang='lat' dir='ltr'><strong>rigorem</strong></span> <span class='ocrx_word' id='word_1_640' title='bbox 2378 4149 2434 4199; x_wconf 88' lang='lat' dir='ltr'><strong>in</strong></span> <span class='ocrx_word' id='word_1_641' title='bbox 2463 4147 2844 4199; x_wconf 75' lang='lat' dir='ltr'><strong>examinatione</strong></span> <span class='ocrx_word' id='word_1_642' title='bbox 2880 4146 3134 4214; x_wconf 78' lang='lat' dir='ltr'><strong>justitice,</strong></span> <span class='ocrx_word' id='word_1_643' title='bbox 3170 4146 3464 4197; x_wconf 87' lang='lat' dir='ltr'><strong>misericor-</strong></span> 
     </span>
    </p>
   </div>
   <div class='ocr_carea' id='block_1_82' title="bbox 204 4232 3465 4305">
    <p class='ocr_par' dir='ltr' id='par_1_82' title="bbox 204 4232 3465 4305">
     <span class='ocr_line' id='line_1_82' title="bbox 204 4232 3465 4305; baseline 0.001 -16"><span class='ocrx_word' id='word_1_644' title='bbox 204 4234 343 4289; x_wconf 85' lang='lat' dir='ltr'><strong>cium</strong></span> <span class='ocrx_word' id='word_1_645' title='bbox 387 4236 604 4305; x_wconf 84' lang='lat' dir='ltr'><strong>fratrem</strong></span> <span class='ocrx_word' id='word_1_646' title='bbox 653 4235 827 4290; x_wconf 83' lang='lat' dir='ltr'><strong>amice</strong></span> <span class='ocrx_word' id='word_1_647' title='bbox 864 4234 1143 4288; x_wconf 84' lang='lat' dir='ltr'><strong>dumtaxat</strong></span> <span class='ocrx_word' id='word_1_648' title='bbox 1189 4236 1530 4304; x_wconf 82' lang='lat' dir='ltr'><strong>compellare,</strong></span> <span class='ocrx_word' id='word_1_649' title='bbox 1571 4247 1630 4291; x_wconf 88' lang='lat' dir='ltr'><strong>ut</strong></span> <span class='ocrx_word' id='word_1_650' title='bbox 1677 4244 1789 4305; x_wconf 86' lang='lat' dir='ltr'><strong>ipse</strong></span> <span class='ocrx_word' id='word_1_651' title='bbox 1892 4235 2030 4292; x_wconf 83' lang='lat' dir='ltr'><strong>diam</strong></span> <span class='ocrx_word' id='word_1_652' title='bbox 2060 4243 2229 4293; x_wconf 85' lang='lat' dir='ltr'><strong>autem</strong></span> <span class='ocrx_word' id='word_1_653' title='bbox 2275 4236 2327 4288; x_wconf 85' lang='lat' dir='ltr'><strong>in</strong></span> <span class='ocrx_word' id='word_1_654' title='bbox 2365 4234 2666 4303; x_wconf 79' lang='lat' dir='ltr'><strong>deﬁnitione</strong></span> <span class='ocrx_word' id='word_1_655' title='bbox 2705 4236 2970 4289; x_wconf 75' lang='lat' dir='ltr'><strong>sententia:</strong></span> <span class='ocrx_word' id='word_1_656' title='bbox 2996 4232 3304 4305; x_wconf 77' lang='lat' dir='ltr'><strong>proferebat.</strong></span> <span class='ocrx_word' id='word_1_657' title='bbox 3350 4243 3378 4271; x_wconf 79' lang='grc' dir='ltr'><strong>υ</strong></span> <span class='ocrx_word' id='word_1_658' title='bbox 3418 4234 3465 4286; x_wconf 85' lang='grc' dir='ltr'><strong><em>υ</em></strong></span> 
     </span>
    </p>
   </div>
   <div class='ocr_carea' id='block_1_83' title="bbox 204 4323 3466 4395">
    <p class='ocr_par' dir='ltr' id='par_1_83' title="bbox 204 4323 3466 4395">
     <span class='ocr_line' id='line_1_83' title="bbox 204 4323 3466 4395; baseline -0 -16"><span class='ocrx_word' id='word_1_659' title='bbox 204 4324 230 4362; x_wconf 72' lang='grc' dir='ltr'><strong>¹ο</strong></span> <span class='ocrx_word' id='word_1_660' title='bbox 276 4324 537 4379; x_wconf 90' lang='lat' dir='ltr'><strong>Paulinus</strong></span> <span class='ocrx_word' id='word_1_661' title='bbox 592 4324 940 4380; x_wconf 80' lang='lat' dir='ltr'><strong>ct.’l‘herasia</strong></span> <span class='ocrx_word' id='word_1_662' title='bbox 994 4325 1046 4378; x_wconf 91' lang='lat' dir='ltr'><strong>in</strong></span> <span class='ocrx_word' id='word_1_663' title='bbox 1105 4325 1331 4394; x_wconf 87' lang='lat' dir='ltr'><strong>epistola</strong></span> <span class='ocrx_word' id='word_1_664' title='bbox 1383 4325 1787 4395; x_wconf 80' lang='lat' dir='ltr'><strong>quadragesima</strong></span> <span class='ocrx_word' id='word_1_665' title='bbox 1894 4326 2249 4384; x_wconf 84' lang='lat' dir='ltr'><strong>admirabilem</strong></span> <span class='ocrx_word' id='word_1_666' title='bbox 2271 4328 2453 4391; x_wconf 79' lang='lat' dir='ltr'><strong>virum,</strong></span> <span class='ocrx_word' id='word_1_667' title='bbox 2486 4335 2636 4395; x_wconf 80' lang='lat' dir='ltr'><strong>atque</strong></span> <span class='ocrx_word' id='word_1_668' title='bbox 2656 4325 2884 4379; x_wconf 82' lang='lat' dir='ltr'><strong>onmium</strong></span> <span class='ocrx_word' id='word_1_669' title='bbox 2910 4326 3147 4380; x_wconf 74' lang='lat' dir='ltr'><strong>virtutum</strong></span> <span class='ocrx_word' id='word_1_670' title='bbox 3182 4323 3335 4379; x_wconf 75' lang='lat' dir='ltr'><strong>laude</strong></span> <span class='ocrx_word' id='word_1_671' title='bbox 3355 4341 3466 4378; x_wconf 75' lang='lat' dir='ltr'><strong>ceu-</strong></span> 
     </span>
    </p>
   </div>
   <div class='ocr_carea' id='block_1_84' title="bbox 206 4414 3467 4489">
    <p class='ocr_par' dir='ltr' id='par_1_84' title="bbox 206 4414 3467 4489">
     <span class='ocr_line' id='line_1_84' title="bbox 206 4414 3467 4489; baseline -0.001 -14"><span class='ocrx_word' id='word_1_672' title='bbox 206 4420 391 4488; x_wconf 90' lang='lat' dir='ltr'><strong>quinta</strong></span> <span class='ocrx_word' id='word_1_673' title='bbox 443 4435 589 4472; x_wconf 87' lang='lat' dir='ltr'><strong>anno</strong></span> <span class='ocrx_word' id='word_1_674' title='bbox 618 4418 719 4471; x_wconf 72' lang='grc'><strong>408</strong></span> <span class='ocrx_word' id='word_1_675' title='bbox 760 4414 823 4469; x_wconf 79' lang='lat' dir='ltr'><strong>l5</strong></span> <span class='ocrx_word' id='word_1_676' title='bbox 858 4415 979 4470; x_wconf 83' lang='lat' dir='ltr'><strong>Maii</strong></span> <span class='ocrx_word' id='word_1_677' title='bbox 1021 4416 1144 4470; x_wconf 89' lang='lat' dir='ltr'><strong>data</strong></span> <span class='ocrx_word' id='word_1_678' title='bbox 1184 4416 1532 4485; x_wconf 87' lang='lat' dir='ltr'><strong>Augustinum</strong></span> <span class='ocrx_word' id='word_1_679' title='bbox 1569 4428 1786 4489; x_wconf 86' lang='lat' dir='ltr'><strong>patrem,</strong></span> <span class='ocrx_word' id='word_1_680' title='bbox 1892 4420 2139 4476; x_wconf 85' lang='lat' dir='ltr'><strong>sendum!</strong></span> <span class='ocrx_word' id='word_1_681' title='bbox 2184 4418 2285 4473; x_wconf 78' lang='lat' dir='ltr'><strong>llic</strong></span> <span class='ocrx_word' id='word_1_682' title='bbox 2332 4428 2523 4474; x_wconf 82' lang='lat' dir='ltr'><strong>etemm</strong></span> <span class='ocrx_word' id='word_1_683' title='bbox 2547 4418 2773 4472; x_wconf 83' lang='lat' dir='ltr'><strong>antnium</strong></span> <span class='ocrx_word' id='word_1_684' title='bbox 2802 4418 3212 4486; x_wconf 84' lang='lat' dir='ltr'><strong>patriarcharum</strong></span> <span class='ocrx_word' id='word_1_685' title='bbox 3233 4419 3467 4489; x_wconf 70' lang='lat' dir='ltr'><strong>exempla</strong></span> 
     </span>
    </p>
   </div>
   <div class='ocr_carea' id='block_1_85' title="bbox 207 4500 3470 4581">
    <p class='ocr_par' dir='ltr' id='par_1_85' title="bbox 207 4500 3470 4581">
     <span class='ocr_line' id='line_1_85' title="bbox 207 4500 3470 4581; baseline 0 -19"><span class='ocrx_word' id='word_1_686' title='bbox 207 4512 419 4580; x_wconf 77' lang='lat' dir='ltr'><strong>fratrem</strong></span> <span class='ocrx_word' id='word_1_687' title='bbox 449 4510 611 4563; x_wconf 88' lang='lat' dir='ltr'><strong>simul</strong></span> <span class='ocrx_word' id='word_1_688' title='bbox 645 4500 715 4563; x_wconf 68' lang='lat' dir='ltr'><strong>et&#39;</strong></span> <span class='ocrx_word' id='word_1_689' title='bbox 746 4509 1046 4581; x_wconf 71' lang='lat' dir='ltr'><strong>aitagistrum</strong></span> <span class='ocrx_word' id='word_1_690' title='bbox 1069 4518 1279 4563; x_wconf 86' lang='lat' dir='ltr'><strong>vocant.</strong></span> <span class='ocrx_word' id='word_1_691' title='bbox 1330 4509 1480 4574; x_wconf 79' lang='lat' dir='ltr'><strong>Quod</strong></span> <span class='ocrx_word' id='word_1_692' title='bbox 1503 4510 1546 4565; x_wconf 88' lang='lat' dir='ltr'><strong>si</strong></span> <span class='ocrx_word' id='word_1_693' title='bbox 1578 4511 1641 4566; x_wconf 92' lang='lat' dir='ltr'><strong>iis</strong></span> <span class='ocrx_word' id='word_1_694' title='bbox 1669 4513 1789 4579; x_wconf 87' lang='lat' dir='ltr'><strong>quis</strong></span> <span class='ocrx_word' id='word_1_695' title='bbox 1823 4520 1869 4578; x_wconf 79' lang='grc' dir='ltr'>υ</span> <span class='ocrx_word' id='word_1_696' title='bbox 1897 4518 2117 4574; x_wconf 84' lang='lat' dir='ltr'><strong>secutus,</strong></span> <span class='ocrx_word' id='word_1_697' title='bbox 2168 4511 2263 4581; x_wconf 85' lang='lat' dir='ltr'><strong>fuit</strong></span> <span class='ocrx_word' id='word_1_698' title='bbox 2290 4509 2460 4578; x_wconf 81' lang='lat' dir='ltr'><strong>fidelis</strong></span> <span class='ocrx_word' id='word_1_699' title='bbox 2487 4517 2543 4563; x_wconf 84' lang='lat' dir='ltr'><strong>ut</strong></span> <span class='ocrx_word' id='word_1_700' title='bbox 2583 4507 2889 4571; x_wconf 65' lang='lat' dir='ltr'><strong>Abraham,</strong></span> <span class='ocrx_word' id='word_1_701' title='bbox 2923 4507 3158 4562; x_wconf 77' lang='lat' dir='ltr'><strong>credulus</strong></span> <span class='ocrx_word' id='word_1_702' title='bbox 3186 4518 3241 4561; x_wconf 84' lang='lat' dir='ltr'><strong>ut</strong></span> <span class='ocrx_word' id='word_1_703' title='bbox 3289 4503 3470 4574; x_wconf 81' lang='lat' dir='ltr'><strong>Isaac,</strong></span> 
     </span>
    </p>
   </div>
   <div class='ocr_carea' id='block_1_86' title="bbox 208 4598 3469 4672">
    <p class='ocr_par' dir='ltr' id='par_1_86' title="bbox 208 4598 3469 4672">
     <span class='ocr_line' id='line_1_86' title="bbox 208 4598 3469 4672; baseline 0 -16"><span class='ocrx_word' id='word_1_704' title='bbox 208 4616 302 4655; x_wconf 89' lang='lat' dir='ltr'><strong>uos</strong></span> <span class='ocrx_word' id='word_1_705' title='bbox 340 4610 507 4669; x_wconf 79' lang='lat' dir='ltr'><strong>cogat</strong></span> <span class='ocrx_word' id='word_1_706' title='bbox 536 4601 779 4654; x_wconf 72' lang='lat' dir='ltr'><strong>insistere</strong></span> <span class='ocrx_word' id='word_1_707' title='bbox 805 4609 860 4654; x_wconf 88' lang='lat' dir='ltr'><strong>et</strong></span> <span class='ocrx_word' id='word_1_708' title='bbox 885 4598 1040 4653; x_wconf 82' lang='lat' dir='ltr'><strong>fateri</strong></span> <span class='ocrx_word' id='word_1_709' title='bbox 1068 4599 1201 4654; x_wconf 90' lang='lat' dir='ltr'><strong>duas</strong></span> <span class='ocrx_word' id='word_1_710' title='bbox 1235 4598 1302 4653; x_wconf 89' lang='lat' dir='ltr'><strong>ad</strong></span> <span class='ocrx_word' id='word_1_711' title='bbox 1330 4599 1640 4658; x_wconf 81' lang='lat' dir='ltr'><strong>Victriciuin</strong></span> <span class='ocrx_word' id='word_1_712' title='bbox 1670 4603 1786 4671; x_wconf 75' lang='lat' dir='ltr'><strong>epi-</strong></span> <span class='ocrx_word' id='word_1_713' title='bbox 1898 4600 2142 4672; x_wconf 82' lang='lat' dir='ltr'><strong>benignus</strong></span> <span class='ocrx_word' id='word_1_714' title='bbox 2172 4611 2227 4653; x_wconf 80' lang='lat' dir='ltr'><strong>ut</strong></span> <span class='ocrx_word' id='word_1_715' title='bbox 2252 4598 2436 4667; x_wconf 84' lang='lat' dir='ltr'><strong>Jacob,</strong></span> <span class='ocrx_word' id='word_1_716' title='bbox 2482 4599 2752 4669; x_wconf 74' lang='lat' dir='ltr'><strong>muiﬁcus</strong></span> <span class='ocrx_word' id='word_1_717' title='bbox 2781 4608 2837 4652; x_wconf 81' lang='lat' dir='ltr'><strong>ut</strong></span> <span class='ocrx_word' id='word_1_718' title='bbox 2865 4598 3267 4662; x_wconf 76' lang='lat' dir='ltr'><strong>Melchisedech,</strong></span> <span class='ocrx_word' id='word_1_719' title='bbox 3298 4603 3469 4670; x_wconf 72' lang='lat' dir='ltr'><strong>praui-</strong></span> 
     </span>
    </p>
   </div>
   <div class='ocr_carea' id='block_1_87' title="bbox 209 4687 3469 4762">
    <p class='ocr_par' dir='ltr' id='par_1_87' title="bbox 209 4687 3469 4762">
     <span class='ocr_line' id='line_1_87' title="bbox 209 4687 3469 4762; baseline 0 -17"><span class='ocrx_word' id='word_1_720' title='bbox 209 4691 373 4747; x_wconf 86' lang='lat' dir='ltr'><strong>stolas</strong></span> <span class='ocrx_word' id='word_1_721' title='bbox 399 4690 470 4745; x_wconf 88' lang='lat' dir='ltr'><strong>ab</strong></span> <span class='ocrx_word' id='word_1_722' title='bbox 500 4692 808 4760; x_wconf 81' lang='lat' dir='ltr'><strong>episcopatu</strong></span> <span class='ocrx_word' id='word_1_723' title='bbox 833 4687 1039 4743; x_wconf 88' lang='lat' dir='ltr'><strong>Paulini</strong></span> <span class='ocrx_word' id='word_1_724' title='bbox 1070 4687 1230 4744; x_wconf 82' lang='lat' dir='ltr'><strong>fuisse</strong></span> <span class='ocrx_word' id='word_1_725' title='bbox 1258 4689 1482 4759; x_wconf 89' lang='lat' dir='ltr'><strong>scriptas</strong></span> <span class='ocrx_word' id='word_1_726' title='bbox 1501 4731 1516 4756; x_wconf 96' lang='lat'><strong>,</strong></span> <span class='ocrx_word' id='word_1_727' title='bbox 1548 4702 1670 4762; x_wconf 59' lang='lat' dir='ltr'><strong>post</strong></span> <span class='ocrx_word' id='word_1_728' title='bbox 1690 4709 1787 4746; x_wconf 83' lang='lat' dir='ltr'><strong>an-</strong></span> <span class='ocrx_word' id='word_1_729' title='bbox 1897 4693 1990 4745; x_wconf 83' lang='lat' dir='ltr'><strong>dus</strong></span> <span class='ocrx_word' id='word_1_730' title='bbox 2012 4699 2065 4745; x_wconf 84' lang='lat' dir='ltr'><strong>ut</strong></span> <span class='ocrx_word' id='word_1_731' title='bbox 2101 4690 2318 4759; x_wconf 74' lang='lat' dir='ltr'><strong>Ioseph,</strong></span> <span class='ocrx_word' id='word_1_732' title='bbox 2350 4706 2521 4759; x_wconf 59' lang='lat' dir='ltr'><strong>rapax,</strong></span> <span class='ocrx_word' id='word_1_733' title='bbox 2542 4699 2597 4743; x_wconf 83' lang='lat' dir='ltr'><strong>ut</strong></span> <span class='ocrx_word' id='word_1_734' title='bbox 2632 4689 2908 4760; x_wconf 82' lang='lat' dir='ltr'><strong>Beujamin</strong></span> <span class='ocrx_word' id='word_1_735' title='bbox 2931 4706 2948 4743; x_wconf 90' lang='lat'><strong><em>:</em></strong></span> <span class='ocrx_word' id='word_1_736' title='bbox 2977 4691 3149 4760; x_wconf 80' lang='lat' dir='ltr'><strong>rapuit</strong></span> <span class='ocrx_word' id='word_1_737' title='bbox 3175 4691 3313 4744; x_wconf 78' lang='lat' dir='ltr'><strong>enim</strong></span> <span class='ocrx_word' id='word_1_738' title='bbox 3339 4692 3469 4746; x_wconf 75' lang='lat' dir='ltr'><strong>diui-</strong></span> 
     </span>
    </p>
   </div>
   <div class='ocr_carea' id='block_1_88' title="bbox 214 4780 1789 4845">
    <p class='ocr_par' dir='ltr' id='par_1_88' title="bbox 214 4780 1789 4845">
     <span class='ocr_line' id='line_1_88' title="bbox 214 4780 1789 4845; baseline 0.001 -11"><span class='ocrx_word' id='word_1_739' title='bbox 214 4798 332 4835; x_wconf 90' lang='lat' dir='ltr'><strong>num</strong></span> <span class='ocrx_word' id='word_1_740' title='bbox 359 4780 470 4835; x_wconf 84' lang='grc'><strong>409</strong></span> <span class='ocrx_word' id='word_1_741' title='bbox 502 4781 656 4835; x_wconf 80' lang='lat' dir='ltr'><strong>facile</strong></span> <span class='ocrx_word' id='word_1_742' title='bbox 683 4780 1117 4845; x_wconf 83' lang='lat' dir='ltr'><strong>collocabuntur;</strong></span> <span class='ocrx_word' id='word_1_743' title='bbox 1146 4780 1367 4834; x_wconf 86' lang='lat' dir='ltr'><strong>alteram</strong></span> <span class='ocrx_word' id='word_1_744' title='bbox 1413 4781 1555 4835; x_wconf 87' lang='lat' dir='ltr'><strong>enim</strong></span> <span class='ocrx_word' id='word_1_745' title='bbox 1599 4782 1665 4836; x_wconf 88' lang='lat' dir='ltr'><strong>ad</strong></span> <span class='ocrx_word' id='word_1_746' title='bbox 1693 4798 1789 4836; x_wconf 85' lang='lat' dir='ltr'><strong>an-</strong></span> 
     </span>
    </p>
   </div>
   <div class='ocr_carea' id='block_1_89' title="bbox 213 4871 1789 4943">
    <p class='ocr_par' dir='ltr' id='par_1_89' title="bbox 213 4871 1789 4943">
     <span class='ocr_line' id='line_1_89' title="bbox 213 4871 1789 4943; baseline 0 -16"><span class='ocrx_word' id='word_1_747' title='bbox 213 4890 333 4928; x_wconf 90' lang='lat' dir='ltr'><strong>num</strong></span> <span class='ocrx_word' id='word_1_748' title='bbox 368 4872 480 4929; x_wconf 83' lang='grc'>’599</span> <span class='ocrx_word' id='word_1_749' title='bbox 510 4872 791 4927; x_wconf 87' lang='lat' dir='ltr'><strong>retulimus</strong></span> <span class='ocrx_word' id='word_1_750' title='bbox 818 4887 887 4927; x_wconf 79' lang='lat' dir='ltr'><strong>ex</strong></span> <span class='ocrx_word' id='word_1_751' title='bbox 926 4872 1153 4941; x_wconf 88' lang='lat' dir='ltr'><strong>simplici</strong></span> <span class='ocrx_word' id='word_1_752' title='bbox 1181 4871 1461 4925; x_wconf 84' lang='lat' dir='ltr'><strong>dumtaxat</strong></span> <span class='ocrx_word' id='word_1_753' title='bbox 1511 4888 1631 4927; x_wconf 90' lang='lat' dir='ltr'><strong>cum</strong></span> <span class='ocrx_word' id='word_1_754' title='bbox 1674 4875 1789 4943; x_wconf 89' lang='lat' dir='ltr'><strong>epi-</strong></span> 
     </span>
    </p>
   </div>
   <div class='ocr_carea' id='block_1_90' title="bbox 215 4962 1789 5033">
    <p class='ocr_par' dir='ltr' id='par_1_90' title="bbox 215 4962 1789 5033">
     <span class='ocr_line' id='line_1_90' title="bbox 215 4962 1789 5033; baseline 0 -16"><span class='ocrx_word' id='word_1_755' title='bbox 215 4965 343 5020; x_wconf 86' lang='lat' dir='ltr'><strong>stola</strong></span> <span class='ocrx_word' id='word_1_756' title='bbox 384 4965 601 5020; x_wconf 87' lang='lat' dir='ltr'><strong>decima</strong></span> <span class='ocrx_word' id='word_1_757' title='bbox 646 4962 873 5033; x_wconf 89' lang='lat' dir='ltr'><strong>septima</strong></span> <span class='ocrx_word' id='word_1_758' title='bbox 914 4963 1325 5030; x_wconf 87' lang='lat' dir='ltr'><strong>convenientia,</strong></span> <span class='ocrx_word' id='word_1_759' title='bbox 1367 4971 1429 5021; x_wconf 83' lang='lat' dir='ltr'><strong>et</strong></span> <span class='ocrx_word' id='word_1_760' title='bbox 1458 4963 1679 5017; x_wconf 88' lang='lat' dir='ltr'><strong>alteram</strong></span> <span class='ocrx_word' id='word_1_761' title='bbox 1720 4963 1789 5017; x_wconf 88' lang='lat' dir='ltr'><strong>ad</strong></span> 
     </span>
    </p>
   </div>
   <div class='ocr_carea' id='block_1_91' title="bbox 215 5052 1789 5129">
    <p class='ocr_par' dir='ltr' id='par_1_91' title="bbox 215 5052 1789 5129">
     <span class='ocr_line' id='line_1_91' title="bbox 215 5052 1789 5129; baseline 0.001 -22"><span class='ocrx_word' id='word_1_762' title='bbox 215 5068 410 5108; x_wconf 88' lang='lat' dir='ltr'><strong>annum</strong></span> <span class='ocrx_word' id='word_1_763' title='bbox 434 5054 543 5108; x_wconf 73' lang='grc'><strong>404</strong></span> <span class='ocrx_word' id='word_1_764' title='bbox 567 5062 788 5124; x_wconf 90' lang='lat' dir='ltr'><strong>propter</strong></span> <span class='ocrx_word' id='word_1_765' title='bbox 820 5060 1030 5121; x_wconf 84' lang='lat' dir='ltr'><strong>tempus</strong></span> <span class='ocrx_word' id='word_1_766' title='bbox 1058 5052 1326 5119; x_wconf 67' lang='lat' dir='ltr'><strong>inscriptas</strong></span> <span class='ocrx_word' id='word_1_767' title='bbox 1368 5053 1609 5129; x_wconf 75' lang='lat' dir='ltr'><strong>epistola:</strong></span> <span class='ocrx_word' id='word_1_768' title='bbox 1637 5052 1789 5108; x_wconf 88' lang='lat' dir='ltr'><strong>luno-</strong></span> 
     </span>
    </p>
   </div>
   <div class='ocr_carea' id='block_1_92' title="bbox 218 5142 1791 5216">
    <p class='ocr_par' dir='ltr' id='par_1_92' title="bbox 218 5142 1791 5216">
     <span class='ocr_line' id='line_1_92' title="bbox 218 5142 1791 5216; baseline -0.001 -16"><span class='ocrx_word' id='word_1_769' title='bbox 218 5148 373 5201; x_wconf 89' lang='lat' dir='ltr'><strong>centii</strong></span> <span class='ocrx_word' id='word_1_770' title='bbox 403 5162 531 5216; x_wconf 78' lang='lat' dir='ltr'><strong>quae</strong></span> <span class='ocrx_word' id='word_1_771' title='bbox 559 5146 669 5213; x_wconf 88' lang='lat' dir='ltr'><strong>agit</strong></span> <span class='ocrx_word' id='word_1_772' title='bbox 699 5144 766 5199; x_wconf 92' lang='lat' dir='ltr'><strong>de</strong></span> <span class='ocrx_word' id='word_1_773' title='bbox 796 5144 988 5198; x_wconf 86' lang='lat' dir='ltr'><strong>itinere</strong></span> <span class='ocrx_word' id='word_1_774' title='bbox 1017 5143 1254 5198; x_wconf 82' lang='lat' dir='ltr'><strong>Victrieii</strong></span> <span class='ocrx_word' id='word_1_775' title='bbox 1300 5142 1556 5211; x_wconf 74' lang='lat' dir='ltr'><strong>Romam,</strong></span> <span class='ocrx_word' id='word_1_776' title='bbox 1587 5153 1641 5200; x_wconf 90' lang='lat' dir='ltr'><strong>et</strong></span> <span class='ocrx_word' id='word_1_777' title='bbox 1665 5146 1791 5215; x_wconf 90' lang='lat' dir='ltr'><strong>quia</strong></span> 
     </span>
    </p>
   </div>
   <div class='ocr_carea' id='block_1_93' title="bbox 141 5232 1792 5304">
    <p class='ocr_par' dir='ltr' id='par_1_93' title="bbox 141 5232 1792 5304">
     <span class='ocr_line' id='line_1_93' title="bbox 141 5232 1792 5304; baseline -0.003 -11"><span class='ocrx_word' id='word_1_778' title='bbox 141 5279 154 5293; x_wconf 96' lang='lat'><strong>.</strong></span> <span class='ocrx_word' id='word_1_779' title='bbox 217 5233 472 5290; x_wconf 89' lang='lat' dir='ltr'><strong>Paulinus</strong></span> <span class='ocrx_word' id='word_1_780' title='bbox 503 5236 554 5289; x_wconf 90' lang='lat' dir='ltr'><strong>in</strong></span> <span class='ocrx_word' id='word_1_781' title='bbox 578 5234 803 5304; x_wconf 85' lang='lat' dir='ltr'><strong>cpistola</strong></span> <span class='ocrx_word' id='word_1_782' title='bbox 844 5249 941 5288; x_wconf 89' lang='lat' dir='ltr'><strong>sua</strong></span> <span class='ocrx_word' id='word_1_783' title='bbox 991 5232 1215 5291; x_wconf 72' lang='lat' dir='ltr'><strong>Romam</strong></span> <span class='ocrx_word' id='word_1_784' title='bbox 1262 5233 1424 5289; x_wconf 88' lang='lat' dir='ltr'><strong>etiam</strong></span> <span class='ocrx_word' id='word_1_785' title='bbox 1459 5233 1668 5288; x_wconf 86' lang='lat' dir='ltr'><strong>venisse</strong></span> <span class='ocrx_word' id='word_1_786' title='bbox 1700 5234 1792 5288; x_wconf 75' lang='lat' dir='ltr'><strong>Vi-</strong></span> 
     </span>
    </p>
   </div>
   <div class='ocr_carea' id='block_1_94' title="bbox 1898 4780 3473 4853">
    <p class='ocr_par' dir='ltr' id='par_1_94' title="bbox 1898 4780 3473 4853">
     <span class='ocr_line' id='line_1_94' title="bbox 1898 4780 3473 4853; baseline 0.002 -18"><span class='ocrx_word' id='word_1_787' title='bbox 1898 4782 2052 4850; x_wconf 80' lang='lat' dir='ltr'><strong>tibus,</strong></span> <span class='ocrx_word' id='word_1_788' title='bbox 2099 4791 2147 4836; x_wconf 87' lang='lat' dir='ltr'><strong>et</strong></span> <span class='ocrx_word' id='word_1_789' title='bbox 2175 4780 2481 4852; x_wconf 86' lang='lat' dir='ltr'><strong>pauperibus</strong></span> <span class='ocrx_word' id='word_1_790' title='bbox 2509 4783 2762 4852; x_wconf 74' lang='lat' dir='ltr'><strong>erogauit;</strong></span> <span class='ocrx_word' id='word_1_791' title='bbox 2792 4790 2843 4836; x_wconf 86' lang='lat' dir='ltr'><strong>et</strong></span> <span class='ocrx_word' id='word_1_792' title='bbox 2889 4790 3058 4836; x_wconf 82' lang='lat' dir='ltr'><strong>tamen</strong></span> <span class='ocrx_word' id='word_1_793' title='bbox 3083 4782 3201 4853; x_wconf 83' lang='lat' dir='ltr'><strong>plus</strong></span> <span class='ocrx_word' id='word_1_794' title='bbox 3227 4782 3473 4839; x_wconf 71' lang='lat' dir='ltr'><strong>divitibus</strong></span> 
     </span>
    </p>
   </div>
   <div class='ocr_carea' id='block_1_95' title="bbox 1897 4870 3472 4944">
    <p class='ocr_par' dir='ltr' id='par_1_95' title="bbox 1897 4870 3472 4944">
     <span class='ocr_line' id='line_1_95' title="bbox 1897 4870 3472 4944; baseline 0.002 -20"><span class='ocrx_word' id='word_1_795' title='bbox 1897 4888 2048 4937; x_wconf 86' lang='lat' dir='ltr'><strong>quam</strong></span> <span class='ocrx_word' id='word_1_796' title='bbox 2076 4870 2382 4941; x_wconf 86' lang='lat' dir='ltr'><strong>pauperibus</strong></span> <span class='ocrx_word' id='word_1_797' title='bbox 2428 4872 2682 4941; x_wconf 83' lang='lat' dir='ltr'><strong>profuisse</strong></span> <span class='ocrx_word' id='word_1_798' title='bbox 2719 4872 3060 4942; x_wconf 78' lang='lat' dir='ltr'><strong>cognoscitur,</strong></span> <span class='ocrx_word' id='word_1_799' title='bbox 3085 4872 3207 4943; x_wconf 82' lang='lat' dir='ltr'><strong>quia</strong></span> <span class='ocrx_word' id='word_1_800' title='bbox 3233 4876 3472 4944; x_wconf 51' lang='lat' dir='ltr'><strong>pauperi-</strong></span> 
     </span>
    </p>
   </div>
   <div class='ocr_carea' id='block_1_96' title="bbox 1899 4962 3470 5035">
    <p class='ocr_par' dir='ltr' id='par_1_96' title="bbox 1899 4962 3470 5035">
     <span class='ocr_line' id='line_1_96' title="bbox 1899 4962 3470 5035; baseline 0.003 -21"><span class='ocrx_word' id='word_1_801' title='bbox 1899 4962 1989 5016; x_wconf 88' lang='lat' dir='ltr'><strong>bus</strong></span> <span class='ocrx_word' id='word_1_802' title='bbox 2018 4963 2069 5017; x_wconf 90' lang='lat' dir='ltr'><strong>in</strong></span> <span class='ocrx_word' id='word_1_803' title='bbox 2123 4962 2216 5016; x_wconf 83' lang='lat' dir='ltr'><strong>hoc</strong></span> <span class='ocrx_word' id='word_1_804' title='bbox 2242 4962 2411 5016; x_wconf 87' lang='lat' dir='ltr'><strong>seculo</strong></span> <span class='ocrx_word' id='word_1_805' title='bbox 2458 4963 2672 5033; x_wconf 85' lang='lat' dir='ltr'><strong>profuit,</strong></span> <span class='ocrx_word' id='word_1_806' title='bbox 2700 4963 2941 5017; x_wconf 79' lang='lat' dir='ltr'><strong>diuitibus</strong></span> <span class='ocrx_word' id='word_1_807' title='bbox 2978 4970 3150 5017; x_wconf 85' lang='lat' dir='ltr'><strong>autem</strong></span> <span class='ocrx_word' id='word_1_808' title='bbox 3196 4965 3250 5018; x_wconf 86' lang='lat' dir='ltr'><strong>in</strong></span> <span class='ocrx_word' id='word_1_809' title='bbox 3300 4966 3470 5035; x_wconf 80' lang='lat' dir='ltr'><strong>futuro</strong></span> 
     </span>
    </p>
   </div>
   <div class='ocr_carea' id='block_1_97' title="bbox 1898 5053 3471 5125">
    <p class='ocr_par' dir='ltr' id='par_1_97' title="bbox 1898 5053 3471 5125">
     <span class='ocr_line' id='line_1_97' title="bbox 1898 5053 3471 5125; baseline 0.001 -17"><span class='ocrx_word' id='word_1_810' title='bbox 1898 5054 2137 5125; x_wconf 83' lang='lat' dir='ltr'><strong>providit.</strong></span> <span class='ocrx_word' id='word_1_811' title='bbox 2169 5053 2287 5123; x_wconf 87' lang='lat' dir='ltr'><strong>lpse</strong></span> <span class='ocrx_word' id='word_1_812' title='bbox 2312 5054 2473 5108; x_wconf 90' lang='lat' dir='ltr'><strong>etiam</strong></span> <span class='ocrx_word' id='word_1_813' title='bbox 2504 5062 2528 5090; x_wconf 88' lang='grc' dir='ltr'><strong>ο</strong></span> <span class='ocrx_word' id='word_1_814' title='bbox 2545 5053 2893 5115; x_wconf 87' lang='lat' dir='ltr'><strong>moribundus</strong></span> <span class='ocrx_word' id='word_1_815' title='bbox 2914 5063 3241 5124; x_wconf 86' lang='lat' dir='ltr'><strong>asportatam</strong></span> <span class='ocrx_word' id='word_1_816' title='bbox 3262 5070 3292 5109; x_wconf 83' lang='lat' dir='ltr'><strong>a</strong></span> <span class='ocrx_word' id='word_1_817' title='bbox 3313 5056 3471 5123; x_wconf 83' lang='lat' dir='ltr'><strong>longe</strong></span> 
     </span>
    </p>
   </div>
   <div class='ocr_carea' id='block_1_98' title="bbox 1897 5145 3470 5216">
    <p class='ocr_par' dir='ltr' id='par_1_98' title="bbox 1897 5145 3470 5216">
     <span class='ocr_line' id='line_1_98' title="bbox 1897 5145 3470 5216; baseline -0.001 -16"><span class='ocrx_word' id='word_1_818' title='bbox 1897 5145 2200 5215; x_wconf 88' lang='lat' dir='ltr'><strong>pecuniam,</strong></span> <span class='ocrx_word' id='word_1_819' title='bbox 2228 5159 2388 5213; x_wconf 87' lang='lat' dir='ltr'><strong>quam</strong></span> <span class='ocrx_word' id='word_1_820' title='bbox 2412 5146 2523 5215; x_wconf 74' lang='lat'><strong>89</strong></span> <span class='ocrx_word' id='word_1_821' title='bbox 2540 5145 2901 5216; x_wconf 81' lang='lat' dir='ltr'><strong>,eleemosynis</strong></span> <span class='ocrx_word' id='word_1_822' title='bbox 2929 5145 3279 5216; x_wconf 87' lang='lat' dir='ltr'><strong>impenderet,</strong></span> <span class='ocrx_word' id='word_1_823' title='bbox 3313 5160 3470 5200; x_wconf 85' lang='lat' dir='ltr'><strong>acce-</strong></span> 
     </span>
    </p>
   </div>
   <div class='ocr_carea' id='block_1_99' title="bbox 1899 5236 3470 5307">
    <p class='ocr_par' dir='ltr' id='par_1_99' title="bbox 1899 5236 3470 5307">
     <span class='ocr_line' id='line_1_99' title="bbox 1899 5236 3470 5307; baseline -0.004 -14"><span class='ocrx_word' id='word_1_824' title='bbox 1899 5238 1995 5307; x_wconf 86' lang='lat' dir='ltr'><strong>pit.</strong></span> <span class='ocrx_word' id='word_1_825' title='bbox 2027 5237 2222 5291; x_wconf 82' lang='lat' dir='ltr'><strong>Fateor</strong></span> <span class='ocrx_word' id='word_1_826' title='bbox 2247 5237 2495 5307; x_wconf 90' lang='lat' dir='ltr'><strong>equidem</strong></span> <span class='ocrx_word' id='word_1_827' title='bbox 2522 5245 2765 5292; x_wconf 86' lang='lat' dir='ltr'><strong>antorem</strong></span> <span class='ocrx_word' id='word_1_828' title='bbox 2793 5238 2868 5292; x_wconf 92' lang='lat' dir='ltr'><strong>illi</strong></span> <span class='ocrx_word' id='word_1_829' title='bbox 2896 5236 3061 5292; x_wconf 76' lang='lat' dir='ltr'><strong>fuisse</strong></span> <span class='ocrx_word' id='word_1_830' title='bbox 3088 5237 3470 5306; x_wconf 81' lang='lat' dir='ltr'><strong>Hieronymum</strong></span> 
     </span>
    </p>
   </div>
   <div class='ocr_carea' id='block_1_100' title="bbox 217 5321 3475 5403">
    <p class='ocr_par' dir='ltr' id='par_1_100' title="bbox 217 5321 3475 5403">
     <span class='ocr_line' id='line_1_100' title="bbox 217 5321 3475 5403; baseline -0.001 -24"><span class='ocrx_word' id='word_1_831' title='bbox 217 5327 461 5380; x_wconf 88' lang='lat' dir='ltr'><strong>ctricium</strong></span> <span class='ocrx_word' id='word_1_832' title='bbox 505 5325 732 5388; x_wconf 78' lang='lat' dir='ltr'><strong>asSerit,</strong></span> <span class='ocrx_word' id='word_1_833' title='bbox 783 5338 890 5391; x_wconf 91' lang='lat' dir='ltr'><strong>quo</strong></span> <span class='ocrx_word' id='word_1_834' title='bbox 939 5322 1070 5376; x_wconf 87' lang='lat' dir='ltr'><strong>duas</strong></span> <span class='ocrx_word' id='word_1_835' title='bbox 1114 5321 1576 5392; x_wconf 88' lang='lat' dir='ltr'><strong>peregrinationes</strong></span> <span class='ocrx_word' id='word_1_836' title='bbox 1621 5325 1797 5392; x_wconf 90' lang='lat' dir='ltr'><strong>potuit</strong></span> <span class='ocrx_word' id='word_1_837' title='bbox 1902 5334 1962 5381; x_wconf 90' lang='lat' dir='ltr'><strong>ut</strong></span> <span class='ocrx_word' id='word_1_838' title='bbox 1982 5326 2183 5381; x_wconf 87' lang='lat' dir='ltr'><strong>alienas</strong></span> <span class='ocrx_word' id='word_1_839' title='bbox 2210 5325 2578 5403; x_wconf 80' lang='lat' dir='ltr'><strong>eleemosynas</strong></span> <span class='ocrx_word' id='word_1_840' title='bbox 2623 5325 3016 5382; x_wconf 85' lang='lat' dir='ltr'><strong>distribuendas</strong></span> <span class='ocrx_word' id='word_1_841' title='bbox 3043 5326 3260 5382; x_wconf 86' lang='lat' dir='ltr'><strong>minime</strong></span> <span class='ocrx_word' id='word_1_842' title='bbox 3305 5323 3475 5377; x_wconf 84' lang='lat' dir='ltr'><strong>susei-</strong></span> 
     </span>
    </p>
   </div>
   <div class='ocr_carea' id='block_1_101' title="bbox 286 5483 1766 5557">
    <p class='ocr_par' dir='ltr' id='par_1_101' title="bbox 286 5483 1747 5557">
     <span class='ocr_line' id='line_1_101' title="bbox 286 5483 1747 5557; baseline -0.001 -16"><span class='ocrx_word' id='word_1_843' title='bbox 286 5494 311 5525; x_wconf 76' lang='grc'>⁶</span> <span class='ocrx_word' id='word_1_844' title='bbox 340 5488 465 5543; x_wconf 82' lang='lat' dir='ltr'><strong>Vid.</strong></span> <span class='ocrx_word' id='word_1_845' title='bbox 518 5484 778 5557; x_wconf 66' lang='lat' dir='ltr'><strong>cap._48,</strong></span> <span class='ocrx_word' id='word_1_846' title='bbox 808 5501 862 5557; x_wconf 82' lang='grc' dir='ltr'><strong>ιι.</strong></span> <span class='ocrx_word' id='word_1_847' title='bbox 896 5484 985 5557; x_wconf 71' lang='grc' dir='ltr'><strong>1.Δ</strong></span> <span class='ocrx_word' id='word_1_848' title='bbox 1024 5484 1214 5557; x_wconf 54' lang='grc' dir='ltr'><strong>ξᾼρε.</strong></span> <span class='ocrx_word' id='word_1_849' title='bbox 1249 5485 1287 5538; x_wconf 91' lang='lat' dir='ltr'><strong>l.</strong></span> <span class='ocrx_word' id='word_1_850' title='bbox 1317 5484 1439 5557; x_wconf 73' lang='lat' dir='ltr'><strong>_1__de</strong></span> <span class='ocrx_word' id='word_1_851' title='bbox 1464 5483 1705 5557; x_wconf 82' lang='lat' dir='ltr'><strong>Civ._Dei</strong></span> <span class='ocrx_word' id='word_1_852' title='bbox 1732 5527 1747 5551; x_wconf 92' lang='lat'><strong>,</strong></span> 
     </span>
    </p>
   </div>
   <div class='ocr_carea' id='block_1_102' title="bbox 1868 5483 3469 5557">
    <p class='ocr_par' dir='ltr' id='par_1_102' title="bbox 1868 5483 3469 5557">
     <span class='ocr_line' id='line_1_102' title="bbox 1868 5483 3469 5557; baseline 0.002 -18"><span class='ocrx_word' id='word_1_853' title='bbox 1868 5488 1947 5540; x_wconf 88' lang='lat' dir='ltr'><strong>l0.</strong></span> <span class='ocrx_word' id='word_1_854' title='bbox 2031 5485 2204 5557; x_wconf 63' lang='grc' dir='ltr'><strong>εγω.</strong></span> <span class='ocrx_word' id='word_1_855' title='bbox 2237 5501 2355 5557; x_wconf 86' lang='lat' dir='ltr'><strong>cap.</strong></span> <span class='ocrx_word' id='word_1_856' title='bbox 2378 5485 2489 5557; x_wconf 14' lang='lat'><strong>51,7</strong></span> <span class='ocrx_word' id='word_1_857' title='bbox 2511 5502 2564 5541; x_wconf 88' lang='grc' dir='ltr'><strong>ιι.</strong></span> <span class='ocrx_word' id='word_1_858' title='bbox 2596 5487 2648 5557; x_wconf 65' lang='lat'><strong>2.</strong></span> <span class='ocrx_word' id='word_1_859' title='bbox 2724 5486 2749 5524; x_wconf 76' lang='grc' dir='ltr'>ἀ</span> <span class='ocrx_word' id='word_1_860' title='bbox 2792 5487 3017 5557; x_wconf 37' lang='lat' dir='ltr'><strong>Paulin.~</strong></span> <span class='ocrx_word' id='word_1_861' title='bbox 3042 5500 3127 5557; x_wconf 78' lang='lat' dir='ltr'><strong>ep.</strong></span> <span class='ocrx_word' id='word_1_862' title='bbox 3161 5483 3273 5557; x_wconf 66' lang='grc' dir='ltr'><strong>50Ἀ</strong></span> <span class='ocrx_word' id='word_1_863' title='bbox 3297 5499 3349 5539; x_wconf 91' lang='grc' dir='ltr'><strong>ιι.</strong></span> <span class='ocrx_word' id='word_1_864' title='bbox 3384 5486 3469 5557; x_wconf 74' lang='grc'><strong>18.</strong></span> 
     </span>
    </p>
   </div>
   <div class='ocr_carea' id='block_1_103' title="bbox 223 5554 1190 5626">
    <p class='ocr_par' dir='ltr' id='par_1_103' title="bbox 223 5554 1190 5626">
     <span class='ocr_line' id='line_1_103' title="bbox 223 5554 1190 5626; baseline -0.003 -15"><span class='ocrx_word' id='word_1_865' title='bbox 223 5566 246 5596; x_wconf 70' lang='grc'><strong><em>⁸</em></strong></span> <span class='ocrx_word' id='word_1_866' title='bbox 282 5559 417 5626; x_wconf 85' lang='lat' dir='ltr'><strong>Aug.</strong></span> <span class='ocrx_word' id='word_1_867' title='bbox 449 5573 540 5623; x_wconf 88' lang='lat' dir='ltr'><strong>ep.</strong></span> <span class='ocrx_word' id='word_1_868' title='bbox 571 5554 690 5620; x_wconf 71' lang='lat' dir='ltr'><strong>H9,</strong></span> <span class='ocrx_word' id='word_1_869' title='bbox 720 5556 885 5626; x_wconf 88' lang='lat' dir='ltr'><strong>intit.</strong></span> <span class='ocrx_word' id='word_1_870' title='bbox 953 5554 986 5626; x_wconf 54' lang='grc' dir='ltr'><em>ξ</em></span> <span class='ocrx_word' id='word_1_871' title='bbox 1015 5554 1190 5626; x_wconf 81' lang='lat' dir='ltr'><strong>Chiﬂl.</strong></span> 
     </span>
    </p>
   </div>
   <div class='ocr_carea' id='block_1_104' title="bbox 220 5623 1205 5695">
    <p class='ocr_par' dir='ltr' id='par_1_104' title="bbox 220 5623 1205 5695">
     <span class='ocr_line' id='line_1_104' title="bbox 220 5623 1205 5695; baseline -0.004 -15"><span class='ocrx_word' id='word_1_872' title='bbox 220 5642 269 5680; x_wconf 90' lang='grc' dir='ltr'><strong>ιι.</strong></span> <span class='ocrx_word' id='word_1_873' title='bbox 293 5627 346 5680; x_wconf 78' lang='lat'><strong>‘2.</strong></span> <span class='ocrx_word' id='word_1_874' title='bbox 369 5623 387 5626; x_wconf 63' lang='grc'>⁷</span> <span class='ocrx_word' id='word_1_875' title='bbox 429 5627 445 5678; x_wconf 85' lang='lat' dir='ltr'><strong>i</strong></span> <span class='ocrx_word' id='word_1_876' title='bbox 480 5629 616 5695; x_wconf 84' lang='lat' dir='ltr'><strong>Aug.</strong></span> <span class='ocrx_word' id='word_1_877' title='bbox 651 5627 686 5680; x_wconf 95' lang='grc' dir='ltr'><strong>Ι.</strong></span> <span class='ocrx_word' id='word_1_878' title='bbox 721 5623 1066 5695; x_wconf 38' lang='grc' dir='ltr'><strong>ιαίνίιιρρί,</strong></span> <span class='ocrx_word' id='word_1_879' title='bbox 1096 5638 1147 5677; x_wconf 92' lang='lat' dir='ltr'><strong>c.</strong></span> <span class='ocrx_word' id='word_1_880' title='bbox 1184 5624 1205 5676; x_wconf 88' lang='grc'><strong>1</strong></span> 
     </span>
    </p>
   </div>
   <div class='ocr_carea' id='block_1_105' title="bbox 217 5692 1255 5751">
    <p class='ocr_par' dir='ltr' id='par_1_105' title="bbox 217 5692 1255 5751">
     <span class='ocr_line' id='line_1_105' title="bbox 217 5692 1255 5751; baseline -0.006 0"><span class='ocrx_word' id='word_1_881' title='bbox 217 5695 355 5751; x_wconf 81' lang='lat' dir='ltr'><strong>Obit.</strong></span> <span class='ocrx_word' id='word_1_882' title='bbox 390 5692 607 5751; x_wconf 74' lang='lat' dir='ltr'><strong>Paulin.</strong></span> <span class='ocrx_word' id='word_1_883' title='bbox 639 5712 691 5750; x_wconf 89' lang='grc' dir='ltr'><strong>ιι.</strong></span> <span class='ocrx_word' id='word_1_884' title='bbox 729 5694 779 5748; x_wconf 81' lang='lat'><strong>6.</strong></span> <span class='ocrx_word' id='word_1_885' title='bbox 861 5705 885 5730; x_wconf 71' lang='grc' dir='ltr'>ι’</span> <span class='ocrx_word' id='word_1_886' title='bbox 920 5692 1083 5748; x_wconf 87' lang='lat' dir='ltr'><strong>Uran.</strong></span> <span class='ocrx_word' id='word_1_887' title='bbox 1120 5711 1172 5747; x_wconf 84' lang='grc' dir='ltr'><strong>ιι.</strong></span> <span class='ocrx_word' id='word_1_888' title='bbox 1207 5693 1255 5745; x_wconf 91' lang='lat' dir='ltr'><strong>&#39;l.</strong></span> 
     </span>
    </p>
   </div>
   <div class='ocr_carea' id='block_1_106' title="bbox 1261 5552 1791 5610">
    <p class='ocr_par' dir='ltr' id='par_1_106' title="bbox 1261 5552 1791 5610">
     <span class='ocr_line' id='line_1_106' title="bbox 1261 5552 1791 5610; baseline 0.006 -3"><span class='ocrx_word' id='word_1_889' title='bbox 1261 5593 1274 5607; x_wconf 93' lang='lat'><strong>.</strong></span> <span class='ocrx_word' id='word_1_890' title='bbox 1311 5552 1430 5607; x_wconf 80' lang='lat' dir='ltr'><strong>l55.</strong></span> <span class='ocrx_word' id='word_1_891' title='bbox 1511 5565 1536 5602; x_wconf 75' lang='grc' dir='ltr'><em>ε</em></span> <span class='ocrx_word' id='word_1_892' title='bbox 1574 5554 1725 5610; x_wconf 89' lang='lat' dir='ltr'><strong>Paul.</strong></span> <span class='ocrx_word' id='word_1_893' title='bbox 1758 5572 1791 5609; x_wconf 86' lang='lat' dir='ltr'><strong>e</strong></span> 
     </span>
    </p>
   </div>
   <div class='ocr_carea' id='block_1_107' title="bbox 1336 5693 1721 5759">
    <p class='ocr_par' dir='ltr' id='par_1_107' title="bbox 1336 5693 1721 5759">
     <span class='ocr_line' id='line_1_107' title="bbox 1336 5693 1721 5759; baseline 0.008 -14"><span class='ocrx_word' id='word_1_894' title='bbox 1336 5704 1357 5725; x_wconf 81' lang='grc' dir='ltr'><strong>ο</strong></span> <span class='ocrx_word' id='word_1_895' title='bbox 1390 5693 1552 5759; x_wconf 90' lang='lat' dir='ltr'><strong>lbid.,</strong></span> <span class='ocrx_word' id='word_1_896' title='bbox 1583 5693 1635 5747; x_wconf 69' lang='grc' dir='ltr'><strong>ιι.</strong></span> <span class='ocrx_word' id='word_1_897' title='bbox 1671 5694 1721 5748; x_wconf 70' lang='grc' dir='ltr'>ιι.</span> 
     </span>
    </p>
   </div>
   <div class='ocr_carea' id='block_1_108' title="bbox 1456 5553 1766 5629">
    <p class='ocr_par' dir='ltr' id='par_1_108' title="bbox 1456 5554 1766 5629">
     <span class='ocr_line' id='line_1_108' title="bbox 1456 5554 1766 5629; baseline 0.006 -21"><span class='ocrx_word' id='word_1_898' title='bbox 1456 5565 1536 5629; x_wconf 30' lang='lat'><strong>“8</strong></span> <span class='ocrx_word' id='word_1_899' title='bbox 1574 5554 1766 5629; x_wconf 66' lang='lat' dir='ltr'><strong>Paul.__&lt;</strong></span> 
     </span>
    </p>
   </div>
   <div class='ocr_carea' id='block_1_109' title="bbox 1868 5553 3470 5629">
    <p class='ocr_par' dir='ltr' id='par_1_109' title="bbox 1876 5553 3470 5629">
     <span class='ocr_line' id='line_1_109' title="bbox 1876 5553 3470 5629; baseline 0 -18"><span class='ocrx_word' id='word_1_900' title='bbox 1876 5557 1943 5629; x_wconf 60' lang='lat'><strong>53&#39;</strong></span> <span class='ocrx_word' id='word_1_901' title='bbox 1971 5555 2141 5629; x_wconf 75' lang='lat' dir='ltr'><strong>et_l8,</strong></span> <span class='ocrx_word' id='word_1_902' title='bbox 2165 5556 2225 5629; x_wconf 88' lang='lat' dir='ltr'><strong>in_</strong></span> <span class='ocrx_word' id='word_1_903' title='bbox 2242 5553 2323 5610; x_wconf 51' lang='lat' dir='ltr'><strong>tit&#39;.</strong></span> <span class='ocrx_word' id='word_1_904' title='bbox 2400 5556 2424 5592; x_wconf 74' lang='grc' dir='ltr'><strong>ιι</strong></span> <span class='ocrx_word' id='word_1_905' title='bbox 2452 5555 2551 5629; x_wconf 42' lang='lat' dir='ltr'><strong>Ep;</strong></span> <span class='ocrx_word' id='word_1_906' title='bbox 2584 5555 2672 5629; x_wconf 67' lang='grc'><strong>45,</strong></span> <span class='ocrx_word' id='word_1_907' title='bbox 2702 5557 2755 5610; x_wconf 91' lang='lat' dir='ltr'><strong>in</strong></span> <span class='ocrx_word' id='word_1_908' title='bbox 2784 5558 2863 5629; x_wconf 59' lang='lat' dir='ltr'><strong>tit.</strong></span> <span class='ocrx_word' id='word_1_909' title='bbox 2946 5556 2961 5592; x_wconf 72' lang='grc' dir='ltr'>ί</span> <span class='ocrx_word' id='word_1_910' title='bbox 2994 5553 3302 5629; x_wconf 55' lang='lat' dir='ltr'><strong>_D_issert._4_b,</strong></span> <span class='ocrx_word' id='word_1_911' title='bbox 3328 5553 3470 5629; x_wconf 66' lang='lat' dir='ltr'><strong>LIV,</strong></span> 
     </span>
    </p>
   </div>
   <div class='ocr_carea' id='block_1_110' title="bbox 1347 5622 1766 5695">
    <p class='ocr_par' dir='ltr' id='par_1_110' title="bbox 1347 5622 1766 5695">
     <span class='ocr_line' id='line_1_110' title="bbox 1347 5622 1766 5695; baseline 0.005 -18"><span class='ocrx_word' id='word_1_912' title='bbox 1347 5622 1372 5661; x_wconf 77' lang='grc' dir='ltr'>¹ι</span> <span class='ocrx_word' id='word_1_913' title='bbox 1391 5623 1523 5695; x_wconf 77' lang='lat' dir='ltr'><strong>_Vid.</strong></span> <span class='ocrx_word' id='word_1_914' title='bbox 1556 5640 1674 5695; x_wconf 92' lang='lat' dir='ltr'><strong>cap.</strong></span> <span class='ocrx_word' id='word_1_915' title='bbox 1709 5625 1766 5679; x_wconf 70' lang='lat'><strong>43</strong></span> 
     </span>
    </p>
   </div>
   <div class='ocr_carea' id='block_1_111' title="bbox 1868 5622 3476 5695">
    <p class='ocr_par' dir='ltr' id='par_1_111' title="bbox 1868 5622 3476 5695">
     <span class='ocr_line' id='line_1_111' title="bbox 1868 5622 3476 5695; baseline 0.001 -14"><span class='ocrx_word' id='word_1_916' title='bbox 1868 5668 1873 5681; x_wconf 91' lang='lat'><strong>.</strong></span> <span class='ocrx_word' id='word_1_917' title='bbox 1909 5628 1968 5695; x_wconf 78' lang='lat'><strong>3;</strong></span> <span class='ocrx_word' id='word_1_918' title='bbox 2000 5625 2088 5693; x_wconf 78' lang='grc'><strong>44,</strong></span> <span class='ocrx_word' id='word_1_919' title='bbox 2120 5643 2173 5680; x_wconf 89' lang='grc' dir='ltr'><strong>ιι.</strong></span> <span class='ocrx_word' id='word_1_920' title='bbox 2205 5625 2257 5692; x_wconf 88' lang='grc'><strong>1,</strong></span> <span class='ocrx_word' id='word_1_921' title='bbox 2288 5634 2391 5680; x_wconf 89' lang='lat' dir='ltr'><strong>etc.</strong></span> <span class='ocrx_word' id='word_1_922' title='bbox 2477 5622 2770 5694; x_wconf 48' lang='lat' dir='ltr'><strong>l&#39;Paul.ep.</strong></span> <span class='ocrx_word' id='word_1_923' title='bbox 2799 5624 2882 5690; x_wconf 79' lang='grc'><strong>49,</strong></span> <span class='ocrx_word' id='word_1_924' title='bbox 2908 5640 2959 5678; x_wconf 90' lang='grc' dir='ltr'><strong>ιι.</strong></span> <span class='ocrx_word' id='word_1_925' title='bbox 2988 5622 3071 5676; x_wconf 82' lang='grc'><strong>14.</strong></span> <span class='ocrx_word' id='word_1_926' title='bbox 3149 5632 3188 5659; x_wconf 80' lang='grc' dir='ltr'><strong>ι’·</strong></span> <span class='ocrx_word' id='word_1_927' title='bbox 3222 5622 3384 5681; x_wconf 82' lang='lat' dir='ltr'><strong>Urau.</strong></span> <span class='ocrx_word' id='word_1_928' title='bbox 3408 5627 3476 5684; x_wconf 74' lang='lat' dir='ltr'><strong>de</strong></span> 
     </span>
    </p>
   </div>
  </div>
