4056 6358
583 218 684 326 ns
1600 267 1656 321 s.
1701 260 2045 319 PAULINUS
2076 259 2392 321 NOLANUS
2432 260 2826 321 EPISCOPL’S.
3747 272 3847 329 ne

575 398 733 461 peret
759 406 783 443 ε
803 388 900 445 sed
926 387 1071 448 aliud
1109 394 1191 441 est
1209 382 1363 454 quod.
1381 383 1665 453 prudentia
1693 384 1901 439 bolnini
1946 383 2155 452 privato
2181 388 2232 442 Α
2254 378 2404 434 ’Nant
2421 380 2508 452 qui
2528 398 2877 452 corporeeum
2908 380 3077 435 videre
3100 399 3205 435 non
3232 393 3490 453 poterant,
3520 387 3712 439 saltem
3738 390 3846 458 epi-

576 482 671 551 qui
707 480 888 537 divino
916 495 976 535 se
1001 478 1261 546 obsequio
1289 491 1481 532 recens
1526 475 1725 532 addicit
1752 483 1808 530 et
1834 480 2115 532 consecrat.
2139 514 2155 539 ,
2263 471 2425 525 stolas
2452 472 2566 542 ejus
2586 473 2878 542 contingere
2909 469 3204 541 cupiebant.
3246 470 3378 526 Erat
3402 476 3541 528 enim
3576 477 3754 529 suavis
3798 483 3847 530 et

577 573 723 628 aliud
749 571 893 641 quod
920 571 1092 641 pictas
1118 570 1375 639 episcOpo
1413 569 1466 623 in
1495 569 1610 623 sola
1638 568 1840 638 pietate
1870 568 2031 635 longo
2050 566 2161 620 vir-
2261 560 2482 614 blandus
2520 564 2575 615 in
2613 563 2819 628 litteris,
2848 560 3013 615 dulcis
3040 570 3090 615 et
3126 562 3251 616 bene
3294 564 3466 617 suavis
3498 566 3552 619 in
3598 565 3843 620 versibus.

578 671 751 717 tutum
790 661 1050 716 exercitio
1073 658 1184 727 jam
1229 659 1524 713 constituto
1567 658 1823 726 suggerit.
1866 656 1935 711 Et
1969 672 2157 712 revera
2262 652 2399 715 Quid
2425 652 2615 722 plura?
2653 651 2754 705 Via:
2786 668 3110 723 quaecumque
3139 652 3201 705 de
3239 653 3330 706 illo
3369 653 3617 708 dicuntur
3655 656 3847 709 admu—

579 766 913 822 nequaquam
942 750 1252 820 imprudens
1272 749 1372 804 fuit
1398 748 1607 803 Paulini
1630 749 1824 819 pietas,
1849 759 1873 785 ³³
1897 746 2041 802 Nam
2070 751 2160 818 qui
2248 751 2387 813 teret
2408 743 2696 796 credulitas
2732 743 2878 812 ﬁdei,
2914 744 3015 797 nisi
3042 744 3385 815 propellerent
3410 761 3507 799 sua
3535 747 3681 816 facta
3704 762 3848 800 mett-

575 847 802 917 ingentia
837 844 1037 913 pradia
1079 845 1201 914 quia
1237 846 1446 915 fuerant
1475 859 1572 897 sua
1595 844 1803 896 vendita
1846 840 2156 913 pauperibus
2258 833 2487 886 άαεὶωη.

568 943 890 1007 erogaverat,
920 934 968 987 is
995 950 1110 987 cum
1140 945 1319 1004 postea
1348 937 1518 1005 {actus
1556 941 1691 987 esset
1718 933 2005 1003 episcopus,
2049 948 2156 985 non

569 1027 838 1081 contemsit
874 1025 1127 1081 Ecclesitc
1155 1025 1443 1098 facultates,
1477 1027 1568 1080 sed
1602 1025 1900 1095 ﬁdelissime
1939 1025 2153 1094 dispen-

569 1119 717 1173 sarit.
763 1116 879 1182 Quo
930 1120 1068 1190 facto
1096 1120 1223 1172 satis
1264 1117 1487 1171 ostendit
1509 1125 1558 1170 et
1584 1118 1796 1185 propria
1823 1114 2004 1169 debere
2039 1131 2153 1185 pro-

568 1216 681 1271 pter
706 1200 1070 1278 perfectionem
1088 1207 1360 1270 contemni,
1383 1214 1433 1259 et
1458 1207 1571 1259 sine
1587 1205 1948 1275 impedimento
1976 1205 2150 1275 perfe-

518 1346 521 1349 .
567 1298 753 1352 ctionis
788 1314 939 1368 posse
977 1297 1228 1351 Ecclesiae
1266 1313 1381 1366 qua:
1423 1304 1543 1350 sunt
1583 1297 1811 1367 profecto
1859 1297 2152 1350 communia

567 1388 837 1458 possideri.
862 1387 920 1442 S.
947 1387 1235 1455 Gregorius
1259 1385 1585 1441 Turonensis
1607 1385 1634 1423 ι’
1654 1400 1876 1454 magnas
1896 1385 2151 1441 Ecclesia:

564 1476 783 1534 Nolanze
809 1478 974 1534 fuisse
1006 1478 1219 1534 divitias
1261 1480 1472 1545 asserit,
1504 1487 1559 1533 et
1586 1479 1855 1533 Christum
1886 1478 2148 1548 adimple-

565 1571 703 1625 visse
732 1570 784 1624 in
813 1570 1058 1634 Paulino,
1089 1571 1183 1640 qui
1209 1572 1386 1626 omnia
1414 1578 1637 1641 propter
1657 1571 1826 1640 ipsum
1847 1570 2144 1634 dimiserat,

560 1677 682 1731 quas
720 1676 818 1731 per
844 1660 1196 1730 Evangelium
1242 1663 1557 1732 promittere
1605 1661 1854 1729 dignatus
1879 1669 1981 1726 est,
2019 1662 2145 1729 quia

561 1752 655 1820 qui
681 1760 905 1822 propter
931 1753 1104 1822 ipsum
1127 1752 1404 1821 reliquerit
1425 1753 1622 1814 omnia,
1645 1752 1955 1822 centuplum
1976 1752 2029 1807 in
2046 1753 2148 1806 hac
2179 1743 2222 1802 Β

561 1840 674 1895 vita
699 1840 929 1910 accipiet
976 1859 989 1895 :
1030 1840 1175 1910 quod
1202 1856 1325 1896 meo
1369 1839 1584 1910 quidem
1618 1840 1821 1909 judicio
1850 1856 1960 1895 non
1987 1841 2146 1896 facile

562 1932 902 2001 probaverit;
933 1932 1012 1989 sic
1057 1934 1200 1988 enim
1242 1934 1588 2002 prosequitur
1618 1932 1848 1989 Uranius
1876 1944 1898 1970 °
1933 1952 1946 1987 :
1977 1933 2144 2006 Ergo,

560 2032 617 2076 ut
645 2022 814 2078 dicere
842 2040 1113 2095 carperent,
1145 2026 1245 2096 fuit
1274 2036 1571 2079 mansuetus
1608 2035 1666 2079 ut
1692 2024 1899 2097 Moyses
1918 2068 1935 2097 ,η
1965 2043 2143 2081 sacer-

558 2114 751 2169 dotalis
795 2125 851 2169 ut
878 2117 1074 2180 Aaron,
1105 2118 1353 2171 innocens
1395 2126 1454 2171 ut
1492 2116 1727 2186 Samuel,
1766 2121 2059 2175 misericors
2087 2128 2144 2172 ut

557 2204 747 2268 David,
761 2208 968 2276 sapiens
994 2217 1050 2260 ut
1072 2208 1342 2273 Salomon,
1368 2209 1678 2277 apostolicus
1694 2219 1751 2262 ut
1770 2210 1977 2276 Petrus,
1995 2228 2143 2265 ama-

560 2296 675 2352 bilis
698 2307 753 2350 ut
779 2297 1067 2362 Iohannes,
1092 2310 1271 2353 cautus
1290 2311 1345 2353 ut
1375 2299 1618 2367 Thomas,
1636 2301 1819 2355 doctor
1840 2311 1896 2355 ut
1918 2301 2139 2371 Paulus,

558 2388 735 2442 videns
771 2396 828 2441 ut
858 2388 1173 2459 Stephanus,
1208 2392 1406 2461 fervens
1433 2398 1489 2443 ut
1530 2390 1734 2461 Apollo.
1776 2389 1856 2445 De
1886 2393 2140 2447 sollicitu-

558 2477 681 2531 dine
726 2486 897 2531 autem
923 2488 973 2532 et
1023 2495 1149 2532 cura
1174 2477 1521 2533 Ecclesiarum
1547 2519 1563 2545 ,
1590 2483 1646 2535 in
1674 2482 1781 2552 ﬁde
1826 2492 1875 2536 et
1921 2484 2141 2537 caritate

556 2582 734 2620 omnes
762 2567 1026 2636 apostolos
1051 2576 1100 2620 et
1128 2569 1393 2638 episcopos
1421 2571 1651 2624 imitatus
1676 2580 1773 2625 est.
1806 2570 1936 2627 Haec
1961 2573 2139 2627 omnia

554 2648 608 2707 in
630 2670 687 2707 se
711 2653 908 2719 habuit,
938 2655 1047 2709 liceo
1068 2658 1122 2709 in
1151 2666 1377 2729 tempore
1403 2662 1805 2715 conversationis
1831 2679 1941 2716 sua:
1966 2664 2136 2733 ﬁdeli-

555 2753 632 2798 ter
650 2733 991 2799 custodiuit.li
1018 2746 1088 2800 Et
1109 2764 1221 2801 vere
1242 2749 1364 2802 talis
1389 2760 1500 2802 erat
1540 2761 1598 2803 ut
1623 2751 1688 2805 ab
1719 2753 1956 2807 omnibus
1988 2770 2137 2807 ama-

555 2844 696 2889 retur
718 2853 736 2890 :
760 2838 886 2891 vixit
921 2840 1058 2892 enim
1085 2842 1282 2894 cunctis
1302 2843 1355 2895 in
1383 2834 1675 2912 exemplum
1699 2847 2026 2916 acquirendae
2048 2865 2136 2901 sa-

554 2926 709 2992 lutis,
739 2937 789 2981 et
820 2930 876 2982 in
898 2932 1223 3001 refrigerium
1247 2934 1636 2989 consolationis.
1681 2935 1869 3007 Neque
1893 2940 2029 2992 enim
2057 2957 2136 2994 so-

552 3017 654 3083 lius
679 3017 789 3071 lucc
810 3035 926 3073 mea
953 3036 1051 3074 vox
1073 3030 1150 3075 est
1179 3038 1197 3075 :
1222 3031 1372 3076 testes
1390 3032 1509 3076 sunt
1536 3040 1711 3078 omnes
1737 3028 2033 3095 provinciae,
2057 3037 2133 3080 te-

553 3108 646 3161 stis
665 3118 742 3161 est
765 3111 933 3163 omnis
954 3119 1088 3164 terra
1108 3129 1261 3182 quam
1285 3112 1549 3167 Romanus
1569 3113 1706 3169 orbis
1728 3115 1964 3181 includit,
1983 3125 2134 3172 testes
2161 3114 2203 3170 C

552 3199 709 3251 etiam
757 3210 882 3253 sum
920 3198 1155 3255 barbara:
1206 3204 1443 3257 nationes
1490 3205 1559 3257 ad
1598 3220 1724 3277 quas
1779 3208 1924 3277 fama
1963 3208 2142 3262 damni

553 3286 767 3347 Paulini
782 3299 1102 3358 pervenerat.
1130 3300 1154 3328 ε
1176 3289 1291 3344 Nec
1304 3294 1560 3348 immerito
1574 3294 1638 3347 ab
1668 3294 1906 3349 omnibus
1924 3298 2141 3351 amaba-

552 3386 654 3444 tur,
681 3379 767 3448 qui
795 3378 977 3432 aderat
1006 3380 1260 3435 omnibus.
1288 3384 1448 3448 Quem
1470 3387 1607 3438 enim
1625 3387 1884 3456 jacentem
1911 3406 2014 3443 non
2041 3407 2138 3443 sua

552 3467 765 3522 dextera
811 3471 1015 3523 erexit?
1038 3489 1185 3541 quem
1220 3474 1635 3544 interpellantem
1662 3495 1718 3531 se
1762 3495 1867 3533 non
1902 3482 1989 3551 pia
2017 3500 2138 3537 voce

553 3562 842 3616 consolatus
869 3564 982 3617 est?
1000 3562 1134 3618 Erat
1160 3567 1298 3619 enim
1322 3569 1455 3636 pius,
1506 3570 1817 3635 misericors,
1854 3574 2059 3628 humilis
2086 3585 2137 3629 et

553 3650 829 3722 benignus;
860 3654 1056 3707 nullum
1082 3671 1349 3723 spernens,
1374 3658 1570 3710 nullum
1606 3659 1910 3729 despiciens.
1945 3660 2133 3717 Omni-

551 3736 642 3792 bus
692 3739 965 3805 tribuebat,
1016 3743 1252 3797 omnibus
1293 3745 1640 3817 indulgebat:
1670 3751 1939 3804 animabat
1975 3758 2125 3823 trepi-

430 3848 436 3857 ·
548 3829 663 3893 dos,
698 3830 970 3902 mitigabat
999 3834 1277 3901 violentos;
1308 3836 1400 3889 ltos
1439 3836 1627 3903 verbis,
1670 3840 1791 3893 illos
1838 3842 2134 3912 aediﬁcabat

547 3922 782 4004 esemplo
819 3939 838 3976 :
884 3923 1017 3977 alios
1067 3926 1320 3997 epistolis,
1363 3928 1499 3982 alios
1538 3930 1791 3985 sumtibus
1827 3933 2129 4004 adjusabat.

550 3993 744 4066 Nullas
783 4030 926 4083 opes,
969 3993 1141 4070 nullas
1181 4017 1388 4072 divitias
1413 4059 1429 4084 ,
1480 4021 1582 4074 nisi
1612 4038 1740 4093 quas
1781 3993 1974 4079 sanctis
2021 4028 2128 4081 suis

547 4099 785 4158 Christus
823 4108 1134 4175 promiserat
1179 4110 1488 4165 mirabatur.
1538 4114 1732 4168 Aurum
1759 4125 1911 4187 atque
1937 4134 2127 4189 argen-

546 4203 672 4267 tum,
705 4209 753 4249 et
781 4209 949 4251 cetera
978 4201 1052 4253 sic
1077 4202 1374 4270 deﬁniebat,
1410 4215 1465 4257 ut
1490 4222 1555 4258 ea
1579 4205 1676 4260 sibi
1706 4208 1777 4261 ad
1804 4209 2125 4279 largiendum

545 4280 831 4338 liberalitas
855 4327 869 4352 ,
905 4302 1008 4340 non
1046 4292 1117 4340 ad
1154 4293 1473 4347 retinendum
1520 4297 1778 4359 cupiditas
1818 4300 2127 4353 uindicaret.

550 4374 615 4427 Et
647 4385 703 4426 ut
743 4376 960 4428 breuiter
986 4378 1176 4441 dicam,
1225 4385 1398 4434 omnia
1428 4385 1565 4438 bona
1602 4388 1656 4438 in
1697 4403 1751 4439 se
1789 4388 1967 4442 [tabuit
2004 4394 2127 4460 quia

545 4460 805 4518 Christum
830 4467 1020 4519 amavit
1051 4468 1269 4523 :habuit
1295 4472 1430 4525 enim
1458 4475 1635 4542 ﬁdem,
1659 4481 2120 4546 mansuetudinem,
2155 4490 2205 4549 υ

545 4569 721 4609 curam
745 4557 1118 4625 proximorum,
1139 4561 1316 4631 jugem
1340 4580 1434 4634 pro
1456 4566 1658 4621 miseris
1702 4570 2122 4640 sollicitudinem,

546 4647 951 4715 compassionem
978 4666 1072 4719 pro
1104 4652 1346 4721 inﬁrmis,
1376 4656 1509 4711 nihil
1543 4659 1685 4713 aliud
1722 4662 2002 4731 respiciens
2021 4664 2127 4717 nisi

543 4749 721 4803 pacem
746 4746 797 4790 et
816 4739 1111 4806 caritatem,
1142 4742 1281 4798 solus
1309 4761 1528 4816 uanique
1555 4752 1898 4815 mendicabat,
1930 4762 1987 4805 ut
2009 4770 2123 4807 om—

544 4821 697 4877 nibus
721 4827 1026 4885 abundaret.
1058 4831 1291 4907 Denique
1314 4838 1425 4908 quis
1455 4838 1600 4897 locus
1618 4851 1697 4894 est
1723 4844 1778 4895 in
1807 4842 1930 4896 orbe
1958 4853 2123 4899 terra-

543 4929 679 4978 rum,
720 4933 835 4986 que
860 4919 1102 4989 solitudo,
1134 4941 1247 4996 quo:
1272 4929 1459 4994 maria,
1487 4944 1600 5001 quia
1630 4933 1693 4987 S.
1722 4932 1935 4989 Paulini
1964 4936 2118 4991 bene-

494 5058 505 5071 ,
540 5007 665 5075 ﬁcia
693 5025 798 5063 non
821 5019 1132 5072 senserunt?
1161 5016 1354 5075 Omnes
1381 5037 1497 5075 eum
1518 5039 1797 5095 agnoscere
1828 5030 2121 5098 cupiebant,

539 5115 722 5153 omnes
755 5102 926 5156 sidere
963 5105 1344 5164 desiderabant.
1379 5108 1509 5175 Quis
1551 5114 1619 5167 ad
1662 5116 1809 5171 illum
1830 5134 1933 5173 non
1972 5120 2121 5175 laetus

537 5191 781 5246 advenit?
808 5203 897 5247 aut
923 5197 1036 5264 quis
1058 5196 1122 5251 ab
1148 5200 1241 5253 illo
1278 5219 1379 5255 non
1420 5206 1805 5267 desideraturus
1838 5211 2121 5265 abscessit?

2876 899 3105 957 CAPUT
3134 901 3219 958 ιι.

2266 990 2611 1067 Valgius,_qui
2630 1002 2679 1046 et
2714 992 2911 1067 Victor,
2941 995 3080 1047 solus
3101 995 3155 1048 in
3168 996 3360 1067 _navie
3383 997 3665 1067 naufragio
3686 1014 3850 1067 serua-

2327 1061 2425 1114 tur.
2473 1061 2614 1115 Νοια
2659 1079 2691 1115 a
2735 1061 2915 1117 Gothis
2957 1073 3127 1121 capta.
3159 1062 3415 1118 Paulinus
3454 1061 3598 1119 alter'
3617 1067 3760 1121 apud
3786 1066 3843 1121 S.

2327 1130 2608 1207 Paulinum
2635 1128 2695 1188 se'
2715 1134 2914 1207 recipit.
2944 1128 3204 1207 Adversus
3231 1132 3550 1207 Pelagianos
3576 1128 3845 1207 epistolam

2323 1200 2390 1256 S.
2415 1200 2638 1256 Paulino
2663 1200 2841 1256 scribit
2860 1201 3200 1274 Augustinus.

2320 1341 2430 1413 9o
2456 1341 2506 1395 l.
2536 1340 2652 1395 Jam
2683 1350 2801 1395 erat
2834 1340 3087 1397 Paulinus
3114 1337 3135 1379 τ
3164 1343 3339 1413 exigui
3369 1345 3540 1414 gregis
3560 1355 3765 1415 pastor,
3795 1345 3843 1401 id

2251 1439 2334 1486 est
2362 1428 2578 1486 Nolana:
2618 1430 2866 1486 Ecclesia:
2889 1432 3171 1503 episcopus
3197 1474 3213 1500 ,
3242 1448 3365 1488 cum
3392 1433 3592 1489 accidit
3621 1434 3842 1490 historia

2250 1521 2511 1577 mirabilis
2557 1524 2754 1577 servati
2797 1539 2829 1579 e
2874 1523 3152 1593 naufragio
3176 1525 3350 1594 Valgii
3375 1569 3391 1594 ,
3440 1527 3533 1595 qui
3568 1536 3697 1598 post
3724 1544 3842 1584 cum

2251 1625 2435 1666 casum
2460 1611 2689 1668 Victoris
2720 1629 2916 1669 nomen
2943 1615 3165 1670 sortitus
3191 1626 3293 1672 est.
3344 1616 3580 1687 Tempus
3619 1618 3842 1688 hujusce

2249 1717 2405 1758 casus
2433 1702 2596 1758 fixum
2616 1706 2837 1760 omnino
2866 1714 3104 1761 statuere
3134 1723 3243 1762 non
3263 1724 3569 1778 possumus.
3600 1709 3840 1766 Contex-

2251 1798 2363 1845 tum
2394 1792 2631 1847 historiae
2660 1802 2843 1851 narrat
2871 1792 3126 1850 Paulinus
3155 1795 3207 1850 in
3237 1797 3465 1866 epistola
3496 1800 3842 1869 quadragesi-

2247 1899 2333 1937 ma
2354 1900 2498 1938 nona
2526 1885 2980 1954 quemadmodum
3008 1886 3097 1941 ille
3136 1902 3167 1941 a
3194 1886 3414 1943 Christo
3437 1888 3494 1943 S.
3526 1888 3729 1945 Felicis
3753 1908 3843 1961 pa-

2247 1975 2475 2030 trocinio
2521 1991 2552 2030 e
2599 1976 2877 2045 naufragio
2917 1986 3161 2033 servatus
3188 1979 3291 2035 sit:
3333 1996 3494 2049 quam
3523 1980 3597 2036 ob
3622 1997 3840 2037 causam

2246 2065 2383 2121 forte
2403 2066 2600 2121 Nolam
2629 2077 2652 2116 ις
2677 2068 2861 2123 venire
2890 2070 3199 2139 compulsus
3228 2077 3310 2125 est
3334 2068 3571 2139 Valgius,
3598 2071 3693 2126 ubi
3714 2073 3843 2128 dicit

2244 2156 2499 2213 Paulinus
2528 2156 2554 2195 ιι
2589 2167 2698 2212 tam
2728 2158 2955 2227 insignia
2994 2160 3090 2215 Dei
3136 2160 3394 2214 miracula
3420 2176 3480 2215 se
3508 2162 3647 2218 adeo
3679 2163 3841 2217 admi-

2242 2257 2420 2304 ratum
2441 2250 2628 2319 luisse,
2657 2259 2718 2305 ut
2738 2267 2877 2321 pene
2907 2251 2958 2305 in
2984 2252 3158 2323 ipsum
3188 2244 3371 2306 senem
3394 2252 3629 2309 crudelis
3656 2253 3840 2317 fuerit,

2242 2345 2298 2393 et
2321 2348 2529 2408 partem
2560 2341 2704 2395 auris
2731 2341 3051 2415 servandam
3071 2343 3333 2399 voluisset
3362 2344 3711 2411 abscindere,
3741 2347 3838 2400 nisi

2240 2431 2293 2484 in
2322 2431 2413 2486 illo
2456 2433 2691 2487 vulneris
2735 2448 2826 2488 res
2872 2434 3079 2489 fuisset.
3130 2435 3358 2491 Videtur
3394 2434 3553 2508 iipse
3584 2436 3843 2493 Paulinus

2236 2536 2420 2579 scnem
2451 2522 2694 2591 Valgium
2736 2524 3012 2592 naufragio
3052 2536 3295 2597 ereptum
3339 2527 3492 2596 aquis
3529 2527 3838 2582 lustralibus

2238 2600 2496 2676 abluisse,
2523 2612 2713 2682 illique
2740 2611 2753 2663 i
2788 2612 3019 2668 Victoris
3048 2630 3246 2669 nomen
3277 2615 3330 2669 in
3363 2616 3480 2684 ipso
3507 2616 3842 2686 baptismate

2237 2701 2509 2756 indidisse.
2552 2702 2712 2758 Navis
2738 2702 2762 2739 ιε
2786 2719 2907 2773 qua:
2947 2712 3064 2758 erat
3102 2704 3705 2773 cujusdamChristiani
3736 2706 3833 2762 Se-

2236 2791 2543 2846 cundiniani
2576 2792 2821 2859 nomine,
2847 2801 2903 2847 et
2931 2794 2983 2847 in
3011 2809 3117 2862 qua
3146 2803 3391 2849 servatus
3418 2794 3546 2860 luit,
3578 2797 3697 2851 sine
3727 2797 3837 2851 ullo

2234 2878 2430 2934 damno
2475 2881 2657 2936 oneris
2691 2880 2703 2917 ¹
2735 2882 2788 2935 in
2820 2881 3155 2937 Lucanorum
3202 2892 3257 2938 et
3295 2883 3607 2939 Brutiorum
3651 2887 3829 2941 littore

2234 2972 2435 3042 allapsa
2456 2980 2559 3036 est,
2582 2988 2691 3042 quo
2713 2983 2750 3009 ω
2776 2971 3148 3029 Posthumiani
3170 2976 3435 3031 senatoris
3452 2976 3688 3031 Romani
3710 2993 3832 3047 pos-
3882 3023 3889 3027 _

2237 3064 2408 3119 sessio
2431 3065 2688 3120 adluitur.
2732 3064 3099 3122 Posthumiani
3122 3077 3441 3138 procurator
3461 3086 3654 3125 navem
3688 3072 3827 3126 illico

2244 3157 2566 3231 occupavit,
2598 3164 2653 3211 et
2681 3166 2892 3227 captam
2922 3159 3260 3224 vacuefecit,
3292 3160 3377 3215 cui
3406 3170 3432 3196 υ
3461 3171 3666 3231 prteter
3696 3178 3829 3217 onus

2242 3230 2509 3316 publicum
2540 3244 2692 3318 plu'ra
2717 3250 2878 3303 etiam
2908 3249 2973 3304 de
3002 3251 3283 3321 stipendiis
3310 3261 3364 3307 et
3392 3230 3619 3322 peculiis
3650 3256 3835 3308 nauti—

2240 3337 2318 3392 cis
2348 3339 2577 3393 inerant.
2611 3348 2636 3375 °
2666 3339 2840 3410 Super
2882 3341 2986 3395 hoc
3028 3341 3314 3397 latrocinio
3358 3344 3500 3413 apud
3538 3346 3829 3415 provincia:

2233 3424 2468 3494 judicem
2492 3427 2746 3497 deposita:
2766 3428 2881 3498 jam
2910 3446 3051 3499 sarpe
3071 3429 3284 3486 fuerant
3308 3434 3561 3501 querclm,
3595 3435 3691 3489 sed
3712 3452 3832 3505 pro-

2238 3529 2459 3578 curator
2483 3520 2659 3589 primo
2698 3521 2751 3574 vi
2780 3521 3061 3576 rebellai/it
3089 3523 3346 3578 adversus
3370 3526 3720 3594 provincialis
3743 3526 3828 3595 ju-

2236 3608 2371 3664 dicis
2400 3610 2577 3666 edicta
2605 3611 2828 3681 ejusque
2857 3613 3163 3681 ministros,
3193 3623 3380 3684 postea
3430 3614 3661 3670 Romam
3697 3633 3825 3687 pro-

2237 3698 2404 3769 fugit,
2436 3716 2545 3769 quo
2587 3700 3011 3758 Secundinianns
3040 3719 3162 3758 cum
3212 3704 3431 3759 Victore
3469 3722 3531 3761 se
3571 3708 3824 3762 contulit.

2236 3790 2557 3846 Rescribens
2585 3791 2821 3848 Macario
2850 3791 3135 3860 Paulinus,
3167 3811 3290 3850 eum
3318 3806 3346 3845 P
3375 3805 3631 3866 precatus
3654 3806 3740 3853 est
3768 3807 3827 3852 ut

2234 3880 2676 3937 Posthumianum
2726 3883 2793 3937 ad
2834 3882 2953 3952 jura
2978 3884 3191 3953 pietatis
3220 3893 3275 3938 et
3303 3885 3525 3953 justitize
3552 3885 3705 3955 leges
3729 3887 3825 3941 ad-

2230 3973 2485 4035 duceret,
2534 3973 2840 4043 faceretque
2870 3983 2928 4028 ut
2963 3990 2993 4029 a
3018 3984 3370 4044 procuratore
3400 3976 3578 4031 ablata
3619 3968 3828 4033 solistu-
3864 4010 3873 4019 -

2232 4061 2393 4115 modo
2423 4064 2837 4117 restituerentur
2869 4082 2883 4129 ;
2925 4065 3073 4134 quod
3099 4066 3242 4121 enim
3284 4076 3493 4137 spectat
3520 4068 3589 4122 ad
3617 4085 3830 4125 sumen-

2230 4152 2323 4207 das
2353 4152 2420 4207 de
2448 4169 2513 4207 eo
2557 4170 2773 4223 poenas,
2808 4165 2927 4209 orat
2964 4155 3219 4212 Paulinus
3254 4157 3541 4213 Macarium
3571 4170 3634 4214 ut
3662 4162 3733 4215 ab
3763 4163 3827 4217 iis

2228 4244 2579 4298 abstineatur.
2639 4245 2862 4298 Videtur
2909 4246 2995 4301 ille
3043 4246 3206 4302 fuisse
3235 4247 3499 4303 Macarius
3526 4250 3641 4319 qui,
3673 4262 3829 4321 post-

2228 4349 2389 4400 quam
2435 4334 2663 4388 virarius
2693 4334 3063 4404 praefectorum
3089 4334 3353 4405 exstitit,‘
3378 4339 3564 4395 Romm
3595 4340 3697 4395 fuit
3723 4342 3828 4397 hoc

2234 4432 2476 4493 tempore
2520 4427 2719 4496 pietate
2767 4429 2997 4483 maxime
3038 4439 3093 4483 et
3120 4432 3344 4487 scicntia
3375 4433 3740 4503 percelebris,
3773 4445 3829 4490 et

2229 4514 2312 4568 cui
2334 4554 2346 4576 ,
2379 4528 2438 4566 ut
2464 4514 2622 4570 docet
2650 4516 2974 4583 Augustinus
3004 4531 3029 4569 (ι
3057 4522 3323 4591 prolixam
3354 4521 3609 4578 Paulinus
3638 4536 3829 4581 noster

2229 4601 2296 4656 de
2322 4612 2492 4658 morte
2518 4606 2698 4660 uxoris
2721 4609 3141 4665 consolatoriam
3160 4612 3382 4669 dederat
3401 4617 3709 4686 epistolam.

2529 4762 2647 4800 us.
2679 4749 3033 4814 cuatsnblon,
3064 4749 3187 4819 bll,
3220 4752 3351 4821 ΗΞ,
3372 4756 3496 4809 415.

2297 4855 2355 4910 2.
2391 4855 2629 4915 Celebris
2672 4868 2757 4914 est
2795 4860 2979 4917 Roma:
3003 4866 3304 4921 vastatione
3330 4883 3503 4923 annuus
3530 4868 3637 4924 410
3658 4880 3683 4907 τ
3708 4886 3832 4940 quo

2228 4945 2468 5002 Alaricus
2515 4948 2814 5005 Gothorum
2858 4968 2952 5007 rex
2999 4952 3071 5006 24
3110 4956 3333 5027 Augusti
3378 4959 3466 5013 die
3500 4959 3703 5015 Urbem
3731 4963 3829 5017 in-

2225 5051 2437 5104 gressus
2459 5037 2717 5110 traditur,
2758 5057 2822 5096 cx
2872 5059 3045 5113 caque
3089 5047 3346 5115 vigesimo
3389 5059 3544 5105 sexto
3573 5050 3828 5120 ejusdem

2225 5130 2427 5185 mensis
2461 5144 2710 5199 egressus
2735 5142 2755 5168 ⁸
2787 5133 3133 5206 Campaniam
3157 5138 3351 5196 deinde
3391 5142 3679 5212 populatus
3707 5155 3821 5201 est.

2224 5217 2580 5275 Relerendum
2603 5232 2684 5277 est
2717 5225 2735 5259 ί
2770 5222 3014 5294 profecto
3050 5228 3118 5282 ad
3148 5229 3278 5283 illud
3304 5238 3521 5303 tempus
3544 5233 3691 5302 quod
3727 5235 3824 5289 di-
3890 5252 3901 5261 '

608 5357 1011 5451 f-gnllPumer.
1034 5361 1280 5451 .dejVitu
1302 5370 1616 5451 _contempl.
1658 5371 1695 5424 Ι.
1727 5389 1786 5451 ιιΔ
1812 5389 1860 5428 c.
1891 5372 1975 5451 9L
2020 5373 2233 5451 b__Creg.
2269 5377 2396 5451 Tur.
2428 5380 2494 5435 de
2521 5380 2670 5437 Glor.
2712 5382 2956 5441 Confess.
2996 5402 3051 5440 η.
3083 5386 3205 5442 107.
3284 5400 3306 5428 ο
3342 5388 3507 5444 Uran.
3542 5391 3613 5446 de
3642 5391 3821 5451 Obitu

538 5424 899 5521 Pai't‘litil.n._7.
928 5432 1001 5521 ad
1030 5433 1274 5521 Ιιὲἱξίιηρ.
1300 5438 1351 5489 s.
1393 5449 1455 5521 ,ο
1485 5424 1638 5521 una,
1672 5424 1853 5521 ιεςρξ-
1891 5424 1909 5482 ἐ
1931 5424 2687 5521 'PagliitiiéiifisSLnTH‘if"is
2715 5424 2956 5517 ῑιῆἱίἶῖἷῖῖ
2983 5424 3051 5510 ἐῗ
3087 5424 3147 5493 ’ῖῖ
3158 5424 3325 5521 ibid;
3346 5424 3821 5520 7.173.."‘737'6331

542 5500 564 5595 ξ.
590 5497 879 5595 liuidum;
896 5502 978 5595 3.
1019 5501 1085 5595 ut
1111 5502 1410 5595 121g...”
1445 5497 1635 5595 eius;
1694 5510 1900 5595 lima,
1932 5497 2141 5595 1]λὸέί

2241 5497 2262 5570 ,⁷
2309 5497 2639 5595 ἰᾶυ⁷ᾑξίἀῖζ’ῃ.
2677 5497 2874 5576 ιζ’Ἴῖ
2894 5497 3052 5590 ἰίἱίίῖξ,
3082 5543 3134 5580 η.
3168 5497 3326 5581 ΓὛῦ
3354 5497 3738 5595 i't;:.7,"....'e.".'

537 5573 564 5642 ξ’
589 5565 726 5642 l_bid.
793 5582 818 5620 (ι
849 5572 978 5641 Aug.
1011 5590 1097 5642 ep.
1132 5565 1331 5634 Ξόυξιι.
1370 5578 1416 5631 l.

543 5640 558 5672 ⁸
592 5636 789 5693 Bacon.
836 5636 1092 5712 amvi“),
1147 5645 1173 5715 §
1206 5644 1292 5699 46.

1498 5591 1517 5619 τ
1543 5580 1857 5651 Theophan.
1883 5594 1938 5638 et
1965 5584 2121 5640 Cros.
2153 5588 2185 5640 Ι.
2220 5604 2274 5649 u,
2305 5606 2354 5641 «τ.
2395 5589 2474 5654 l9;
2508 5580 2562 5645 et
2592 5592 2628 5645 l.
2658 5609 2823 5658 vn,.c.
2856 5594 2943 5649 39.

3025 5586 3048 5630 ί
3075 5595 3405 5667 Philostorg.
3454 5586 3625 5670 l.'xu,
3658 5620 3715 5657 c.
3752 5603 3823 5660 4.
3908 5586 3923 5599 ’
