  <div class='ocr_page' id='page_1' title='image "/cluster/home/n/w/nwhite01/storage/ocr_20150623/61/hvd.32044004824777/064.png"; bbox 0 0 4056 6358; ppageno 0'>
   <div class='ocr_carea' id='block_1_1' title="bbox 234 348 334 402">
    <p class='ocr_par' dir='ltr' id='par_1_1' title="bbox 234 348 334 402">
     <span class='ocr_line' id='line_1_1' title="bbox 234 348 334 402; baseline -0.02 0"><span class='ocrx_word' id='word_1_1' title='bbox 234 348 334 402; x_wconf 86' lang='grc'>11⁵1</span> 
     </span>
    </p>
   </div>
   <div class='ocr_carea' id='block_1_2' title="bbox 1608 333 2104 390">
    <p class='ocr_par' dir='ltr' id='par_1_2' title="bbox 1608 333 2104 390">
     <span class='ocr_line' id='line_1_2' title="bbox 1608 333 2104 390; baseline 0 -2"><span class='ocrx_word' id='word_1_2' title='bbox 1608 333 2104 390; x_wconf 67' lang='lat' dir='ltr'><strong>PROLISGOMENA</strong></span> 
     </span>
    </p>
   </div>
   <div class='ocr_carea' id='block_1_3' title="bbox 3383 331 3482 384">
    <p class='ocr_par' dir='ltr' id='par_1_3' title="bbox 3383 331 3482 384">
     <span class='ocr_line' id='line_1_3' title="bbox 3383 331 3482 384; baseline -0.01 0"><span class='ocrx_word' id='word_1_3' title='bbox 3383 331 3482 384; x_wconf 87' lang='grc'>118</span> 
     </span>
    </p>
   </div>
   <div class='ocr_carea' id='block_1_4' title="bbox 234 438 3483 526">
    <p class='ocr_par' dir='ltr' id='par_1_4' title="bbox 234 438 3483 526">
     <span class='ocr_line' id='line_1_4' title="bbox 234 438 3483 526; baseline -0.007 -11"><span class='ocrx_word' id='word_1_4' title='bbox 234 461 306 516; x_wconf 93' lang='lat' dir='ltr'><strong>cit</strong></span> <span class='ocrx_word' id='word_1_5' title='bbox 335 457 680 526; x_wconf 75' lang='lat' dir='ltr'><strong>Augustinus,</strong></span> <span class='ocrx_word' id='word_1_6' title='bbox 707 465 732 493; x_wconf 79' lang='grc' dir='ltr'><strong>ι</strong></span> <span class='ocrx_word' id='word_1_7' title='bbox 757 455 942 511; x_wconf 83' lang='lat' dir='ltr'><strong>Nolam</strong></span> <span class='ocrx_word' id='word_1_8' title='bbox 964 451 1170 509; x_wconf 78' lang='lat' dir='ltr'><strong>scilicet</strong></span> <span class='ocrx_word' id='word_1_9' title='bbox 1187 453 1459 506; x_wconf 72' lang='lat' dir='ltr'><strong>obsessam</strong></span> <span class='ocrx_word' id='word_1_10' title='bbox 1488 464 1517 502; x_wconf 92' lang='lat' dir='ltr'><strong>a</strong></span> <span class='ocrx_word' id='word_1_11' title='bbox 1541 448 1800 512; x_wconf 83' lang='lat' dir='ltr'><strong>barbaris,</strong></span> <span class='ocrx_word' id='word_1_12' title='bbox 1830 448 1878 506; x_wconf 76' lang='grc' dir='ltr'>Α</span> <span class='ocrx_word' id='word_1_13' title='bbox 1909 447 1980 499; x_wconf 88' lang='lat' dir='ltr'><strong>tia</strong></span> <span class='ocrx_word' id='word_1_14' title='bbox 2009 445 2187 499; x_wconf 89' lang='lat' dir='ltr'><strong>divina</strong></span> <span class='ocrx_word' id='word_1_15' title='bbox 2217 445 2391 499; x_wconf 78' lang='lat' dir='ltr'><strong>fuerat</strong></span> <span class='ocrx_word' id='word_1_16' title='bbox 2417 445 2739 499; x_wconf 87' lang='lat' dir='ltr'><strong>constitutus</strong></span> <span class='ocrx_word' id='word_1_17' title='bbox 2768 443 2876 498; x_wconf 86' lang='lat' dir='ltr'><strong>Deo</strong></span> <span class='ocrx_word' id='word_1_18' title='bbox 2897 441 3094 511; x_wconf 86' lang='lat' dir='ltr'><strong>gratias</strong></span> <span class='ocrx_word' id='word_1_19' title='bbox 3123 448 3323 510; x_wconf 84' lang='lat' dir='ltr'><strong>ageret.</strong></span> <span class='ocrx_word' id='word_1_20' title='bbox 3360 438 3483 492; x_wconf 76' lang='lat' dir='ltr'><strong>Non</strong></span> 
     </span>
    </p>
   </div>
   <div class='ocr_carea' id='block_1_5' title="bbox 234 544 1806 623">
    <p class='ocr_par' dir='ltr' id='par_1_5' title="bbox 234 544 1806 623">
     <span class='ocr_line' id='line_1_5' title="bbox 234 544 1806 623; baseline -0.006 -15"><span class='ocrx_word' id='word_1_21' title='bbox 234 569 337 623; x_wconf 91' lang='lat' dir='ltr'><strong>quo</strong></span> <span class='ocrx_word' id='word_1_22' title='bbox 365 561 606 622; x_wconf 88' lang='lat' dir='ltr'><strong>tempore</strong></span> <span class='ocrx_word' id='word_1_23' title='bbox 633 551 851 620; x_wconf 87' lang='lat' dir='ltr'><strong>hujusce</strong></span> <span class='ocrx_word' id='word_1_24' title='bbox 873 549 1017 604; x_wconf 90' lang='lat' dir='ltr'><strong>urbis</strong></span> <span class='ocrx_word' id='word_1_25' title='bbox 1039 547 1243 604; x_wconf 85' lang='lat' dir='ltr'><strong>civibus</strong></span> <span class='ocrx_word' id='word_1_26' title='bbox 1269 548 1414 602; x_wconf 89' lang='lat' dir='ltr'><strong>visus</strong></span> <span class='ocrx_word' id='word_1_27' title='bbox 1436 554 1518 601; x_wconf 90' lang='lat' dir='ltr'><strong>est</strong></span> <span class='ocrx_word' id='word_1_28' title='bbox 1543 544 1600 600; x_wconf 91' lang='lat' dir='ltr'><strong>S.</strong></span> <span class='ocrx_word' id='word_1_29' title='bbox 1632 545 1806 611; x_wconf 79' lang='lat' dir='ltr'><strong>Felix,</strong></span> 
     </span>
    </p>
   </div>
   <div class='ocr_carea' id='block_1_6' title="bbox 235 638 1803 714">
    <p class='ocr_par' dir='ltr' id='par_1_6' title="bbox 235 638 1803 714">
     <span class='ocr_line' id='line_1_6' title="bbox 235 638 1803 714; baseline -0.006 -16"><span class='ocrx_word' id='word_1_30' title='bbox 235 645 424 714; x_wconf 88' lang='lat' dir='ltr'><strong>quibus</strong></span> <span class='ocrx_word' id='word_1_31' title='bbox 445 644 555 711; x_wconf 89' lang='lat' dir='ltr'><strong>jam</strong></span> <span class='ocrx_word' id='word_1_32' title='bbox 584 651 662 696; x_wconf 92' lang='lat' dir='ltr'><strong>tot</strong></span> <span class='ocrx_word' id='word_1_33' title='bbox 691 643 904 712; x_wconf 87' lang='lat' dir='ltr'><strong>pietatis</strong></span> <span class='ocrx_word' id='word_1_34' title='bbox 931 656 1038 695; x_wconf 79' lang='lat' dir='ltr'><strong>suae</strong></span> <span class='ocrx_word' id='word_1_35' title='bbox 1068 649 1379 709; x_wconf 88' lang='lat' dir='ltr'><strong>argumenta</strong></span> <span class='ocrx_word' id='word_1_36' title='bbox 1410 638 1612 694; x_wconf 81' lang='lat' dir='ltr'><strong>crebris</strong></span> <span class='ocrx_word' id='word_1_37' title='bbox 1638 638 1803 690; x_wconf 90' lang='lat' dir='ltr'><strong>mira-</strong></span> 
     </span>
    </p>
   </div>
   <div class='ocr_carea' id='block_1_7' title="bbox 235 726 1806 801">
    <p class='ocr_par' dir='ltr' id='par_1_7' title="bbox 235 726 1806 801">
     <span class='ocr_line' id='line_1_7' title="bbox 235 726 1806 801; baseline -0.005 -14"><span class='ocrx_word' id='word_1_38' title='bbox 235 733 363 787; x_wconf 89' lang='lat' dir='ltr'><strong>culis</strong></span> <span class='ocrx_word' id='word_1_39' title='bbox 392 731 722 801; x_wconf 70' lang='lat' dir='ltr'><strong>prmbuerat;</strong></span> <span class='ocrx_word' id='word_1_40' title='bbox 771 730 910 799; x_wconf 90' lang='lat' dir='ltr'><strong>quod</strong></span> <span class='ocrx_word' id='word_1_41' title='bbox 957 731 1280 798; x_wconf 77' lang='lat' dir='ltr'><strong>Augustinus</strong></span> <span class='ocrx_word' id='word_1_42' title='bbox 1310 745 1417 782; x_wconf 92' lang='lat' dir='ltr'><strong>non</strong></span> <span class='ocrx_word' id='word_1_43' title='bbox 1456 742 1524 782; x_wconf 84' lang='lat' dir='ltr'><strong>ex</strong></span> <span class='ocrx_word' id='word_1_44' title='bbox 1552 726 1806 796; x_wconf 87' lang='lat' dir='ltr'><strong>opinione</strong></span> 
     </span>
    </p>
   </div>
   <div class='ocr_carea' id='block_1_8' title="bbox 235 817 1807 889">
    <p class='ocr_par' dir='ltr' id='par_1_8' title="bbox 235 817 1807 889">
     <span class='ocr_line' id='line_1_8' title="bbox 235 817 1807 889; baseline -0.004 -11"><span class='ocrx_word' id='word_1_45' title='bbox 235 823 500 878; x_wconf 89' lang='lat' dir='ltr'><strong>communi</strong></span> <span class='ocrx_word' id='word_1_46' title='bbox 524 861 538 884; x_wconf 90' lang='lat'><strong>,</strong></span> <span class='ocrx_word' id='word_1_47' title='bbox 587 821 681 877; x_wconf 89' lang='lat' dir='ltr'><strong>sed</strong></span> <span class='ocrx_word' id='word_1_48' title='bbox 711 837 776 876; x_wconf 81' lang='lat' dir='ltr'><strong>ex</strong></span> <span class='ocrx_word' id='word_1_49' title='bbox 806 822 965 876; x_wconf 88' lang='lat' dir='ltr'><strong>certis</strong></span> <span class='ocrx_word' id='word_1_50' title='bbox 995 821 1218 877; x_wconf 81' lang='lat' dir='ltr'><strong>testibus</strong></span> <span class='ocrx_word' id='word_1_51' title='bbox 1245 835 1302 874; x_wconf 91' lang='lat' dir='ltr'><strong>se</strong></span> <span class='ocrx_word' id='word_1_52' title='bbox 1323 819 1648 889; x_wconf 89' lang='lat' dir='ltr'><strong>comperisse</strong></span> <span class='ocrx_word' id='word_1_53' title='bbox 1673 817 1807 871; x_wconf 77' lang='lat' dir='ltr'><strong>fate~</strong></span> 
     </span>
    </p>
   </div>
   <div class='ocr_carea' id='block_1_9' title="bbox 236 906 1808 978">
    <p class='ocr_par' dir='ltr' id='par_1_9' title="bbox 236 906 1808 978">
     <span class='ocr_line' id='line_1_9' title="bbox 236 906 1808 978; baseline -0.003 -14"><span class='ocrx_word' id='word_1_54' title='bbox 236 919 335 964; x_wconf 88' lang='lat' dir='ltr'><strong>tur.</strong></span> <span class='ocrx_word' id='word_1_55' title='bbox 387 909 522 964; x_wconf 91' lang='lat' dir='ltr'><strong>Hinc</strong></span> <span class='ocrx_word' id='word_1_56' title='bbox 567 911 766 978; x_wconf 81' lang='lat' dir='ltr'><strong>colligit</strong></span> <span class='ocrx_word' id='word_1_57' title='bbox 791 909 818 949; x_wconf 72' lang='grc' dir='ltr'>δ</span> <span class='ocrx_word' id='word_1_58' title='bbox 847 911 1104 965; x_wconf 91' lang='lat' dir='ltr'><strong>Baronius</strong></span> <span class='ocrx_word' id='word_1_59' title='bbox 1143 910 1306 964; x_wconf 85' lang='lat' dir='ltr'><strong>haece</strong></span> <span class='ocrx_word' id='word_1_60' title='bbox 1352 909 1635 963; x_wconf 84' lang='lat' dir='ltr'><strong>occasione</strong></span> <span class='ocrx_word' id='word_1_61' title='bbox 1663 906 1808 960; x_wconf 89' lang='lat' dir='ltr'><strong>cives</strong></span> 
     </span>
    </p>
   </div>
   <div class='ocr_carea' id='block_1_10' title="bbox 236 995 1806 1070">
    <p class='ocr_par' dir='ltr' id='par_1_10' title="bbox 236 995 1806 1070">
     <span class='ocr_line' id='line_1_10' title="bbox 236 995 1806 1070; baseline -0.004 -14"><span class='ocrx_word' id='word_1_62' title='bbox 236 1001 466 1056; x_wconf 85' lang='lat' dir='ltr'><strong>Nolanos</strong></span> <span class='ocrx_word' id='word_1_63' title='bbox 493 1003 723 1056; x_wconf 83' lang='lat' dir='ltr'><strong>evasisse</strong></span> <span class='ocrx_word' id='word_1_64' title='bbox 753 995 1044 1057; x_wconf 77' lang='lat' dir='ltr'><strong>incolumes</strong></span> <span class='ocrx_word' id='word_1_65' title='bbox 1090 1001 1234 1070; x_wconf 91' lang='lat' dir='ltr'><strong>quod</strong></span> <span class='ocrx_word' id='word_1_66' title='bbox 1269 1016 1376 1054; x_wconf 93' lang='lat' dir='ltr'><strong>non</strong></span> <span class='ocrx_word' id='word_1_67' title='bbox 1405 1000 1595 1053; x_wconf 88' lang='lat' dir='ltr'><strong>asserit</strong></span> <span class='ocrx_word' id='word_1_68' title='bbox 1625 998 1806 1064; x_wconf 77' lang='lat' dir='ltr'><strong>Augu-</strong></span> 
     </span>
    </p>
   </div>
   <div class='ocr_carea' id='block_1_11' title="bbox 236 1086 1807 1162">
    <p class='ocr_par' dir='ltr' id='par_1_11' title="bbox 236 1086 1807 1162">
     <span class='ocr_line' id='line_1_11' title="bbox 236 1086 1807 1162; baseline -0.003 -16"><span class='ocrx_word' id='word_1_69' title='bbox 236 1095 441 1157; x_wconf 86' lang='lat' dir='ltr'><strong>stinus;</strong></span> <span class='ocrx_word' id='word_1_70' title='bbox 470 1093 574 1162; x_wconf 77' lang='lat'><strong>91</strong></span> <span class='ocrx_word' id='word_1_71' title='bbox 603 1093 766 1146; x_wconf 91' lang='lat' dir='ltr'><strong>immo</strong></span> <span class='ocrx_word' id='word_1_72' title='bbox 803 1109 932 1147; x_wconf 89' lang='lat' dir='ltr'><strong>vero</strong></span> <span class='ocrx_word' id='word_1_73' title='bbox 965 1105 985 1131; x_wconf 74' lang='grc' dir='ltr'><strong><em>ο</em></strong></span> <span class='ocrx_word' id='word_1_74' title='bbox 1018 1093 1157 1146; x_wconf 90' lang='lat' dir='ltr'><strong>hanc</strong></span> <span class='ocrx_word' id='word_1_75' title='bbox 1181 1091 1366 1144; x_wconf 86' lang='lat' dir='ltr'><strong>urbem</strong></span> <span class='ocrx_word' id='word_1_76' title='bbox 1402 1099 1615 1158; x_wconf 90' lang='lat' dir='ltr'><strong>captam</strong></span> <span class='ocrx_word' id='word_1_77' title='bbox 1645 1086 1807 1142; x_wconf 91' lang='lat' dir='ltr'><strong>fuisse</strong></span> 
     </span>
    </p>
   </div>
   <div class='ocr_carea' id='block_1_12' title="bbox 235 1175 1809 1248">
    <p class='ocr_par' dir='ltr' id='par_1_12' title="bbox 235 1175 1809 1248">
     <span class='ocr_line' id='line_1_12' title="bbox 235 1175 1809 1248; baseline -0.005 -12"><span class='ocrx_word' id='word_1_78' title='bbox 235 1192 287 1236; x_wconf 92' lang='lat' dir='ltr'><strong>et</strong></span> <span class='ocrx_word' id='word_1_79' title='bbox 312 1199 339 1235; x_wconf 89' lang='lat' dir='ltr'><strong>a</strong></span> <span class='ocrx_word' id='word_1_80' title='bbox 370 1183 612 1237; x_wconf 91' lang='lat' dir='ltr'><strong>barbaris</strong></span> <span class='ocrx_word' id='word_1_81' title='bbox 654 1191 917 1236; x_wconf 86' lang='lat' dir='ltr'><strong>vastatam</strong></span> <span class='ocrx_word' id='word_1_82' title='bbox 965 1182 1090 1234; x_wconf 87' lang='lat' dir='ltr'><strong>alibi</strong></span> <span class='ocrx_word' id='word_1_83' title='bbox 1119 1179 1351 1233; x_wconf 89' lang='lat' dir='ltr'><strong>aflirmat</strong></span> <span class='ocrx_word' id='word_1_84' title='bbox 1386 1197 1396 1230; x_wconf 95' lang='lat'>:</span> <span class='ocrx_word' id='word_1_85' title='bbox 1430 1177 1570 1248; x_wconf 91' lang='lat' dir='ltr'><strong>quod</strong></span> <span class='ocrx_word' id='word_1_86' title='bbox 1600 1175 1666 1229; x_wconf 92' lang='lat' dir='ltr'><strong>ad</strong></span> <span class='ocrx_word' id='word_1_87' title='bbox 1695 1176 1809 1229; x_wconf 81' lang='lat' dir='ltr'><strong>Iuec</strong></span> 
     </span>
    </p>
   </div>
   <div class='ocr_carea' id='block_1_13' title="bbox 236 1267 1808 1342">
    <p class='ocr_par' dir='ltr' id='par_1_13' title="bbox 236 1267 1808 1342">
     <span class='ocr_line' id='line_1_13' title="bbox 236 1267 1808 1342; baseline -0.004 -18"><span class='ocrx_word' id='word_1_88' title='bbox 236 1281 477 1342; x_wconf 89' lang='lat' dir='ltr'><strong>tempora</strong></span> <span class='ocrx_word' id='word_1_89' title='bbox 507 1271 532 1309; x_wconf 72' lang='grc' dir='ltr'><em>ά</em></span> <span class='ocrx_word' id='word_1_90' title='bbox 559 1289 681 1326; x_wconf 91' lang='lat' dir='ltr'><strong>cum</strong></span> <span class='ocrx_word' id='word_1_91' title='bbox 710 1273 767 1326; x_wconf 91' lang='lat' dir='ltr'><strong>S.</strong></span> <span class='ocrx_word' id='word_1_92' title='bbox 800 1272 994 1326; x_wconf 85' lang='lat' dir='ltr'><strong>Felicis</strong></span> <span class='ocrx_word' id='word_1_93' title='bbox 1015 1270 1436 1340; x_wconf 83' lang='lat' dir='ltr'><strong>apparitionibus</strong></span> <span class='ocrx_word' id='word_1_94' title='bbox 1460 1267 1627 1322; x_wconf 87' lang='lat' dir='ltr'><strong>refert</strong></span> <span class='ocrx_word' id='word_1_95' title='bbox 1648 1267 1808 1319; x_wconf 88' lang='lat' dir='ltr'><strong>etiam</strong></span> 
     </span>
    </p>
   </div>
   <div class='ocr_carea' id='block_1_14' title="bbox 236 1356 1810 1429">
    <p class='ocr_par' dir='ltr' id='par_1_14' title="bbox 236 1356 1810 1429">
     <span class='ocr_line' id='line_1_14' title="bbox 236 1356 1810 1429; baseline -0.004 -15"><span class='ocrx_word' id='word_1_96' title='bbox 236 1361 518 1416; x_wconf 89' lang='lat' dir='ltr'><strong>Baronius.</strong></span> <span class='ocrx_word' id='word_1_97' title='bbox 570 1361 769 1416; x_wconf 84' lang='lat' dir='ltr'><strong>Tentus</strong></span> <span class='ocrx_word' id='word_1_98' title='bbox 816 1370 897 1416; x_wconf 90' lang='lat' dir='ltr'><strong>est</strong></span> <span class='ocrx_word' id='word_1_99' title='bbox 937 1370 990 1414; x_wconf 91' lang='lat' dir='ltr'><strong>et</strong></span> <span class='ocrx_word' id='word_1_100' title='bbox 1038 1361 1150 1429; x_wconf 90' lang='lat' dir='ltr'><strong>ipse</strong></span> <span class='ocrx_word' id='word_1_101' title='bbox 1183 1357 1510 1422; x_wconf 80' lang='lat' dir='ltr'><strong>°Paulinus;</strong></span> <span class='ocrx_word' id='word_1_102' title='bbox 1555 1356 1649 1410; x_wconf 89' lang='lat' dir='ltr'><strong>sed</strong></span> <span class='ocrx_word' id='word_1_103' title='bbox 1689 1371 1810 1410; x_wconf 91' lang='lat' dir='ltr'><strong>cum</strong></span> 
     </span>
    </p>
   </div>
   <div class='ocr_carea' id='block_1_15' title="bbox 235 1449 1808 1520">
    <p class='ocr_par' dir='ltr' id='par_1_15' title="bbox 235 1449 1808 1520">
     <span class='ocr_line' id='line_1_15' title="bbox 235 1449 1808 1520; baseline -0.004 -15"><span class='ocrx_word' id='word_1_104' title='bbox 235 1454 461 1520; x_wconf 87' lang='lat' dir='ltr'><strong>magnis,</strong></span> <span class='ocrx_word' id='word_1_105' title='bbox 487 1453 678 1520; x_wconf 87' lang='lat' dir='ltr'><strong>quibus</strong></span> <span class='ocrx_word' id='word_1_106' title='bbox 695 1461 851 1506; x_wconf 89' lang='lat' dir='ltr'><strong>antea</strong></span> <span class='ocrx_word' id='word_1_107' title='bbox 873 1452 1194 1515; x_wconf 87' lang='lat' dir='ltr'><strong>abundabat,</strong></span> <span class='ocrx_word' id='word_1_108' title='bbox 1219 1450 1416 1504; x_wconf 90' lang='lat' dir='ltr'><strong>divitiis</strong></span> <span class='ocrx_word' id='word_1_109' title='bbox 1437 1449 1808 1509; x_wconf 83' lang='lat' dir='ltr'><strong>renuntiasset,</strong></span> 
     </span>
    </p>
   </div>
   <div class='ocr_carea' id='block_1_16' title="bbox 236 1539 1810 1614">
    <p class='ocr_par' dir='ltr' id='par_1_16' title="bbox 236 1539 1810 1614">
     <span class='ocr_line' id='line_1_16' title="bbox 236 1539 1810 1614; baseline -0.004 -15"><span class='ocrx_word' id='word_1_110' title='bbox 236 1561 333 1599; x_wconf 89' lang='lat' dir='ltr'><strong>nec</strong></span> <span class='ocrx_word' id='word_1_111' title='bbox 365 1546 470 1599; x_wconf 93' lang='lat' dir='ltr'><strong>alio</strong></span> <span class='ocrx_word' id='word_1_112' title='bbox 492 1546 717 1614; x_wconf 90' lang='lat' dir='ltr'><strong>amplius</strong></span> <span class='ocrx_word' id='word_1_113' title='bbox 741 1561 899 1613; x_wconf 87' lang='lat' dir='ltr'><strong>quam</strong></span> <span class='ocrx_word' id='word_1_114' title='bbox 922 1545 1132 1598; x_wconf 74' lang='lat' dir='ltr'><strong>eximia:</strong></span> <span class='ocrx_word' id='word_1_115' title='bbox 1154 1544 1364 1597; x_wconf 90' lang='lat' dir='ltr'><strong>virtutis</strong></span> <span class='ocrx_word' id='word_1_116' title='bbox 1391 1541 1643 1595; x_wconf 89' lang='lat' dir='ltr'><strong>thesauro</strong></span> <span class='ocrx_word' id='word_1_117' title='bbox 1669 1539 1779 1593; x_wconf 89' lang='lat' dir='ltr'><strong>dita</strong></span> <span class='ocrx_word' id='word_1_118' title='bbox 1796 1569 1810 1580; x_wconf 87' lang='lat'><strong>-</strong></span> 
     </span>
    </p>
   </div>
   <div class='ocr_carea' id='block_1_17' title="bbox 237 1629 1814 1698">
    <p class='ocr_par' dir='ltr' id='par_1_17' title="bbox 237 1629 1814 1698">
     <span class='ocr_line' id='line_1_17' title="bbox 237 1629 1814 1698; baseline -0.004 -9"><span class='ocrx_word' id='word_1_119' title='bbox 237 1645 404 1698; x_wconf 88' lang='lat' dir='ltr'><strong>retur,</strong></span> <span class='ocrx_word' id='word_1_120' title='bbox 438 1637 574 1689; x_wconf 89' lang='lat' dir='ltr'><strong>hanc</strong></span> <span class='ocrx_word' id='word_1_121' title='bbox 595 1634 844 1688; x_wconf 80' lang='lat' dir='ltr'><strong>Paulinus</strong></span> <span class='ocrx_word' id='word_1_122' title='bbox 865 1634 1223 1688; x_wconf 89' lang='lat' dir='ltr'><strong>calamitatem</strong></span> <span class='ocrx_word' id='word_1_123' title='bbox 1259 1631 1445 1685; x_wconf 91' lang='lat' dir='ltr'><strong>duram</strong></span> <span class='ocrx_word' id='word_1_124' title='bbox 1469 1638 1616 1685; x_wconf 89' lang='lat' dir='ltr'><strong>certe</strong></span> <span class='ocrx_word' id='word_1_125' title='bbox 1639 1629 1814 1682; x_wconf 85' lang='lat' dir='ltr'><strong>avaris</strong></span> 
     </span>
    </p>
   </div>
   <div class='ocr_carea' id='block_1_18' title="bbox 237 1721 1808 1792">
    <p class='ocr_par' dir='ltr' id='par_1_18' title="bbox 237 1721 1808 1792">
     <span class='ocr_line' id='line_1_18' title="bbox 237 1721 1808 1792; baseline -0.005 -12"><span class='ocrx_word' id='word_1_126' title='bbox 237 1737 289 1780; x_wconf 90' lang='lat' dir='ltr'><strong>et</strong></span> <span class='ocrx_word' id='word_1_127' title='bbox 309 1728 436 1780; x_wconf 71' lang='lat' dir='ltr'><strong>vita:</strong></span> <span class='ocrx_word' id='word_1_128' title='bbox 469 1727 769 1780; x_wconf 85' lang='lat' dir='ltr'><strong>amantibus</strong></span> <span class='ocrx_word' id='word_1_129' title='bbox 799 1725 1100 1780; x_wconf 88' lang='lat' dir='ltr'><strong>hominibus</strong></span> <span class='ocrx_word' id='word_1_130' title='bbox 1122 1740 1227 1778; x_wconf 88' lang='lat' dir='ltr'><strong>non</strong></span> <span class='ocrx_word' id='word_1_131' title='bbox 1248 1738 1435 1792; x_wconf 89' lang='lat' dir='ltr'><strong>parum</strong></span> <span class='ocrx_word' id='word_1_132' title='bbox 1468 1721 1808 1790; x_wconf 87' lang='lat' dir='ltr'><strong>temperavit,</strong></span> 
     </span>
    </p>
   </div>
   <div class='ocr_carea' id='block_1_19' title="bbox 1907 529 3485 606">
    <p class='ocr_par' dir='ltr' id='par_1_19' title="bbox 1907 529 3485 606">
     <span class='ocr_line' id='line_1_19' title="bbox 1907 529 3485 606; baseline -0.006 -16"><span class='ocrx_word' id='word_1_133' title='bbox 1907 537 2076 602; x_wconf 82' lang='lat' dir='ltr'><strong>enim,</strong></span> <span class='ocrx_word' id='word_1_134' title='bbox 2127 536 2298 606; x_wconf 86' lang='lat' dir='ltr'><strong>inquit</strong></span> <span class='ocrx_word' id='word_1_135' title='bbox 2325 535 2684 603; x_wconf 81' lang='lat' dir='ltr'><strong>Augustinus,</strong></span> <span class='ocrx_word' id='word_1_136' title='bbox 2734 533 2967 588; x_wconf 78' lang='lat' dir='ltr'><strong>uberiore</strong></span> <span class='ocrx_word' id='word_1_137' title='bbox 3014 535 3181 604; x_wconf 68' lang='lat' dir='ltr'><strong>{ructu</strong></span> <span class='ocrx_word' id='word_1_138' title='bbox 3222 531 3371 601; x_wconf 81' lang='lat' dir='ltr'><strong>legit,</strong></span> <span class='ocrx_word' id='word_1_139' title='bbox 3407 529 3485 584; x_wconf 72' lang='lat' dir='ltr'><strong>uel</strong></span> 
     </span>
    </p>
   </div>
   <div class='ocr_carea' id='block_1_20' title="bbox 1909 622 3485 696">
    <p class='ocr_par' dir='ltr' id='par_1_20' title="bbox 1909 622 3485 696">
     <span class='ocr_line' id='line_1_20' title="bbox 1909 622 3485 696; baseline -0.003 -16"><span class='ocrx_word' id='word_1_140' title='bbox 1909 629 2055 681; x_wconf 86' lang='lat' dir='ltr'><strong>audit</strong></span> <span class='ocrx_word' id='word_1_141' title='bbox 2083 645 2161 682; x_wconf 89' lang='lat' dir='ltr'><strong>me</strong></span> <span class='ocrx_word' id='word_1_142' title='bbox 2192 628 2452 681; x_wconf 75' lang='lat' dir='ltr'><strong>docentem</strong></span> <span class='ocrx_word' id='word_1_143' title='bbox 2481 645 2543 680; x_wconf 90' lang='lat' dir='ltr'><strong>ac</strong></span> <span class='ocrx_word' id='word_1_144' title='bbox 2573 628 2898 680; x_wconf 69' lang='lat' dir='ltr'><strong>disserentem</strong></span> <span class='ocrx_word' id='word_1_145' title='bbox 2917 667 2931 692; x_wconf 93' lang='lat'><strong>,</strong></span> <span class='ocrx_word' id='word_1_146' title='bbox 2962 627 3038 680; x_wconf 80' lang='lat' dir='ltr'><strong>vel</strong></span> <span class='ocrx_word' id='word_1_147' title='bbox 3064 622 3366 696; x_wconf 78' lang='lat' dir='ltr'><strong>quibuslibet</strong></span> <span class='ocrx_word' id='word_1_148' title='bbox 3391 637 3485 676; x_wconf 76' lang='lat' dir='ltr'><strong>ea:-</strong></span> 
     </span>
    </p>
   </div>
   <div class='ocr_carea' id='block_1_21' title="bbox 1908 714 3482 787">
    <p class='ocr_par' dir='ltr' id='par_1_21' title="bbox 1908 714 3482 787">
     <span class='ocr_line' id='line_1_21' title="bbox 1908 714 3482 787; baseline -0.003 -18"><span class='ocrx_word' id='word_1_149' title='bbox 1908 718 2284 772; x_wconf 73' lang='lat' dir='ltr'><strong>hortationibus</strong></span> <span class='ocrx_word' id='word_1_150' title='bbox 2320 718 2680 770; x_wconf 79' lang='lat' dir='ltr'><strong>accendentein</strong></span> <span class='ocrx_word' id='word_1_151' title='bbox 2700 758 2713 781; x_wconf 93' lang='lat'><strong>,</strong></span> <span class='ocrx_word' id='word_1_152' title='bbox 2746 733 2896 787; x_wconf 86' lang='lat' dir='ltr'><strong>quam</strong></span> <span class='ocrx_word' id='word_1_153' title='bbox 2923 717 3128 784; x_wconf 87' lang='lat' dir='ltr'><strong>inspicit</strong></span> <span class='ocrx_word' id='word_1_154' title='bbox 3152 723 3198 767; x_wconf 84' lang='lat' dir='ltr'><strong>te</strong></span> <span class='ocrx_word' id='word_1_155' title='bbox 3218 714 3482 767; x_wconf 72' lang='lat' dir='ltr'><strong>viventem.</strong></span> 
     </span>
    </p>
   </div>
   <div class='ocr_carea' id='block_1_22' title="bbox 1910 802 3484 877">
    <p class='ocr_par' dir='ltr' id='par_1_22' title="bbox 1910 802 3484 877">
     <span class='ocr_line' id='line_1_22' title="bbox 1910 802 3484 877; baseline -0.004 -15"><span class='ocrx_word' id='word_1_156' title='bbox 1910 808 1984 862; x_wconf 87' lang='lat' dir='ltr'><strong>De</strong></span> <span class='ocrx_word' id='word_1_157' title='bbox 2013 807 2237 862; x_wconf 90' lang='lat' dir='ltr'><strong>Paulino</strong></span> <span class='ocrx_word' id='word_1_158' title='bbox 2268 808 2522 877; x_wconf 88' lang='lat' dir='ltr'><strong>episcopo</strong></span> <span class='ocrx_word' id='word_1_159' title='bbox 2550 807 2756 861; x_wconf 84' lang='lat' dir='ltr'><strong>Nolano</strong></span> <span class='ocrx_word' id='word_1_160' title='bbox 2792 806 2923 860; x_wconf 89' lang='lat' dir='ltr'><strong>nihil</strong></span> <span class='ocrx_word' id='word_1_161' title='bbox 2944 805 3184 860; x_wconf 76' lang='lat' dir='ltr'><strong>historia:</strong></span> <span class='ocrx_word' id='word_1_162' title='bbox 3214 802 3484 874; x_wconf 86' lang='lat' dir='ltr'><strong>proditum</strong></span> 
     </span>
    </p>
   </div>
   <div class='ocr_carea' id='block_1_23' title="bbox 1910 895 2474 963">
    <p class='ocr_par' dir='ltr' id='par_1_23' title="bbox 1910 895 2474 963">
     <span class='ocr_line' id='line_1_23' title="bbox 1910 895 2474 963; baseline 0 -12"><span class='ocrx_word' id='word_1_163' title='bbox 1910 905 1992 951; x_wconf 89' lang='lat' dir='ltr'><strong>est</strong></span> <span class='ocrx_word' id='word_1_164' title='bbox 2019 898 2172 952; x_wconf 87' lang='lat' dir='ltr'><strong>annis</strong></span> <span class='ocrx_word' id='word_1_165' title='bbox 2199 895 2322 963; x_wconf 80' lang='grc'><strong>415,</strong></span> <span class='ocrx_word' id='word_1_166' title='bbox 2353 897 2474 952; x_wconf 80' lang='grc'>416.</span> 
     </span>
    </p>
   </div>
   <div class='ocr_carea' id='block_1_24' title="bbox 2467 1006 2970 1063">
    <p class='ocr_par' dir='ltr' id='par_1_24' title="bbox 2467 1006 2970 1063">
     <span class='ocr_line' id='line_1_24' title="bbox 2467 1006 2970 1063; baseline -0.006 -1"><span class='ocrx_word' id='word_1_167' title='bbox 2467 1023 2602 1063; x_wconf 64' lang='lat' dir='ltr'><strong>auso</strong></span> <span class='ocrx_word' id='word_1_168' title='bbox 2622 1024 2827 1062; x_wconf 78' lang='lat' dir='ltr'><strong>cumsn</strong></span> <span class='ocrx_word' id='word_1_169' title='bbox 2848 1006 2970 1060; x_wconf 78' lang='lat' dir='ltr'><strong>M7.</strong></span> 
     </span>
    </p>
   </div>
   <div class='ocr_carea' id='block_1_25' title="bbox 1984 1097 3489 1155">
    <p class='ocr_par' dir='ltr' id='par_1_25' title="bbox 1984 1097 3489 1155">
     <span class='ocr_line' id='line_1_25' title="bbox 1984 1097 3489 1155; baseline -0.004 -2"><span class='ocrx_word' id='word_1_170' title='bbox 1984 1099 2037 1154; x_wconf 87' lang='grc'><strong>5.</strong></span> <span class='ocrx_word' id='word_1_171' title='bbox 2076 1099 2192 1153; x_wconf 72' lang='lat' dir='ltr'><strong>Iam</strong></span> <span class='ocrx_word' id='word_1_172' title='bbox 2242 1109 2398 1155; x_wconf 90' lang='lat' dir='ltr'><strong>antea</strong></span> <span class='ocrx_word' id='word_1_173' title='bbox 2429 1109 2454 1135; x_wconf 78' lang='grc' dir='ltr'>τι</span> <span class='ocrx_word' id='word_1_174' title='bbox 2485 1099 2886 1155; x_wconf 80' lang='lat' dir='ltr'><strong>observavimus</strong></span> <span class='ocrx_word' id='word_1_175' title='bbox 2922 1097 3201 1150; x_wconf 91' lang='lat' dir='ltr'><strong>Paulinum</strong></span> <span class='ocrx_word' id='word_1_176' title='bbox 3248 1101 3489 1149; x_wconf 87' lang='lat' dir='ltr'><strong>nostrum</strong></span> 
     </span>
    </p>
   </div>
   <div class='ocr_carea' id='block_1_26' title="bbox 1913 1185 3490 1254">
    <p class='ocr_par' dir='ltr' id='par_1_26' title="bbox 1913 1185 3490 1254">
     <span class='ocr_line' id='line_1_26' title="bbox 1913 1185 3490 1254; baseline -0.006 -10"><span class='ocrx_word' id='word_1_177' title='bbox 1913 1190 2147 1244; x_wconf 88' lang='lat' dir='ltr'><strong>amicitia</strong></span> <span class='ocrx_word' id='word_1_178' title='bbox 2195 1189 2355 1244; x_wconf 89' lang='lat' dir='ltr'><strong>fuisse</strong></span> <span class='ocrx_word' id='word_1_179' title='bbox 2415 1190 2718 1244; x_wconf 90' lang='lat' dir='ltr'><strong>devinctum</strong></span> <span class='ocrx_word' id='word_1_180' title='bbox 2768 1205 2890 1243; x_wconf 92' lang='lat' dir='ltr'><strong>cum</strong></span> <span class='ocrx_word' id='word_1_181' title='bbox 2939 1185 3155 1254; x_wconf 90' lang='lat' dir='ltr'><strong>Pelagio</strong></span> <span class='ocrx_word' id='word_1_182' title='bbox 3203 1192 3490 1252; x_wconf 88' lang='lat' dir='ltr'><strong>antequam</strong></span> 
     </span>
    </p>
   </div>
   <div class='ocr_carea' id='block_1_27' title="bbox 1916 1272 3492 1349">
    <p class='ocr_par' dir='ltr' id='par_1_27' title="bbox 1916 1272 3492 1349">
     <span class='ocr_line' id='line_1_27' title="bbox 1916 1272 3492 1349; baseline -0.005 -16"><span class='ocrx_word' id='word_1_183' title='bbox 1916 1279 2274 1349; x_wconf 88' lang='lat' dir='ltr'><strong>proderentur</strong></span> <span class='ocrx_word' id='word_1_184' title='bbox 2302 1279 2416 1349; x_wconf 83' lang='lat' dir='ltr'><strong>ejus</strong></span> <span class='ocrx_word' id='word_1_185' title='bbox 2444 1295 2685 1346; x_wconf 88' lang='lat' dir='ltr'><strong>errores,</strong></span> <span class='ocrx_word' id='word_1_186' title='bbox 2721 1287 2776 1333; x_wconf 86' lang='lat' dir='ltr'><strong>et</strong></span> <span class='ocrx_word' id='word_1_187' title='bbox 2800 1294 2920 1332; x_wconf 90' lang='lat' dir='ltr'><strong>cum</strong></span> <span class='ocrx_word' id='word_1_188' title='bbox 2941 1277 3152 1332; x_wconf 77' lang='lat' dir='ltr'><strong>Iuliano</strong></span> <span class='ocrx_word' id='word_1_189' title='bbox 3181 1276 3231 1329; x_wconf 90' lang='lat' dir='ltr'><strong>in</strong></span> <span class='ocrx_word' id='word_1_190' title='bbox 3261 1272 3492 1342; x_wconf 85' lang='lat' dir='ltr'><strong>Campa-</strong></span> 
     </span>
    </p>
   </div>
   <div class='ocr_carea' id='block_1_28' title="bbox 1915 1363 3496 1442">
    <p class='ocr_par' dir='ltr' id='par_1_28' title="bbox 1915 1363 3496 1442">
     <span class='ocr_line' id='line_1_28' title="bbox 1915 1363 3496 1442; baseline -0.005 -16"><span class='ocrx_word' id='word_1_191' title='bbox 1915 1373 2001 1426; x_wconf 91' lang='lat' dir='ltr'><strong>nia</strong></span> <span class='ocrx_word' id='word_1_192' title='bbox 2030 1373 2316 1442; x_wconf 90' lang='lat' dir='ltr'><strong>episcopo,</strong></span> <span class='ocrx_word' id='word_1_193' title='bbox 2347 1373 2436 1441; x_wconf 89' lang='lat' dir='ltr'><strong>qui</strong></span> <span class='ocrx_word' id='word_1_194' title='bbox 2469 1381 2655 1440; x_wconf 91' lang='lat' dir='ltr'><strong>postea</strong></span> <span class='ocrx_word' id='word_1_195' title='bbox 2693 1369 2960 1438; x_wconf 83' lang='lat' dir='ltr'><strong>Pelagiani</strong></span> <span class='ocrx_word' id='word_1_196' title='bbox 2989 1368 3254 1438; x_wconf 74' lang='lat' dir='ltr'><strong>dogmatis</strong></span> <span class='ocrx_word' id='word_1_197' title='bbox 3278 1366 3374 1419; x_wconf 91' lang='lat' dir='ltr'><strong>fuit</strong></span> <span class='ocrx_word' id='word_1_198' title='bbox 3401 1363 3496 1419; x_wconf 86' lang='lat' dir='ltr'><strong>de-</strong></span> 
     </span>
    </p>
   </div>
   <div class='ocr_carea' id='block_1_29' title="bbox 1915 1453 3494 1532">
    <p class='ocr_par' dir='ltr' id='par_1_29' title="bbox 1915 1453 3494 1532">
     <span class='ocr_line' id='line_1_29' title="bbox 1915 1453 3494 1532; baseline -0.007 -15"><span class='ocrx_word' id='word_1_199' title='bbox 1915 1464 2097 1518; x_wconf 91' lang='lat' dir='ltr'><strong>fensor</strong></span> <span class='ocrx_word' id='word_1_200' title='bbox 2125 1465 2433 1517; x_wconf 88' lang='lat' dir='ltr'><strong>acerrimus.</strong></span> <span class='ocrx_word' id='word_1_201' title='bbox 2467 1462 2523 1516; x_wconf 92' lang='lat' dir='ltr'><strong>In</strong></span> <span class='ocrx_word' id='word_1_202' title='bbox 2551 1464 2662 1532; x_wconf 90' lang='lat' dir='ltr'><strong>ipsa</strong></span> <span class='ocrx_word' id='word_1_203' title='bbox 2695 1471 2718 1498; x_wconf 92' lang='lat'><strong>°</strong></span> <span class='ocrx_word' id='word_1_204' title='bbox 2749 1461 2952 1515; x_wconf 87' lang='lat' dir='ltr'><strong>Paulini</strong></span> <span class='ocrx_word' id='word_1_205' title='bbox 2978 1459 3172 1513; x_wconf 78' lang='lat' dir='ltr'><strong>familia</strong></span> <span class='ocrx_word' id='word_1_206' title='bbox 3198 1455 3358 1527; x_wconf 86' lang='lat' dir='ltr'><strong>(apud</strong></span> <span class='ocrx_word' id='word_1_207' title='bbox 3385 1453 3494 1522; x_wconf 75' lang='lat' dir='ltr'><strong>vos)</strong></span> 
     </span>
    </p>
   </div>
   <div class='ocr_carea' id='block_1_30' title="bbox 1915 1541 3498 1617">
    <p class='ocr_par' dir='ltr' id='par_1_30' title="bbox 1915 1541 3498 1617">
     <span class='ocr_line' id='line_1_30' title="bbox 1915 1541 3498 1617; baseline -0.006 -11"><span class='ocrx_word' id='word_1_208' title='bbox 1915 1553 2000 1607; x_wconf 91' lang='lat' dir='ltr'><strong>vel</strong></span> <span class='ocrx_word' id='word_1_209' title='bbox 2033 1553 2219 1607; x_wconf 84' lang='lat' dir='ltr'><strong>saltem</strong></span> <span class='ocrx_word' id='word_1_210' title='bbox 2248 1553 2301 1606; x_wconf 93' lang='lat' dir='ltr'><strong>in</strong></span> <span class='ocrx_word' id='word_1_211' title='bbox 2335 1553 2550 1606; x_wconf 91' lang='lat' dir='ltr'><strong>civitate</strong></span> <span class='ocrx_word' id='word_1_212' title='bbox 2575 1552 2777 1605; x_wconf 86' lang='lat' dir='ltr'><strong>Nolana</strong></span> <span class='ocrx_word' id='word_1_213' title='bbox 2795 1591 2809 1615; x_wconf 90' lang='lat'><strong>,</strong></span> <span class='ocrx_word' id='word_1_214' title='bbox 2842 1563 3031 1616; x_wconf 89' lang='lat' dir='ltr'><strong>magna</strong></span> <span class='ocrx_word' id='word_1_215' title='bbox 3059 1563 3156 1617; x_wconf 90' lang='lat' dir='ltr'><strong>pro</strong></span> <span class='ocrx_word' id='word_1_216' title='bbox 3185 1559 3369 1600; x_wconf 89' lang='lat' dir='ltr'><strong>errore</strong></span> <span class='ocrx_word' id='word_1_217' title='bbox 3396 1541 3498 1597; x_wconf 79' lang='lat' dir='ltr'><strong>Pe-</strong></span> 
     </span>
    </p>
   </div>
   <div class='ocr_carea' id='block_1_31' title="bbox 1918 1639 3499 1712">
    <p class='ocr_par' dir='ltr' id='par_1_31' title="bbox 1918 1639 3499 1712">
     <span class='ocr_line' id='line_1_31' title="bbox 1918 1639 3499 1712; baseline -0.006 -16"><span class='ocrx_word' id='word_1_218' title='bbox 1918 1643 2130 1710; x_wconf 87' lang='lat' dir='ltr'><strong>lagiano</strong></span> <span class='ocrx_word' id='word_1_219' title='bbox 2171 1643 2387 1712; x_wconf 90' lang='lat' dir='ltr'><strong>quidam</strong></span> <span class='ocrx_word' id='word_1_220' title='bbox 2435 1642 2798 1695; x_wconf 89' lang='lat' dir='ltr'><strong>obstinatione</strong></span> <span class='ocrx_word' id='word_1_221' title='bbox 2840 1639 3180 1692; x_wconf 88' lang='lat' dir='ltr'><strong>nitebantur:</strong></span> <span class='ocrx_word' id='word_1_222' title='bbox 3212 1641 3499 1704; x_wconf 87' lang='lat' dir='ltr'><strong>eapropter</strong></span> 
     </span>
    </p>
   </div>
   <div class='ocr_carea' id='block_1_32' title="bbox 1920 1724 3498 1802">
    <p class='ocr_par' dir='ltr' id='par_1_32' title="bbox 1920 1724 3498 1802">
     <span class='ocr_line' id='line_1_32' title="bbox 1920 1724 3498 1802; baseline -0.005 -16"><span class='ocrx_word' id='word_1_223' title='bbox 1920 1733 2246 1802; x_wconf 81' lang='lat' dir='ltr'><strong>Augustinus</strong></span> <span class='ocrx_word' id='word_1_224' title='bbox 2293 1732 2574 1800; x_wconf 87' lang='lat' dir='ltr'><strong>epistolam</strong></span> <span class='ocrx_word' id='word_1_225' title='bbox 2607 1729 2737 1793; x_wconf 67' lang='lat'><strong>186,</strong></span> <span class='ocrx_word' id='word_1_226' title='bbox 2770 1731 2902 1783; x_wconf 92' lang='lat' dir='ltr'><strong>alias</strong></span> <span class='ocrx_word' id='word_1_227' title='bbox 2933 1727 3053 1793; x_wconf 91' lang='lat' dir='ltr'><strong>I06,</strong></span> <span class='ocrx_word' id='word_1_228' title='bbox 3081 1727 3146 1780; x_wconf 89' lang='lat' dir='ltr'><strong>ad</strong></span> <span class='ocrx_word' id='word_1_229' title='bbox 3179 1728 3288 1798; x_wconf 66' lang='lat'><strong>92</strong></span> <span class='ocrx_word' id='word_1_230' title='bbox 3316 1724 3498 1779; x_wconf 88' lang='lat' dir='ltr'><strong>Pauli-</strong></span> 
     </span>
    </p>
   </div>
   <div class='ocr_carea' id='block_1_33' title="bbox 238 1800 3501 1891">
    <p class='ocr_par' dir='ltr' id='par_1_33' title="bbox 238 1800 3501 1891">
     <span class='ocr_line' id='line_1_33' title="bbox 238 1800 3501 1891; baseline -0.003 -15"><span class='ocrx_word' id='word_1_231' title='bbox 238 1818 404 1872; x_wconf 86' lang='lat' dir='ltr'><strong>immo</strong></span> <span class='ocrx_word' id='word_1_232' title='bbox 431 1832 648 1871; x_wconf 86' lang='lat' dir='ltr'><strong>suavem</strong></span> <span class='ocrx_word' id='word_1_233' title='bbox 675 1816 774 1871; x_wconf 86' lang='lat' dir='ltr'><strong>sibi</strong></span> <span class='ocrx_word' id='word_1_234' title='bbox 798 1816 974 1870; x_wconf 77' lang='lat' dir='ltr'><strong>effecit</strong></span> <span class='ocrx_word' id='word_1_235' title='bbox 997 1815 1258 1870; x_wconf 87' lang='lat' dir='ltr'><strong>bonorum</strong></span> <span class='ocrx_word' id='word_1_236' title='bbox 1281 1829 1502 1884; x_wconf 85' lang='lat' dir='ltr'><strong>operum</strong></span> <span class='ocrx_word' id='word_1_237' title='bbox 1534 1812 1812 1876; x_wconf 81' lang='lat' dir='ltr'><strong>memoria.</strong></span> <span class='ocrx_word' id='word_1_238' title='bbox 1852 1800 1892 1858; x_wconf 80' lang='grc' dir='ltr'><strong>Β</strong></span> <span class='ocrx_word' id='word_1_239' title='bbox 1921 1800 2044 1875; x_wconf 75' lang='lat' dir='ltr'><strong>num</strong></span> <span class='ocrx_word' id='word_1_240' title='bbox 2068 1821 2192 1877; x_wconf 82' lang='lat' dir='ltr'><strong>fecit</strong></span> <span class='ocrx_word' id='word_1_241' title='bbox 2217 1830 2271 1876; x_wconf 89' lang='lat' dir='ltr'><strong>et</strong></span> <span class='ocrx_word' id='word_1_242' title='bbox 2291 1822 2516 1891; x_wconf 89' lang='lat' dir='ltr'><strong>plurima</strong></span> <span class='ocrx_word' id='word_1_243' title='bbox 2541 1831 2566 1869; x_wconf 71' lang='grc' dir='ltr'><strong>ιι</strong></span> <span class='ocrx_word' id='word_1_244' title='bbox 2597 1820 2739 1873; x_wconf 88' lang='lat' dir='ltr'><strong>misit</strong></span> <span class='ocrx_word' id='word_1_245' title='bbox 2767 1819 2960 1888; x_wconf 90' lang='lat' dir='ltr'><strong>scripta</strong></span> <span class='ocrx_word' id='word_1_246' title='bbox 2993 1817 3042 1870; x_wconf 93' lang='lat' dir='ltr'><strong>in</strong></span> <span class='ocrx_word' id='word_1_247' title='bbox 3075 1815 3410 1883; x_wconf 81' lang='lat' dir='ltr'><strong>Pelagianos,</strong></span> <span class='ocrx_word' id='word_1_248' title='bbox 3439 1822 3501 1868; x_wconf 87' lang='lat' dir='ltr'><strong>ut</strong></span> 
     </span>
    </p>
   </div>
   <div class='ocr_carea' id='block_1_34' title="bbox 238 1902 1816 1976">
    <p class='ocr_par' dir='ltr' id='par_1_34' title="bbox 238 1902 1816 1976">
     <span class='ocr_line' id='line_1_34' title="bbox 238 1902 1816 1976; baseline -0.003 -16"><span class='ocrx_word' id='word_1_249' title='bbox 238 1908 432 1975; x_wconf 86' lang='lat' dir='ltr'><strong>quibus</strong></span> <span class='ocrx_word' id='word_1_250' title='bbox 471 1906 750 1962; x_wconf 80' lang='lat' dir='ltr'><strong>facultates</strong></span> <span class='ocrx_word' id='word_1_251' title='bbox 785 1922 908 1961; x_wconf 91' lang='lat' dir='ltr'><strong>suas</strong></span> <span class='ocrx_word' id='word_1_252' title='bbox 948 1922 1047 1976; x_wconf 91' lang='lat' dir='ltr'><strong>per</strong></span> <span class='ocrx_word' id='word_1_253' title='bbox 1082 1920 1269 1959; x_wconf 92' lang='lat' dir='ltr'><strong>manus</strong></span> <span class='ocrx_word' id='word_1_254' title='bbox 1295 1919 1588 1975; x_wconf 89' lang='lat' dir='ltr'><strong>pauperum</strong></span> <span class='ocrx_word' id='word_1_255' title='bbox 1618 1919 1684 1956; x_wconf 90' lang='lat' dir='ltr'><strong>eo</strong></span> <span class='ocrx_word' id='word_1_256' title='bbox 1711 1902 1816 1956; x_wconf 92' lang='lat' dir='ltr'><strong>loci</strong></span> 
     </span>
    </p>
   </div>
   <div class='ocr_carea' id='block_1_35' title="bbox 238 1993 1818 2073">
    <p class='ocr_par' dir='ltr' id='par_1_35' title="bbox 238 1993 1818 2073">
     <span class='ocr_line' id='line_1_35' title="bbox 238 1993 1818 2073; baseline -0.001 -24"><span class='ocrx_word' id='word_1_257' title='bbox 238 2003 552 2064; x_wconf 80' lang='lat' dir='ltr'><strong>reposuerat</strong></span> <span class='ocrx_word' id='word_1_258' title='bbox 571 2011 678 2066; x_wconf 90' lang='lat' dir='ltr'><strong>quo</strong></span> <span class='ocrx_word' id='word_1_259' title='bbox 707 1996 969 2073; x_wconf 73' lang='lat' dir='ltr'><strong>attingere</strong></span> <span class='ocrx_word' id='word_1_260' title='bbox 997 1995 1208 2049; x_wconf 89' lang='lat' dir='ltr'><strong>barbari</strong></span> <span class='ocrx_word' id='word_1_261' title='bbox 1231 2010 1338 2049; x_wconf 88' lang='lat' dir='ltr'><strong>non</strong></span> <span class='ocrx_word' id='word_1_262' title='bbox 1357 1994 1625 2048; x_wconf 88' lang='lat' dir='ltr'><strong>valebant.</strong></span> <span class='ocrx_word' id='word_1_263' title='bbox 1660 1993 1818 2047; x_wconf 84' lang='lat' dir='ltr'><strong>Hisce</strong></span> 
     </span>
    </p>
   </div>
   <div class='ocr_carea' id='block_1_36' title="bbox 239 2083 1819 2155">
    <p class='ocr_par' dir='ltr' id='par_1_36' title="bbox 239 2083 1819 2155">
     <span class='ocr_line' id='line_1_36' title="bbox 239 2083 1819 2155; baseline 0.001 -20"><span class='ocrx_word' id='word_1_264' title='bbox 239 2085 360 2140; x_wconf 88' lang='lat' dir='ltr'><strong>tidci</strong></span> <span class='ocrx_word' id='word_1_265' title='bbox 391 2093 447 2140; x_wconf 90' lang='lat' dir='ltr'><strong>et</strong></span> <span class='ocrx_word' id='word_1_266' title='bbox 483 2086 598 2155; x_wconf 87' lang='lat' dir='ltr'><strong>spei</strong></span> <span class='ocrx_word' id='word_1_267' title='bbox 627 2085 903 2140; x_wconf 82' lang='lat' dir='ltr'><strong>aifectibus</strong></span> <span class='ocrx_word' id='word_1_268' title='bbox 930 2086 1008 2140; x_wconf 91' lang='lat' dir='ltr'><strong>sic</strong></span> <span class='ocrx_word' id='word_1_269' title='bbox 1033 2085 1084 2138; x_wconf 94' lang='lat' dir='ltr'><strong>in</strong></span> <span class='ocrx_word' id='word_1_270' title='bbox 1114 2083 1275 2139; x_wconf 86' lang='lat' dir='ltr'><strong>corde</strong></span> <span class='ocrx_word' id='word_1_271' title='bbox 1303 2099 1424 2147; x_wconf 87' lang='lat' dir='ltr'><strong>suo,</strong></span> <span class='ocrx_word' id='word_1_272' title='bbox 1457 2089 1516 2136; x_wconf 90' lang='lat' dir='ltr'><strong>ut</strong></span> <span class='ocrx_word' id='word_1_273' title='bbox 1544 2083 1611 2136; x_wconf 89' lang='lat' dir='ltr'><strong>ab</strong></span> <span class='ocrx_word' id='word_1_274' title='bbox 1641 2083 1732 2137; x_wconf 93' lang='lat' dir='ltr'><strong>illo</strong></span> <span class='ocrx_word' id='word_1_275' title='bbox 1759 2097 1819 2136; x_wconf 91' lang='lat' dir='ltr'><strong>se</strong></span> 
     </span>
    </p>
   </div>
   <div class='ocr_carea' id='block_1_37' title="bbox 239 2173 1816 2246">
    <p class='ocr_par' dir='ltr' id='par_1_37' title="bbox 239 2173 1816 2246">
     <span class='ocr_line' id='line_1_37' title="bbox 239 2173 1816 2246; baseline -0.005 -14"><span class='ocrx_word' id='word_1_276' title='bbox 239 2178 515 2246; x_wconf 86' lang='lat' dir='ltr'><strong>accepisse</strong></span> <span class='ocrx_word' id='word_1_277' title='bbox 536 2186 765 2233; x_wconf 88' lang='lat' dir='ltr'><strong>testatur</strong></span> <span class='ocrx_word' id='word_1_278' title='bbox 780 2177 1104 2246; x_wconf 89' lang='lat' dir='ltr'><strong>Augustinus</strong></span> <span class='ocrx_word' id='word_1_279' title='bbox 1126 2175 1143 2212; x_wconf 73' lang='grc' dir='ltr'><em>τ</em></span> <span class='ocrx_word' id='word_1_280' title='bbox 1166 2175 1446 2229; x_wconf 90' lang='lat' dir='ltr'><strong>Dominum</strong></span> <span class='ocrx_word' id='word_1_281' title='bbox 1464 2173 1783 2244; x_wconf 89' lang='lat' dir='ltr'><strong>precabatur</strong></span> <span class='ocrx_word' id='word_1_282' title='bbox 1802 2190 1816 2224; x_wconf 91' lang='lat'>:</span> 
     </span>
    </p>
   </div>
   <div class='ocr_carea' id='block_1_38' title="bbox 241 2264 1819 2339">
    <p class='ocr_par' dir='ltr' id='par_1_38' title="bbox 241 2264 1819 2339">
     <span class='ocr_line' id='line_1_38' title="bbox 241 2264 1819 2339; baseline -0.004 -17"><span class='ocrx_word' id='word_1_283' title='bbox 241 2267 482 2333; x_wconf 82' lang='lat' dir='ltr'><strong>Domine,</strong></span> <span class='ocrx_word' id='word_1_284' title='bbox 505 2285 610 2322; x_wconf 89' lang='lat' dir='ltr'><strong>non</strong></span> <span class='ocrx_word' id='word_1_285' title='bbox 627 2270 888 2322; x_wconf 74' lang='lat' dir='ltr'><strong>excrucier</strong></span> <span class='ocrx_word' id='word_1_286' title='bbox 916 2277 1125 2339; x_wconf 87' lang='lat' dir='ltr'><strong>propter</strong></span> <span class='ocrx_word' id='word_1_287' title='bbox 1146 2284 1325 2320; x_wconf 85' lang='lat' dir='ltr'><strong>aurum</strong></span> <span class='ocrx_word' id='word_1_288' title='bbox 1355 2276 1405 2320; x_wconf 91' lang='lat' dir='ltr'><strong>et</strong></span> <span class='ocrx_word' id='word_1_289' title='bbox 1425 2275 1710 2336; x_wconf 81' lang='lat' dir='ltr'><strong>argentum,</strong></span> <span class='ocrx_word' id='word_1_290' title='bbox 1735 2264 1819 2316; x_wconf 82' lang='lat' dir='ltr'><strong>ubi</strong></span> 
     </span>
    </p>
   </div>
   <div class='ocr_carea' id='block_1_39' title="bbox 238 2355 1821 2426">
    <p class='ocr_par' dir='ltr' id='par_1_39' title="bbox 238 2355 1821 2426">
     <span class='ocr_line' id='line_1_39' title="bbox 238 2355 1821 2426; baseline -0.001 -17"><span class='ocrx_word' id='word_1_291' title='bbox 238 2361 380 2411; x_wconf 85' lang='lat' dir='ltr'><strong>enim</strong></span> <span class='ocrx_word' id='word_1_292' title='bbox 424 2361 528 2412; x_wconf 90' lang='lat' dir='ltr'><strong>sint</strong></span> <span class='ocrx_word' id='word_1_293' title='bbox 572 2360 746 2412; x_wconf 87' lang='lat' dir='ltr'><strong>omnia</strong></span> <span class='ocrx_word' id='word_1_294' title='bbox 791 2375 906 2411; x_wconf 90' lang='lat' dir='ltr'><strong>mea</strong></span> <span class='ocrx_word' id='word_1_295' title='bbox 953 2368 1003 2410; x_wconf 89' lang='lat' dir='ltr'><strong>tu</strong></span> <span class='ocrx_word' id='word_1_296' title='bbox 1051 2359 1170 2411; x_wconf 85' lang='lat' dir='ltr'><strong>scis.</strong></span> <span class='ocrx_word' id='word_1_297' title='bbox 1218 2356 1385 2426; x_wconf 89' lang='lat' dir='ltr'><strong>Hujus</strong></span> <span class='ocrx_word' id='word_1_298' title='bbox 1431 2367 1553 2410; x_wconf 89' lang='lat' dir='ltr'><strong>vota</strong></span> <span class='ocrx_word' id='word_1_299' title='bbox 1581 2355 1821 2426; x_wconf 85' lang='lat' dir='ltr'><strong>profecto</strong></span> 
     </span>
    </p>
   </div>
   <div class='ocr_carea' id='block_1_40' title="bbox 241 2445 1824 2517">
    <p class='ocr_par' dir='ltr' id='par_1_40' title="bbox 241 2445 1824 2517">
     <span class='ocr_line' id='line_1_40' title="bbox 241 2445 1824 2517; baseline -0.001 -17"><span class='ocrx_word' id='word_1_300' title='bbox 241 2448 499 2502; x_wconf 78' lang='lat' dir='ltr'><strong>exaudita</strong></span> <span class='ocrx_word' id='word_1_301' title='bbox 521 2449 682 2502; x_wconf 88' lang='lat' dir='ltr'><strong>fuisse</strong></span> <span class='ocrx_word' id='word_1_302' title='bbox 711 2449 926 2503; x_wconf 91' lang='lat' dir='ltr'><strong>dubium</strong></span> <span class='ocrx_word' id='word_1_303' title='bbox 955 2465 1061 2503; x_wconf 89' lang='lat' dir='ltr'><strong>non</strong></span> <span class='ocrx_word' id='word_1_304' title='bbox 1090 2457 1189 2513; x_wconf 90' lang='lat' dir='ltr'><strong>est,</strong></span> <span class='ocrx_word' id='word_1_305' title='bbox 1222 2447 1649 2517; x_wconf 89' lang='lat' dir='ltr'><strong>quandoquidem</strong></span> <span class='ocrx_word' id='word_1_306' title='bbox 1677 2445 1824 2500; x_wconf 88' lang='lat' dir='ltr'><strong>addit</strong></span> 
     </span>
    </p>
   </div>
   <div class='ocr_carea' id='block_1_41' title="bbox 241 2539 1824 2608">
    <p class='ocr_par' dir='ltr' id='par_1_41' title="bbox 241 2539 1824 2608">
     <span class='ocr_line' id='line_1_41' title="bbox 241 2539 1824 2608; baseline 0 -16"><span class='ocrx_word' id='word_1_307' title='bbox 241 2539 572 2606; x_wconf 89' lang='lat' dir='ltr'><strong>Augustinus</strong></span> <span class='ocrx_word' id='word_1_308' title='bbox 617 2555 675 2594; x_wconf 89' lang='lat' dir='ltr'><strong>se</strong></span> <span class='ocrx_word' id='word_1_309' title='bbox 717 2540 926 2595; x_wconf 88' lang='lat' dir='ltr'><strong>nescire</strong></span> <span class='ocrx_word' id='word_1_310' title='bbox 965 2555 1285 2608; x_wconf 89' lang='lat' dir='ltr'><strong>quemquam</strong></span> <span class='ocrx_word' id='word_1_311' title='bbox 1325 2555 1540 2600; x_wconf 90' lang='lat' dir='ltr'><strong>eorum,</strong></span> <span class='ocrx_word' id='word_1_312' title='bbox 1573 2539 1661 2608; x_wconf 90' lang='lat' dir='ltr'><strong>qui</strong></span> <span class='ocrx_word' id='word_1_313' title='bbox 1693 2553 1824 2607; x_wconf 90' lang='lat' dir='ltr'><strong>opes</strong></span> 
     </span>
    </p>
   </div>
   <div class='ocr_carea' id='block_1_42' title="bbox 241 2618 1826 2701">
    <p class='ocr_par' dir='ltr' id='par_1_42' title="bbox 241 2618 1826 2701">
     <span class='ocr_line' id='line_1_42' title="bbox 241 2618 1826 2701; baseline -0.001 -17"><span class='ocrx_word' id='word_1_314' title='bbox 241 2647 372 2685; x_wconf 89' lang='lat' dir='ltr'><strong>suas</strong></span> <span class='ocrx_word' id='word_1_315' title='bbox 426 2639 644 2701; x_wconf 89' lang='lat' dir='ltr'><strong>propter</strong></span> <span class='ocrx_word' id='word_1_316' title='bbox 689 2629 956 2684; x_wconf 88' lang='lat' dir='ltr'><strong>Christum</strong></span> <span class='ocrx_word' id='word_1_317' title='bbox 1007 2631 1336 2698; x_wconf 89' lang='lat' dir='ltr'><strong>abjecerint,</strong></span> <span class='ocrx_word' id='word_1_318' title='bbox 1387 2629 1547 2684; x_wconf 90' lang='lat' dir='ltr'><strong>veluti</strong></span> <span class='ocrx_word' id='word_1_319' title='bbox 1591 2618 1826 2698; x_wconf 67' lang='lat' dir='ltr'><strong>pecuniae</strong></span> 
     </span>
    </p>
   </div>
   <div class='ocr_carea' id='block_1_43' title="bbox 241 2720 1829 2793">
    <p class='ocr_par' dir='ltr' id='par_1_43' title="bbox 241 2720 1829 2793">
     <span class='ocr_line' id='line_1_43' title="bbox 241 2720 1829 2793; baseline -0.003 -16"><span class='ocrx_word' id='word_1_320' title='bbox 241 2738 613 2793; x_wconf 87' lang='lat' dir='ltr'><strong>possessorem</strong></span> <span class='ocrx_word' id='word_1_321' title='bbox 655 2737 683 2775; x_wconf 86' lang='lat' dir='ltr'><strong>a</strong></span> <span class='ocrx_word' id='word_1_322' title='bbox 715 2722 954 2776; x_wconf 91' lang='lat' dir='ltr'><strong>barbaris</strong></span> <span class='ocrx_word' id='word_1_323' title='bbox 1000 2723 1383 2776; x_wconf 77' lang='lat' dir='ltr'><strong>excruciatum.</strong></span> <span class='ocrx_word' id='word_1_324' title='bbox 1434 2720 1545 2774; x_wconf 87' lang='lat' dir='ltr'><strong>Ilac</strong></span> <span class='ocrx_word' id='word_1_325' title='bbox 1572 2721 1829 2773; x_wconf 90' lang='lat' dir='ltr'><strong>barbaro-</strong></span> 
     </span>
    </p>
   </div>
   <div class='ocr_carea' id='block_1_44' title="bbox 1921 1906 3499 1982">
    <p class='ocr_par' dir='ltr' id='par_1_44' title="bbox 1921 1906 3499 1982">
     <span class='ocr_line' id='line_1_44' title="bbox 1921 1906 3499 1982; baseline -0.005 -16"><span class='ocrx_word' id='word_1_326' title='bbox 1921 1921 2275 1982; x_wconf 74' lang='lat' dir='ltr'><strong>przeterquam</strong></span> <span class='ocrx_word' id='word_1_327' title='bbox 2304 1911 2447 1979; x_wconf 80' lang='lat' dir='ltr'><strong>quod</strong></span> <span class='ocrx_word' id='word_1_328' title='bbox 2473 1923 2497 1959; x_wconf 74' lang='grc' dir='ltr'>ει</span> <span class='ocrx_word' id='word_1_329' title='bbox 2526 1925 2625 1979; x_wconf 91' lang='lat' dir='ltr'><strong>pro</strong></span> <span class='ocrx_word' id='word_1_330' title='bbox 2653 1910 2756 1963; x_wconf 90' lang='lat' dir='ltr'><strong>illis</strong></span> <span class='ocrx_word' id='word_1_331' title='bbox 2787 1916 2966 1962; x_wconf 86' lang='lat' dir='ltr'><strong>oraret</strong></span> <span class='ocrx_word' id='word_1_332' title='bbox 2995 1916 3054 1961; x_wconf 94' lang='lat' dir='ltr'><strong>ut</strong></span> <span class='ocrx_word' id='word_1_333' title='bbox 3081 1906 3499 1975; x_wconf 86' lang='lat' dir='ltr'><strong>corrigerentur,</strong></span> 
     </span>
    </p>
   </div>
   <div class='ocr_carea' id='block_1_45' title="bbox 1922 1997 3502 2062">
    <p class='ocr_par' dir='ltr' id='par_1_45' title="bbox 1922 1997 3502 2062">
     <span class='ocr_line' id='line_1_45' title="bbox 1922 1997 3502 2062; baseline -0.004 -3"><span class='ocrx_word' id='word_1_334' title='bbox 1922 2020 2027 2059; x_wconf 93' lang='lat' dir='ltr'><strong>non</strong></span> <span class='ocrx_word' id='word_1_335' title='bbox 2050 2003 2223 2058; x_wconf 87' lang='lat' dir='ltr'><strong>solum</strong></span> <span class='ocrx_word' id='word_1_336' title='bbox 2244 2003 2311 2056; x_wconf 91' lang='lat' dir='ltr'><strong>ad</strong></span> <span class='ocrx_word' id='word_1_337' title='bbox 2331 2002 2577 2056; x_wconf 88' lang='lat' dir='ltr'><strong>vitandos</strong></span> <span class='ocrx_word' id='word_1_338' title='bbox 2598 2002 2717 2055; x_wconf 91' lang='lat' dir='ltr'><strong>illos</strong></span> <span class='ocrx_word' id='word_1_339' title='bbox 2737 2009 2924 2056; x_wconf 90' lang='lat' dir='ltr'><strong>cautus</strong></span> <span class='ocrx_word' id='word_1_340' title='bbox 2949 2008 3112 2062; x_wconf 83' lang='lat' dir='ltr'><strong>esset,</strong></span> <span class='ocrx_word' id='word_1_341' title='bbox 3135 2013 3318 2052; x_wconf 87' lang='lat' dir='ltr'><strong>verum</strong></span> <span class='ocrx_word' id='word_1_342' title='bbox 3337 1997 3502 2052; x_wconf 79' lang='lat' dir='ltr'><strong>etiam</strong></span> 
     </span>
    </p>
   </div>
   <div class='ocr_carea' id='block_1_46' title="bbox 1921 2088 3504 2161">
    <p class='ocr_par' dir='ltr' id='par_1_46' title="bbox 1921 2088 3504 2161">
     <span class='ocr_line' id='line_1_46' title="bbox 1921 2088 3504 2161; baseline -0.004 -13"><span class='ocrx_word' id='word_1_343' title='bbox 1921 2095 1986 2148; x_wconf 88' lang='lat' dir='ltr'><strong>ad</strong></span> <span class='ocrx_word' id='word_1_344' title='bbox 2037 2093 2432 2148; x_wconf 89' lang='lat' dir='ltr'><strong>convincendos</strong></span> <span class='ocrx_word' id='word_1_345' title='bbox 2479 2109 2574 2147; x_wconf 90' lang='lat' dir='ltr'><strong>eos</strong></span> <span class='ocrx_word' id='word_1_346' title='bbox 2615 2095 2707 2161; x_wconf 91' lang='lat' dir='ltr'><strong>qui</strong></span> <span class='ocrx_word' id='word_1_347' title='bbox 2753 2091 2952 2159; x_wconf 78' lang='lat' dir='ltr'><strong>Pelagii</strong></span> <span class='ocrx_word' id='word_1_348' title='bbox 2994 2105 3206 2144; x_wconf 90' lang='lat' dir='ltr'><strong>errores</strong></span> <span class='ocrx_word' id='word_1_349' title='bbox 3233 2088 3504 2143; x_wconf 74' lang='lat' dir='ltr'><strong>mordicus</strong></span> 
     </span>
    </p>
   </div>
   <div class='ocr_carea' id='block_1_47' title="bbox 1920 2177 3505 2253">
    <p class='ocr_par' dir='ltr' id='par_1_47' title="bbox 1920 2177 3505 2253">
     <span class='ocr_line' id='line_1_47' title="bbox 1920 2177 3505 2253; baseline -0.007 -13"><span class='ocrx_word' id='word_1_350' title='bbox 1920 2184 2285 2240; x_wconf 90' lang='lat' dir='ltr'><strong>defendendos</strong></span> <span class='ocrx_word' id='word_1_351' title='bbox 2331 2184 2737 2253; x_wconf 85' lang='lat' dir='ltr'><strong>suscepissent;</strong></span> <span class='ocrx_word' id='word_1_352' title='bbox 2794 2183 2921 2250; x_wconf 92' lang='lat' dir='ltr'><strong>quin</strong></span> <span class='ocrx_word' id='word_1_353' title='bbox 2968 2183 3131 2234; x_wconf 88' lang='lat' dir='ltr'><strong>etiam</strong></span> <span class='ocrx_word' id='word_1_354' title='bbox 3175 2195 3271 2233; x_wconf 89' lang='lat' dir='ltr'><strong>eos</strong></span> <span class='ocrx_word' id='word_1_355' title='bbox 3308 2177 3505 2233; x_wconf 80' lang='lat' dir='ltr'><strong>refellit</strong></span> 
     </span>
    </p>
   </div>
   <div class='ocr_carea' id='block_1_48' title="bbox 1924 2266 3503 2347">
    <p class='ocr_par' dir='ltr' id='par_1_48' title="bbox 1924 2266 3503 2347">
     <span class='ocr_line' id='line_1_48' title="bbox 1924 2266 3503 2347; baseline -0.006 -15"><span class='ocrx_word' id='word_1_356' title='bbox 1924 2277 2249 2347; x_wconf 83' lang='lat' dir='ltr'><strong>Augustinus</strong></span> <span class='ocrx_word' id='word_1_357' title='bbox 2277 2292 2344 2330; x_wconf 81' lang='lat' dir='ltr'><strong>ex</strong></span> <span class='ocrx_word' id='word_1_358' title='bbox 2366 2276 2605 2345; x_wconf 89' lang='lat' dir='ltr'><strong>epistolis</strong></span> <span class='ocrx_word' id='word_1_359' title='bbox 2635 2273 2842 2328; x_wconf 87' lang='lat' dir='ltr'><strong>Paulini</strong></span> <span class='ocrx_word' id='word_1_360' title='bbox 2865 2319 2876 2341; x_wconf 91' lang='lat'><strong>,</strong></span> <span class='ocrx_word' id='word_1_361' title='bbox 2925 2289 2989 2327; x_wconf 88' lang='lat' dir='ltr'><strong>ac</strong></span> <span class='ocrx_word' id='word_1_362' title='bbox 3017 2271 3284 2342; x_wconf 59' lang='lat' dir='ltr'><strong>praecipue</strong></span> <span class='ocrx_word' id='word_1_363' title='bbox 3309 2283 3377 2323; x_wconf 82' lang='lat' dir='ltr'><strong>es</strong></span> <span class='ocrx_word' id='word_1_364' title='bbox 3405 2266 3503 2322; x_wconf 87' lang='lat' dir='ltr'><strong>tri-</strong></span> 
     </span>
    </p>
   </div>
   <div class='ocr_carea' id='block_1_49' title="bbox 1923 2357 3503 2433">
    <p class='ocr_par' dir='ltr' id='par_1_49' title="bbox 1923 2357 3503 2433">
     <span class='ocr_line' id='line_1_49' title="bbox 1923 2357 3503 2433; baseline -0.007 -14"><span class='ocrx_word' id='word_1_365' title='bbox 1923 2366 2120 2433; x_wconf 90' lang='lat' dir='ltr'><strong>gesima</strong></span> <span class='ocrx_word' id='word_1_366' title='bbox 2153 2375 2174 2403; x_wconf 69' lang='grc' dir='ltr'><strong>ι</strong></span> <span class='ocrx_word' id='word_1_367' title='bbox 2201 2365 2358 2432; x_wconf 89' lang='lat' dir='ltr'><strong>(alias</strong></span> <span class='ocrx_word' id='word_1_368' title='bbox 2391 2362 2601 2431; x_wconf 90' lang='lat' dir='ltr'><strong>octava)</strong></span> <span class='ocrx_word' id='word_1_369' title='bbox 2632 2361 2701 2415; x_wconf 88' lang='lat' dir='ltr'><strong>ad</strong></span> <span class='ocrx_word' id='word_1_370' title='bbox 2737 2361 3014 2415; x_wconf 87' lang='lat' dir='ltr'><strong>Severum.</strong></span> <span class='ocrx_word' id='word_1_371' title='bbox 3058 2357 3324 2427; x_wconf 83' lang='lat' dir='ltr'><strong>Fragrant</strong></span> <span class='ocrx_word' id='word_1_372' title='bbox 3346 2357 3503 2418; x_wconf 80' lang='lat' dir='ltr'><strong>enim.</strong></span> 
     </span>
    </p>
   </div>
   <div class='ocr_carea' id='block_1_50' title="bbox 1925 2445 3508 2525">
    <p class='ocr_par' dir='ltr' id='par_1_50' title="bbox 1925 2445 3508 2525">
     <span class='ocr_line' id='line_1_50' title="bbox 1925 2445 3508 2525; baseline -0.007 -16"><span class='ocrx_word' id='word_1_373' title='bbox 1925 2456 2096 2525; x_wconf 89' lang='lat' dir='ltr'><strong>inquit</strong></span> <span class='ocrx_word' id='word_1_374' title='bbox 2120 2463 2141 2491; x_wconf 83' lang='lat'>&#39;</span> <span class='ocrx_word' id='word_1_375' title='bbox 2166 2455 2233 2508; x_wconf 90' lang='lat' dir='ltr'><strong>ad</strong></span> <span class='ocrx_word' id='word_1_376' title='bbox 2261 2470 2403 2518; x_wconf 90' lang='lat' dir='ltr'><strong>eum,</strong></span> <span class='ocrx_word' id='word_1_377' title='bbox 2432 2453 2662 2523; x_wconf 71' lang='lat' dir='ltr'><strong>epistolae</strong></span> <span class='ocrx_word' id='word_1_378' title='bbox 2684 2462 2783 2506; x_wconf 66' lang='lat' dir='ltr'><strong>tum</strong></span> <span class='ocrx_word' id='word_1_379' title='bbox 2810 2452 2967 2506; x_wconf 86' lang='lat' dir='ltr'><strong>odore</strong></span> <span class='ocrx_word' id='word_1_380' title='bbox 2987 2450 3332 2503; x_wconf 85' lang='lat' dir='ltr'><strong>sincerissimo</strong></span> <span class='ocrx_word' id='word_1_381' title='bbox 3357 2445 3508 2499; x_wconf 71' lang='lat' dir='ltr'><strong>Chri-</strong></span> 
     </span>
    </p>
   </div>
   <div class='ocr_carea' id='block_1_51' title="bbox 1925 2537 3510 2614">
    <p class='ocr_par' dir='ltr' id='par_1_51' title="bbox 1925 2537 3510 2614">
     <span class='ocr_line' id='line_1_51' title="bbox 1925 2537 3510 2614; baseline -0.006 -17"><span class='ocrx_word' id='word_1_382' title='bbox 1925 2546 2011 2608; x_wconf 89' lang='lat' dir='ltr'><strong>sti,</strong></span> <span class='ocrx_word' id='word_1_383' title='bbox 2041 2544 2130 2597; x_wconf 84' lang='lat' dir='ltr'><strong>ubi</strong></span> <span class='ocrx_word' id='word_1_384' title='bbox 2151 2544 2592 2614; x_wconf 78' lang='lat' dir='ltr'><strong>germanissimus,</strong></span> <span class='ocrx_word' id='word_1_385' title='bbox 2615 2542 2800 2612; x_wconf 79' lang='lat' dir='ltr'><strong>gratia:</strong></span> <span class='ocrx_word' id='word_1_386' title='bbox 2819 2542 2978 2610; x_wconf 85' lang='lat' dir='ltr'><strong>ipsius</strong></span> <span class='ocrx_word' id='word_1_387' title='bbox 3009 2539 3222 2592; x_wconf 83' lang='lat' dir='ltr'><strong>dilector</strong></span> <span class='ocrx_word' id='word_1_388' title='bbox 3240 2546 3289 2589; x_wconf 88' lang='lat' dir='ltr'><strong>et</strong></span> <span class='ocrx_word' id='word_1_389' title='bbox 3315 2537 3510 2605; x_wconf 72' lang='lat' dir='ltr'><strong>confes-</strong></span> 
     </span>
    </p>
   </div>
   <div class='ocr_carea' id='block_1_52' title="bbox 1929 2620 3511 2700">
    <p class='ocr_par' dir='ltr' id='par_1_52' title="bbox 1929 2620 3511 2700">
     <span class='ocr_line' id='line_1_52' title="bbox 1929 2620 3511 2700; baseline -0.004 -15"><span class='ocrx_word' id='word_1_390' title='bbox 1929 2649 2016 2686; x_wconf 89' lang='lat' dir='ltr'><strong>sor</strong></span> <span class='ocrx_word' id='word_1_391' title='bbox 2046 2620 2284 2700; x_wconf 75' lang='lat' dir='ltr'><strong>appai&#39;es.</strong></span> <span class='ocrx_word' id='word_1_392' title='bbox 2310 2631 2498 2684; x_wconf 83' lang='lat' dir='ltr'><strong>Nullus</strong></span> <span class='ocrx_word' id='word_1_393' title='bbox 2525 2639 2675 2684; x_wconf 87' lang='lat' dir='ltr'><strong>certe</strong></span> <span class='ocrx_word' id='word_1_394' title='bbox 2705 2645 2733 2683; x_wconf 93' lang='lat' dir='ltr'><strong>a</strong></span> <span class='ocrx_word' id='word_1_395' title='bbox 2760 2629 3009 2695; x_wconf 90' lang='lat' dir='ltr'><strong>dogmate</strong></span> <span class='ocrx_word' id='word_1_396' title='bbox 3031 2627 3317 2693; x_wconf 77' lang='lat' dir='ltr'><strong>Pelagiana</strong></span> <span class='ocrx_word' id='word_1_397' title='bbox 3342 2625 3511 2691; x_wconf 84' lang='lat' dir='ltr'><strong>magis</strong></span> 
     </span>
    </p>
   </div>
   <div class='ocr_carea' id='block_1_53' title="bbox 1932 2713 3512 2788">
    <p class='ocr_par' dir='ltr' id='par_1_53' title="bbox 1932 2713 3512 2788">
     <span class='ocr_line' id='line_1_53' title="bbox 1932 2713 3512 2788; baseline -0.004 -15"><span class='ocrx_word' id='word_1_398' title='bbox 1932 2721 2211 2774; x_wconf 86' lang='lat' dir='ltr'><strong>abhorruit</strong></span> <span class='ocrx_word' id='word_1_399' title='bbox 2246 2735 2405 2788; x_wconf 89' lang='lat' dir='ltr'><strong>quam</strong></span> <span class='ocrx_word' id='word_1_400' title='bbox 2452 2718 2737 2781; x_wconf 85' lang='lat' dir='ltr'><strong>Paulinus;</strong></span> <span class='ocrx_word' id='word_1_401' title='bbox 2789 2726 2843 2770; x_wconf 90' lang='lat' dir='ltr'><strong>at</strong></span> <span class='ocrx_word' id='word_1_402' title='bbox 2888 2731 2918 2769; x_wconf 89' lang='lat' dir='ltr'><strong>a</strong></span> <span class='ocrx_word' id='word_1_403' title='bbox 2960 2713 3512 2784; x_wconf 86' lang='lat' dir='ltr'><strong>Semipelagianorum</strong></span> 
     </span>
    </p>
   </div>
   <div class='ocr_carea' id='block_1_54' title="bbox 241 2804 3511 2876">
    <p class='ocr_par' dir='ltr' id='par_1_54' title="bbox 241 2804 3511 2876">
     <span class='ocr_line' id='line_1_54' title="bbox 241 2804 3511 2876; baseline -0.004 -10"><span class='ocrx_word' id='word_1_404' title='bbox 241 2827 366 2866; x_wconf 91' lang='lat' dir='ltr'><strong>rum</strong></span> <span class='ocrx_word' id='word_1_405' title='bbox 397 2813 700 2866; x_wconf 90' lang='lat' dir='ltr'><strong>incursione</strong></span> <span class='ocrx_word' id='word_1_406' title='bbox 747 2822 802 2865; x_wconf 91' lang='lat' dir='ltr'><strong>et</strong></span> <span class='ocrx_word' id='word_1_407' title='bbox 846 2811 1144 2865; x_wconf 83' lang='lat' dir='ltr'><strong>vastatione</strong></span> <span class='ocrx_word' id='word_1_408' title='bbox 1191 2825 1416 2864; x_wconf 90' lang='lat' dir='ltr'><strong>accensa</strong></span> <span class='ocrx_word' id='word_1_409' title='bbox 1446 2809 1574 2871; x_wconf 85' lang='lat' dir='ltr'><strong>fuit,</strong></span> <span class='ocrx_word' id='word_1_410' title='bbox 1609 2823 1714 2861; x_wconf 92' lang='lat' dir='ltr'><strong>non</strong></span> <span class='ocrx_word' id='word_1_411' title='bbox 1739 2822 1834 2860; x_wconf 80' lang='lat' dir='ltr'><strong>ex-</strong></span> <span class='ocrx_word' id='word_1_412' title='bbox 1934 2824 2119 2862; x_wconf 86' lang='lat' dir='ltr'><strong>errore</strong></span> <span class='ocrx_word' id='word_1_413' title='bbox 2146 2809 2237 2876; x_wconf 90' lang='lat' dir='ltr'><strong>qui</strong></span> <span class='ocrx_word' id='word_1_414' title='bbox 2265 2807 2422 2862; x_wconf 80' lang='lat' dir='ltr'><strong>home</strong></span> <span class='ocrx_word' id='word_1_415' title='bbox 2447 2807 2738 2861; x_wconf 89' lang='lat' dir='ltr'><strong>voluntatis</strong></span> <span class='ocrx_word' id='word_1_416' title='bbox 2776 2806 2982 2860; x_wconf 90' lang='lat' dir='ltr'><strong>initium</strong></span> <span class='ocrx_word' id='word_1_417' title='bbox 3014 2804 3246 2858; x_wconf 88' lang='lat' dir='ltr'><strong>hominis</strong></span> <span class='ocrx_word' id='word_1_418' title='bbox 3273 2817 3395 2858; x_wconf 87' lang='lat' dir='ltr'><strong>esse</strong></span> <span class='ocrx_word' id='word_1_419' title='bbox 3422 2815 3511 2855; x_wconf 81' lang='lat' dir='ltr'><strong>as-</strong></span> 
     </span>
    </p>
   </div>
   <div class='ocr_carea' id='block_1_55' title="bbox 240 2898 1830 2969">
    <p class='ocr_par' dir='ltr' id='par_1_55' title="bbox 240 2898 1830 2969">
     <span class='ocr_line' id='line_1_55' title="bbox 240 2898 1830 2969; baseline -0.006 -9"><span class='ocrx_word' id='word_1_420' title='bbox 240 2906 467 2966; x_wconf 81' lang='lat' dir='ltr'><strong>stincta,</strong></span> <span class='ocrx_word' id='word_1_421' title='bbox 489 2902 694 2956; x_wconf 91' lang='lat' dir='ltr'><strong>Paulini</strong></span> <span class='ocrx_word' id='word_1_422' title='bbox 719 2903 946 2965; x_wconf 89' lang='lat' dir='ltr'><strong>caritas;</strong></span> <span class='ocrx_word' id='word_1_423' title='bbox 970 2901 1097 2969; x_wconf 91' lang='lat' dir='ltr'><strong>quin</strong></span> <span class='ocrx_word' id='word_1_424' title='bbox 1119 2901 1301 2962; x_wconf 86' lang='lat' dir='ltr'><strong>immo,</strong></span> <span class='ocrx_word' id='word_1_425' title='bbox 1323 2908 1346 2944; x_wconf 75' lang='grc' dir='ltr'><em>ε</em></span> <span class='ocrx_word' id='word_1_426' title='bbox 1365 2913 1713 2966; x_wconf 62' lang='lat' dir='ltr'><strong>quaecumque</strong></span> <span class='ocrx_word' id='word_1_427' title='bbox 1734 2898 1830 2950; x_wconf 91' lang='lat' dir='ltr'><strong>ha-</strong></span> 
     </span>
    </p>
   </div>
   <div class='ocr_carea' id='block_1_56' title="bbox 243 2989 1832 3060">
    <p class='ocr_par' dir='ltr' id='par_1_56' title="bbox 243 2989 1832 3060">
     <span class='ocr_line' id='line_1_56' title="bbox 243 2989 1832 3060; baseline -0.005 -12"><span class='ocrx_word' id='word_1_428' title='bbox 243 2996 384 3048; x_wconf 84' lang='lat' dir='ltr'><strong>bere</strong></span> <span class='ocrx_word' id='word_1_429' title='bbox 405 2993 582 3060; x_wconf 92' lang='lat' dir='ltr'><strong>potuit</strong></span> <span class='ocrx_word' id='word_1_430' title='bbox 609 3001 664 3045; x_wconf 90' lang='lat' dir='ltr'><strong>ut</strong></span> <span class='ocrx_word' id='word_1_431' title='bbox 690 2993 994 3060; x_wconf 85' lang='lat' dir='ltr'><strong>episc0pus,</strong></span> <span class='ocrx_word' id='word_1_432' title='bbox 1018 2989 1084 3042; x_wconf 90' lang='lat' dir='ltr'><strong>ad</strong></span> <span class='ocrx_word' id='word_1_433' title='bbox 1109 2989 1442 3058; x_wconf 89' lang='lat' dir='ltr'><strong>captivorum</strong></span> <span class='ocrx_word' id='word_1_434' title='bbox 1472 2996 1527 3042; x_wconf 89' lang='lat' dir='ltr'><strong>et</strong></span> <span class='ocrx_word' id='word_1_435' title='bbox 1541 3003 1832 3058; x_wconf 86' lang='lat' dir='ltr'><strong>pauperum</strong></span> 
     </span>
    </p>
   </div>
   <div class='ocr_carea' id='block_1_57' title="bbox 245 3082 1268 3153">
    <p class='ocr_par' dir='ltr' id='par_1_57' title="bbox 245 3082 1268 3153">
     <span class='ocr_line' id='line_1_57' title="bbox 245 3082 1268 3153; baseline -0.003 -16"><span class='ocrx_word' id='word_1_436' title='bbox 245 3084 508 3138; x_wconf 83' lang='lat' dir='ltr'><strong>solatium</strong></span> <span class='ocrx_word' id='word_1_437' title='bbox 537 3083 589 3136; x_wconf 86' lang='lat' dir='ltr'><strong>in</strong></span> <span class='ocrx_word' id='word_1_438' title='bbox 613 3083 983 3153; x_wconf 80' lang='lat' dir='ltr'><strong>elcemosynas</strong></span> <span class='ocrx_word' id='word_1_439' title='bbox 1010 3082 1268 3149; x_wconf 87' lang='lat' dir='ltr'><strong>erogavit.</strong></span> 
     </span>
    </p>
   </div>
   <div class='ocr_carea' id='block_1_58' title="bbox 1933 2893 3514 2966">
    <p class='ocr_par' dir='ltr' id='par_1_58' title="bbox 1933 2893 3514 2966">
     <span class='ocr_line' id='line_1_58' title="bbox 1933 2893 3514 2966; baseline -0.003 -13"><span class='ocrx_word' id='word_1_440' title='bbox 1933 2899 2185 2953; x_wconf 88' lang='lat' dir='ltr'><strong>serebant</strong></span> <span class='ocrx_word' id='word_1_441' title='bbox 2214 2914 2320 2953; x_wconf 93' lang='lat' dir='ltr'><strong>non</strong></span> <span class='ocrx_word' id='word_1_442' title='bbox 2345 2899 2474 2953; x_wconf 88' lang='lat' dir='ltr'><strong>satis</strong></span> <span class='ocrx_word' id='word_1_443' title='bbox 2505 2898 2733 2952; x_wconf 89' lang='lat' dir='ltr'><strong>alienum</strong></span> <span class='ocrx_word' id='word_1_444' title='bbox 2763 2914 2884 2951; x_wconf 93' lang='lat' dir='ltr'><strong>eum</strong></span> <span class='ocrx_word' id='word_1_445' title='bbox 2916 2896 3080 2951; x_wconf 90' lang='lat' dir='ltr'><strong>fuisse</strong></span> <span class='ocrx_word' id='word_1_446' title='bbox 3115 2903 3296 2966; x_wconf 90' lang='lat' dir='ltr'><strong>posset</strong></span> <span class='ocrx_word' id='word_1_447' title='bbox 3322 2893 3514 2962; x_wconf 83' lang='lat' dir='ltr'><strong>conjici</strong></span> 
     </span>
    </p>
   </div>
   <div class='ocr_carea' id='block_1_59' title="bbox 1935 2984 3515 3057">
    <p class='ocr_par' dir='ltr' id='par_1_59' title="bbox 1935 2984 3515 3057">
     <span class='ocr_line' id='line_1_59' title="bbox 1935 2984 3515 3057; baseline -0.003 -13"><span class='ocrx_word' id='word_1_448' title='bbox 1935 3005 2000 3044; x_wconf 83' lang='lat' dir='ltr'><strong>ex</strong></span> <span class='ocrx_word' id='word_1_449' title='bbox 2049 2989 2364 3057; x_wconf 89' lang='lat' dir='ltr'><strong>quibusdam</strong></span> <span class='ocrx_word' id='word_1_450' title='bbox 2414 2989 2554 3042; x_wconf 88' lang='lat' dir='ltr'><strong>illius</strong></span> <span class='ocrx_word' id='word_1_451' title='bbox 2599 2989 2918 3057; x_wconf 90' lang='lat' dir='ltr'><strong>scriptorum</strong></span> <span class='ocrx_word' id='word_1_452' title='bbox 2967 2987 3132 3049; x_wconf 88' lang='lat' dir='ltr'><strong>locis,</strong></span> <span class='ocrx_word' id='word_1_453' title='bbox 3169 2989 3186 3021; x_wconf 72' lang='grc'>⁸</span> <span class='ocrx_word' id='word_1_454' title='bbox 3229 3000 3348 3040; x_wconf 90' lang='lat' dir='ltr'><strong>cum</strong></span> <span class='ocrx_word' id='word_1_455' title='bbox 3377 2984 3515 3039; x_wconf 83' lang='lat' dir='ltr'><strong>hanc</strong></span> 
     </span>
    </p>
   </div>
   <div class='ocr_carea' id='block_1_60' title="bbox 1936 3076 3516 3148">
    <p class='ocr_par' dir='ltr' id='par_1_60' title="bbox 1936 3076 3516 3148">
     <span class='ocr_line' id='line_1_60' title="bbox 1936 3076 3516 3148; baseline 0 -18"><span class='ocrx_word' id='word_1_456' title='bbox 1936 3078 2287 3148; x_wconf 67' lang='lat' dir='ltr'><strong>qumstionem</strong></span> <span class='ocrx_word' id='word_1_457' title='bbox 2321 3078 2558 3132; x_wconf 92' lang='lat' dir='ltr'><strong>nondum</strong></span> <span class='ocrx_word' id='word_1_458' title='bbox 2580 3079 2886 3147; x_wconf 86' lang='lat' dir='ltr'><strong>posuissent</strong></span> <span class='ocrx_word' id='word_1_459' title='bbox 2916 3077 3270 3132; x_wconf 83' lang='lat' dir='ltr'><strong>Massilienses</strong></span> <span class='ocrx_word' id='word_1_460' title='bbox 3297 3076 3516 3145; x_wconf 81' lang='lat' dir='ltr'><strong>presby-</strong></span> 
     </span>
    </p>
   </div>
   <div class='ocr_carea' id='block_1_61' title="bbox 325 3148 3338 3242">
    <p class='ocr_par' dir='ltr' id='par_1_61' title="bbox 325 3148 3338 3242">
     <span class='ocr_line' id='line_1_61' title="bbox 325 3148 3338 3242; baseline -0.002 -16"><span class='ocrx_word' id='word_1_461' title='bbox 325 3173 380 3226; x_wconf 78' lang='grc'>5.</span> <span class='ocrx_word' id='word_1_462' title='bbox 422 3174 575 3228; x_wconf 88' lang='lat' dir='ltr'><strong>Circa</strong></span> <span class='ocrx_word' id='word_1_463' title='bbox 605 3165 708 3228; x_wconf 83' lang='lat' dir='ltr'><strong>hoc</strong></span> <span class='ocrx_word' id='word_1_464' title='bbox 737 3148 874 3227; x_wconf 82' lang='lat' dir='ltr'><strong>idem</strong></span> <span class='ocrx_word' id='word_1_465' title='bbox 907 3148 1126 3242; x_wconf 15' lang='lat' dir='ltr'><strong>tempus,</strong></span> <span class='ocrx_word' id='word_1_466' title='bbox 1154 3173 1217 3226; x_wconf 90' lang='lat' dir='ltr'><strong>ad</strong></span> <span class='ocrx_word' id='word_1_467' title='bbox 1249 3173 1598 3241; x_wconf 88' lang='lat' dir='ltr'><strong>Augustinum</strong></span> <span class='ocrx_word' id='word_1_468' title='bbox 1635 3173 1835 3241; x_wconf 88' lang='lat' dir='ltr'><strong>episto-</strong></span> <span class='ocrx_word' id='word_1_469' title='bbox 1862 3148 1906 3211; x_wconf 61' lang='grc' dir='ltr'><strong>(ἶ</strong></span> <span class='ocrx_word' id='word_1_470' title='bbox 1940 3171 2058 3233; x_wconf 89' lang='lat' dir='ltr'><strong>teri,</strong></span> <span class='ocrx_word' id='word_1_471' title='bbox 2090 3169 2314 3225; x_wconf 90' lang='lat' dir='ltr'><strong>necdum</strong></span> <span class='ocrx_word' id='word_1_472' title='bbox 2345 3170 2668 3237; x_wconf 87' lang='lat' dir='ltr'><strong>Augustinus</strong></span> <span class='ocrx_word' id='word_1_473' title='bbox 2687 3169 2974 3224; x_wconf 89' lang='lat' dir='ltr'><strong>enodasset</strong></span> <span class='ocrx_word' id='word_1_474' title='bbox 3000 3176 3053 3224; x_wconf 87' lang='lat' dir='ltr'><strong>et</strong></span> <span class='ocrx_word' id='word_1_475' title='bbox 3075 3169 3338 3226; x_wconf 81' lang='lat' dir='ltr'><strong>solvisset.</strong></span> 
     </span>
    </p>
   </div>
   <div class='ocr_carea' id='block_1_62' title="bbox 246 3261 1835 3333">
    <p class='ocr_par' dir='ltr' id='par_1_62' title="bbox 246 3261 1835 3333">
     <span class='ocr_line' id='line_1_62' title="bbox 246 3261 1835 3333; baseline 0 -17"><span class='ocrx_word' id='word_1_476' title='bbox 246 3265 363 3316; x_wconf 89' lang='lat' dir='ltr'><strong>Iam</strong></span> <span class='ocrx_word' id='word_1_477' title='bbox 393 3261 462 3315; x_wconf 85' lang='lat'><strong>50</strong></span> <span class='ocrx_word' id='word_1_478' title='bbox 489 3264 702 3333; x_wconf 86' lang='lat' dir='ltr'><strong>scripsit</strong></span> <span class='ocrx_word' id='word_1_479' title='bbox 733 3263 755 3299; x_wconf 79' lang='grc' dir='ltr'>¹ι</span> <span class='ocrx_word' id='word_1_480' title='bbox 780 3263 1028 3316; x_wconf 83' lang='lat' dir='ltr'><strong>Paulinus</strong></span> <span class='ocrx_word' id='word_1_481' title='bbox 1059 3264 1229 3317; x_wconf 79' lang='lat' dir='ltr'><strong>varias</strong></span> <span class='ocrx_word' id='word_1_482' title='bbox 1259 3264 1331 3316; x_wconf 92' lang='lat' dir='ltr'><strong>illi</strong></span> <span class='ocrx_word' id='word_1_483' title='bbox 1362 3263 1682 3332; x_wconf 68' lang='lat' dir='ltr'><strong>qumstiones</strong></span> <span class='ocrx_word' id='word_1_484' title='bbox 1710 3277 1835 3332; x_wconf 84' lang='lat' dir='ltr'><strong>pro-</strong></span> 
     </span>
    </p>
   </div>
   <div class='ocr_carea' id='block_1_63' title="bbox 248 3353 1832 3425">
    <p class='ocr_par' dir='ltr' id='par_1_63' title="bbox 248 3353 1832 3425">
     <span class='ocr_line' id='line_1_63' title="bbox 248 3353 1832 3425; baseline -0.002 -16"><span class='ocrx_word' id='word_1_485' title='bbox 248 3369 466 3425; x_wconf 85' lang='lat' dir='ltr'><strong>ponens</strong></span> <span class='ocrx_word' id='word_1_486' title='bbox 504 3355 697 3424; x_wconf 87' lang='lat' dir='ltr'><strong>quibus</strong></span> <span class='ocrx_word' id='word_1_487' title='bbox 739 3357 918 3406; x_wconf 79' lang='lat' dir='ltr'><strong>statim</strong></span> <span class='ocrx_word' id='word_1_488' title='bbox 958 3368 1272 3423; x_wconf 89' lang='lat' dir='ltr'><strong>responsum</strong></span> <span class='ocrx_word' id='word_1_489' title='bbox 1299 3353 1444 3407; x_wconf 88' lang='lat' dir='ltr'><strong>dedit</strong></span> <span class='ocrx_word' id='word_1_490' title='bbox 1473 3354 1832 3420; x_wconf 87' lang='lat' dir='ltr'><strong>Augustinus;</strong></span> 
     </span>
    </p>
   </div>
   <div class='ocr_carea' id='block_1_64' title="bbox 249 3443 1834 3515">
    <p class='ocr_par' dir='ltr' id='par_1_64' title="bbox 249 3443 1834 3515">
     <span class='ocr_line' id='line_1_64' title="bbox 249 3443 1834 3515; baseline -0.003 -15"><span class='ocrx_word' id='word_1_491' title='bbox 249 3462 362 3515; x_wconf 93' lang='lat' dir='ltr'><strong>quo</strong></span> <span class='ocrx_word' id='word_1_492' title='bbox 408 3446 645 3509; x_wconf 85' lang='lat' dir='ltr'><strong>amisso,</strong></span> <span class='ocrx_word' id='word_1_493' title='bbox 690 3445 862 3499; x_wconf 85' lang='lat' dir='ltr'><strong>eidem</strong></span> <span class='ocrx_word' id='word_1_494' title='bbox 909 3445 1179 3514; x_wconf 90' lang='lat' dir='ltr'><strong>rescripsit</strong></span> <span class='ocrx_word' id='word_1_495' title='bbox 1225 3445 1415 3499; x_wconf 90' lang='lat' dir='ltr'><strong>iterum</strong></span> <span class='ocrx_word' id='word_1_496' title='bbox 1446 3443 1717 3507; x_wconf 90' lang='lat' dir='ltr'><strong>Paulinus,</strong></span> <span class='ocrx_word' id='word_1_497' title='bbox 1749 3444 1834 3497; x_wconf 91' lang='lat' dir='ltr'><strong>cui</strong></span> 
     </span>
    </p>
   </div>
   <div class='ocr_carea' id='block_1_65' title="bbox 251 3534 1834 3606">
    <p class='ocr_par' dir='ltr' id='par_1_65' title="bbox 251 3534 1834 3606">
     <span class='ocr_line' id='line_1_65' title="bbox 251 3534 1834 3606; baseline -0.003 -14"><span class='ocrx_word' id='word_1_498' title='bbox 251 3553 569 3606; x_wconf 88' lang='lat' dir='ltr'><strong>responsum</strong></span> <span class='ocrx_word' id='word_1_499' title='bbox 599 3536 822 3588; x_wconf 89' lang='lat' dir='ltr'><strong>alterum</strong></span> <span class='ocrx_word' id='word_1_500' title='bbox 846 3534 989 3589; x_wconf 89' lang='lat' dir='ltr'><strong>misit</strong></span> <span class='ocrx_word' id='word_1_501' title='bbox 1011 3536 1337 3602; x_wconf 87' lang='lat' dir='ltr'><strong>Augustinus</strong></span> <span class='ocrx_word' id='word_1_502' title='bbox 1356 3535 1498 3604; x_wconf 91' lang='lat' dir='ltr'><strong>quod</strong></span> <span class='ocrx_word' id='word_1_503' title='bbox 1523 3544 1577 3588; x_wconf 92' lang='lat' dir='ltr'><strong>et</strong></span> <span class='ocrx_word' id='word_1_504' title='bbox 1599 3535 1834 3589; x_wconf 84' lang='lat' dir='ltr'><strong>secundo</strong></span> 
     </span>
    </p>
   </div>
   <div class='ocr_carea' id='block_1_66' title="bbox 256 3623 1833 3694">
    <p class='ocr_par' dir='ltr' id='par_1_66' title="bbox 256 3623 1833 3694">
     <span class='ocr_line' id='line_1_66' title="bbox 256 3623 1833 3694; baseline -0.001 -14"><span class='ocrx_word' id='word_1_505' title='bbox 256 3627 515 3680; x_wconf 86' lang='lat' dir='ltr'><strong>amissum</strong></span> <span class='ocrx_word' id='word_1_506' title='bbox 541 3635 640 3678; x_wconf 90' lang='lat' dir='ltr'><strong>est.</strong></span> <span class='ocrx_word' id='word_1_507' title='bbox 684 3623 777 3678; x_wconf 90' lang='lat' dir='ltr'><strong>His</strong></span> <span class='ocrx_word' id='word_1_508' title='bbox 804 3633 983 3678; x_wconf 90' lang='lat' dir='ltr'><strong>tamen</strong></span> <span class='ocrx_word' id='word_1_509' title='bbox 1021 3641 1124 3678; x_wconf 93' lang='lat' dir='ltr'><strong>non</strong></span> <span class='ocrx_word' id='word_1_510' title='bbox 1147 3634 1422 3694; x_wconf 89' lang='lat' dir='ltr'><strong>permotus</strong></span> <span class='ocrx_word' id='word_1_511' title='bbox 1450 3623 1701 3678; x_wconf 89' lang='lat' dir='ltr'><strong>Paulinus</strong></span> <span class='ocrx_word' id='word_1_512' title='bbox 1730 3634 1833 3678; x_wconf 87' lang='lat' dir='ltr'><strong>ter-</strong></span> 
     </span>
    </p>
   </div>
   <div class='ocr_carea' id='block_1_67' title="bbox 252 3714 1834 3787">
    <p class='ocr_par' dir='ltr' id='par_1_67' title="bbox 252 3714 1834 3787">
     <span class='ocr_line' id='line_1_67' title="bbox 252 3714 1834 3787; baseline -0.002 -17"><span class='ocrx_word' id='word_1_513' title='bbox 252 3718 382 3770; x_wconf 86' lang='lat' dir='ltr'><strong>tiam</strong></span> <span class='ocrx_word' id='word_1_514' title='bbox 407 3716 474 3770; x_wconf 83' lang='lat' dir='ltr'><strong>de</strong></span> <span class='ocrx_word' id='word_1_515' title='bbox 495 3716 680 3769; x_wconf 89' lang='lat' dir='ltr'><strong>iisdem</strong></span> <span class='ocrx_word' id='word_1_516' title='bbox 701 3714 1098 3787; x_wconf 69' lang='lat' dir='ltr'><strong>difﬁcultatibus</strong></span> <span class='ocrx_word' id='word_1_517' title='bbox 1121 3716 1405 3785; x_wconf 84' lang='lat' dir='ltr'><strong>epistolam</strong></span> <span class='ocrx_word' id='word_1_518' title='bbox 1429 3716 1663 3784; x_wconf 88' lang='lat' dir='ltr'><strong>scripsit,</strong></span> <span class='ocrx_word' id='word_1_519' title='bbox 1690 3717 1834 3785; x_wconf 90' lang='lat' dir='ltr'><strong>pium</strong></span> 
     </span>
    </p>
   </div>
   <div class='ocr_carea' id='block_1_68' title="bbox 253 3803 1833 3874">
    <p class='ocr_par' dir='ltr' id='par_1_68' title="bbox 253 3803 1833 3874">
     <span class='ocr_line' id='line_1_68' title="bbox 253 3803 1833 3874; baseline -0.001 -16"><span class='ocrx_word' id='word_1_520' title='bbox 253 3804 524 3872; x_wconf 89' lang='lat' dir='ltr'><strong>quoddam</strong></span> <span class='ocrx_word' id='word_1_521' title='bbox 560 3819 695 3874; x_wconf 86' lang='lat' dir='ltr'><strong>opus</strong></span> <span class='ocrx_word' id='word_1_522' title='bbox 723 3803 1004 3856; x_wconf 92' lang='lat' dir='ltr'><strong>meditans.</strong></span> <span class='ocrx_word' id='word_1_523' title='bbox 1055 3803 1208 3858; x_wconf 85' lang='lat' dir='ltr'><strong>Anno</strong></span> <span class='ocrx_word' id='word_1_524' title='bbox 1238 3804 1342 3858; x_wconf 77' lang='grc'><strong>415</strong></span> <span class='ocrx_word' id='word_1_525' title='bbox 1369 3819 1619 3873; x_wconf 91' lang='lat' dir='ltr'><strong>magnum</strong></span> <span class='ocrx_word' id='word_1_526' title='bbox 1653 3805 1718 3859; x_wconf 90' lang='lat' dir='ltr'><strong>de</strong></span> <span class='ocrx_word' id='word_1_527' title='bbox 1743 3804 1833 3858; x_wconf 87' lang='lat' dir='ltr'><strong>Ci-</strong></span> 
     </span>
    </p>
   </div>
   <div class='ocr_carea' id='block_1_69' title="bbox 252 3893 1924 3964">
    <p class='ocr_par' dir='ltr' id='par_1_69' title="bbox 252 3893 1924 3964">
     <span class='ocr_line' id='line_1_69' title="bbox 252 3893 1924 3964; baseline 0.002 -20"><span class='ocrx_word' id='word_1_528' title='bbox 252 3894 421 3947; x_wconf 86' lang='lat' dir='ltr'><strong>vitate</strong></span> <span class='ocrx_word' id='word_1_529' title='bbox 451 3893 543 3947; x_wconf 89' lang='lat' dir='ltr'><strong>Dei</strong></span> <span class='ocrx_word' id='word_1_530' title='bbox 567 3909 701 3963; x_wconf 90' lang='lat' dir='ltr'><strong>opus</strong></span> <span class='ocrx_word' id='word_1_531' title='bbox 730 3893 1053 3960; x_wconf 88' lang='lat' dir='ltr'><strong>Augustinus</strong></span> <span class='ocrx_word' id='word_1_532' title='bbox 1079 3910 1303 3950; x_wconf 80' lang='lat' dir='ltr'><strong>exorsus</strong></span> <span class='ocrx_word' id='word_1_533' title='bbox 1325 3903 1431 3959; x_wconf 87' lang='lat' dir='ltr'><strong>est,</strong></span> <span class='ocrx_word' id='word_1_534' title='bbox 1465 3896 1614 3963; x_wconf 86' lang='lat' dir='ltr'><strong>cujus</strong></span> <span class='ocrx_word' id='word_1_535' title='bbox 1644 3896 1695 3948; x_wconf 94' lang='lat' dir='ltr'><strong>in</strong></span> <span class='ocrx_word' id='word_1_536' title='bbox 1723 3897 1834 3963; x_wconf 79' lang='lat' dir='ltr'><strong>pri-</strong></span> <span class='ocrx_word' id='word_1_537' title='bbox 1911 3957 1924 3964; x_wconf 37' lang='lat'><strong><em>&#39;</em></strong></span> 
     </span>
    </p>
   </div>
   <div class='ocr_carea' id='block_1_70' title="bbox 256 3983 1844 4056">
    <p class='ocr_par' dir='ltr' id='par_1_70' title="bbox 256 3983 1844 4056">
     <span class='ocr_line' id='line_1_70' title="bbox 256 3983 1844 4056; baseline 0.003 -18"><span class='ocrx_word' id='word_1_538' title='bbox 256 3984 359 4038; x_wconf 89' lang='lat' dir='ltr'><strong>mis</strong></span> <span class='ocrx_word' id='word_1_539' title='bbox 405 3985 667 4056; x_wconf 86' lang='lat' dir='ltr'><strong>capitibus</strong></span> <span class='ocrx_word' id='word_1_540' title='bbox 712 3983 965 4040; x_wconf 80' lang='lat' dir='ltr'><strong>illustrei</strong></span> <span class='ocrx_word' id='word_1_541' title='bbox 1005 3984 1213 4040; x_wconf 89' lang='lat' dir='ltr'><strong>Paulini</strong></span> <span class='ocrx_word' id='word_1_542' title='bbox 1259 3987 1443 4041; x_wconf 87' lang='lat' dir='ltr'><strong>virtuti</strong></span> <span class='ocrx_word' id='word_1_543' title='bbox 1475 3987 1844 4043; x_wconf 84' lang='lat' dir='ltr'><strong>testimonium</strong></span> 
     </span>
    </p>
   </div>
   <div class='ocr_carea' id='block_1_71' title="bbox 258 4075 447 4131">
    <p class='ocr_par' dir='ltr' id='par_1_71' title="bbox 258 4075 447 4131">
     <span class='ocr_line' id='line_1_71' title="bbox 258 4075 447 4131; baseline -0.016 1"><span class='ocrx_word' id='word_1_544' title='bbox 258 4075 447 4131; x_wconf 79' lang='lat' dir='ltr'><strong>reddit.</strong></span> 
     </span>
    </p>
   </div>
   <div class='ocr_carea' id='block_1_72' title="bbox 789 4145 1309 4200">
    <p class='ocr_par' dir='ltr' id='par_1_72' title="bbox 789 4145 1309 4200">
     <span class='ocr_line' id='line_1_72' title="bbox 789 4145 1309 4200; baseline -0.002 0"><span class='ocrx_word' id='word_1_545' title='bbox 789 4161 920 4200; x_wconf 65' lang='lat' dir='ltr'><strong>anno</strong></span> <span class='ocrx_word' id='word_1_546' title='bbox 950 4162 1158 4200; x_wconf 74' lang='lat' dir='ltr'><strong>cumam</strong></span> <span class='ocrx_word' id='word_1_547' title='bbox 1188 4145 1309 4199; x_wconf 76' lang='grc'>414.</span> 
     </span>
    </p>
   </div>
   <div class='ocr_carea' id='block_1_73' title="bbox 321 4256 1841 4328">
    <p class='ocr_par' dir='ltr' id='par_1_73' title="bbox 321 4256 1841 4328">
     <span class='ocr_line' id='line_1_73' title="bbox 321 4256 1841 4328; baseline -0.001 -17"><span class='ocrx_word' id='word_1_548' title='bbox 321 4259 376 4313; x_wconf 73' lang='grc'>4.</span> <span class='ocrx_word' id='word_1_549' title='bbox 424 4258 501 4311; x_wconf 90' lang='lat' dir='ltr'><strong>Ad</strong></span> <span class='ocrx_word' id='word_1_550' title='bbox 529 4258 851 4328; x_wconf 75' lang='lat' dir='ltr'><strong>quzestiones</strong></span> <span class='ocrx_word' id='word_1_551' title='bbox 897 4274 926 4310; x_wconf 90' lang='lat' dir='ltr'><strong>a</strong></span> <span class='ocrx_word' id='word_1_552' title='bbox 968 4256 1192 4310; x_wconf 88' lang='lat' dir='ltr'><strong>Paulino</strong></span> <span class='ocrx_word' id='word_1_553' title='bbox 1219 4257 1524 4326; x_wconf 88' lang='lat' dir='ltr'><strong>propositas</strong></span> <span class='ocrx_word' id='word_1_554' title='bbox 1565 4258 1841 4326; x_wconf 84' lang='lat' dir='ltr'><strong>respondit</strong></span> 
     </span>
    </p>
   </div>
   <div class='ocr_carea' id='block_1_74' title="bbox 256 4341 1837 4419">
    <p class='ocr_par' dir='ltr' id='par_1_74' title="bbox 256 4341 1837 4419">
     <span class='ocr_line' id='line_1_74' title="bbox 256 4341 1837 4419; baseline -0.001 -16"><span class='ocrx_word' id='word_1_555' title='bbox 256 4349 628 4419; x_wconf 73' lang='lat' dir='ltr'><strong>Augustinus!</strong></span> <span class='ocrx_word' id='word_1_556' title='bbox 668 4349 893 4416; x_wconf 86' lang='lat' dir='ltr'><strong>epistola</strong></span> <span class='ocrx_word' id='word_1_557' title='bbox 938 4346 1068 4410; x_wconf 76' lang='lat' dir='ltr'><strong>H9,</strong></span> <span class='ocrx_word' id='word_1_558' title='bbox 1117 4363 1277 4416; x_wconf 89' lang='lat' dir='ltr'><strong>quam</strong></span> <span class='ocrx_word' id='word_1_559' title='bbox 1328 4347 1548 4401; x_wconf 89' lang='lat' dir='ltr'><strong>Paulino</strong></span> <span class='ocrx_word' id='word_1_560' title='bbox 1579 4341 1837 4401; x_wconf 72' lang='lat' dir='ltr'><strong>redditam</strong></span> 
     </span>
    </p>
   </div>
   <div class='ocr_carea' id='block_1_75' title="bbox 253 4439 1838 4510">
    <p class='ocr_par' dir='ltr' id='par_1_75' title="bbox 253 4439 1838 4510">
     <span class='ocr_line' id='line_1_75' title="bbox 253 4439 1838 4510; baseline 0 -16"><span class='ocrx_word' id='word_1_561' title='bbox 253 4442 417 4495; x_wconf 85' lang='lat' dir='ltr'><strong>fuisse</strong></span> <span class='ocrx_word' id='word_1_562' title='bbox 463 4457 570 4494; x_wconf 91' lang='lat' dir='ltr'><strong>non</strong></span> <span class='ocrx_word' id='word_1_563' title='bbox 614 4440 830 4493; x_wconf 83' lang='lat' dir='ltr'><strong>dubium</strong></span> <span class='ocrx_word' id='word_1_564' title='bbox 862 4450 971 4500; x_wconf 83' lang='lat' dir='ltr'><strong>est,</strong></span> <span class='ocrx_word' id='word_1_565' title='bbox 1007 4457 1127 4494; x_wconf 90' lang='lat' dir='ltr'><strong>cum</strong></span> <span class='ocrx_word' id='word_1_566' title='bbox 1160 4439 1223 4493; x_wconf 84' lang='lat' dir='ltr'><strong>ad</strong></span> <span class='ocrx_word' id='word_1_567' title='bbox 1255 4456 1353 4494; x_wconf 89' lang='lat' dir='ltr'><strong>nos</strong></span> <span class='ocrx_word' id='word_1_568' title='bbox 1383 4454 1550 4507; x_wconf 83' lang='lat' dir='ltr'><strong>usque</strong></span> <span class='ocrx_word' id='word_1_569' title='bbox 1576 4455 1838 4510; x_wconf 81' lang='lat' dir='ltr'><strong>pervene-</strong></span> 
     </span>
    </p>
   </div>
   <div class='ocr_carea' id='block_1_76' title="bbox 2456 3281 2983 3337">
    <p class='ocr_par' dir='ltr' id='par_1_76' title="bbox 2456 3281 2983 3337">
     <span class='ocr_line' id='line_1_76' title="bbox 2456 3281 2983 3337; baseline -0.006 0"><span class='ocrx_word' id='word_1_570' title='bbox 2456 3299 2592 3337; x_wconf 68' lang='lat' dir='ltr'><strong>ANNO</strong></span> <span class='ocrx_word' id='word_1_571' title='bbox 2623 3285 2832 3337; x_wconf 74' lang='lat' dir='ltr'><strong>cums‘n</strong></span> <span class='ocrx_word' id='word_1_572' title='bbox 2861 3281 2983 3335; x_wconf 75' lang='grc'>418.</span> 
     </span>
    </p>
   </div>
   <div class='ocr_carea' id='block_1_77' title="bbox 2007 3367 3514 3443">
    <p class='ocr_par' dir='ltr' id='par_1_77' title="bbox 2007 3367 3514 3443">
     <span class='ocr_line' id='line_1_77' title="bbox 2007 3367 3514 3443; baseline -0.003 -17"><span class='ocrx_word' id='word_1_573' title='bbox 2007 3371 2058 3426; x_wconf 84' lang='grc'>6.</span> <span class='ocrx_word' id='word_1_574' title='bbox 2103 3372 2353 3428; x_wconf 81' lang='lat' dir='ltr'><strong>Fortasse</strong></span> <span class='ocrx_word' id='word_1_575' title='bbox 2380 3384 2587 3443; x_wconf 90' lang='lat' dir='ltr'><strong>partem</strong></span> <span class='ocrx_word' id='word_1_576' title='bbox 2612 3373 2795 3426; x_wconf 91' lang='lat' dir='ltr'><strong>habuit</strong></span> <span class='ocrx_word' id='word_1_577' title='bbox 2818 3373 2870 3426; x_wconf 87' lang='lat' dir='ltr'><strong>in</strong></span> <span class='ocrx_word' id='word_1_578' title='bbox 2894 3372 2957 3425; x_wconf 87' lang='lat' dir='ltr'><strong>iis</strong></span> <span class='ocrx_word' id='word_1_579' title='bbox 2984 3385 3103 3440; x_wconf 71' lang='lat' dir='ltr'><strong>qua:</strong></span> <span class='ocrx_word' id='word_1_580' title='bbox 3124 3383 3308 3423; x_wconf 87' lang='lat' dir='ltr'><strong>mense</strong></span> <span class='ocrx_word' id='word_1_581' title='bbox 3327 3367 3514 3438; x_wconf 89' lang='lat' dir='ltr'><strong>Aprili,</strong></span> 
     </span>
    </p>
   </div>
   <div class='ocr_carea' id='block_1_78' title="bbox 1936 3460 3520 3528">
    <p class='ocr_par' dir='ltr' id='par_1_78' title="bbox 1936 3460 3520 3528">
     <span class='ocr_line' id='line_1_78' title="bbox 1936 3460 3520 3528; baseline -0.001 -11"><span class='ocrx_word' id='word_1_582' title='bbox 1936 3480 2076 3518; x_wconf 91' lang='lat' dir='ltr'><strong>anno</strong></span> <span class='ocrx_word' id='word_1_583' title='bbox 2119 3464 2223 3517; x_wconf 67' lang='lat'>“8</span> <span class='ocrx_word' id='word_1_584' title='bbox 2264 3465 2447 3520; x_wconf 72' lang='lat' dir='ltr'><strong>Roma:</strong></span> <span class='ocrx_word' id='word_1_585' title='bbox 2493 3474 2547 3518; x_wconf 93' lang='lat' dir='ltr'><strong>et</strong></span> <span class='ocrx_word' id='word_1_586' title='bbox 2596 3464 2866 3519; x_wconf 71' lang='lat' dir='ltr'><strong>Ravenna:</strong></span> <span class='ocrx_word' id='word_1_587' title='bbox 2911 3463 3166 3516; x_wconf 87' lang='lat' dir='ltr'><strong>adversus</strong></span> <span class='ocrx_word' id='word_1_588' title='bbox 3206 3460 3520 3528; x_wconf 80' lang='lat' dir='ltr'><strong>Pelagianos</strong></span> 
     </span>
    </p>
   </div>
   <div class='ocr_carea' id='block_1_79' title="bbox 1937 3550 3520 3625">
    <p class='ocr_par' dir='ltr' id='par_1_79' title="bbox 1937 3550 3520 3625">
     <span class='ocr_line' id='line_1_79' title="bbox 1937 3550 3520 3625; baseline -0.003 -16"><span class='ocrx_word' id='word_1_589' title='bbox 1937 3566 2056 3610; x_wconf 92' lang='lat' dir='ltr'><strong>acta</strong></span> <span class='ocrx_word' id='word_1_590' title='bbox 2104 3564 2268 3622; x_wconf 88' lang='lat' dir='ltr'><strong>sunt,</strong></span> <span class='ocrx_word' id='word_1_591' title='bbox 2318 3557 2512 3624; x_wconf 88' lang='lat' dir='ltr'><strong>quibus</strong></span> <span class='ocrx_word' id='word_1_592' title='bbox 2555 3555 2789 3625; x_wconf 76' lang='lat' dir='ltr'><strong>peractis</strong></span> <span class='ocrx_word' id='word_1_593' title='bbox 2813 3595 2827 3618; x_wconf 94' lang='lat'><strong>,</strong></span> <span class='ocrx_word' id='word_1_594' title='bbox 2857 3552 3098 3607; x_wconf 84' lang='lat' dir='ltr'><strong>Julianus</strong></span> <span class='ocrx_word' id='word_1_595' title='bbox 3139 3551 3422 3620; x_wconf 86' lang='lat' dir='ltr'><strong>episcopus</strong></span> <span class='ocrx_word' id='word_1_596' title='bbox 3448 3550 3520 3606; x_wconf 89' lang='lat' dir='ltr'><strong>ob</strong></span> 
     </span>
    </p>
   </div>
   <div class='ocr_carea' id='block_1_80' title="bbox 1937 3641 3520 3714">
    <p class='ocr_par' dir='ltr' id='par_1_80' title="bbox 1937 3641 3520 3714">
     <span class='ocr_line' id='line_1_80' title="bbox 1937 3641 3520 3714; baseline -0.002 -16"><span class='ocrx_word' id='word_1_597' title='bbox 1937 3646 2183 3700; x_wconf 76' lang='lat' dir='ltr'><strong>limresim</strong></span> <span class='ocrx_word' id='word_1_598' title='bbox 2212 3643 2554 3712; x_wconf 84' lang='lat' dir='ltr'><strong>Pelagianam</strong></span> <span class='ocrx_word' id='word_1_599' title='bbox 2585 3645 2712 3699; x_wconf 89' lang='lat' dir='ltr'><strong>sede</strong></span> <span class='ocrx_word' id='word_1_600' title='bbox 2739 3659 2834 3698; x_wconf 90' lang='lat' dir='ltr'><strong>sua</strong></span> <span class='ocrx_word' id='word_1_601' title='bbox 2860 3644 3045 3714; x_wconf 88' lang='lat' dir='ltr'><strong>pulsus</strong></span> <span class='ocrx_word' id='word_1_602' title='bbox 3073 3650 3156 3696; x_wconf 88' lang='lat' dir='ltr'><strong>est</strong></span> <span class='ocrx_word' id='word_1_603' title='bbox 3183 3641 3392 3697; x_wconf 90' lang='lat' dir='ltr'><strong>duobus</strong></span> <span class='ocrx_word' id='word_1_604' title='bbox 3421 3641 3520 3695; x_wconf 87' lang='lat' dir='ltr'><strong>im-</strong></span> 
     </span>
    </p>
   </div>
   <div class='ocr_carea' id='block_1_81' title="bbox 1937 3730 3522 3804">
    <p class='ocr_par' dir='ltr' id='par_1_81' title="bbox 1937 3730 3522 3804">
     <span class='ocr_line' id='line_1_81' title="bbox 1937 3730 3522 3804; baseline 0 -15"><span class='ocrx_word' id='word_1_605' title='bbox 1937 3736 2201 3804; x_wconf 85' lang='lat' dir='ltr'><strong>peratoris</strong></span> <span class='ocrx_word' id='word_1_606' title='bbox 2229 3736 2454 3791; x_wconf 88' lang='lat' dir='ltr'><strong>Honorii</strong></span> <span class='ocrx_word' id='word_1_607' title='bbox 2481 3736 2670 3790; x_wconf 91' lang='lat' dir='ltr'><strong>edictis</strong></span> <span class='ocrx_word' id='word_1_608' title='bbox 2701 3754 2712 3788; x_wconf 93' lang='lat'><strong>:</strong></span> <span class='ocrx_word' id='word_1_609' title='bbox 2740 3742 2796 3789; x_wconf 93' lang='lat' dir='ltr'><strong>at</strong></span> <span class='ocrx_word' id='word_1_610' title='bbox 2824 3734 3060 3789; x_wconf 78' lang='lat' dir='ltr'><strong>historia:</strong></span> <span class='ocrx_word' id='word_1_611' title='bbox 3089 3732 3157 3788; x_wconf 90' lang='lat' dir='ltr'><strong>de</strong></span> <span class='ocrx_word' id='word_1_612' title='bbox 3188 3730 3410 3788; x_wconf 88' lang='lat' dir='ltr'><strong>Paulino</strong></span> <span class='ocrx_word' id='word_1_613' title='bbox 3439 3733 3522 3789; x_wconf 86' lang='lat' dir='ltr'><strong>ni-</strong></span> 
     </span>
    </p>
   </div>
   <div class='ocr_carea' id='block_1_82' title="bbox 1939 3827 2736 3899">
    <p class='ocr_par' dir='ltr' id='par_1_82' title="bbox 1939 3827 2736 3899">
     <span class='ocr_line' id='line_1_82' title="bbox 1939 3827 2736 3899; baseline 0.003 -19"><span class='ocrx_word' id='word_1_614' title='bbox 1939 3829 2012 3882; x_wconf 87' lang='lat' dir='ltr'><strong>hil</strong></span> <span class='ocrx_word' id='word_1_615' title='bbox 2040 3829 2142 3883; x_wconf 91' lang='lat' dir='ltr'><strong>hoc</strong></span> <span class='ocrx_word' id='word_1_616' title='bbox 2169 3844 2311 3898; x_wconf 87' lang='lat' dir='ltr'><strong>anno</strong></span> <span class='ocrx_word' id='word_1_617' title='bbox 2338 3827 2606 3899; x_wconf 86' lang='lat' dir='ltr'><strong>proditum</strong></span> <span class='ocrx_word' id='word_1_618' title='bbox 2635 3836 2736 3884; x_wconf 87' lang='lat' dir='ltr'><strong>est.</strong></span> 
     </span>
    </p>
   </div>
   <div class='ocr_carea' id='block_1_83' title="bbox 2476 3966 2995 4023">
    <p class='ocr_par' dir='ltr' id='par_1_83' title="bbox 2476 3966 2995 4023">
     <span class='ocr_line' id='line_1_83' title="bbox 2476 3966 2995 4023; baseline -0.004 -1"><span class='ocrx_word' id='word_1_619' title='bbox 2476 3983 2608 4022; x_wconf 65' lang='lat' dir='ltr'><strong>uno</strong></span> <span class='ocrx_word' id='word_1_620' title='bbox 2635 3984 2842 4023; x_wconf 77' lang='lat' dir='ltr'><strong>cunlsrt</strong></span> <span class='ocrx_word' id='word_1_621' title='bbox 2871 3966 2927 4020; x_wconf 68' lang='grc'>41</span> <span class='ocrx_word' id='word_1_622' title='bbox 2941 3969 2995 4022; x_wconf 89' lang='lat'><strong>9.</strong></span> 
     </span>
    </p>
   </div>
   <div class='ocr_carea' id='block_1_84' title="bbox 2553 4104 2916 4158">
    <p class='ocr_par' dir='ltr' id='par_1_84' title="bbox 2553 4104 2916 4158">
     <span class='ocr_line' id='line_1_84' title="bbox 2553 4104 2916 4158; baseline 0.003 -2"><span class='ocrx_word' id='word_1_623' title='bbox 2553 4104 2780 4156; x_wconf 83' lang='lat' dir='ltr'><strong>CAPUT</strong></span> <span class='ocrx_word' id='word_1_624' title='bbox 2811 4105 2916 4158; x_wconf 82' lang='lat' dir='ltr'><strong>LII.</strong></span> 
     </span>
    </p>
   </div>
   <div class='ocr_carea' id='block_1_85' title="bbox 1944 4187 3526 4261">
    <p class='ocr_par' dir='ltr' id='par_1_85' title="bbox 1944 4187 3526 4261">
     <span class='ocr_line' id='line_1_85' title="bbox 1944 4187 3526 4261; baseline -0.002 -18"><span class='ocrx_word' id='word_1_625' title='bbox 1944 4195 2023 4244; x_wconf 80' lang='lat' dir='ltr'><strong>Ad</strong></span> <span class='ocrx_word' id='word_1_626' title='bbox 2044 4193 2295 4261; x_wconf 74' lang='lat' dir='ltr'><strong>synodum</strong></span> <span class='ocrx_word' id='word_1_627' title='bbox 2321 4193 2619 4244; x_wconf 76' lang='lat' dir='ltr'><strong>Ravennam</strong></span> <span class='ocrx_word' id='word_1_628' title='bbox 2641 4191 3160 4261; x_wconf 52' lang='grc' dir='ltr'>ξιιινὶιιιιιινλξιιιιζὶιιιις</span> <span class='ocrx_word' id='word_1_629' title='bbox 3190 4199 3245 4261; x_wconf 83' lang='lat' dir='ltr'><strong>ut</strong></span> <span class='ocrx_word' id='word_1_630' title='bbox 3278 4187 3526 4261; x_wconf 68' lang='lat' dir='ltr'><strong>Bouiania</strong></span> 
     </span>
    </p>
   </div>
   <div class='ocr_carea' id='block_1_86' title="bbox 2016 4255 3521 4328">
    <p class='ocr_par' dir='ltr' id='par_1_86' title="bbox 2016 4255 3521 4328">
     <span class='ocr_line' id='line_1_86' title="bbox 2016 4255 3521 4328; baseline -0.002 -15"><span class='ocrx_word' id='word_1_631' title='bbox 2016 4255 2266 4314; x_wconf 61' lang='lat' dir='ltr'><strong>Ecclesia:</strong></span> <span class='ocrx_word' id='word_1_632' title='bbox 2292 4262 2515 4313; x_wconf 80' lang='lat' dir='ltr'><strong>schisma</strong></span> <span class='ocrx_word' id='word_1_633' title='bbox 2545 4268 2838 4328; x_wconf 85' lang='lat' dir='ltr'><strong>componat.</strong></span> <span class='ocrx_word' id='word_1_634' title='bbox 2865 4258 2970 4312; x_wconf 86' lang='lat' dir='ltr'><strong>SS.</strong></span> <span class='ocrx_word' id='word_1_635' title='bbox 2998 4256 3282 4310; x_wconf 80' lang='lat' dir='ltr'><strong>Eucherius</strong></span> <span class='ocrx_word' id='word_1_636' title='bbox 3316 4269 3365 4310; x_wconf 91' lang='lat' dir='ltr'><strong>et</strong></span> <span class='ocrx_word' id='word_1_637' title='bbox 3408 4255 3521 4310; x_wconf 83' lang='lat' dir='ltr'><strong>Ho-</strong></span> 
     </span>
    </p>
   </div>
   <div class='ocr_carea' id='block_1_87' title="bbox 2016 4330 3240 4385">
    <p class='ocr_par' dir='ltr' id='par_1_87' title="bbox 2016 4330 3240 4385">
     <span class='ocr_line' id='line_1_87' title="bbox 2016 4330 3240 4385; baseline -0.002 -2"><span class='ocrx_word' id='word_1_638' title='bbox 2016 4340 2230 4385; x_wconf 80' lang='lat' dir='ltr'><strong>noratus</strong></span> <span class='ocrx_word' id='word_1_639' title='bbox 2261 4347 2374 4383; x_wconf 83' lang='lat' dir='ltr'><strong>cum</strong></span> <span class='ocrx_word' id='word_1_640' title='bbox 2397 4330 2620 4382; x_wconf 81' lang='lat' dir='ltr'><strong>Paulino</strong></span> <span class='ocrx_word' id='word_1_641' title='bbox 2643 4330 2924 4381; x_wconf 81' lang='lat' dir='ltr'><strong>amicitiam</strong></span> <span class='ocrx_word' id='word_1_642' title='bbox 2946 4330 3240 4381; x_wconf 81' lang='lat' dir='ltr'><strong>instituunt.</strong></span> 
     </span>
    </p>
   </div>
   <div class='ocr_carea' id='block_1_88' title="bbox 2017 4437 3530 4511">
    <p class='ocr_par' dir='ltr' id='par_1_88' title="bbox 2017 4437 3530 4511">
     <span class='ocr_line' id='line_1_88' title="bbox 2017 4437 3530 4511; baseline -0.001 -17"><span class='ocrx_word' id='word_1_643' title='bbox 2017 4443 2068 4497; x_wconf 84' lang='lat' dir='ltr'><strong>I.</strong></span> <span class='ocrx_word' id='word_1_644' title='bbox 2111 4443 2325 4496; x_wconf 85' lang='lat' dir='ltr'><strong>Zosimo</strong></span> <span class='ocrx_word' id='word_1_645' title='bbox 2348 4456 2486 4511; x_wconf 86' lang='lat' dir='ltr'><strong>papa</strong></span> <span class='ocrx_word' id='word_1_646' title='bbox 2516 4449 2728 4493; x_wconf 91' lang='lat' dir='ltr'><strong>mortuo</strong></span> <span class='ocrx_word' id='word_1_647' title='bbox 2774 4449 3004 4494; x_wconf 79' lang='lat' dir='ltr'><strong>exeunte</strong></span> <span class='ocrx_word' id='word_1_648' title='bbox 3033 4455 3174 4492; x_wconf 91' lang='lat' dir='ltr'><strong>anno</strong></span> <span class='ocrx_word' id='word_1_649' title='bbox 3203 4437 3327 4499; x_wconf 76' lang='grc'>418.</span> <span class='ocrx_word' id='word_1_650' title='bbox 3359 4438 3530 4493; x_wconf 86' lang='lat' dir='ltr'><strong>schis-</strong></span> 
     </span>
    </p>
   </div>
   <div class='ocr_carea' id='block_1_89' title="bbox 254 4527 3530 4602">
    <p class='ocr_par' dir='ltr' id='par_1_89' title="bbox 254 4527 3530 4602">
     <span class='ocr_line' id='line_1_89' title="bbox 254 4527 3530 4602; baseline -0.002 -15"><span class='ocrx_word' id='word_1_651' title='bbox 254 4534 318 4587; x_wconf 90' lang='lat' dir='ltr'><strong>rit</strong></span> <span class='ocrx_word' id='word_1_652' title='bbox 344 4551 357 4584; x_wconf 92' lang='lat'><strong>:</strong></span> <span class='ocrx_word' id='word_1_653' title='bbox 396 4532 550 4600; x_wconf 89' lang='lat' dir='ltr'><strong>cujus</strong></span> <span class='ocrx_word' id='word_1_654' title='bbox 579 4532 677 4586; x_wconf 91' lang='lat' dir='ltr'><strong>sub</strong></span> <span class='ocrx_word' id='word_1_655' title='bbox 706 4531 864 4584; x_wconf 82' lang='lat' dir='ltr'><strong>finem</strong></span> <span class='ocrx_word' id='word_1_656' title='bbox 889 4532 910 4566; x_wconf 68' lang='grc'><strong>⁸</strong></span> <span class='ocrx_word' id='word_1_657' title='bbox 935 4531 1409 4586; x_wconf 87' lang='lat' dir='ltr'><strong>animadvertimus</strong></span> <span class='ocrx_word' id='word_1_658' title='bbox 1430 4527 1708 4584; x_wconf 85' lang='lat' dir='ltr'><strong>Paulinum</strong></span> <span class='ocrx_word' id='word_1_659' title='bbox 1733 4547 1832 4585; x_wconf 89' lang='lat' dir='ltr'><strong>no-</strong></span> <span class='ocrx_word' id='word_1_660' title='bbox 1865 4543 1916 4602; x_wconf 83' lang='grc' dir='ltr'>ι)</span> <span class='ocrx_word' id='word_1_661' title='bbox 1944 4550 2027 4588; x_wconf 82' lang='lat' dir='ltr'><strong>ma</strong></span> <span class='ocrx_word' id='word_1_662' title='bbox 2058 4533 2349 4589; x_wconf 82' lang='lat' dir='ltr'><strong>conﬂatum</strong></span> <span class='ocrx_word' id='word_1_663' title='bbox 2392 4541 2472 4587; x_wconf 78' lang='lat' dir='ltr'><strong>es:</strong></span> <span class='ocrx_word' id='word_1_664' title='bbox 2499 4539 2555 4585; x_wconf 89' lang='lat' dir='ltr'><strong>et</strong></span> <span class='ocrx_word' id='word_1_665' title='bbox 2579 4533 2768 4584; x_wconf 88' lang='lat' dir='ltr'><strong>oborta</strong></span> <span class='ocrx_word' id='word_1_666' title='bbox 2803 4533 2854 4585; x_wconf 84' lang='lat' dir='ltr'><strong>in</strong></span> <span class='ocrx_word' id='word_1_667' title='bbox 2885 4532 3031 4586; x_wconf 87' lang='lat' dir='ltr'><strong>clero</strong></span> <span class='ocrx_word' id='word_1_668' title='bbox 3055 4530 3344 4592; x_wconf 88' lang='lat' dir='ltr'><strong>dissensio,</strong></span> <span class='ocrx_word' id='word_1_669' title='bbox 3377 4529 3530 4598; x_wconf 85' lang='lat' dir='ltr'><strong>cujus</strong></span> 
     </span>
    </p>
   </div>
   <div class='ocr_carea' id='block_1_90' title="bbox 255 4620 1839 4690">
    <p class='ocr_par' dir='ltr' id='par_1_90' title="bbox 255 4620 1839 4690">
     <span class='ocr_line' id='line_1_90' title="bbox 255 4620 1839 4690; baseline -0.003 -12"><span class='ocrx_word' id='word_1_670' title='bbox 255 4621 428 4678; x_wconf 79' lang='lat' dir='ltr'><strong>struln</strong></span> <span class='ocrx_word' id='word_1_671' title='bbox 477 4631 605 4676; x_wconf 91' lang='lat' dir='ltr'><strong>tunc</strong></span> <span class='ocrx_word' id='word_1_672' title='bbox 645 4621 786 4690; x_wconf 88' lang='lat' dir='ltr'><strong>apud</strong></span> <span class='ocrx_word' id='word_1_673' title='bbox 834 4637 891 4674; x_wconf 91' lang='lat' dir='ltr'><strong>se</strong></span> <span class='ocrx_word' id='word_1_674' title='bbox 937 4621 1186 4674; x_wconf 89' lang='lat' dir='ltr'><strong>habuisse</strong></span> <span class='ocrx_word' id='word_1_675' title='bbox 1228 4620 1454 4673; x_wconf 89' lang='lat' dir='ltr'><strong>alterum</strong></span> <span class='ocrx_word' id='word_1_676' title='bbox 1497 4621 1576 4674; x_wconf 92' lang='lat' dir='ltr'><strong>sui</strong></span> <span class='ocrx_word' id='word_1_677' title='bbox 1609 4621 1839 4674; x_wconf 90' lang='lat' dir='ltr'><strong>nominis</strong></span> 
     </span>
    </p>
   </div>
   <div class='ocr_carea' id='block_1_91' title="bbox 256 4710 1841 4782">
    <p class='ocr_par' dir='ltr' id='par_1_91' title="bbox 256 4710 1841 4782">
     <span class='ocr_line' id='line_1_91' title="bbox 256 4710 1841 4782; baseline 0.001 -18"><span class='ocrx_word' id='word_1_678' title='bbox 256 4711 660 4782; x_wconf 82' lang='lat' dir='ltr'><strong>presbyterum;</strong></span> <span class='ocrx_word' id='word_1_679' title='bbox 697 4711 913 4776; x_wconf 76' lang='lat' dir='ltr'><strong>tertium</strong></span> <span class='ocrx_word' id='word_1_680' title='bbox 954 4725 1166 4780; x_wconf 89' lang='lat' dir='ltr'><strong>quoque</strong></span> <span class='ocrx_word' id='word_1_681' title='bbox 1195 4710 1433 4778; x_wconf 81' lang='lat' dir='ltr'><strong>ejusdem</strong></span> <span class='ocrx_word' id='word_1_682' title='bbox 1461 4711 1722 4776; x_wconf 91' lang='lat' dir='ltr'><strong>nominis,</strong></span> <span class='ocrx_word' id='word_1_683' title='bbox 1751 4713 1841 4779; x_wconf 91' lang='lat' dir='ltr'><strong>qui</strong></span> 
     </span>
    </p>
   </div>
   <div class='ocr_carea' id='block_1_92' title="bbox 259 4781 1839 4870">
    <p class='ocr_par' dir='ltr' id='par_1_92' title="bbox 259 4781 1839 4870">
     <span class='ocr_line' id='line_1_92' title="bbox 259 4781 1839 4870; baseline 0.001 -17"><span class='ocrx_word' id='word_1_684' title='bbox 259 4809 561 4870; x_wconf 89' lang='lat' dir='ltr'><strong>temporum</strong></span> <span class='ocrx_word' id='word_1_685' title='bbox 604 4781 907 4854; x_wconf 79' lang='lat' dir='ltr'><strong>calamitate</strong></span> <span class='ocrx_word' id='word_1_686' title='bbox 953 4801 1288 4854; x_wconf 83' lang='lat' dir='ltr'><strong>fortunarum</strong></span> <span class='ocrx_word' id='word_1_687' title='bbox 1326 4817 1540 4854; x_wconf 86' lang='lat' dir='ltr'><strong>suarum</strong></span> <span class='ocrx_word' id='word_1_688' title='bbox 1576 4801 1839 4868; x_wconf 88' lang='lat' dir='ltr'><strong>jacturam</strong></span> 
     </span>
    </p>
   </div>
   <div class='ocr_carea' id='block_1_93' title="bbox 259 4888 1841 4960">
    <p class='ocr_par' dir='ltr' id='par_1_93' title="bbox 259 4888 1841 4960">
     <span class='ocr_line' id='line_1_93' title="bbox 259 4888 1841 4960; baseline 0.002 -17"><span class='ocrx_word' id='word_1_689' title='bbox 259 4902 450 4960; x_wconf 84' lang='lat' dir='ltr'><strong>passus</strong></span> <span class='ocrx_word' id='word_1_690' title='bbox 475 4890 541 4943; x_wconf 86' lang='lat' dir='ltr'><strong>ad</strong></span> <span class='ocrx_word' id='word_1_691' title='bbox 569 4888 846 4943; x_wconf 86' lang='lat' dir='ltr'><strong>Paulinum</strong></span> <span class='ocrx_word' id='word_1_692' title='bbox 871 4900 1109 4944; x_wconf 90' lang='lat' dir='ltr'><strong>nostrum</strong></span> <span class='ocrx_word' id='word_1_693' title='bbox 1130 4906 1188 4944; x_wconf 92' lang='lat' dir='ltr'><strong>se</strong></span> <span class='ocrx_word' id='word_1_694' title='bbox 1208 4899 1501 4960; x_wconf 76' lang='lat' dir='ltr'><strong>receperat,</strong></span> <span class='ocrx_word' id='word_1_695' title='bbox 1528 4901 1583 4946; x_wconf 89' lang='lat' dir='ltr'><strong>et</strong></span> <span class='ocrx_word' id='word_1_696' title='bbox 1611 4909 1674 4946; x_wconf 78' lang='lat' dir='ltr'><strong>ex</strong></span> <span class='ocrx_word' id='word_1_697' title='bbox 1695 4893 1841 4946; x_wconf 87' lang='lat' dir='ltr'><strong>dam-</strong></span> 
     </span>
    </p>
   </div>
   <div class='ocr_carea' id='block_1_94' title="bbox 261 4982 1844 5051">
    <p class='ocr_par' dir='ltr' id='par_1_94' title="bbox 261 4982 1844 5051">
     <span class='ocr_line' id='line_1_94' title="bbox 261 4982 1844 5051; baseline 0.003 -16"><span class='ocrx_word' id='word_1_698' title='bbox 261 4984 340 5036; x_wconf 91' lang='lat' dir='ltr'><strong>nis</strong></span> <span class='ocrx_word' id='word_1_699' title='bbox 369 4986 483 5036; x_wconf 88' lang='lat' dir='ltr'><strong>suis</strong></span> <span class='ocrx_word' id='word_1_700' title='bbox 519 4983 618 5036; x_wconf 84' lang='lat' dir='ltr'><strong>sub</strong></span> <span class='ocrx_word' id='word_1_701' title='bbox 649 4990 795 5036; x_wconf 86' lang='lat' dir='ltr'><strong>tanto</strong></span> <span class='ocrx_word' id='word_1_702' title='bbox 839 4982 972 5036; x_wconf 65' lang='lat' dir='ltr'><strong>(luce</strong></span> <span class='ocrx_word' id='word_1_703' title='bbox 999 4984 1258 5051; x_wconf 88' lang='lat' dir='ltr'><strong>prolicere</strong></span> <span class='ocrx_word' id='word_1_704' title='bbox 1282 4983 1597 5038; x_wconf 87' lang='lat' dir='ltr'><strong>conabatur.</strong></span> <span class='ocrx_word' id='word_1_705' title='bbox 1635 4983 1652 5022; x_wconf 80' lang='grc' dir='ltr'>ι</span> <span class='ocrx_word' id='word_1_706' title='bbox 1687 4984 1844 5040; x_wconf 83' lang='lat' dir='ltr'><strong>Vide-</strong></span> 
     </span>
    </p>
   </div>
   <div class='ocr_carea' id='block_1_95' title="bbox 263 5074 1844 5148">
    <p class='ocr_par' dir='ltr' id='par_1_95' title="bbox 263 5074 1844 5148">
     <span class='ocr_line' id='line_1_95' title="bbox 263 5074 1844 5148; baseline 0.004 -22"><span class='ocrx_word' id='word_1_707' title='bbox 263 5083 346 5128; x_wconf 89' lang='lat' dir='ltr'><strong>tur</strong></span> <span class='ocrx_word' id='word_1_708' title='bbox 384 5075 475 5128; x_wconf 89' lang='lat' dir='ltr'><strong>ille</strong></span> <span class='ocrx_word' id='word_1_709' title='bbox 504 5075 735 5143; x_wconf 87' lang='lat' dir='ltr'><strong>aliquam</strong></span> <span class='ocrx_word' id='word_1_710' title='bbox 779 5074 847 5128; x_wconf 80' lang='lat' dir='ltr'><strong>ab</strong></span> <span class='ocrx_word' id='word_1_711' title='bbox 886 5074 1186 5142; x_wconf 70' lang='lat' dir='ltr'><strong>&#39;Augustino</strong></span> <span class='ocrx_word' id='word_1_712' title='bbox 1225 5077 1612 5131; x_wconf 88' lang='lat' dir='ltr'><strong>institutionem</strong></span> <span class='ocrx_word' id='word_1_713' title='bbox 1656 5089 1844 5148; x_wconf 90' lang='lat' dir='ltr'><strong>postu-</strong></span> 
     </span>
    </p>
   </div>
   <div class='ocr_carea' id='block_1_96' title="bbox 265 5165 1844 5236">
    <p class='ocr_par' dir='ltr' id='par_1_96' title="bbox 265 5165 1844 5236">
     <span class='ocr_line' id='line_1_96' title="bbox 265 5165 1844 5236; baseline 0.003 -19"><span class='ocrx_word' id='word_1_714' title='bbox 265 5165 402 5221; x_wconf 86' lang='lat' dir='ltr'><strong>lasse</strong></span> <span class='ocrx_word' id='word_1_715' title='bbox 428 5207 446 5231; x_wconf 95' lang='lat'><strong>,</strong></span> <span class='ocrx_word' id='word_1_716' title='bbox 493 5165 588 5219; x_wconf 90' lang='lat' dir='ltr'><strong>sed</strong></span> <span class='ocrx_word' id='word_1_717' title='bbox 632 5166 772 5219; x_wconf 90' lang='lat' dir='ltr'><strong>hunc</strong></span> <span class='ocrx_word' id='word_1_718' title='bbox 821 5165 1004 5234; x_wconf 86' lang='lat' dir='ltr'><strong>paucis</strong></span> <span class='ocrx_word' id='word_1_719' title='bbox 1034 5167 1277 5221; x_wconf 87' lang='lat' dir='ltr'><strong>hortatus</strong></span> <span class='ocrx_word' id='word_1_720' title='bbox 1310 5174 1410 5230; x_wconf 88' lang='lat' dir='ltr'><strong>est,</strong></span> <span class='ocrx_word' id='word_1_721' title='bbox 1446 5167 1496 5221; x_wconf 89' lang='lat' dir='ltr'><strong>in</strong></span> <span class='ocrx_word' id='word_1_722' title='bbox 1526 5168 1750 5236; x_wconf 64' lang='lat' dir='ltr'><strong>epistola</strong></span> <span class='ocrx_word' id='word_1_723' title='bbox 1780 5169 1844 5222; x_wconf 90' lang='lat' dir='ltr'><strong>ad</strong></span> 
     </span>
    </p>
   </div>
   <div class='ocr_carea' id='block_1_97' title="bbox 261 5257 1847 5326">
    <p class='ocr_par' dir='ltr' id='par_1_97' title="bbox 261 5257 1847 5326">
     <span class='ocr_line' id='line_1_97' title="bbox 261 5257 1847 5326; baseline 0.001 -15"><span class='ocrx_word' id='word_1_724' title='bbox 261 5257 317 5311; x_wconf 79' lang='grc' dir='ltr'><strong>ὃ.</strong></span> <span class='ocrx_word' id='word_1_725' title='bbox 344 5257 631 5311; x_wconf 88' lang='lat' dir='ltr'><strong>Paulinum</strong></span> <span class='ocrx_word' id='word_1_726' title='bbox 655 5257 779 5310; x_wconf 89' lang='lat' dir='ltr'><strong>data</strong></span> <span class='ocrx_word' id='word_1_727' title='bbox 818 5267 879 5322; x_wconf 76' lang='grc' dir='ltr'><strong>ιη,</strong></span> <span class='ocrx_word' id='word_1_728' title='bbox 911 5267 967 5310; x_wconf 85' lang='grc' dir='ltr'><strong>ιιι</strong></span> <span class='ocrx_word' id='word_1_729' title='bbox 987 5257 1055 5311; x_wconf 89' lang='lat' dir='ltr'><strong>de</strong></span> <span class='ocrx_word' id='word_1_730' title='bbox 1083 5273 1150 5311; x_wconf 91' lang='lat' dir='ltr'><strong>eo</strong></span> <span class='ocrx_word' id='word_1_731' title='bbox 1175 5266 1318 5311; x_wconf 90' lang='lat' dir='ltr'><strong>statu</strong></span> <span class='ocrx_word' id='word_1_732' title='bbox 1349 5258 1402 5311; x_wconf 92' lang='lat' dir='ltr'><strong>iu</strong></span> <span class='ocrx_word' id='word_1_733' title='bbox 1425 5273 1535 5326; x_wconf 90' lang='lat' dir='ltr'><strong>quo</strong></span> <span class='ocrx_word' id='word_1_734' title='bbox 1556 5257 1847 5314; x_wconf 87' lang='lat' dir='ltr'><strong>Providen-</strong></span> 
     </span>
    </p>
   </div>
   <div class='ocr_carea' id='block_1_98' title="bbox 336 5415 2268 5485">
    <p class='ocr_par' dir='ltr' id='par_1_98' title="bbox 336 5415 2268 5485">
     <span class='ocr_line' id='line_1_98' title="bbox 336 5415 2268 5485; baseline 0.003 -16"><span class='ocrx_word' id='word_1_735' title='bbox 336 5427 361 5454; x_wconf 72' lang='grc' dir='ltr'>ι</span> <span class='ocrx_word' id='word_1_736' title='bbox 385 5415 522 5483; x_wconf 84' lang='lat' dir='ltr'><strong>Aug.</strong></span> <span class='ocrx_word' id='word_1_737' title='bbox 556 5417 648 5485; x_wconf 82' lang='lat' dir='ltr'><strong>lib.</strong></span> <span class='ocrx_word' id='word_1_738' title='bbox 668 5415 733 5468; x_wconf 90' lang='lat' dir='ltr'><strong>de</strong></span> <span class='ocrx_word' id='word_1_739' title='bbox 749 5415 897 5485; x_wconf 23' lang='lat' dir='ltr'><strong>ACura</strong></span> <span class='ocrx_word' id='word_1_740' title='bbox 925 5431 1022 5484; x_wconf 89' lang='lat' dir='ltr'><strong>pro</strong></span> <span class='ocrx_word' id='word_1_741' title='bbox 1051 5418 1304 5479; x_wconf 88' lang='lat' dir='ltr'><strong>mortuis,</strong></span> <span class='ocrx_word' id='word_1_742' title='bbox 1336 5433 1386 5470; x_wconf 89' lang='lat' dir='ltr'><strong>e.</strong></span> <span class='ocrx_word' id='word_1_743' title='bbox 1417 5416 1501 5470; x_wconf 88' lang='lat' dir='ltr'><strong>I6.</strong></span> <span class='ocrx_word' id='word_1_744' title='bbox 1580 5419 1605 5456; x_wconf 69' lang='grc' dir='ltr'>δ</span> <span class='ocrx_word' id='word_1_745' title='bbox 1629 5418 1823 5473; x_wconf 83' lang='lat' dir='ltr'><strong>Baron.</strong></span> <span class='ocrx_word' id='word_1_746' title='bbox 1856 5437 1944 5475; x_wconf 90' lang='lat' dir='ltr'><strong>an.</strong></span> <span class='ocrx_word' id='word_1_747' title='bbox 1968 5420 2094 5485; x_wconf 71' lang='lat' dir='ltr'><strong>M0,</strong></span> <span class='ocrx_word' id='word_1_748' title='bbox 2125 5422 2152 5485; x_wconf 62' lang='grc' dir='ltr'>ᾗ</span> <span class='ocrx_word' id='word_1_749' title='bbox 2180 5421 2268 5474; x_wconf 70' lang='grc'><strong>46.</strong></span> 
     </span>
    </p>
   </div>
   <div class='ocr_carea' id='block_1_99' title="bbox 272 5483 1376 5556">
    <p class='ocr_par' dir='ltr' id='par_1_99' title="bbox 272 5483 1376 5556">
     <span class='ocr_line' id='line_1_99' title="bbox 272 5483 1376 5556; baseline -0.003 -15"><span class='ocrx_word' id='word_1_750' title='bbox 272 5503 356 5541; x_wconf 87' lang='lat' dir='ltr'><strong>an.</strong></span> <span class='ocrx_word' id='word_1_751' title='bbox 390 5487 524 5549; x_wconf 74' lang='lat' dir='ltr'><strong>M0,</strong></span> <span class='ocrx_word' id='word_1_752' title='bbox 558 5486 585 5556; x_wconf 84' lang='lat'>§</span> <span class='ocrx_word' id='word_1_753' title='bbox 615 5484 703 5550; x_wconf 75' lang='grc'>45,</span> <span class='ocrx_word' id='word_1_754' title='bbox 735 5483 837 5556; x_wconf 50' lang='grc'><strong>46.</strong></span> <span class='ocrx_word' id='word_1_755' title='bbox 864 5554 874 5556; x_wconf 27' lang='grc' dir='ltr'><strong>Α</strong></span> <span class='ocrx_word' id='word_1_756' title='bbox 899 5483 1111 5553; x_wconf 28' lang='grc' dir='ltr'><strong>είΑιιεη</strong></span> <span class='ocrx_word' id='word_1_757' title='bbox 1142 5487 1261 5540; x_wconf 90' lang='lat' dir='ltr'><strong>loco</strong></span> <span class='ocrx_word' id='word_1_758' title='bbox 1285 5488 1376 5556; x_wconf 80' lang='lat' dir='ltr'><strong>cit.</strong></span> 
     </span>
    </p>
   </div>
   <div class='ocr_carea' id='block_1_100' title="bbox 271 5554 904 5620">
    <p class='ocr_par' dir='ltr' id='par_1_100' title="bbox 271 5554 904 5620">
     <span class='ocr_line' id='line_1_100' title="bbox 271 5554 904 5620; baseline -0.005 -11"><span class='ocrx_word' id='word_1_759' title='bbox 271 5560 373 5610; x_wconf 80' lang='lat' dir='ltr'><strong>ide</strong></span> <span class='ocrx_word' id='word_1_760' title='bbox 391 5554 704 5620; x_wconf 54' lang='lat' dir='ltr'><strong>Civithci,</strong></span> <span class='ocrx_word' id='word_1_761' title='bbox 737 5572 783 5608; x_wconf 88' lang='lat' dir='ltr'><strong>c.</strong></span> <span class='ocrx_word' id='word_1_762' title='bbox 821 5554 904 5607; x_wconf 89' lang='lat' dir='ltr'><strong>I0.</strong></span> 
     </span>
    </p>
   </div>
   <div class='ocr_carea' id='block_1_101' title="bbox 272 5625 1862 5692">
    <p class='ocr_par' dir='ltr' id='par_1_101' title="bbox 272 5625 1808 5692">
     <span class='ocr_line' id='line_1_101' title="bbox 272 5625 1808 5692; baseline 0.002 -13"><span class='ocrx_word' id='word_1_763' title='bbox 272 5643 319 5680; x_wconf 73' lang='grc' dir='ltr'><strong>(τ.</strong></span> <span class='ocrx_word' id='word_1_764' title='bbox 348 5626 430 5692; x_wconf 75' lang='grc'><strong>49,</strong></span> <span class='ocrx_word' id='word_1_765' title='bbox 458 5644 512 5680; x_wconf 91' lang='grc' dir='ltr'><strong>ιι.</strong></span> <span class='ocrx_word' id='word_1_766' title='bbox 547 5626 601 5678; x_wconf 71' lang='grc'>2.</span> <span class='ocrx_word' id='word_1_767' title='bbox 679 5639 702 5660; x_wconf 76' lang='grc' dir='ltr'>υ</span> <span class='ocrx_word' id='word_1_768' title='bbox 736 5626 868 5692; x_wconf 82' lang='lat' dir='ltr'><strong>Aug.</strong></span> <span class='ocrx_word' id='word_1_769' title='bbox 903 5639 987 5691; x_wconf 89' lang='lat' dir='ltr'><strong>ep.</strong></span> <span class='ocrx_word' id='word_1_770' title='bbox 1026 5625 1147 5684; x_wconf 79' lang='grc'>186,</span> <span class='ocrx_word' id='word_1_771' title='bbox 1181 5641 1233 5678; x_wconf 92' lang='grc' dir='ltr'><strong>ιι.</strong></span> <span class='ocrx_word' id='word_1_772' title='bbox 1264 5625 1350 5678; x_wconf 66' lang='lat'><strong>29.</strong></span> <span class='ocrx_word' id='word_1_773' title='bbox 1431 5637 1456 5676; x_wconf 67' lang='grc' dir='ltr'>ι)</span> <span class='ocrx_word' id='word_1_774' title='bbox 1486 5627 1642 5692; x_wconf 89' lang='lat' dir='ltr'><strong>Ibid.,</strong></span> <span class='ocrx_word' id='word_1_775' title='bbox 1675 5646 1725 5682; x_wconf 91' lang='grc' dir='ltr'><strong>ιι.</strong></span> <span class='ocrx_word' id='word_1_776' title='bbox 1756 5629 1808 5682; x_wconf 69' lang='lat'><strong>2.</strong></span> 
     </span>
    </p>
   </div>
   <div class='ocr_carea' id='block_1_102' title="bbox 1929 5625 2452 5692">
    <p class='ocr_par' dir='ltr' id='par_1_102' title="bbox 1929 5629 2452 5692">
     <span class='ocr_line' id='line_1_102' title="bbox 1929 5629 2452 5692; baseline -0.004 -10"><span class='ocrx_word' id='word_1_777' title='bbox 1929 5630 2076 5692; x_wconf 90' lang='lat' dir='ltr'><strong>lbid.,</strong></span> <span class='ocrx_word' id='word_1_778' title='bbox 2109 5648 2160 5683; x_wconf 90' lang='grc' dir='ltr'><strong>ιι.</strong></span> <span class='ocrx_word' id='word_1_779' title='bbox 2185 5631 2250 5683; x_wconf 82' lang='grc'><strong>57</strong></span> <span class='ocrx_word' id='word_1_780' title='bbox 2282 5641 2335 5684; x_wconf 90' lang='lat' dir='ltr'><strong>et</strong></span> <span class='ocrx_word' id='word_1_781' title='bbox 2367 5629 2452 5684; x_wconf 84' lang='lat'><strong>&#39;58.</strong></span> 
     </span>
    </p>
   </div>
   <div class='ocr_carea' id='block_1_103' title="bbox 274 5693 1135 5782">
    <p class='ocr_par' dir='ltr' id='par_1_103' title="bbox 274 5693 1135 5782">
     <span class='ocr_line' id='line_1_103' title="bbox 274 5693 1135 5782; baseline -0.005 -34"><span class='ocrx_word' id='word_1_782' title='bbox 274 5712 324 5748; x_wconf 92' lang='grc' dir='ltr'><strong>ιι.</strong></span> <span class='ocrx_word' id='word_1_783' title='bbox 350 5698 422 5782; x_wconf 35' lang='grc'>⁸2...</span> <span class='ocrx_word' id='word_1_784' title='bbox 483 5709 504 5734; x_wconf 86' lang='grc'><strong>·</strong></span> <span class='ocrx_word' id='word_1_785' title='bbox 542 5698 674 5764; x_wconf 86' lang='lat' dir='ltr'><strong>Aug.</strong></span> <span class='ocrx_word' id='word_1_786' title='bbox 708 5712 793 5767; x_wconf 89' lang='lat' dir='ltr'><strong>ep.</strong></span> <span class='ocrx_word' id='word_1_787' title='bbox 827 5695 942 5758; x_wconf 81' lang='lat' dir='ltr'><strong>I86,</strong></span> <span class='ocrx_word' id='word_1_788' title='bbox 969 5711 1018 5746; x_wconf 89' lang='grc' dir='ltr'><strong>ιι.</strong></span> <span class='ocrx_word' id='word_1_789' title='bbox 1049 5693 1135 5747; x_wconf 81' lang='lat'><strong>39.</strong></span> 
     </span>
    </p>
   </div>
   <div class='ocr_carea' id='block_1_104' title="bbox 991 5485 2555 5562">
    <p class='ocr_par' dir='ltr' id='par_1_104' title="bbox 991 5485 2555 5562">
     <span class='ocr_line' id='line_1_104' title="bbox 991 5485 2555 5562; baseline 0.003 -24"><span class='ocrx_word' id='word_1_790' title='bbox 991 5501 1111 5562; x_wconf 63' lang='lat' dir='ltr'><strong>tug_.,</strong></span> <span class='ocrx_word' id='word_1_791' title='bbox 1142 5487 1261 5540; x_wconf 91' lang='lat' dir='ltr'><strong>loco</strong></span> <span class='ocrx_word' id='word_1_792' title='bbox 1285 5488 1417 5562; x_wconf 30' lang='grc' dir='ltr'><strong>(δί-ι.--</strong></span> <span class='ocrx_word' id='word_1_793' title='bbox 1459 5485 1476 5524; x_wconf 68' lang='grc' dir='ltr'>ί</span> <span class='ocrx_word' id='word_1_794' title='bbox 1510 5488 1680 5562; x_wconf 73' lang='lat' dir='ltr'><strong>Aug.,_</strong></span> <span class='ocrx_word' id='word_1_795' title='bbox 1702 5489 1777 5542; x_wconf 92' lang='lat' dir='ltr'><strong>Ib.</strong></span> <span class='ocrx_word' id='word_1_796' title='bbox 1836 5502 1881 5562; x_wconf 82' lang='lat' dir='ltr'><strong>_s</strong></span> <span class='ocrx_word' id='word_1_797' title='bbox 1911 5492 2072 5562; x_wconf 82' lang='lat' dir='ltr'><strong>Greg.</strong></span> <span class='ocrx_word' id='word_1_798' title='bbox 2191 5490 2318 5562; x_wconf 67' lang='lat' dir='ltr'><strong>dial.</strong></span> <span class='ocrx_word' id='word_1_799' title='bbox 2343 5489 2396 5552; x_wconf 79' lang='grc'>5,</span> <span class='ocrx_word' id='word_1_800' title='bbox 2428 5485 2555 5544; x_wconf 68' lang='grc' dir='ltr'>ε.’1.</span> 
     </span>
    </p>
   </div>
   <div class='ocr_carea' id='block_1_105' title="bbox 987 5555 1872 5625">
    <p class='ocr_par' dir='ltr' id='par_1_105' title="bbox 987 5555 1872 5625">
     <span class='ocr_line' id='line_1_105' title="bbox 987 5555 1872 5625; baseline 0.01 -22"><span class='ocrx_word' id='word_1_801' title='bbox 987 5556 1000 5603; x_wconf 87' lang='lat' dir='ltr'><strong>i</strong></span> <span class='ocrx_word' id='word_1_802' title='bbox 1043 5558 1172 5621; x_wconf 83' lang='lat' dir='ltr'><strong>Aug.</strong></span> <span class='ocrx_word' id='word_1_803' title='bbox 1205 5572 1290 5625; x_wconf 91' lang='lat' dir='ltr'><strong>ep.</strong></span> <span class='ocrx_word' id='word_1_804' title='bbox 1320 5555 1439 5609; x_wconf 69' lang='lat' dir='ltr'><strong>I49.</strong></span> <span class='ocrx_word' id='word_1_805' title='bbox 1510 5561 1543 5596; x_wconf 54' lang='grc' dir='ltr'><strong>νκ</strong></span> <span class='ocrx_word' id='word_1_806' title='bbox 1575 5558 1729 5623; x_wconf 85' lang='lat' dir='ltr'><strong>lbid.,</strong></span> <span class='ocrx_word' id='word_1_807' title='bbox 1750 5576 1799 5612; x_wconf 91' lang='grc' dir='ltr'><strong>ιι.</strong></span> <span class='ocrx_word' id='word_1_808' title='bbox 1823 5559 1872 5612; x_wconf 70' lang='grc'>4.</span> 
     </span>
    </p>
   </div>
   <div class='ocr_carea' id='block_1_106' title="bbox 1221 5694 2758 5772">
    <p class='ocr_par' dir='ltr' id='par_1_106' title="bbox 1221 5694 2758 5772">
     <span class='ocr_line' id='line_1_106' title="bbox 1221 5694 2758 5772; baseline 0.002 -28"><span class='ocrx_word' id='word_1_809' title='bbox 1221 5697 1234 5729; x_wconf 67' lang='grc' dir='ltr'>α</span> <span class='ocrx_word' id='word_1_810' title='bbox 1271 5694 1474 5751; x_wconf 83' lang='lat' dir='ltr'><strong>Paulin.</strong></span> <span class='ocrx_word' id='word_1_811' title='bbox 1512 5713 1596 5766; x_wconf 91' lang='lat' dir='ltr'><strong>ep.</strong></span> <span class='ocrx_word' id='word_1_812' title='bbox 1635 5700 1726 5764; x_wconf 81' lang='grc'><strong>10,</strong></span> <span class='ocrx_word' id='word_1_813' title='bbox 1758 5718 1810 5755; x_wconf 92' lang='lat' dir='ltr'><strong>n.</strong></span> <span class='ocrx_word' id='word_1_814' title='bbox 1847 5700 1915 5766; x_wconf 82' lang='lat'><strong>6;</strong></span> <span class='ocrx_word' id='word_1_815' title='bbox 1949 5709 2004 5756; x_wconf 88' lang='lat' dir='ltr'><strong>et</strong></span> <span class='ocrx_word' id='word_1_816' title='bbox 2032 5701 2312 5772; x_wconf 80' lang='lat' dir='ltr'><strong>carm._ii,</strong></span> <span class='ocrx_word' id='word_1_817' title='bbox 2349 5717 2397 5753; x_wconf 69' lang='grc' dir='ltr'>ι’.</span> <span class='ocrx_word' id='word_1_818' title='bbox 2438 5697 2536 5750; x_wconf 72' lang='grc'>112</span> <span class='ocrx_word' id='word_1_819' title='bbox 2565 5708 2618 5753; x_wconf 89' lang='lat' dir='ltr'><strong>et</strong></span> <span class='ocrx_word' id='word_1_820' title='bbox 2646 5712 2758 5762; x_wconf 80' lang='lat' dir='ltr'><strong>seq.</strong></span> 
     </span>
    </p>
   </div>
   <div class='ocr_carea' id='block_1_107' title="bbox 1943 4621 3533 4695">
    <p class='ocr_par' dir='ltr' id='par_1_107' title="bbox 1943 4621 3533 4695">
     <span class='ocr_line' id='line_1_107' title="bbox 1943 4621 3533 4695; baseline -0.004 -15"><span class='ocrx_word' id='word_1_821' title='bbox 1943 4642 2070 4695; x_wconf 88' lang='lat' dir='ltr'><strong>pars</strong></span> <span class='ocrx_word' id='word_1_822' title='bbox 2120 4627 2296 4679; x_wconf 90' lang='lat' dir='ltr'><strong>minor</strong></span> <span class='ocrx_word' id='word_1_823' title='bbox 2334 4624 2499 4693; x_wconf 88' lang='lat' dir='ltr'><strong>elegit</strong></span> <span class='ocrx_word' id='word_1_824' title='bbox 2539 4623 2800 4677; x_wconf 87' lang='lat' dir='ltr'><strong>Eulalium</strong></span> <span class='ocrx_word' id='word_1_825' title='bbox 2845 4622 3278 4676; x_wconf 88' lang='lat' dir='ltr'><strong>archidiaconum</strong></span> <span class='ocrx_word' id='word_1_826' title='bbox 3304 4621 3356 4674; x_wconf 90' lang='lat' dir='ltr'><strong>in</strong></span> <span class='ocrx_word' id='word_1_827' title='bbox 3385 4636 3533 4674; x_wconf 90' lang='lat' dir='ltr'><strong>sum-</strong></span> 
     </span>
    </p>
   </div>
   <div class='ocr_carea' id='block_1_108' title="bbox 1945 4712 3532 4785">
    <p class='ocr_par' dir='ltr' id='par_1_108' title="bbox 1945 4712 3532 4785">
     <span class='ocr_line' id='line_1_108' title="bbox 1945 4712 3532 4785; baseline -0.003 -14"><span class='ocrx_word' id='word_1_828' title='bbox 1945 4733 2092 4771; x_wconf 88' lang='lat' dir='ltr'><strong>mum</strong></span> <span class='ocrx_word' id='word_1_829' title='bbox 2138 4715 2443 4785; x_wconf 80' lang='lat' dir='ltr'><strong>pontiﬁcem</strong></span> <span class='ocrx_word' id='word_1_830' title='bbox 2468 4756 2482 4779; x_wconf 94' lang='lat'><strong>,</strong></span> <span class='ocrx_word' id='word_1_831' title='bbox 2516 4714 2688 4782; x_wconf 87' lang='lat' dir='ltr'><strong>major</strong></span> <span class='ocrx_word' id='word_1_832' title='bbox 2721 4729 2851 4767; x_wconf 83' lang='lat' dir='ltr'><strong>vero</strong></span> <span class='ocrx_word' id='word_1_833' title='bbox 2889 4712 3221 4768; x_wconf 82' lang='lat' dir='ltr'><strong>Bonifacium</strong></span> <span class='ocrx_word' id='word_1_834' title='bbox 3248 4713 3532 4783; x_wconf 54' lang='lat' dir='ltr'><strong>presbyter</strong></span> 
     </span>
    </p>
   </div>
   <div class='ocr_carea' id='block_1_109' title="bbox 1946 4800 3532 4860">
    <p class='ocr_par' dir='ltr' id='par_1_109' title="bbox 1946 4800 3532 4860">
     <span class='ocr_line' id='line_1_109' title="bbox 1946 4800 3532 4860; baseline -0.003 0"><span class='ocrx_word' id='word_1_835' title='bbox 1946 4823 2085 4860; x_wconf 91' lang='lat' dir='ltr'><strong>rum.</strong></span> <span class='ocrx_word' id='word_1_836' title='bbox 2144 4805 2254 4860; x_wconf 91' lang='lat' dir='ltr'><strong>Sub</strong></span> <span class='ocrx_word' id='word_1_837' title='bbox 2284 4805 2445 4859; x_wconf 86' lang='lat' dir='ltr'><strong>finem</strong></span> <span class='ocrx_word' id='word_1_838' title='bbox 2488 4804 2688 4859; x_wconf 90' lang='lat' dir='ltr'><strong>mensis</strong></span> <span class='ocrx_word' id='word_1_839' title='bbox 2732 4803 2905 4858; x_wconf 80' lang='lat' dir='ltr'><strong>Martii</strong></span> <span class='ocrx_word' id='word_1_840' title='bbox 2947 4819 3089 4857; x_wconf 88' lang='lat' dir='ltr'><strong>anno</strong></span> <span class='ocrx_word' id='word_1_841' title='bbox 3125 4801 3229 4855; x_wconf 77' lang='grc'><strong>419</strong></span> <span class='ocrx_word' id='word_1_842' title='bbox 3264 4800 3532 4856; x_wconf 83' lang='lat' dir='ltr'><strong>Honorius</strong></span> 
     </span>
    </p>
   </div>
   <div class='ocr_carea' id='block_1_110' title="bbox 1950 4893 3534 4966">
    <p class='ocr_par' dir='ltr' id='par_1_110' title="bbox 1950 4893 3534 4966">
     <span class='ocr_line' id='line_1_110' title="bbox 1950 4893 3534 4966; baseline -0.003 -16"><span class='ocrx_word' id='word_1_843' title='bbox 1950 4898 2240 4965; x_wconf 90' lang='lat' dir='ltr'><strong>imperator</strong></span> <span class='ocrx_word' id='word_1_844' title='bbox 2265 4911 2364 4966; x_wconf 91' lang='lat' dir='ltr'><strong>per</strong></span> <span class='ocrx_word' id='word_1_845' title='bbox 2391 4896 2596 4950; x_wconf 89' lang='lat' dir='ltr'><strong>litteras</strong></span> <span class='ocrx_word' id='word_1_846' title='bbox 2642 4895 3008 4949; x_wconf 81' lang='lat' dir='ltr'><strong>sanctissimos</strong></span> <span class='ocrx_word' id='word_1_847' title='bbox 3037 4893 3370 4947; x_wconf 86' lang='lat' dir='ltr'><strong>diversarum</strong></span> <span class='ocrx_word' id='word_1_848' title='bbox 3408 4908 3534 4962; x_wconf 84' lang='lat' dir='ltr'><strong>pro-</strong></span> 
     </span>
    </p>
   </div>
   <div class='ocr_carea' id='block_1_111' title="bbox 1949 4979 3534 5057">
    <p class='ocr_par' dir='ltr' id='par_1_111' title="bbox 1949 4979 3534 5057">
     <span class='ocr_line' id='line_1_111' title="bbox 1949 4979 3534 5057; baseline -0.003 -18"><span class='ocrx_word' id='word_1_849' title='bbox 1949 4988 2244 5042; x_wconf 88' lang='lat' dir='ltr'><strong>vinciarum</strong></span> <span class='ocrx_word' id='word_1_850' title='bbox 2274 4988 2558 5056; x_wconf 89' lang='lat' dir='ltr'><strong>episcopos</strong></span> <span class='ocrx_word' id='word_1_851' title='bbox 2587 4986 2652 5038; x_wconf 90' lang='lat' dir='ltr'><strong>ad</strong></span> <span class='ocrx_word' id='word_1_852' title='bbox 2693 4985 2956 5057; x_wconf 73' lang='lat' dir='ltr'><strong>synodum</strong></span> <span class='ocrx_word' id='word_1_853' title='bbox 2989 4984 3299 5038; x_wconf 84' lang='lat' dir='ltr'><strong>Ravennam</strong></span> <span class='ocrx_word' id='word_1_854' title='bbox 3331 4979 3534 5037; x_wconf 58' lang='lat' dir='ltr'><strong>convoi</strong></span> 
     </span>
    </p>
   </div>
   <div class='ocr_carea' id='block_1_112' title="bbox 1949 5075 3536 5150">
    <p class='ocr_par' dir='ltr' id='par_1_112' title="bbox 1949 5075 3536 5150">
     <span class='ocr_line' id='line_1_112' title="bbox 1949 5075 3536 5150; baseline -0.004 -17"><span class='ocrx_word' id='word_1_855' title='bbox 1949 5081 2110 5142; x_wconf 84' lang='lat' dir='ltr'><strong>cavit,</strong></span> <span class='ocrx_word' id='word_1_856' title='bbox 2135 5095 2241 5150; x_wconf 87' lang='lat' dir='ltr'><strong>quo</strong></span> <span class='ocrx_word' id='word_1_857' title='bbox 2270 5086 2434 5132; x_wconf 74' lang='lat' dir='ltr'><strong>tantm</strong></span> <span class='ocrx_word' id='word_1_858' title='bbox 2463 5078 2844 5131; x_wconf 66' lang='lat' dir='ltr'><strong>controversia:</strong></span> <span class='ocrx_word' id='word_1_859' title='bbox 2873 5079 3034 5131; x_wconf 85' lang='lat' dir='ltr'><strong>tinem</strong></span> <span class='ocrx_word' id='word_1_860' title='bbox 3061 5078 3316 5131; x_wconf 85' lang='lat' dir='ltr'><strong>facerent.</strong></span> <span class='ocrx_word' id='word_1_861' title='bbox 3355 5075 3536 5142; x_wconf 84' lang='lat' dir='ltr'><strong>Impri-</strong></span> 
     </span>
    </p>
   </div>
   <div class='ocr_carea' id='block_1_113' title="bbox 1951 5166 3534 5242">
    <p class='ocr_par' dir='ltr' id='par_1_113' title="bbox 1951 5166 3534 5242">
     <span class='ocr_line' id='line_1_113' title="bbox 1951 5166 3534 5242; baseline -0.006 -16"><span class='ocrx_word' id='word_1_862' title='bbox 1951 5173 2052 5227; x_wconf 91' lang='lat' dir='ltr'><strong>mis</strong></span> <span class='ocrx_word' id='word_1_863' title='bbox 2082 5188 2211 5226; x_wconf 87' lang='lat' dir='ltr'><strong>vero</strong></span> <span class='ocrx_word' id='word_1_864' title='bbox 2255 5173 2472 5242; x_wconf 78' lang='lat' dir='ltr'><strong>scripsit</strong></span> <span class='ocrx_word' id='word_1_865' title='bbox 2502 5179 2525 5206; x_wconf 81' lang='grc' dir='ltr'><em>υ</em></span> <span class='ocrx_word' id='word_1_866' title='bbox 2560 5171 2624 5224; x_wconf 91' lang='lat' dir='ltr'><strong>ad</strong></span> <span class='ocrx_word' id='word_1_867' title='bbox 2673 5171 2728 5223; x_wconf 90' lang='lat' dir='ltr'><strong>S.</strong></span> <span class='ocrx_word' id='word_1_868' title='bbox 2783 5168 3060 5224; x_wconf 87' lang='lat' dir='ltr'><strong>Paulinum</strong></span> <span class='ocrx_word' id='word_1_869' title='bbox 3110 5170 3368 5223; x_wconf 79' lang='lat' dir='ltr'><strong>Nolanum</strong></span> <span class='ocrx_word' id='word_1_870' title='bbox 3417 5166 3534 5232; x_wconf 81' lang='lat' dir='ltr'><strong>epi-</strong></span> 
     </span>
    </p>
   </div>
   <div class='ocr_carea' id='block_1_114' title="bbox 1937 5254 3532 5332">
    <p class='ocr_par' dir='ltr' id='par_1_114' title="bbox 1937 5254 3532 5332">
     <span class='ocr_line' id='line_1_114' title="bbox 1937 5254 3532 5332; baseline -0.006 -16"><span class='ocrx_word' id='word_1_871' title='bbox 1937 5278 2216 5332; x_wconf 82' lang='lat' dir='ltr'><strong>scopum;</strong></span> <span class='ocrx_word' id='word_1_872' title='bbox 2291 5262 2385 5316; x_wconf 89' lang='lat' dir='ltr'><strong>sed</strong></span> <span class='ocrx_word' id='word_1_873' title='bbox 2442 5262 2486 5314; x_wconf 90' lang='lat' dir='ltr'><strong>is</strong></span> <span class='ocrx_word' id='word_1_874' title='bbox 2542 5269 2766 5330; x_wconf 89' lang='lat' dir='ltr'><strong>propter</strong></span> <span class='ocrx_word' id='word_1_875' title='bbox 2821 5275 3064 5329; x_wconf 59' lang='lat' dir='ltr'><strong>corpore</strong></span> <span class='ocrx_word' id='word_1_876' title='bbox 3121 5254 3532 5312; x_wconf 83' lang='lat' dir='ltr'><strong>invaletudinem</strong></span> 
     </span>
    </p>
   </div>
   <div class='ocr_carea' id='block_1_115' title="bbox 2347 5401 3534 5537">
    <p class='ocr_par' dir='ltr' id='par_1_115' title="bbox 2347 5401 3534 5537">
     <span class='ocr_line' id='line_1_115' title="bbox 2347 5401 3534 5488; baseline -0.002 -16"><span class='ocrx_word' id='word_1_877' title='bbox 2347 5434 2369 5458; x_wconf 84' lang='grc' dir='ltr'><strong><em>ο</em></strong></span> <span class='ocrx_word' id='word_1_878' title='bbox 2401 5420 2534 5488; x_wconf 89' lang='lat' dir='ltr'><strong>Aug.</strong></span> <span class='ocrx_word' id='word_1_879' title='bbox 2569 5419 2659 5476; x_wconf 91' lang='lat' dir='ltr'><strong>lib.</strong></span> <span class='ocrx_word' id='word_1_880' title='bbox 2686 5437 2699 5474; x_wconf 92' lang='grc' dir='ltr'><strong>ι</strong></span> <span class='ocrx_word' id='word_1_881' title='bbox 2728 5420 2794 5474; x_wconf 90' lang='lat' dir='ltr'><strong>de</strong></span> <span class='ocrx_word' id='word_1_882' title='bbox 2823 5419 2935 5474; x_wconf 90' lang='lat' dir='ltr'><strong>Civ.</strong></span> <span class='ocrx_word' id='word_1_883' title='bbox 2969 5419 3081 5478; x_wconf 88' lang='lat' dir='ltr'><strong>Dei.</strong></span> <span class='ocrx_word' id='word_1_884' title='bbox 3114 5432 3161 5470; x_wconf 94' lang='lat' dir='ltr'><strong>c.</strong></span> <span class='ocrx_word' id='word_1_885' title='bbox 3198 5415 3280 5467; x_wconf 85' lang='grc' dir='ltr'>ιο.</span> <span class='ocrx_word' id='word_1_886' title='bbox 3356 5410 3382 5450; x_wconf 77' lang='lat' dir='ltr'><strong>d</strong></span> <span class='ocrx_word' id='word_1_887' title='bbox 3415 5401 3534 5470; x_wconf 79' lang='lat' dir='ltr'><strong>ear;</strong></span> 
     </span>
     <span class='ocr_line' id='line_1_116' title="bbox 2347 5484 3533 5537; baseline 0 0"><span class='ocrx_word' id='word_1_888' title='bbox 2347 5489 2395 5537; x_wconf 82' lang='grc'>5.</span> <span class='ocrx_word' id='word_1_889' title='bbox 2428 5506 2477 5537; x_wconf 78' lang='lat' dir='ltr'><strong>e.</strong></span> <span class='ocrx_word' id='word_1_890' title='bbox 2506 5489 2555 5537; x_wconf 90' lang='grc'><strong>1.</strong></span> <span class='ocrx_word' id='word_1_891' title='bbox 2635 5488 2657 5525; x_wconf 66' lang='lat' dir='ltr'><strong>Il</strong></span> <span class='ocrx_word' id='word_1_892' title='bbox 2691 5489 2895 5537; x_wconf 80' lang='lat' dir='ltr'><strong>Paulin.</strong></span> <span class='ocrx_word' id='word_1_893' title='bbox 2930 5505 3017 5537; x_wconf 77' lang='lat' dir='ltr'><strong>en.</strong></span> <span class='ocrx_word' id='word_1_894' title='bbox 3052 5486 3138 5537; x_wconf 85' lang='grc'><strong>50.</strong></span> <span class='ocrx_word' id='word_1_895' title='bbox 3222 5484 3236 5520; x_wconf 75' lang='grc' dir='ltr'><strong>ί</strong></span> <span class='ocrx_word' id='word_1_896' title='bbox 3274 5485 3407 5537; x_wconf 74' lang='lat' dir='ltr'><strong>Aug.</strong></span> <span class='ocrx_word' id='word_1_897' title='bbox 3443 5484 3533 5537; x_wconf 89' lang='lat' dir='ltr'><strong>Iib.</strong></span> 
     </span>
    </p>
   </div>
   <div class='ocr_carea' id='block_1_116' title="bbox 1958 5485 3539 5653">
    <p class='ocr_par' dir='ltr' id='par_1_116' title="bbox 1958 5485 3539 5653">
     <span class='ocr_line' id='line_1_117' title="bbox 1958 5485 3533 5597; baseline -0.004 -52"><span class='ocrx_word' id='word_1_898' title='bbox 1958 5485 2167 5597; x_wconf 47' lang='lat' dir='ltr'><strong>{83..M.</strong></span> <span class='ocrx_word' id='word_1_899' title='bbox 2191 5490 2318 5544; x_wconf 89' lang='lat' dir='ltr'><strong>dial.</strong></span> <span class='ocrx_word' id='word_1_900' title='bbox 2343 5489 2396 5552; x_wconf 78' lang='grc'>5,</span> <span class='ocrx_word' id='word_1_901' title='bbox 2428 5485 2555 5544; x_wconf 66' lang='grc' dir='ltr'>(ε.’1.</span> <span class='ocrx_word' id='word_1_902' title='bbox 2635 5488 2657 5525; x_wconf 64' lang='grc'><em>’³</em></span> <span class='ocrx_word' id='word_1_903' title='bbox 2691 5489 2895 5542; x_wconf 86' lang='lat' dir='ltr'><strong>Paulin.</strong></span> <span class='ocrx_word' id='word_1_904' title='bbox 2930 5505 3017 5556; x_wconf 90' lang='lat' dir='ltr'><strong>ep.</strong></span> <span class='ocrx_word' id='word_1_905' title='bbox 3052 5486 3138 5539; x_wconf 84' lang='lat'><strong>50.</strong></span> <span class='ocrx_word' id='word_1_906' title='bbox 3222 5485 3236 5520; x_wconf 77' lang='grc' dir='ltr'><strong>ί</strong></span> <span class='ocrx_word' id='word_1_907' title='bbox 3274 5485 3407 5552; x_wconf 84' lang='lat' dir='ltr'><strong>Aug.</strong></span> <span class='ocrx_word' id='word_1_908' title='bbox 3443 5485 3533 5539; x_wconf 91' lang='lat' dir='ltr'><strong>lib.</strong></span> 
     </span>
     <span class='ocr_line' id='line_1_118' title="bbox 1958 5554 3539 5653; baseline 0 0"><span class='ocrx_word' id='word_1_909' title='bbox 1958 5561 2140 5653; x_wconf 66' lang='lat' dir='ltr'><strong>-Jb&#39;d:</strong></span> <span class='ocrx_word' id='word_1_910' title='bbox 2185 5571 2252 5653; x_wconf 61' lang='grc' dir='ltr'><strong>εἷ’</strong></span> <span class='ocrx_word' id='word_1_911' title='bbox 2283 5559 2431 5653; x_wconf 52' lang='grc' dir='ltr'><strong>ἒυὲε.</strong></span> <span class='ocrx_word' id='word_1_912' title='bbox 2452 5573 2554 5653; x_wconf 67' lang='grc' dir='ltr'><strong>θνί.</strong></span> <span class='ocrx_word' id='word_1_913' title='bbox 2574 5558 2694 5653; x_wconf 55' lang='grc' dir='ltr'>ξέῖξ</span> <span class='ocrx_word' id='word_1_914' title='bbox 2723 5558 2954 5653; x_wconf 50' lang='grc' dir='ltr'><strong>ηιδδίη.</strong></span> <span class='ocrx_word' id='word_1_915' title='bbox 2975 5554 3282 5653; x_wconf 37' lang='lat' dir='ltr'><strong>&quot;filii?</strong></span> <span class='ocrx_word' id='word_1_916' title='bbox 3313 5554 3422 5653; x_wconf 70' lang='lat'><strong>&#39;.‘.:.5</strong></span> <span class='ocrx_word' id='word_1_917' title='bbox 3439 5563 3539 5653; x_wconf 69' lang='grc' dir='ltr'><strong>ξυῗ⁸</strong></span> 
     </span>
    </p>
   </div>
   <div class='ocr_carea' id='block_1_117' title="bbox 2535 5623 3536 5764">
    <p class='ocr_par' dir='ltr' id='par_1_117' title="bbox 2535 5623 3536 5764">
     <span class='ocr_line' id='line_1_119' title="bbox 2535 5623 3526 5695; baseline -0.004 -13"><span class='ocrx_word' id='word_1_918' title='bbox 2535 5639 2554 5666; x_wconf 74' lang='grc' dir='ltr'><em>τ</em></span> <span class='ocrx_word' id='word_1_919' title='bbox 2585 5628 2741 5690; x_wconf 89' lang='lat' dir='ltr'><strong>lbid.,</strong></span> <span class='ocrx_word' id='word_1_920' title='bbox 2773 5644 2827 5679; x_wconf 90' lang='grc' dir='ltr'><strong>ιι.</strong></span> <span class='ocrx_word' id='word_1_921' title='bbox 2861 5627 2955 5685; x_wconf 75' lang='grc'><strong>40;</strong></span> <span class='ocrx_word' id='word_1_922' title='bbox 2987 5633 3041 5677; x_wconf 88' lang='lat' dir='ltr'><strong>et</strong></span> <span class='ocrx_word' id='word_1_923' title='bbox 3080 5623 3285 5678; x_wconf 89' lang='lat' dir='ltr'><strong>Paulin.</strong></span> <span class='ocrx_word' id='word_1_924' title='bbox 3319 5641 3404 5695; x_wconf 88' lang='lat' dir='ltr'><strong>ep.</strong></span> <span class='ocrx_word' id='word_1_925' title='bbox 3438 5624 3526 5688; x_wconf 74' lang='lat'><strong>50,</strong></span> 
     </span>
     <span class='ocr_line' id='line_1_120' title="bbox 2535 5693 3536 5764; baseline 0.002 -18"><span class='ocrx_word' id='word_1_926' title='bbox 2535 5736 2536 5746; x_wconf 33' lang='grc' dir='ltr'>χ</span> <span class='ocrx_word' id='word_1_927' title='bbox 2565 5708 2618 5753; x_wconf 91' lang='lat' dir='ltr'><strong>et</strong></span> <span class='ocrx_word' id='word_1_928' title='bbox 2646 5712 2758 5762; x_wconf 79' lang='lat' dir='ltr'><strong>seq.</strong></span> <span class='ocrx_word' id='word_1_929' title='bbox 2839 5705 2862 5730; x_wconf 76' lang='grc' dir='ltr'><strong>υ</strong></span> <span class='ocrx_word' id='word_1_930' title='bbox 2891 5695 3084 5750; x_wconf 82' lang='lat' dir='ltr'><strong>Baron.</strong></span> <span class='ocrx_word' id='word_1_931' title='bbox 3118 5711 3204 5748; x_wconf 86' lang='lat' dir='ltr'><strong>an.</strong></span> <span class='ocrx_word' id='word_1_932' title='bbox 3238 5695 3360 5763; x_wconf 72' lang='lat' dir='ltr'><strong>H9,</strong></span> <span class='ocrx_word' id='word_1_933' title='bbox 3392 5693 3417 5764; x_wconf 66' lang='grc' dir='ltr'><strong>ς</strong></span> <span class='ocrx_word' id='word_1_934' title='bbox 3455 5694 3536 5748; x_wconf 83' lang='grc'>19.</span> 
     </span>
    </p>
   </div>
  </div>
