4056 6358
195 295 284 350 121

1458 348 1469 359 ,
1554 293 2084 349 PROLEGOMENA.

3352 306 3453 362 in

190 414 251 464 ile
280 412 384 466 hoc
406 411 607 466 mundo
627 410 692 464 ad
713 410 931 465 cmleste
952 409 1311 465 habitaculum
1336 411 1551 465 evolare
1577 411 1762 480 cupie-
1793 412 1840 465 Λ
1869 419 1974 463 tum
2001 429 2284 481 pauperum
2323 416 2504 469 solt-at.
2534 415 2600 471 Et
2637 433 2785 485 ecce,
2813 434 2920 474 non
2949 421 3108 489 longa
3135 421 3449 492 interposita

189 503 277 556 hat
298 510 359 555 ut
380 500 453 555 ibi
481 516 602 556 cum
624 499 823 555 sanctis
846 499 1067 554 haberet
1087 500 1442 565 mansionem,
1461 516 1581 563 cum
1607 509 1632 537 ι
1652 516 1771 569 gra-

190 593 405 646 vissimo
446 592 630 646 lateris
656 592 841 646 dolore
867 600 1136 660 gravatus,
1178 600 1235 648 et
1260 594 1313 647 in
1343 594 1598 648 extremis
1625 595 1770 663 posi-

189 696 293 750 tus,
323 699 389 737 ex
440 682 710 754 superﬂuo
753 683 1140 738 archiatrorum
1178 684 1430 738 mandato
1469 685 1769 740 ustionibus

190 776 355 829 multo
385 776 555 843 magis
584 774 828 840 fatigatus
855 782 955 829 est.
975 774 1173 829 Triduo
1195 775 1490 829 ante'illius
1515 775 1716 829 obitum
1741 774 1766 813 δ

189 865 295 916 duo
335 862 406 916 ad
450 878 572 917 eum
618 863 853 932 episcopi
883 864 1130 918 visitandi
1174 863 1353 918 studio
1382 872 1767 929 convenerunt,

190 956 245 1008 S.
278 954 650 1024 Symmachus,
680 962 735 1008 et
774 953 1091 1009 benedictus
1120 954 1424 1024 Acindynus
1458 956 1537 1024 (ut
1557 953 1773 1009 Chitﬁe-

192 1047 293 1098 tius
319 1056 341 1084 ε
374 1045 647 1114 ingeniosa
684 1059 812 1098 sane
852 1044 1156 1112 conjectura
1185 1046 1418 1099 restituit
1446 1060 1511 1099 ex
1541 1044 1773 1100 lectione

190 1152 289 1189 ms.
320 1135 520 1191 codicis
544 1134 804 1201 Merliezci,
833 1151 951 1189 cum
990 1136 1040 1189 in
1071 1136 1300 1203 vulgatis
1324 1143 1480 1190 antea
1508 1135 1773 1202 legeretur

191 1227 497 1279 Benedictus
544 1224 946 1295 Hyacintlrinus.
998 1224 1130 1279 Cum
1176 1234 1353 1280 autem
1392 1225 1417 1261 ά
1460 1240 1558 1279 nec
1604 1225 1773 1279 sancti

189 1316 498 1386 Symmachi
546 1332 645 1369 nec
682 1315 950 1369 benedicti
979 1314 1238 1385 Acindyni
1268 1315 1423 1370 sedes
1450 1314 1775 1383 expresserit

194 1403 446 1470 Uranius,
479 1404 786 1473 conjectura
816 1414 902 1458 est
947 1420 1043 1457 eos
1085 1421 1116 1458 e
1161 1405 1352 1459 vicinia
1381 1404 1680 1467 advenisse,
1711 1418 1774 1457 ac

189 1497 349 1553 fuisse
379 1496 622 1550 fortassis
648 1505 891 1575 sanctum
918 1495 1298 1566 Symmachum
1329 1496 1639 1565 episcopum
1672 1494 1776 1549 Ca-

188 1601 448 1654 puanum,
469 1585 621 1652 cujus
644 1588 860 1640 nomine
892 1588 1070 1656 plures
1105 1595 1317 1640 exstant
1345 1586 1586 1641 ecclesia:
1611 1587 1663 1639 in
1692 1586 1773 1640 ci-

189 1678 350 1730 vitate
379 1686 434 1730 ct
462 1677 731 1746 provincia
770 1675 1024 1746 Capuana
1042 1719 1058 1742 ,
1089 1685 1143 1731 ct
1170 1676 1322 1745 cujus
1365 1676 1679 1731 solernnitas
1706 1677 1773 1729 ad

1869 518 2053 568 mora,
2103 505 2370 573 ingressus
2417 516 2499 562 est
2542 509 2755 579 quidam
2787 512 3066 583 presbyter
3106 512 3174 568 de
3204 511 3450 569 Lucania

1869 597 2111 665 partibus
2151 599 2388 657 veniens.
2438 602 2630 657 missus
2660 617 2689 656 a
2719 612 2905 658 sancto
2932 605 3185 674 episcopo
3212 604 3449 677 Exsupe-

1869 687 2043 742 rantio
2067 695 2122 741 et
2147 704 2178 741 a
2208 690 2324 743 viro
2349 690 2646 746 clarissimo
2673 692 2834 747 fratre
2871 693 2986 761 ejus
3018 692 3251 757 Ursatio,
3276 695 3368 763 qui
3396 694 3448 749 ei

1869 793 1965 845 per
1992 777 2162 846 ipsum
2187 780 2423 834 muneris
2451 782 2618 847 gratia
2648 783 3029 852 quinquaginta
3057 784 3260 839 solidos
3282 787 3448 839 mise-

1869 864 1994 919 runt
2038 885 2052 919 :
2098 868 2291 935 quibus
2339 870 2609 938 acceptis,
2661 868 2911 926 Paulinus
2952 873 3152 941 gratias
3190 872 3301 928 Deo
3340 874 3449 942 egit

1869 956 2013 1024 quod
2068 973 2174 1012 non
2217 958 2587 1027 dereliquisset
2632 969 2937 1029 sperantem
2987 962 3039 1015 in
3084 962 3449 1018 misericordia

1872 1046 2008 1114 ejus.
2040 1046 2116 1101 De
2146 1049 2229 1101 his
2256 1057 2432 1102 autem
2458 1050 2842 1118 quinquaginta
2871 1051 3056 1106 solidis
3083 1052 3197 1122 ipse
3223 1051 3449 1123 presby-

1874 1150 2009 1204 tero,
2041 1141 2131 1208 qui
2162 1155 2257 1195 eos
2284 1142 2619 1205 exhibuerat,
2649 1159 2809 1196 manu
2832 1159 2925 1198 sua
2953 1144 3090 1200 duos
3117 1145 3295 1209 dedit;
3328 1147 3450 1200 reli-

1872 1245 2008 1298 quos
2030 1245 2161 1284 vero
2192 1230 2609 1297 negotiatoribus
2640 1231 2730 1299 qui
2770 1232 3084 1287 vestimenta
3126 1234 3449 1303 pauperibus

1872 1318 2151 1380 dederant,
2180 1320 2328 1375 reddi
2358 1320 2647 1375 mandavit.
2668 1320 2802 1375 Cum
2825 1331 3000 1377 autem
3019 1324 3129 1391 jam
3164 1322 3181 1362 ι
3206 1340 3314 1378 nox
3342 1322 3450 1380 diei

1874 1412 2257 1473 successisset,
2310 1427 2477 1481 usque
2523 1414 2590 1467 ad
2638 1414 2865 1468 mediam
2915 1424 3128 1470 noctem
3177 1416 3451 1485 paululum

1875 1501 2041 1569 quieti
2080 1503 2365 1561 concessit.
2414 1519 2515 1557 nec
2563 1504 2701 1557 ultra
2739 1506 2915 1574 potuit
2941 1521 3189 1560 somnum
3226 1521 3447 1576 capere,
3492 1550 3505 1567 η

1875 1593 2221 1648 crudescente
2250 1595 2434 1648 lateris
2455 1595 2644 1651 dolore
2669 1598 2950 1660 excitatus,
2983 1605 3039 1651 et
3066 1598 3452 1653 archiatrorum

1875 1685 2175 1740 ustionibus
2204 1684 2474 1753 fatigatus.
2508 1686 2624 1741 Una
2666 1696 2951 1755 antequam
2999 1689 3293 1744 lucesceret
3322 1692 3452 1746 hora

188 1783 238 1821 ιι
262 1766 516 1821 kalendas
535 1766 846 1821 Novembris
872 1767 1136 1837 adscripta
1153 1777 1235 1822 est
1251 1762 1301 1822 in
1327 1768 1490 1823 veteri
1512 1767 1765 1822 kalenda-
1798 1766 1842 1825 Β
1869 1773 1951 1827 vir
1976 1781 2190 1829 sanctus
2209 1816 2225 1841 ,
2255 1782 2313 1829 ut
2341 1776 2578 1843 solebat,
2635 1791 2824 1831 omnes
2866 1778 3121 1832 excitavit
3157 1785 3213 1833 et
3239 1778 3453 1833 matuti~

188 1857 265 1912 rio
286 1855 577 1926 Capuano;
607 1872 714 1925 quo
735 1865 914 1912 autem
944 1858 1032 1912 ille
1060 1859 1395 1926 potissimum
1416 1858 1608 1912 vixerit
1636 1866 1774 1912 tem-

188 1962 318 2015 pore
362 1947 575 2016 penitus
621 1948 944 2016 ignoramus.
979 1948 1093 2000 Duo
1141 1948 1228 2002 isti
1259 1947 1513 2016 pnesnles
1537 1957 1559 1983 θ
1592 1946 1773 2000 Pauli-

188 2054 315 2092 num
344 2039 400 2092 in
428 2038 685 2092 extremis
726 2038 1057 2093 laborantem
1097 2046 1484 2102 convenerunt,
1515 2053 1635 2093 cum
1660 2037 1771 2106 jam

186 2128 250 2182 de
290 2129 469 2183 salute
514 2128 631 2197 ejus
670 2144 858 2183 omnes
897 2129 1291 2197 desperassent.
1323 2128 1400 2181 Ita
1436 2128 1451 2165 τ
1487 2136 1669 2181 tamen
1716 2127 1773 2180 in

186 2233 379 2272 eorum
408 2217 641 2272 adventu
662 2227 934 2272 recreatus
959 2229 1120 2286 atque
1141 2216 1372 2273 refectus
1393 2228 1474 2271 est
1496 2215 1769 2280 Paulinus,

185 2318 243 2363 ut
266 2308 438 2363 oblita
463 2309 610 2363 nuntii
637 2309 836 2362 carnali
866 2307 1195 2372 inﬁrmitate,
1222 2315 1393 2361 totum
1423 2322 1482 2360 se
1510 2306 1592 2362 eis
1616 2307 1774 2374 spiri-

184 2399 351 2455 talem
397 2406 558 2468 atque
600 2399 901 2466 angelicum
942 2399 1236 2453 exhiberet.
1280 2396 1490 2452 Iussit!
1520 2396 1621 2451 sibi
1646 2403 1773 2449 ante

184 2490 443 2545 lectulum
473 2505 627 2549 suum
656 2504 806 2544 sacra
834 2504 961 2544 vasa
986 2496 1041 2542 et
1068 2497 1382 2543 ornamenta
1409 2487 1774 2543 ecclesiastica

182 2581 452 2648 exhiberi,
479 2590 534 2636 et
578 2597 681 2635 una
730 2596 853 2635 cum
892 2580 1088 2635 sanctis
1132 2580 1402 2649 episcopis
1440 2579 1634 2634 obtulit
1662 2579 1774 2633 Deo

182 2672 539 2733 sacriﬁcium;
572 2671 835 2739 simulque
881 2678 936 2724 et
962 2686 1058 2724 eos
1083 2685 1217 2738 quos
1240 2685 1338 2738 pro
1367 2667 1645 2736 disciplina
1678 2681 1773 2721 ec-

181 2763 488 2818 clesiastica
514 2776 546 2815 a
574 2763 948 2817 communione
976 2775 1253 2814 sacrorum
1279 2758 1656 2829 mysteriorum
1683 2772 1777 2809 ex-

181 2862 369 2907 torres
398 2854 506 2923 95
535 2866 654 2907 esse
682 2860 1032 2920 prmceperat,
1061 2849 1127 2902 ad
1157 2864 1342 2917 pacem
1367 2847 1643 2916 pristinam
1689 2861 1777 2898 re-

178 2942 425 2996 vocavit.
458 2939 486 2976 ιι
516 2939 583 2993 Et
607 2955 726 2993 cum
754 2940 870 2993 hmc
897 2938 1075 2992 omnia
1104 2946 1321 2993 sanctus
1350 2937 1632 3006 episcopus
1656 2935 1777 2989 laeto

175 3041 361 3101 atque
388 3019 624 3100 perfecto
652 3030 835 3085 ordine
864 3029 1222 3093 celebrasset,
1255 3028 1431 3083 subito
1459 3028 1601 3083 clara
1646 3042 1776 3083 voce

1875 1879 2000 1917 num
2022 1864 2256 1919 cilicium
2284 1880 2348 1918 ex
2375 1881 2525 1919 more
2549 1874 2606 1920 et
2627 1866 2815 1921 ordine
2840 1867 3147 1922 celebravit.
3176 1866 3339 1921 Facta
3361 1883 3452 1921 an.

1877 1962 1982 2007 tem
2011 1953 2099 2008 die
2126 1955 2452 2025 presbyteris
2488 1963 2542 2008 et
2569 1954 2811 2009 diaconis
2839 1963 2999 2023 atque
3026 1955 3272 2011 omnibus
3298 1956 3452 2010 cleri-

1874 2042 1953 2097 cis
1982 2059 2168 2113 pacem
2215 2044 2593 2098 hereditariam
2624 2045 2874 2115 exemplo
2901 2043 3176 2100 Dominico
3202 2044 3453 2114 prredica-

1874 2133 1972 2200 vit,
2002 2133 2123 2190 dein
2156 2120 2348 2189 taeitus
2371 2149 2539 2205 usque
2561 2136 2627 2189 ad
2651 2150 2932 2205 vesperum
2956 2135 3283 2205 perduravit.
3307 2134 3453 2190 Tunc

1872 2241 2002 2280 vero
2049 2225 2357 2279 lucernaria:
2403 2226 2703 2280 devotionis
2760 2236 2968 2296 tempus
3015 2240 3329 2294 agnoscens,
3361 2239 3454 2279 ex-

1874 2319 2040 2372 tensis
2062 2319 2326 2382 manibns,
2358 2318 2502 2371 lenta
2548 2318 2672 2371 licet
2709 2331 2843 2372 voce
2881 2317 3036 2384 dixit,
3069 2318 3260 2370 Paravi
3288 2316 3455 2369 lucer-

1874 2426 1996 2463 nam
2025 2408 2227 2464 Christo
2269 2426 2401 2463 meo.
2450 2407 2650 2463 Deinde
2693 2407 2834 2463 facto
2874 2406 3176 2477 aliquandiu
3222 2406 3451 2471 silentio,

1874 2508 1912 2536 ιιι
1943 2499 2081 2554 circa
2124 2500 2309 2553 horam
2350 2498 2612 2552 decimam
2659 2507 2751 2550 aut
2778 2495 3116 2552 undecimam
3161 2496 3214 2550 in
3261 2503 3453 2559 nocte.

1874 2588 2122 2641 omnibus
2149 2588 2240 2655 qui
2271 2586 2497 2640 aderant
2522 2586 2748 2643 sollicite
2767 2587 3127 2655 vigilantibus,
3151 2585 3328 2639 subito
3347 2585 3455 2639 cel-

1876 2678 1979 2730 lula
2009 2678 2125 2744 ejus
2152 2688 2259 2729 tam
2302 2676 2502 2743 ingenti
2532 2684 2689 2728 terra:
2718 2682 2865 2728 motu
2894 2690 3152 2729 concussa
3180 2676 3283 2738 e‘st,
3315 2681 3373 2727 ut
3399 2673 3455 2727 hi

1876 2766 2193 2836 qui'lectulo
2223 2766 2339 2833 ejus
2363 2765 2682 2819 assistebant
2710 2764 2950 2819 exterriti
2982 2772 3142 2835 atque
3171 2760 3368 2818 furbati
3389 2762 3456 2817 ad

1877 2856 2174 2911 orationem
2202 2871 2261 2909 se
2288 2856 2463 2911 cuncti
2504 2854 2841 2922 jactaverint,
2866 2864 2891 2891 ο
2920 2855 3047 2909 nihil
3077 2863 3254 2909 tamen
3282 2853 3456 2909 scien-

1838 3007 1852 3019 .
1877 2948 2017 3001 tibus
2046 2948 2128 3000 his
2153 2947 2243 3013 qui
2272 2961 2371 3016 pro
2419 2944 2620 3000 foribus
2664 2947 3065 3001 consistebant:
3098 2961 3270 3015 neque
3312 2945 3454 3000 enim

1878 3036 2119 3105 publicus
2141 3037 2229 3089 ille
2252 3037 2304 3089 in
2329 3044 2441 3090 tota
2460 3036 2641 3100 domo,
2665 3035 2758 3090 sed
2787 3036 3023 3106 privatus
3049 3036 3100 3089 in
3126 3035 3313 3090 cellula
3342 3034 3455 3091 fue-

176 3120 534 3188 interrogare
560 3121 721 3190 cmpit
751 3120 837 3173 ubi
876 3126 1057 3172 essent
1084 3117 1274 3172 fratres
1300 3117 1423 3171 sui?
1453 3116 1601 3170 Tunc
1640 3131 1776 3169 unus

1880 3134 1960 3179 rat
1991 3135 2147 3179 terrm
2176 3133 2372 3189 motus,
2400 3126 2490 3194 qui
2522 3126 2871 3194 pncsagiebat
2897 3133 3101 3195 quanto
3128 3125 3314 3180 dolore
3344 3130 3473 3179 om"

181 3228 253 3266 ει
285 3210 794 3277 circumstantibus,
831 3211 921 3278 qui
950 3210 1155 3277 putavit
1201 3208 1341 3277 quod
1371 3208 1649 3277 episcopos
1687 3208 1778 3275 qui

183 3313 325 3358 tunc
347 3301 576 3356 aderant
600 3310 897 3370 quaereret,
925 3302 1001 3358 ait
1029 3301 1100 3355 illi
1127 3319 1139 3352 :
1172 3299 1307 3352 Ecce
1333 3300 1415 3353 hic
1445 3310 1564 3353 sunt
1591 3301 1779 3370 fratres

188 3394 286 3446 tui.
314 3391 385 3444 At
413 3391 503 3444 ille
530 3409 541 3443 :
575 3390 681 3445 Sed
703 3407 796 3462 ego
825 3406 959 3444 nunc
990 3392 1178 3461 fratres
1201 3406 1337 3443 meos
1362 3388 1676 3443 Ianuarium
1699 3400 1780 3442 af-

189 3499 287 3552 que
319 3480 609 3535 Martinam
636 3480 780 3543 dico,
809 3481 894 3551 qui
923 3480 1076 3533 modo
1123 3495 1318 3533 mecum
1358 3480 1515 3533 locuti
1560 3490 1698 3543 sunt,
1728 3489 1778 3532 et

193 3574 439 3629 continuo
456 3572 523 3627 ad
547 3589 626 3626 me
652 3581 885 3625 uenturos
914 3588 967 3625 se
986 3588 1098 3626 esse
1117 3571 1376 3625 dixerunt.
1396 3570 1579 3639 Itaque
1606 3572 1779 3624 anim-

194 3663 544 3741 adverterunt
580 3663 985 3717 circumstantes
1012 3662 1152 3730 quod
1183 3659 1200 3697 ί
1227 3661 1318 3729 qui
1350 3669 1556 3715 tantum
1592 3661 1647 3715 in
1672 3661 1781 3714 vir-

197 3760 315 3811 tute
338 3772 436 3826 per
458 3756 806 3825 multiplicata
836 3754 1127 3823 gratiarum
1154 3753 1470 3823 spiritalium
1499 3754 1781 3807 carismata

198 3846 548 3915 resplenduit,
571 3846 767 3900 meruit
814 3854 868 3899 ut
918 3846 969 3898 in
1018 3846 1223 3900 obitum
1271 3860 1425 3898 suum
1471 3845 1779 3913 priusquam

198 3937 444 4005 spiritum
493 3936 772 3998 redderet,
817 3936 978 3995 hosce
1035 3935 1171 3990 duos
1226 3936 1612 3990 illustrissimos
1657 3952 1774 3991 cor-

202 4027 386 4094 poreis
429 4027 598 4081 oculis
660 4026 1114 4093 contemplaretur
1174 4027 1492 4094 episcopos;
1550 4040 1780 4092 quorum

201 4115 351 4185 prior
402 4124 515 4171 erat
569 4118 582 4165 i
651 4116 707 4171 S.
766 4115 1093 4181 Januarius,
1148 4116 1441 4171 Beneventi
1501 4116 1784 4183 episcopus

200 4216 258 4261 et
304 4217 506 4277 martyr
560 4207 700 4263 circa
749 4221 947 4261 annum
993 4205 1124 4269 “505,
1176 4222 1267 4275 qui
1298 4205 1660 4274 Neapolitana:
1689 4221 1782 4261 ur-

202 4297 283 4353 bis
324 4296 620 4354 Ecclesiam
670 4306 798 4353 tunc
840 4298 1078 4365 reliquiis
1124 4298 1233 4352 suis
1279 4297 1617 4360 illustrabat;
1648 4297 1787 4352 alter

204 4402 332 4442 vero
358 4387 415 4440 S.
450 4387 708 4443 Martinus
754 4396 879 4442 tunc
923 4386 1250 4441 Turonensis
1289 4386 1532 4450 antistes,
1578 4386 1659 4441 vir
1688 4402 1784 4456 per

1883 3232 1978 3271 nes
2007 3218 2057 3270 in
2086 3217 2241 3283 hujus
2270 3218 2438 3271 sancti
2468 3217 2618 3272 obitu
2646 3225 2827 3272 essent
2852 3216 3138 3271 alliciendi.

1951 3307 2003 3360 ‘2.
2037 3308 2125 3361 Ille
2157 3323 2284 3361 vero
2323 3307 2434 3361 Deo
2473 3304 2711 3361 debitum
2742 3316 2768 3343 ο
2796 3308 3041 3376 spiritum
3069 3307 3337 3360 exhalavit
3363 3322 3456 3359 an-

1880 3398 2062 3466 gelicis
2089 3404 2393 3467 susceptum
2422 3398 2685 3452 manibus.
2720 3395 2889 3450 Porro
2918 3396 3007 3450 ubi
3048 3395 3115 3448 ad
3154 3397 3308 3449 beata
3336 3396 3456 3450 coeli

1881 3490 2073 3556 gaudia
2104 3488 2223 3541 felix
2253 3488 2428 3540 anima
2459 3487 2715 3552 evolavit,
2748 3496 2774 3534 P
2804 3487 2877 3539 ita
2907 3486 3061 3539 niveo
3090 3484 3320 3538 candore
3346 3485 3458 3537 vul-

1883 3589 1965 3632 tus
1993 3578 2108 3645 ejus
2134 3585 2188 3631 et
2233 3586 2401 3649 totum
2431 3591 2627 3646 corpus
2654 3577 2902 3630 allectum
2929 3582 3047 3639 est,
3076 3583 3133 3629 ut
3160 3589 3346 3630 omnes
3368 3574 3459 3644 qui

1881 3670 2106 3723 aderant
2134 3669 2270 3722 inter
2293 3668 2404 3738 96
2427 3668 2688 3735 singultus
2716 3674 2769 3721 et
2796 3667 3059 3738 lacrymas
3087 3666 3461 3721 benedicerent

1885 3759 2187 3814 Dominum.
2211 3757 2338 3827 Ejus
2365 3759 2529 3812 vitam
2557 3774 2623 3813 ex
2654 3759 2845 3812 merito
2868 3758 3059 3813 mortis
3087 3772 3271 3811 omnes
3291 3771 3460 3825 agno-

1883 3868 2029 3915 vere,
2060 3852 2212 3919 cujus
2239 3860 2293 3906 et
2323 3859 2551 3906 mortem
2581 3852 2649 3905 de
2676 3850 3089 3905 conversatione
3114 3851 3238 3904 vita:
3266 3850 3460 3918 proba-

1882 3953 2093 3996 verunt.
2125 3941 2259 3996 Ecce
2283 3955 2306 3991 ιι
2330 3943 2455 4009 quid
2486 3942 2668 3997 tribuit
2696 3942 3069 4011 eleemosyna;
3100 3955 3227 3994 ecce
3250 3940 3462 4007 qualem

1884 4042 2111 4085 mortem
2161 4032 2440 4093 concedit,
2472 4038 2528 4083 et
2565 4030 2751 4097 quales
2792 4030 3073 4082 thesauros
3104 4030 3304 4083 sanctis
3332 4029 3461 4089 suis,

1884 4124 1975 4190 qui
2004 4137 2127 4175 eum
2158 4122 2208 4174 in
2235 4121 2559 4188 pauperibus
2598 4119 2843 4185 diligunt,
2888 4119 3028 4171 Deus
3057 4117 3327 4184 indulget;
3358 4132 3464 4171 non

1886 4213 1957 4265 ita
1988 4210 2223 4264 avaritiae
2250 4211 2391 4261 malo
2421 4207 2765 4261 iubiantibus.
2799 4205 2942 4259 Nole
2974 4214 2996 4242 τ
3017 4206 3068 4258 in
3097 4204 3213 4258 :ede
3236 4204 3466 4258 basilica!

1886 4303 1942 4357 S.
1987 4299 2179 4355 Felicis
2216 4297 2313 4352 151
2349 4307 2370 4332 ⁵
2400 4297 2608 4351 decimo
2654 4293 2908 4349 kalendas
2932 4293 3057 4349 Julii
3099 4293 3334 4363 glorioso
3362 4292 3467 4349 ﬁne

1885 4392 2166 4446 defunctus
2194 4397 2294 4443 est.
2326 4388 2406 4442 Ad
2434 4387 2572 4440 hanc
2597 4385 2736 4441 diem
2762 4386 2813 4439 in
2839 4384 3088 4439 omnibus
3115 4386 3131 4420 ι
3158 4382 3468 4454 Martyrolo-

203 4480 383 4533 omnia
415 4480 760 4548 apostolicus,
790 4478 1041 4533 Ecclesia:
1081 4477 1364 4533 Gallicana:
1392 4479 1595 4533 illustre
1624 4478 1787 4535 decus
1818 4482 1861 4541 ι)
1889 4482 1988 4550 giis
2013 4480 2323 4547 consignata
2366 4485 2448 4532 est
2474 4475 2591 4543 ejus
2618 4477 2898 4541 memoria,
2941 4483 2996 4528 et
3037 4476 3181 4530 illius
3204 4474 3467 4530 fest.vita-

203 4577 258 4625 et
282 4564 684 4628 armamentum.
711 4571 909 4625 Deinde.
936 4571 1105 4626 visum
1136 4581 1220 4625 est
1243 4570 1386 4639 quod
1416 4569 1689 4634 Paulinus,
1717 4570 1782 4623 lia

205 4669 290 4716 cet
311 4671 473 4716 relate
493 4662 815 4730 provectior,
832 4677 938 4715 non
955 4662 1128 4716 minus
1152 4662 1202 4714 iu
1226 4656 1490 4731 pauperes
1514 4662 1785 4718 beneﬁcus

206 4761 346 4807 esset
367 4762 426 4807 et
451 4753 708 4812 liberalis.
735 4754 776 4805 A
808 4754 1119 4823 presbytero
1148 4754 1288 4809 enim
1319 4752 1343 4793 ¹ι
1381 4753 1783 4818 Posthumiano,

206 4843 294 4912 qui
323 4842 465 4898 forte
497 4844 608 4914 ipse
634 4854 711 4900 est
754 4842 1182 4909 Postbumianus,
1213 4845 1363 4915 cujus
1390 4845 1555 4899 semel
1598 4853 1654 4901 et
1680 4846 1782 4900 ite-

210 4951 323 4989 rum
350 4936 720 5000 mernioimus,
762 4936 1119 4989 commonitus
1146 4935 1288 5002 quod
1330 4952 1428 5004 pro
1452 4936 1785 4989 vestimentis

206 5041 322 5093 quae
358 5027 684 5098 pauperibus
729 5036 942 5096 erogata
993 5026 1199 5081 fuerant
1240 5028 1585 5097 quadraginta
1632 5029 1785 5083 solidi

207 5117 527 5175 rleberentur
547 5163 563 5188 ,
586 5120 774 5174 leviter
800 5118 1078 5175 subridens
1103 5120 1180 5175 ait
1206 5118 1271 5172 ad
1302 5118 1738 5173 Posthmnianum
1768 5139 1779 5173 :

208 5208 430 5265 Securus
458 5221 586 5273 esto,
614 5211 717 5278 ﬁli,
745 5210 890 5263 crede
917 5210 1042 5263 mihi
1068 5212 1187 5283 quia
1212 5227 1313 5263 non
1341 5210 1499 5263 deerit
1527 5212 1611 5280 qui
1639 5210 1784 5264 debi-

1887 4581 1990 4626 tern
2023 4572 2135 4641 ipsa
2165 4570 2254 4625 die
2291 4570 2531 4623 celebrat
2558 4567 2814 4622 Ecclesia.
2845 4567 2901 4621 In
2930 4567 3047 4636 ejus
3091 4567 3241 4622 obitu
3267 4576 3290 4603 “
3325 4575 3468 4621 totus

1886 4679 2024 4733 pene
2049 4661 2198 4715 'orbis
2225 4659 2501 4727 irzgemuit,
2532 4658 2727 4713 ﬂevere
2756 4657 2941 4713 ﬁdeles
2961 4668 3015 4713 et
3040 4658 3297 4713 inﬁdeles.
3317 4657 3467 4730 (Des

1886 4755 2047 4822 uique
2076 4769 2182 4808 non
2211 4754 2382 4807 solum
2414 4750 2722 4815 Christiani,
2753 4750 2848 4805 sed
2894 4759 2949 4804 et
2975 4749 3140 4805 Judaei
3171 4759 3332 4820 atque
3373 4764 3469 4818 pa~

1885 4845 2008 4912 gani
2041 4844 2239 4911 ingenti
2270 4842 2416 4904 ﬁetu,
2446 4842 2626 4897 scissis
2653 4840 2917 4904 vestibus,
2948 4839 3015 4893 ad
3044 4840 3159 4908 ejus
3184 4838 3468 4908 exsequias

1886 4943 2272 4997 convenerunt,
2298 4943 2352 4987 et
2377 4941 2615 5001 ereptum
2645 4931 2742 4985 sibi
2773 4939 3076 5000 patronum,
3106 4929 3463 4992 defensorem,

1888 5037 2141 5091 tutorem,
2168 5041 2268 5078 una
2299 5040 2487 5079 onmes
2513 5039 2642 5078 voce
2672 5023 3009 5092 planxerunt.
3032 5020 3090 5076 In
3117 5031 3141 5058 ι
3163 5021 3378 5078 basilica
3407 5019 3463 5073 S.

1887 5117 2079 5172 Felicis
2118 5116 2356 5184 sepultus
2383 5125 2485 5181 est,
2530 5114 2617 5168 cui
2647 5113 2737 5166 Dei
2767 5112 2962 5180 gratias
2989 5119 3044 5166 et
3070 5110 3209 5166 dona
3250 5117 3465 5177 accepta

1889 5217 1946 5263 ut
1977 5207 2255 5262 mediatori
2284 5221 2345 5261 ac
2384 5214 2614 5275 patrono
2654 5219 2866 5275 semper
2908 5204 3203 5270 retulerat,
3231 5210 3289 5256 et
3314 5199 3468 5268 cujus

276 5418 300 5443 -
347 5406 515 5461 Uran.
558 5405 625 5459 de
653 5376 810 5459 curru
837 5404 894 5457 s.
932 5403 1161 5467 Paiu‘in.,
1196 5422 1247 5465 η,
1277 5405 1329 5458 5.
1408 5403 1433 5443 b
1462 5404 1615 5466 πίνω..
1649 5421 1702 5458 n.
1736 5404 1776 5457 ι.

1877 5400 2081 5457 =Chill1.
2106 5400 2304 5472 ρ.192.
2381 5399 3238 5472 σξΑιδίιιηιιωδ.ξουτηηω.
3298 5397 3464 5472 'lbid.

211 5487 233 5521 ι’
260 5478 391 5530 Ibid.

211 5559 245 5583 '”
275 5547 406 5600 Ibid.

209 5632 261 5674 ιι.
301 5617 377 5668 η.

472 5479 496 5512 ιι
529 5476 682 5535 Ibid”
742 5491 794 5527 n.
835 5475 888 5527 (ὲ.

486 5555 499 5575 ’
544 5545 675 5598 Ibid.
756 5544 931 5597 "Ibid.
1013 5543 1212 5605 rlhid.,
1246 5561 1296 5597 n.
1337 5548 1416 5597 10.

464 5620 477 5652 ι
516 5615 711 5668 llaron.
748 5614 1017 5680 Illartyrol.
1051 5612 1120 5663 ἐξ).
1159 5612 1278 5666 Ju.r.
1358 5624 1380 5649 υ
1417 5614 1605 5676 I’ran.,
1638 5631 1690 5667 ιι.
1725 5613 1776 5665 1.

970 5473 983 5510 ί
1019 5474 1179 5539 Greg.
1206 5475 1406 5528 'l‘uron.
1438 5476 1504 5528 dc
1530 5473 1677 5527 Glor.
1732 5471 2001 5535 llonfess.,
2035 5490 2084 5527 ρ.
2110 5471 2248 5525 ⁷107.

1497 5556 1521 5593 ιι
1550 5542 1709 5611 Greg.
1739 5543 1937 5597 'I'urou.
1967 5544 2033 5596 de
2062 5543 2210 5595 Glor.
2239 5540 2502 5605 Confess.,
2522 5557 2569 5595 c.
2591 5540 2711 5594 107.

1497 5630 1605 5666 an..
1638 5631 1690 5666 u.
1725 5613 1776 5665 .i.
1856 5625 1879 5649 τ
1911 5612 2037 5666 Ibid.
2073 5630 2124 5665 n.
2161 5614 2213 5664 8.
2294 5621 2314 5646 ¹
2347 5611 2499 5666 lbid..
2534 5627 2587 5664 n.
2622 5611 2670 5663 1.

2331 5473 2344 5521 i
2388 5470 2548 5525 Uran.
2582 5470 2635 5525 η’.
2663 5471 2714 5524 2.
2794 5471 2815 5508 ¹ί
2845 5470 2976 5524 Ibid.

2788 5552 2807 5577 τ
2827 5539 3010 5603 Uran.,
3036 5555 3092 5594 n.
3126 5540 3174 5592 1.

3058 5470 3073 5575 ἶ
3102 5469 3274 5575 ¹Ρί⁶¹”.
3304 5470 3464 5575 ἶῖιςέλ

2294 5541 2569 5605 rmfess.,c.
2591 5540 2711 5594 107.
2788 5539 3010 5603 rUran.,
3036 5555 3092 5594 n.
3126 5540 3174 5592 1.
3255 5548 3274 5575 ³
3308 5539 3462 5609 Ibid.,

2294 5621 2314 5646 ¹
2347 5611 2499 5673 lbid.,
2534 5627 2587 5664 n.
2622 5611 2670 5663 1.
