4056 6358
559 292 660 346 123

1568 285 1621 339 8.
1664 283 2002 338 PAli-LINUS
2038 278 2354 335 NOLANUS
2390 276 2779 332 EPISCUPUS.

3705 286 3805 340 111

557 413 741 468 laudes
774 420 921 468 tanta
948 410 1128 466 laetitia
1155 416 1211 464 et
1238 403 1630 475 magniﬁcentia
1673 402 1962 457 celebravit
1997 400 2130 454 scri-
2157 406 2201 456 Α
2232 400 2532 447 mentorum
2561 391 2758 458 inopia,
2790 399 2847 444 ut
2873 391 3028 458 hujus
3055 392 3294 447 ecclesia:
3336 393 3491 448 dictae
3513 393 3573 449 S.
3604 393 3804 452 Johan-

558 503 666 572 ptis
693 503 822 557 suis.

1148 585 1374 640 CAPUT
1413 584 1543 639 LIV.

558 683 604 735 Α
632 681 854 735 Paulino
891 682 999 747 jam
1030 681 1128 731 vita
1167 681 1340 747 functo
1370 676 1438 728 ad
1477 677 1643 747 εωιοε-
1657 670 2130 747 εισρραῐῃνβκᾷο-

627 752 822 804 Itannes
853 739 1224 818 Neapolitanus
1269 747 1555 818 episcopus.
1605 743 1667 797 S.
1711 741 1922 794 Paulini
1967 739 2132 793 obitus

631 821 893 874 historian:
922 816 1098 871 scribit
1123 816 1368 869 Uranius.
2077 841 2079 844 ‹

627 934 679 984 1.
712 930 812 996 Qui
839 930 906 984 de
949 928 1156 982 Paulini
1195 927 1341 981 obitu
1378 925 1590 993 scripsit
1620 923 1868 989 Uranius,
1899 930 1925 958 ι
1953 929 2134 975 narrat

557 1025 946 1094 apparitionem
976 1037 1094 1092 quae
1123 1036 1264 1075 anno
1288 1018 1483 1074 Christi
1507 1016 1612 1070 452
1635 1025 1754 1085 post.
1781 1013 1986 1068 Paulini
2017 1013 2135 1068 obi-

556 1122 671 1168 tum
732 1113 980 1180 proximo
1034 1110 1322 1176 contigisse
1368 1107 1620 1162 creditur.
1675 1106 1824 1160 Tunc
1879 1105 2134 1172 temporis

559 1206 584 1243 ιι
616 1213 844 1275 ριτεετεη
887 1203 1133 1258 Ecclesiae
1179 1201 1540 1269 Neapolitana:
1587 1199 1870 1268 episc0pus
1919 1197 2134 1250 nomine

556 1295 850 1359 Johannes,
880 1293 970 1360 qui
1001 1282 1064 1346 de
1095 1300 1252 1346 nocte
1280 1290 1344 1343 ad
1373 1290 1608 1358 quintam
1652 1288 1839 1342 feriam
1871 1288 1922 1342 in
1946 1287 2133 1354 majori

558 1383 888 1438 hebdomada
937 1398 1126 1438 somno
1181 1381 1385 1450 sopitus
1429 1380 1560 1432 vidit
1613 1377 1668 1432 S.
1721 1378 2030 1444 Paulinum,
2059 1384 2135 1432 Fut

520 1531 539 1550 θ
559 1475 672 1543 ipse
698 1473 966 1528 Johannes
993 1472 1196 1537 retulit,
1222 1471 1461 1539 angelica
1492 1470 1746 1536 dignitate
1777 1469 2028 1522 vestitum
2056 1478 2137 1520 at-

558 1579 662 1631 quo
687 1569 961 1626 ornatum,
993 1562 1173 1616 favum
1216 1562 1386 1615 mellis
1414 1560 1848 1615 candidissimum
1891 1559 1944 1611 in
1976 1574 2133 1611 manu

557 1662 827 1708 tenentem
845 1694 858 1716 ,
891 1669 955 1706 ac
983 1653 1249 1706 dicentem
1297 1652 1398 1705 sibi
1427 1670 1438 1703 :
1467 1650 1658 1704 Frater
1683 1649 1952 1704 Iohannes
1970 1691 1984 1713 ,
2016 1651 2138 1720 quid

2235 485 2334 545 nis,
2358 484 2558 536 sortita:
2601 483 2705 534 sint
2732 497 2925 536 nomen
2953 481 3010 536 8.
3040 481 3298 538 Johannis
3325 484 3578 554 Baptista:
3609 505 3622 539 :
3654 488 3804 556 cujus

2231 575 2442 642 quidem
2473 574 2549 627 rei
2593 580 2647 626 et
2688 574 2806 626 aliis
2836 573 2886 626 in
2918 574 3048 627 locis
3077 574 3178 627 alia
3209 575 3508 630 invenimus
3533 579 3802 647 exempla.

2233 665 2454 718 Constat
2493 677 2612 716 eum
2641 663 2846 717 sabbati
2877 665 3044 717 sancti
3089 663 3194 729 die,
3231 662 3251 701 ῐ
3277 665 3367 733 qui
3392 681 3533 720 anno
3549 665 3668 719 452
3693 677 3806 722 erat

2231 754 2494 807 secundus
2523 754 2748 822 Aprilis,
2797 770 2862 807 ex
2909 755 3008 808 hac
3051 755 3158 807 vita
3187 756 3472 822 migrasse;
3503 773 3601 812 cur
3628 768 3803 814 autem

2234 842 2286 895 in
2316 842 2456 895 diem
2499 842 2804 910 vigesimam
2835 842 3122 896 secundam
3155 845 3353 897 mensis
3399 843 3541 899 Junii
3584 845 3804 902 Paulino

2233 947 2438 986 sacram
2468 933 2756 986 translatus
2793 933 2862 985 sit
2907 933 3097 986 natalis
3125 932 3258 1000 ejus,
3302 933 3550 1000 ignorare
3575 950 3636 990 se
3673 935 3806 992 fate-

2236 1035 2321 1078 tur
2350 1035 2374 1071 8
2406 1025 2683 1078 Baronius.

2303 1116 2354 1168 ‘2.
2396 1116 2451 1169 S.
2486 1115 2690 1169 Paulini
2723 1115 2744 1151 ¹ι
2772 1116 3009 1185 episc0pi
3056 1114 3245 1169 Nolani
3285 1131 3480 1186 corpus
3529 1118 3718 1173 Romae
3755 1121 3805 1174 in

2235 1208 2456 1263 ecclesia
2479 1207 2535 1261 S.
2567 1207 2942 1262 Bartholomzci
2972 1223 3111 1261 nunc
3138 1209 3401 1261 asservari
3430 1209 3649 1263 dicitur.
3685 1210 3807 1264 Sta-

2238 1299 2329 1351 tim
2359 1311 2518 1368 atque
2539 1308 2783 1352 mortuus
2803 1306 2883 1351 est
2904 1299 2959 1352 S.
2991 1297 3259 1361 Paulinus,
3300 1299 3313 1335 ί
3343 1300 3458 1368 ejus
3490 1302 3657 1354 vitam
3685 1317 3810 1356 ver-

2235 1391 2379 1444 sibus
2409 1391 2668 1444 illustrare
2698 1391 2924 1444 instituit
2948 1389 3175 1444 PaCatus
3203 1409 3214 1444 :
3245 1392 3387 1460 quod
3417 1408 3482 1445 an
3512 1391 3706 1448 fecerit
3726 1395 3808 1447 in-

2236 1489 2438 1534 certum
2467 1488 2570 1543 est,
2590 1481 2763 1533 nullus
2791 1482 2932 1534 enim
2960 1481 3179 1548 hujusce
3201 1482 3378 1550 operis
3400 1484 3678 1548 meminit;
3704 1484 3810 1538 imo

2236 1569 2293 1623 S.
2325 1569 2613 1638 Gregorius
2639 1571 2651 1619 i
2693 1570 3018 1623 Turonensis
3046 1571 3176 1623 nihil
3196 1571 3262 1624 de
3292 1570 3348 1625 S.
3381 1572 3588 1626 Paulini
3616 1574 3726 1627 vita
3755 1591 3811 1628 se

2237 1663 2426 1729 legisse
2451 1662 2598 1716 dicit.
2646 1661 2895 1716 Pacatum
2941 1677 3091 1728 vero,
3121 1677 3279 1730 quem
3309 1663 3604 1717 nobilitatis
3655 1664 3810 1719 titulo

558 1744 640 1796 hic
671 1743 837 1812 facis?
859 1743 997 1796 solve
1037 1742 1236 1795 vincula
1280 1742 1545 1794 mdiorum
1591 1750 1816 1806 tuorum,
1857 1748 1905 1792 et
1927 1742 2041 1809 jam
2067 1740 2136 1791 ad

2239 1760 2396 1805 ornat
2428 1751 2655 1806 Uranius
2679 1751 2703 1789 ¹ι
2733 1752 2814 1804 vel
2841 1751 2963 1805 huic
2991 1752 3181 1805 laicum
3212 1761 3266 1805 et
3313 1765 3508 1818 genere
3548 1753 3807 1818 nobilem,

559 1849 653 1886 nos
680 1834 792 1886 veni
811 1849 829 1886 :
854 1834 962 1886 lucc
990 1834 1125 1886 enim
1152 1849 1291 1896 esca,
1333 1849 1487 1902 quam
1525 1834 1579 1886 in
1617 1849 1773 1884 manu
1803 1841 1966 1893 teneo,
1998 1830 2137 1900 apud

557 1941 654 1980 nos
676 1924 921 1978 abundat.
945 1923 1068 1979 Haec
1089 1941 1209 1978 cum
1233 1925 1478 1987 dixisset,
1505 1923 1801 1978 Johannem
1822 1924 2134 1992 episc0pum

560 2014 872 2083 complexus
897 2023 1000 2076 est,
1037 2023 1094 2068 et
1121 2015 1339 2068 immisit
1366 2014 1418 2067 in
1445 2030 1506 2068 os
1531 2013 1646 2081 ejus
1689 2022 1893 2083 partem
1939 2013 2041 2066 favi
2070 2014 2135 2065 il-

561 2105 690 2169 lius;
723 2105 874 2171 cujus
919 2105 1252 2159 dulcedinem
1293 2114 1454 2173 atque
1496 2104 1715 2158 odorem
1761 2103 2033 2157 Johannes
2063 2103 2134 2156 ita

559 2197 886 2266 concupivit,
914 2204 973 2250 ut
994 2198 1036 2250 si
1068 2197 1142 2251 illi
1167 2197 1218 2251 in
1247 2198 1359 2266 ipsa
1388 2196 1714 2250 revelatione
1743 2201 1980 2264 potestas
2007 2194 2136 2247 fuis-

461 2283 468 2289 ’
559 2296 661 2349 set,
693 2286 750 2341 8.
781 2285 985 2342 Paulini
1011 2287 1177 2356 pedes
1202 2302 1336 2354 quos
1363 2285 1580 2339 tenebat
1600 2286 1870 2352 amplexos
1912 2283 2138 2336 nullate-

560 2393 660 2432 nus
687 2377 993 2431 dimisisset.
1036 2377 1228 2431 Slatim
1257 2392 1286 2428 a
1316 2391 1504 2430 somno
1543 2375 1802 2427 excitatus
1830 2382 1927 2434 est,
1956 2380 2011 2426 et
2047 2389 2137 2426 ea-

562 2468 686 2523 dem
717 2468 821 2533 die,
856 2468 907 2522 id
936 2477 1016 2524 est
1044 2469 1229 2537 quinta
1269 2467 1418 2530 feria,
1465 2481 1626 2519 sanus
1654 2464 1932 2518 dominith
1968 2480 2134 2518 cmmc

561 2560 955 2613 solemnitatem
1006 2558 1333 2623 celebravit,
1383 2565 1437 2611 et
1493 2555 1645 2623 juxta
1695 2555 2135 2609 consuetudinem

557 2664 710 2703 suam
739 2649 949 2702 clericis
976 2657 1032 2702 et
1059 2648 1381 2717 pauperibus
1423 2661 1630 2701 cumam
1669 2645 1915 2714 apposuit
1943 2662 1953 2696 :
1985 2653 2136 2698 sexta

556 2753 687 2794 vero
730 2738 856 2793 feria
889 2740 1116 2794 orationi
1147 2741 1377 2794 vacavit.
1420 2738 1657 2793 Sabbato
1699 2745 1875 2790 autem
1905 2735 2137 2791 secunda

559 2830 691 2884 hora
721 2831 845 2896 diei,
888 2831 939 2885 id
983 2840 1064 2886 est
1087 2833 1229 2886 circa
1259 2832 1541 2900 septimam
1571 2830 1903 2890 matutinam,
1937 2829 2001 2882 ad
2033 2827 2136 2881 Ec-

558 2920 772 2975 clesiam
801 2921 952 2974 lmtus
978 2921 1258 2989 processit,
1290 2928 1345 2974 et
1369 2935 1592 2974 ascenso
1621 2918 1870 2971 tribunali
1892 2933 1957 2971 ex
1987 2932 2138 2971 more

557 3014 812 3083 populum
840 3015 1108 3078 salutavit,
1139 3029 1323 3083 pacem
1353 3015 1431 3068 eis
1457 3013 1845 3082 prmuuntians;
1878 3013 2136 3066 resaluta-

2237 1856 2302 1894 ex
2323 1840 2492 1895 Gallia
2519 1840 2897 1903 Christianum,
2926 1849 2980 1894 et
3008 1842 3287 1909 probatum
3326 1841 3422 1914 illo
3450 1857 3568 1896 aevo
3591 1851 3808 1911 poetam

2237 1931 2398 1985 fuisse
2426 1931 2602 1998 colligi
2629 1939 2823 1998 potest,
2849 1930 2938 1998 qui
2967 1931 3228 2003 originem
3257 1930 3408 1983 duxit
3435 1946 3465 1983 a
3496 1930 3690 1986 Latino
3713 1930 3812 1986 Pa-

2237 2031 2356 2076 cato
2385 2023 2530 2075 claro
2580 2036 2707 2074 sane
2747 2029 2980 2082 oratore,
3021 2019 3108 2086 qui
3140 2018 3444 2072 Theodosio
3499 2020 3811 2088 imperatori

2238 2128 2378 2165 anno
2410 2110 2512 2164 389
2540 2106 2720 2163 Romae
2749 2110 3126 2178 panegyricum
3175 2108 3308 2161 dixit
3337 2119 3457 2177 post
3485 2108 3706 2163 Maximi
3733 2118 3813 2180 ty-

2239 2202 2390 2255 ranni
2442 2201 2736 2254 interitum.
2781 2199 2856 2251 De
2899 2199 2988 2251 illo
3018 2213 3178 2250 unum
3209 2205 3357 2251 certo
3383 2198 3600 2261 scimus,
3640 2196 3659 2234 ι
3692 2213 3811 2252 eum

2237 2293 2441 2346 scilicet
2493 2303 2710 2357 rogasse
2738 2291 2846 2358 98
2888 2288 3142 2342 llranium
3189 2289 3562 2357 presbyterum
3612 2295 3673 2341 ut
3714 2288 3813 2342 sibi

2240 2381 2464 2435 lideliter
2491 2380 2546 2434 8.
2581 2378 2785 2432 Paulini
2813 2380 3014 2432 obitum
3043 2376 3342 2442 referret,In
3365 2378 3449 2431 cui
3476 2376 3812 2445 interfuerat,

2239 2483 2297 2526 ut
2324 2489 2390 2526 ex
2418 2471 2767 2539 sequentibus
2821 2476 2990 2536 patet,
3040 2468 3276 2520 Vidimus
3317 2467 3572 2537 quomodo
3623 2467 3816 2520 tollitur

2231 2567 2421 2635 justus,
2473 2575 2592 2626 etc.,
2628 2572 2653 2598 ιι
2685 2578 2860 2615 omnes
2896 2578 3000 2613 una
3045 2561 3305 2613 nobiscum
3335 2576 3453 2613 voce
3481 2561 3815 2629 planxerunt.

2240 2653 2383 2707 llanc
2415 2655 2575 2722 igitur
2597 2652 2958 2704 narrationem
2982 2650 3282 2718 composuit
3314 2648 3565 2713 Uranius,
3591 2663 3816 2718 eamque

2238 2744 2432 2798 Pacato
2454 2744 2737 2811 inscripsit,
2761 2756 2917 2809 quem
2943 2749 2970 2776 ο
2997 2740 3270 2793 dominum
3287 2740 3571 2804 illustrem,
3590 2739 3645 2791 in
3669 2738 3817 2792 Chri-

2237 2847 2319 2892 sto
2339 2836 2716 2897 venerabilem,
2743 2843 2797 2887 et
2811 2844 2835 2882 ι’
2860 2834 3024 2886 tilium
3045 2832 3378 2886 carissimum
3403 2831 3662 2899 appellat.
3682 2824 3810 2882 Eum

2189 2983 2202 2993 _
2240 2929 2557 2982 adhortatur
2585 2937 2610 2975 a
2642 2934 2699 2978 ut
2726 2923 2962 2992 prmclari
2993 2923 3168 2991 operis
3208 2937 3400 2974 munus
3446 2920 3740 2982 acceleret,
3763 2928 3818 2972 ut

2239 3020 2359 3088 quia
2384 3019 2634 3084 navigare
2663 3014 2998 3084 disponebat,
3031 3013 3188 3081 hujus
3210 3013 3386 3081 operis
3413 3009 3659 3066 lectione
3673 3025 3820 3078 peru-

558 3113 747 3172 tusque
768 3121 796 3158 a
827 3105 1044 3174 populo,
1078 3105 1379 3158 orationem
1406 3105 1569 3167 dedit,
1602 3113 1658 3158 et
1685 3105 1907 3158 collecta
1935 3107 2136 3159 oratio-
2162 3117 2206 3175 (ζ
2242 3111 2318 3164 tili
2350 3109 2614 3163 frueretur
2640 3117 2660 3144 ι’
2690 3117 2976 3174 antequam
3027 3102 3414 3156 transfretaret.
3456 3099 3595 3154 Cum
3641 3114 3821 3152 narra-

556 3208 625 3248 ne
653 3195 896 3263 spiritum
943 3193 1233 3248 exhalavit.
1275 3193 1386 3247 llac
1434 3202 1610 3248 tamen
1658 3193 1746 3247 die
1789 3201 1843 3246 et
1890 3195 2133 3260 sequenti

557 3292 717 3338 nocte
760 3285 920 3339 solito
969 3299 1122 3338 more
1161 3292 1434 3351 peractum
1479 3293 1562 3337 est
1599 3283 1834 3337 divinum
1879 3283 2134 3340 ollicium.

557 3374 782 3429 Postera
811 3383 1010 3438 autem,
1050 3374 1330 3429 dominica:
1361 3375 1783 3429 Resurrectionis
1806 3374 1912 3439 die,
1944 3375 2137 3428 illumi-

558 3468 699 3521 natis
737 3467 1071 3536 lampadibus
1107 3483 1228 3520 cum
1260 3467 1460 3534 ingenti
1502 3467 1891 3537 neophytorum
1920 3481 2134 3534 pompa,

559 3568 917 3626 prosequente
959 3538 1120 3611 etiam
1163 3557 1501 3611 multitudine
1529 3558 1844 3625 populorum
1874 3573 2044 3627 usque
2071 3557 2138 3611 ad

559 3648 860 3713 sepulcrum
880 3685 898 3708 ,
925 3647 1215 3714 gloriosam
1241 3656 1402 3714 atque
1450 3647 1765 3701 laudabilem
1810 3649 2136 3717 sepulturam

563 3735 793 3803 adeptus
834 3744 939 3789 est.
967 3735 1239 3791 Johannes
1271 3749 1291 3775 ε
1326 3738 1412 3790 ille
1453 3739 1592 3791 inter
1618 3739 1999 3807 Neapolitanos
2027 3741 2139 3808 epi-

560 3842 758 3896 scopos
801 3828 1038 3883 decimus
1081 3839 1300 3898 quartus
1339 3831 1541 3884 sedisse
1582 3831 1765 3884 fertur.
1799 3832 1872 3885 De
1901 3847 1970 3886 eo
2012 3833 2141 3886 nihil

561 3917 776 3986 legitur,
809 3918 912 3972 nisi
937 3919 1079 3987 quod
1110 3919 1378 3974 Marciano
1417 3937 1585 3990 prope
1626 3919 1882 3976 Puteolos
1902 3921 1927 3958 ἀ
1958 3924 2139 3977 subla-

559 4019 676 4064 tum
717 4010 775 4065 S.
821 4009 1057 4065 Januarii
1097 4027 1294 4081 corpus
1332 4012 1606 4082 Neapolim
1648 4013 1922 4067 transferri
1960 4013 2136 4082 jussit,

558 4100 701 4165 quod
733 4101 785 4154 in
812 4117 880 4155 eo
899 4103 1004 4172 97
1036 4103 1277 4157 oratorio
1307 4119 1466 4156 manu
1492 4119 1586 4157 sua
1618 4103 1922 4159 condidisse
1948 4103 2136 4170 fertur,

557 4194 610 4247 iu
640 4211 748 4264 quo
774 4203 828 4249 et
858 4195 972 4264 ipse
999 4204 1119 4264 post
1147 4204 1376 4250 mortem
1427 4196 1678 4250 humatus
1718 4205 1835 4250 est:
1865 4212 2027 4264 quam
2061 4205 2141 4250 ta~

557 4301 681 4338 men
711 4286 1115 4339 translationem
1161 4287 1510 4340 certissimam
1541 4303 1782 4342 asserere
1811 4305 1915 4342 non
1945 4288 2135 4344 audeo.

562 4376 638 4428 Ex
666 4377 766 4429 hac
778 4375 1014 4429 Ecclesia
1040 4377 1090 4429 in
1110 4377 1269 4429 aliam
1294 4378 1515 4443 hujusce
1538 4379 1708 4432 sancti
1729 4395 1921 4447 corpus
1948 4381 2138 4434 iterum

2243 3203 2441 3254 tionem
2469 3214 2618 3253 suam
2647 3197 2887 3252 ordiatur
2909 3194 3134 3248 Uranius
3162 3194 3228 3245 ab
3259 3191 3568 3246 accessione
3596 3189 3819 3242 duorum

2239 3293 2612 3362 episcoporum
2640 3289 2729 3357 qui
2751 3287 2814 3340 ad
2844 3285 3122 3339 Paulinum
3152 3281 3472 3336 visitaudum
3495 3279 3681 3333 triduo
3702 3287 3822 3332 ante

2243 3385 2382 3436 illius
2408 3382 2613 3435 obitum
2635 3391 2954 3438 convenere,
2987 3391 3053 3428 ex
3078 3372 3329 3427 utriusvis
3356 3371 3523 3432 clero,
3581 3385 3692 3422 non
3724 3367 3824 3420 No-

2242 3475 2375 3526 lanm
2421 3470 2674 3525 Ecclesia:
2717 3467 2878 3520 fuisse
2922 3464 3149 3517 videtur.
3206 3460 3432 3526 Quidam
3480 3467 3502 3492 ³
3543 3462 3825 3510 ausmnant

2239 3563 2484 3619 eumdem
2516 3561 2679 3630 ipsius
2703 3573 2820 3612 esse
2851 3555 3104 3609 Uranium
3149 3569 3179 3606 a
3223 3567 3330 3619 quo
3359 3565 3418 3603 se
3474 3558 3589 3601 tota
3639 3555 3823 3621 testate

2242 3656 2380 3709 circa
2404 3667 2598 3705 annum
2628 3648 2730 3701 400
2758 3646 3000 3715 Delphini
3026 3645 3234 3697 litteras
3257 3641 3451 3694 frustra
3478 3646 3825 3706 exspectasse

2243 3751 2468 3798 testatur
2522 3741 2772 3793 Paulinus
2807 3741 2824 3772 ί
2859 3735 3084 3804 cpistola
3134 3733 3341 3786 decima
3388 3744 3556 3793 nona,
3603 3744 3670 3781 ex
3722 3741 3826 3794 quo

2244 3846 2484 3902 tempore
2506 3832 2642 3885 forte
2662 3828 2993 3900 probabilem
3024 3841 3082 3879 se
3103 3824 3344 3878 exhibuit
3362 3829 3547 3875 sancto
3574 3822 3697 3871 viro
3717 3819 3824 3886 qui,
3879 3837 3885 3842 ν

2243 3937 2463 3997 propter
2515 3926 2731 3980 dilatant
2777 3922 3080 3991 epistolam,
3132 3919 3200 3971 de
3249 3933 3316 3972 eo
3352 3916 3418 3969 ad
3452 3914 3776 3982 Delphinum
3805 3922 3826 3946 '

2245 4032 2432 4084 aspera
2465 4016 2623 4069 verba
2654 4016 2870 4068 fecerat.
2904 4011 3170 4079 Scriptum
3203 4008 3343 4060 illius
3371 4021 3400 4058 a
3431 4004 3624 4074 priscis
3656 4003 3828 4056 Patri-

2245 4109 2347 4162 bus
2389 4106 2487 4160 fuit
2512 4105 2860 4164 celebratum,
2894 4101 3044 4168 cujus
3073 4099 3424 4164 fragmentum
3447 4105 3470 4129 τ
3501 4092 3672 4147 refert
3700 4089 3831 4145 Gre-

2243 4201 2424 4268 gorius
2454 4197 2524 4250 Μ.
2550 4215 2564 4260 ;
2597 4207 2650 4250 et
2675 4196 2741 4249 de
2769 4193 2973 4248 Paulini
2999 4191 3224 4245 transitu
3273 4201 3518 4254 magnam
3548 4199 3724 4253 penes
3775 4198 3832 4236 se

2248 4291 2533 4345 lectionem
2574 4286 2822 4340 habuisse
2863 4283 3060 4338 indicat
3098 4279 3390 4346 Gregorius
3419 4285 3444 4312 ι
3476 4274 3830 4332 Turonensis,

2250 4383 2302 4433 in
2333 4395 2436 4448 qua
2467 4389 2533 4431 ue
2559 4385 2863 4430 sanctorum
2894 4371 3130 4424 Januarii
3160 4379 3213 4423 et
3253 4367 3462 4421 Martini
3492 4363 3835 4432 apparitione

562 4463 872 4516 translatum
894 4462 1055 4517 fuisse
1079 4464 1294 4517 dicitur.
1318 4465 1578 4520 Duronius
1603 4476 1624 4502 ο
1647 4468 1899 4521 observat
1919 4469 2140 4537 Neapoli
2174 4473 2222 4531 D
2250 4472 2306 4524 lit
2335 4471 2563 4533 mentio;
2598 4468 2824 4521 Isidorus
2855 4476 2879 4513 γ
2913 4479 3038 4517 vero
3066 4463 3132 4514 de
3157 4461 3214 4514 S.
3250 4460 3450 4512 Paulini
3481 4457 3631 4510 Obitu
3662 4456 3837 4508 histo-

562 4551 740 4620 plures
763 4551 1014 4605 ecclesias
1035 4551 1091 4605 S.
1117 4551 1376 4606 Johannis
1397 4554 1616 4608 nomine
1637 4555 1748 4608 Deo
1767 4555 1970 4610 dicatas
1989 4572 2138 4612 esse:

563 4642 709 4710 quod
739 4651 918 4698 autem
946 4644 1136 4697 harum
1167 4644 1310 4698 nulla
1339 4643 1599 4700 Johannis
1624 4648 1883 4717 episcopi,
1911 4649 2006 4704 sed
2025 4665 2142 4704 om-

564 4746 659 4785 nes
705 4731 762 4785 8.
803 4731 1062 4786 Johannis
1103 4733 1353 4802 Baptistm
1398 4737 1614 4790 nomine
1649 4746 2042 4806 nuncupentur,
2091 4738 2146 4792 id

566 4819 756 4888 injuria
803 4830 1109 4893 temporum
1157 4823 1352 4877 factum
1401 4835 1552 4896 putat
1593 4835 1648 4880 et
1685 4837 1928 4882 veterum
1971 4829 2147 4884 moni-

643 4986 668 5012 ⁸
697 4975 861 5031 Uran.
888 4995 940 5031 η.
971 4978 1054 5042 11,
1085 4989 1137 5034 et
1165 4979 1341 5033 Chifll.

565 5047 1067 5118 Ma‘rlyrolﬁSJun.
1153 5052 1168 5085 τ
1203 5047 1454 5118 Chilll.p.
1487 5049 1608 5102 215.

565 5198 590 5223 ι’
618 5187 773 5249 lbid.,
796 5203 847 5240 η.
880 5187 931 5241 8.
1012 5197 1034 5222 εν
1061 5188 1225 5243 Uran.
1259 5190 1309 5244 in
1343 5188 1491 5257 prmf.
1571 5201 1596 5239 P
1627 5187 1780 5256 lbid.,
1815 5209 1864 5245 n.
1890 5193 1944 5245 4.

1387 4997 1437 5048 p.
1463 4979 1583 5038 211.
1619 4980 1740 5035 ﬁlii.
1818 4981 1843 5019 δ
1879 4981 2042 5036 Uran.
2075 5000 2126 5036 η.
2158 4982 2244 5035 11.

703 5051 835 5116 vrol.
858 5051 930 5100 22
947 5051 1067 5102 Jun.
1153 5052 1168 5085 τ
1203 5051 1371 5104 Chiﬂl.
1400 5066 1454 5116 p.
1487 5051 1608 5102 2l5.
1689 5063 1711 5097 ε
1745 5052 1940 5106 Baron.
1971 5051 2240 5116 Μίνῳ-οι.
2269 5052 2338 5104 29.
2364 5051 2484 5105 Jun.

566 5125 582 5174 i
814 5117 938 5191 Tu_r.
997 5117 1259 5191 de_‘Glor.
1293 5113 1554 5191 Con'less.,
1588 5137 1705 5191 cap.
1759 5121 1878 5175 107.
1959 5122 1981 5159 ιι
2008 5113 2136 5176 υττή

2243 5140 2272 5175 11
2315 5124 2397 5175 tit.

2023 5204 2046 5241 (1
2078 5193 2231 5255 Ibid,
2260 5210 2310 5245 n.
2339 5191 2422 5244 12.
2504 5203 2524 5229 τ
2555 5188 2730 5245 Chiﬂl.
2761 5177 2981 5256 p.192,
3007 5196 3062 5240 et
3083 5187 3277 5256 Baron.
3300 5181 3590 5256 Martyrol.
3612 5178 3684 5232 '22
3707 5177 3838 5231 Jun.

2246 4563 2380 4615 riam
2433 4559 2616 4613 Uranii
2659 4562 3064 4612 commemorat.
3097 4553 3172 4606 De
3215 4553 3278 4605 iis
3305 4565 3425 4618 qum
3467 4549 3590 4601 huic
3645 4545 3836 4599 Uranii

2247 4650 2540 4704 narrationi
2570 4656 2660 4702 aut
2683 4647 2943 4713 adjicere,
2963 4653 3054 4698 aut
3079 4642 3335 4701 adimere,
3367 4637 3691 4706 quibusdam
3714 4635 3833 4703 pla-

2247 4743 2376 4805 cuit,
2423 4741 2635 4808 egregie
2685 4739 2921 4807 disputat
2976 4734 3272 4789 Chillletius
3316 4732 3366 4784 in
3432 4728 3656 4782 Paulino
3707 4727 3834 4779 illu-

2251 4839 2442 4884 strato.

2323 4994 2344 5018 ε
2377 4981 2528 5036 Paul.
2551 4980 2724 5035 Chiﬂl.
2760 4996 2811 5047 p.
2848 4979 2963 5031 198.
3039 4975 3062 5012 ἀ
3092 4976 3232 5047 Call.
3259 4975 3505 5047 Pattzzol.
3585 4982 3608 5006 ε
3634 4971 3838 5047 Baron.

2565 5051 2589 5088 ιι
2616 5039 2808 5103 Baron.
2878 5047 3004 5100 ibid.
3089 5046 3102 5082 ί
3142 5045 3302 5099 Urau.
3359 5045 3410 5097 in
3462 5043 3542 5093 lit.
3577 5050 3633 5094 et
3659 5057 3711 5092 n.
3750 5039 3835 5090 12.

2479 5120 2495 5159 ι
2526 5120 2687 5174 Uran.
2723 5119 2774 5171 in
2816 5133 2924 5187 prze
2941 5118 3032 5170 fat.
3063 5126 3118 5169 et
3169 5132 3219 5168 η.
3257 5115 3360 5187 12._
3417 5123 3452 5148 ιη
3482 5109 3749 5187 lbi_d._:‘n..
3786 5108 3837 5160 ι.

565 5241 828 5330 fPaulin.
851 5275 936 5330 ep.
966 5257 1054 5330 1-9,
1077 5241 1123 5311 11
1341 5241 1508 5330 ibid,
1536 5277 1587 5313 n.
1617 5241 1780 5314 “Im”,
1988 5261 2054 5314 Μ.
2078 5241 2520 5327 lina—cap.
2680 5329 2685 5330 ί
2722 5241 2930 5330 V‘Igrcg.
2957 5241 3161 5330 Tyron.
3195 5255 3261 5309 de
3285 5253 3371 5309 Gl.
3398 5241 3568 5307 confe
3583 5265 3685 5316 ss.,
3713 5262 3836 5316 cap.

565 5327 681 5380 l07.
763 5338 784 5363 ι
813 5329 935 5384 Isid.
964 5328 1163 5398 llispal.
1200 5329 1288 5382 lib.
1322 5329 1388 5383 de
1417 5329 1676 5400 Scriptor.
1703 5333 1856 5398 eccl.,
1884 5327 1932 5387 c'.
1961 5332 2012 5386 ι1.

2093 5341 2118 5379 )’
2146 5331 2319 5386 Chifll.
2356 5349 2406 5401 p.
2443 5325 2563 5397 179,
2601 5329 2720 5394 180,
2749 5326 2848 5380 197
2876 5335 2930 5381 et
2956 5325 3074 5389 200.
