4056 6358
271 326 374 393 115
1614 361 1627 371 .
1638 312 2139 371 PROLEGOMENA
2150 354 2165 367 .
3423 305 3516 360 {ﬂ

1627 478 2152 563 EPITOME

1323 617 1667 723 VITIE
1734 612 1843 713 S.
1911 604 2471 712 PAULINI.

333 818 678 892 99—100
703 814 974 877 Paulinus,
1022 810 1115 880 qui
1161 815 1219 863 et
1277 804 1503 860 Pontius
1550 769 1838 868 Meropius.
1870 794 1913 850 Α
1943 792 2140 861 scopis,
2188 793 2397 848 clericis
2458 808 2524 848 ac
2585 788 2864 846 monachis
2927 787 3190 844 invisitur.
3230 785 3363 858 Cap.
3426 787 3516 851 26,

263 882 431 980 cip.‘
456 908 507 973 ι,
523 882 666 961 ET.
1937 898 1991 935 ιι.
2009 882 2077 980 _i.

331 1001 413 1056 Ex
442 998 778 1055 senatoribus
801 1004 913 1049 tum
939 1000 1169 1064 paterno
1218 997 1331 1044 tum
1368 994 1613 1041 materno
1639 996 1835 1052 genere

259 1091 542 1147 Romanis.
572 1088 732 1151 11ιίι1.,
758 1104 812 1140 ιι.
845 1084 898 1140 2.

2007 972 2359 1029 Sanetissimo
2379 972 2645 1043 Capuana:
2673 970 2926 1027 Ecclesia:
2967 969 3286 1041 presbytero
3321 967 3518 1022 Basilio

1936 1080 2129 1134 magna
2150 1067 2199 1120 vi
2221 1076 2462 1138 ereptam
2489 1066 2706 1122 domum
2736 1064 2945 1121 restitui
2967 1062 3237 1133 impetrat.
3263 1060 3397 1131 Cap.
3428 1058 3516 1123 51,

331 1180 491 1234 Patre
521 1179 761 1232 Paulino.
792 1175 950 1243 lbid.,
994 1191 1048 1228 ιι.
1075 1174 1130 1228 5.

609 1179 761 1232 ιιὶιιο.
792 1175 950 1243 lhid.,
994 1191 1048 1228 ιι.
1075 1174 1130 1228 5.
1936 1171 1991 1210 ιι.
2023 1156 2047 1208 1
2082 1164 2136 1210 et
2158 1155 2211 1209 2.

329 1270 625 1341 Burdigalae
644 1270 698 1324 in
719 1239 1002 1336 Aquitania
1033 1272 1204 1318 natus.
1225 1258 1585 1315 AnuoChrisli
1605 1262 1837 1312 exeunte
2008 1248 2064 1302 lu
2095 1248 2304 1303 Paulini
2329 1249 2556 1316 gratiam
2575 1247 2759 1304 Scribit
2806 1245 3120 1317 Anastasius
3137 1257 3274 1313 papa
3305 1240 3372 1295 ad
3399 1239 3516 1310 epi-

254 1359 385 1425 εδδ,
419 1332 522 1414 aui
542 1361 760 1414 ineunte
784 1332 907 1411 354.
940 1355 1071 1409 lhid.
1103 1362 1159 1408 et
1185 1368 1301 1422 cap.
1334 1351 1423 1404 εδ.
1935 1353 2129 1407 scopas
2156 1338 2480 1407 Campaniae.
2506 1338 2660 1391 Anno
2689 1335 2813 1391 598.
2842 1334 2972 1405 Cap.
3003 1334 3093 1398 se,
3120 1349 3176 1387 n.
3200 1332 3254 1386 δ.

2005 1428 2167 1482 Gravi
2217 1436 2273 1482 et
2320 1427 2524 1482 diutino
2572 1427 2762 1481 morbo
2811 1425 3021 1479 laborat
3057 1421 3330 1477 Paulinus.
3363 1417 3515 1472 Anne

1936 1514 2058 1569 399.
2089 1514 2222 1584 Cap.
2254 1514 2342 1568 55.

2005 1608 2051 1661 A
2071 1606 2256 1661 Niceta
2281 1606 2549 1661 Dacorum
2576 1605 2833 1675 episcopo
2859 1611 2914 1658 et
2954 1618 2985 1657 a
3028 1599 3257 1656 Melania
3303 1595 3517 1652 seniore

1934 1700 2195 1754 invisitur.
2222 1691 2375 1753 Anno
2395 1696 2517 1751 £02.
2551 1696 2683 1766 Cap.
2710 1694 2798 1759 41,
2825 1711 2879 1748 n.
2910 1694 2935 1746 1
2970 1703 3025 1748 et
3041 1692 3096 1746 2.

2002 1789 2259 1844 Basilicas
2287 1788 2433 1843 Nolae
2460 1785 2704 1843 aedificat.
2736 1783 2867 1854 Cap.
2900 1781 2970 1835 42
2993 1789 3049 1835 et
3076 1779 3164 1833 45.

2004 1882 2137 1936 Item
2168 1880 2365 1935 Fundis
2411 1878 2696 1934 ecclesiam
2725 1873 2965 1931 construi
3009 1871 3183 1940 jubet.
3213 1868 3372 1959 Anno
3390 1862 3512 1918 105.
3598 1892 3607 1901 -

327 1452 411 1506 Ab
441 1451 674 1505 Ausonio
694 1448 977 1503 rhetoricis
997 1455 1052 1502 et
1072 1444 1293 1515 poeticis
1307 1443 1512 1497 artibus
1539 1439 1830 1494 institutus.

253 1542 391 1605 Cap.
423 1541 477 1605 2,
505 1559 557 1594 ιι.
581 1539 633 1593 2.
670 1564 679 1571 ο

324 1559 391 1612 ιιι.
423 1559 477 1605 z,
505 1559 557 1594 ιι.
581 1559 633 1593 z.
670 1564 679 1571 -

324 1632 527 1686 Consul
552 1632 806 1686 sulleetus
833 1636 933 1693 est,
966 1643 1072 1682 non
1093 1622 1414 1680 ordinarius.
1437 1620 1570 1691 Cap.
1592 1620 1645 1685 5,
1690 1634 1745 1671 ιι.
1775 1602 1827 1669 2.

326 1722 487 1777 Dives
514 1721 690 1776 valde.
723 1720 854 1790 Cap.
880 1720 932 1783 1,
956 1736 1008 1772 ιι.
1040 1716 1093 1770 5.
1142 1732 1145 1737 '

326 1815 639 1871 Therasiam
670 1814 812 1884 piam
840 1821 896 1868 et
922 1810 1242 1881 locupletem
1261 1807 1412 1863 duxit
1432 1818 1675 1860 uxorem.
1695 1802 1829 1871 Cap.

247 1909 306 1973 5,
342 1924 396 1960 ιι.
430 1906 483 1960 1.

324 1996 489 2064 Cujus
515 1990 911 2049 hortationihns
933 1998 1349 2059 sanctorumque
1371 1988 1746 2058 episcoporum
1775 1990 1831 2038 et
1931 1971 2065 2043 Cap.
2091 1972 2179 2026 44.

245 2086 689 2157 presbyterorum
719 2080 1005 2150 sullragiis,
1029 2079 1098 2134 ad
1128 2078 1399 2134 Christum
1427 2088 1720 2133 conversus
1748 2081 1831 2127 est
1863 2153 1893 2157 ῃ
2002 2086 2176 2156 Ipsius
2204 2083 2369 2139 [pater
2397 2083 2642 2137 ,ηοτίιωη
2667 2080 2801 2150 ευρ,
2833 2076 2925 2145 45,
2949 2093 3002 2131 η,
3028 2074 3081 2129 δ,

242 2177 427 2232 “mnis
454 2191 594 2229 ³ηηο
624 2173 711 2228 ἶθο
742 2174 898 2227 Anno
926 2179 1155 2226 θιθυηῑε
1176 2167 1298 2223 389-
1322 2169 1454 2238 caP-
1484 2166 1537 2232 4»
1566 2182 1619 2220 υ·
1645 2164 1680 2217 ί
1698 2172 1752 2219 ει
1769 2162 1826 2227 5;
1862 2153 1903 2209 Β
2004 2153 2258 2229 Faulinus
2306 2173 2454 2227 Nola:
2492 2178 2706 2225 creatur
2734 2170 3035 2238 episcopus,
3059 2160 3234 2217 mtatis
3254 2173 3396 2213 anno
3424 2154 3508 2209 56.

241 2275 310 2320 et
331 2281 451 2333 cap.
483 2263 536 2328 5,
570 2280 623 2317 n.
655 2260 707 2317 2.
868 2260 881 2267 ’

1880 2291 1891 2303 ι
1931 2269 2087 2323 Auno
2113 2273 2346 2322 exeunte
2375 2263 2499 2317 408.
2528 2262 2657 2331 Cap.
2683 2259 2774 2325 50,
2803 2277 2856 2314 ιι.
2886 2257 2934 2313 1.

326 2356 368 2408 Α
392 2354 649 2433 Delphina
675 2351 1055 2421 Burdesalensi
1075 2350 1333 2422 episcopo
1354 2348 1675 2418 Minimus-
1692 2343 1825 2415 (3³1)-
1999 2359 2131 2414 Nola
2156 2374 2186 2412 a
2209 2356 2402 2413 Gothis
2425 2362 2606 2425 capta,
2631 2351 2759 2405 nihil
2788 2349 2913 2404 mali
2937 2345 3162 2401 Paulino
3185 2342 3387 2397 illatum
3408 2342 3509 2392 est.

240 2445 306 2508 5,
338 2462 390 2500 ιι.
423 2445 475 2500 2.

1929 2452 2086 2506 Anno
2115 2449 2238 2503 M0.
2263 2447 2394 2518 Cap.
2429 2445 2518 2514 51,
2549 2462 2603 2499 n.
2627 2443 2680 2498 2.
3363 2498 3377 2510 ,

321 2536 378 2592 In
409 2536 715 2607 Hispaniam
736 2550 856 2591 cum
881 2533 1113 2605 piissima
1128 2532 1356 2600 conjuge
1378 2528 1632 2583 Theraeia
1652 2540 1829 2586 seces-

2000 2541 2151 2611 Apud
2181 2556 2300 2595 eum
2314 2556 2373 2593 se
2402 2537 2666 2606 recipiunt
2680 2532 2884 2587 Paulini
2907 2530 3034 2593 duo,
3055 2542 3191 2587 unus
3205 2523 3507 2595 presbyter,

237 2631 342 2685 sit.
374 2629 585 2683 incerto
614 2642 775 2692 anno,
807 2635 953 2681 certe
974 2633 1097 2677 ante
1118 2622 1240 2676 590.
1272 2621 1427 2685 lbid.,
1452 2637 1506 2675 ιι.
1539 2619 1592 2672 1.
1931 2632 2068 2685 alter
2095 2631 2279 2683 laicus,
2304 2626 2460 2688 ibid”
2495 2644 2547 2679 η,
2573 2623 2625 2677 4,

325 2718 401 2772 lbi
429 2724 662 2786 quatuor
687 2715 986 2787 completos
1031 2727 1201 2766 annos
1224 2717 1589 2766 commoratus
1644 2721 1711 2760 ex
1767 2720 1830 2759 ea

2005 2721 2082 2774 Ad
2104 2718 2376 2790 Synodum
2402 2715 2711 2769 Ravennam
2735 2710 2800 2767 ab
2822 2711 3144 2781 imperatore
3167 2702 3436 2764 invit'nur,
3452 2707 3511 2755 ut

235 2807 487 2876 suscepit
517 2806 681 2860 lilium
707 2805 800 2873 qui
827 2805 927 2858 sub
973 2813 1221 2857 octavum
1260 2801 1327 2853 ab
1365 2807 1504 2852 'ortu
1545 2796 1687 2849 diem
1738 2794 1831 2847 de-

1934 2789 2192 2866 Romana:
2238 2806 2493 2861 Ecclesia:
2532 2804 2779 2859 'scliisma
2828 2805 3135 2870 componat.
3194 2795 3348 2850 Auno
3386 2789 3509 2844 H9.

164 2952 187 2973 ε
235 2901 468 2955 functus
514 2895 782 2964 Compluti
827 2893 1069 2963 sepultus
1121 2898 1224 2945 est.
1256 2888 1500 2942 Exeunte
1540 2884 1663 2938 589.
1695 2883 1828 2952 Cap.
1931 2900 2063 2970 Cap.
2093 2898 2183 2966 59,
2214 2897 2349 2953 n.1,

236 2990 308 3055 6,
341 3006 395 3042 n.
419 2989 473 3041 5.
2001 2991 2329 3046 Gravissima
2350 2990 2586 3044 laterum
2612 2986 2799 3040 dolore
2818 2990 3099 3051 correptus
3120 2994 3149 3033 a
3170 2976 3377 3033 duobus
3397 2973 3512 3044 epi-

326 3078 584 3132 Paulinus
610 3091 669 3132 se
699 3076 809 3129 Deo
832 3075 976 3129 dicat
1002 3079 1057 3127 et
1074 3079 1448 3134 cunsccrat,ae
1478 3065 1825 3122 monasticam
1927 3128 1928 3132 η

1927 3083 2105 3152 scopis
2127 3081 2371 3135 invisitur
2399 3078 2578 3133 triduo
2603 3085 2728 3132 ante
2748 3075 2971 3131 obitum.
2999 3073 3154 3126 Anno
3174 3067 3299 3131 451,
3323 3080 3508 3121 mense

234 3167 415 3221 vitam
448 3165 807 3235 amplectitur.
837 3161 971 3232 Cap.
1007 3162 1058 3228 7,
1086 3177 1139 3213 ιι.
1169 3164 1223 3213 2.

890 3175 971 3232 ἱ³1)·
1007 3162 1058 3228 ⁷ο
1086 3177 1139 3213 ηε
1169 3164 1223 3213 ’³ο
1926 3173 2049 3228 Jun.
2077 3171 2208 3241 Cap.
2242 3169 2327 3235 55,
2356 3186 2409 3223 ιι.
2442 3169 2492 3223 1.

319 3254 527 3309 Praedia
578 3254 776 3319 vendit,
824 3260 880 3305 et
925 3250 1204 3321 pecuniam
1246 3247 1569 3317 pauperibus
1619 3254 1822 3313 erogat.

1998 3262 2130 3316 Cum
2157 3261 2349 3330 quibus
2377 3266 2503 3313 ante
2549 3256 2804 3313 lectulum
2833 3249 3171 3312 suum.oll‘ert
3198 3247 3311 3304 Deo
3340 3245 3509 3302 sacri-

238 3350 406 3404 Anno
427 3344 550 3400 592.
573 3344 703 3413 Cap.
730 3343 786 3412 8,
814 3360 866 3396 ιι.
904 3342 923 3394 1
960 3349 1015 3394 et
1041 3340 1095 3394 2.
1652 3338 1663 3345 ’

904 3342 923 3394 1
960 3349 1015 3394 ει
1041 3340 1095 3394 2-
1652 3338 1663 3345 ’
1929 3352 2125 3409 ﬁcium.
2158 3351 2313 3417 lbid.,
2346 3366 2400 3403 ιι.
2430 3349 2476 3403 1.

322 3437 620 3492 Barcinone
669 3432 809 3489 factu
864 3432 1213 3487 multitudinis
1266 3430 1468 3497 impetu
1523 3443 1553 3481 a
1603 3425 1824 3495 Lampiu
1999 3443 2077 3497 Ad
2100 3441 2348 3496 Ecclesia,
2372 3425 2805 3494 εοηηηυυίδηειη
2846 3438 3065 3490 revocat
3093 3446 3125 3485 α
3173 3428 3341 3484 sacris
3392 3441 3509 3497 my-

240 3531 530 3602 presbyter
558 3527 835 3583 ordinatur
853 3526 1053 3603 invitus
1080 3524 1167 3593 die
1199 3523 1468 3577 dominica
1523 3520 1825 3575 Nativitatis
1852 3509 1896 3569 Ο
1930 3532 2108 3587 διετεῖς
2130 3539 2393 3584 extorres.
2424 3527 2557 3582 Ibid.
3354 3498 3358 3503 ’

243 3623 468 3686 Christi,
493 3622 668 3675 aetatis
695 3636 838 3675 anno
867 3619 954 3673 40.
980 3618 1134 3673 Anno
1157 3626 1390 3672 exeunte
1416 3614 1540 3670 595.
1574 3614 1705 3683 Cap.
1732 3612 1821 3680 15,
1996 3619 2261 3676 postridie
2290 3635 2411 3673 cum
2452 3616 2569 3685 suis;
2596 3616 2918 3671 matutinum
2947 3611 3205 3684 persolvi;
3249 3602 3505 3664 ofﬁcium,

245 3731 303 3767 ιι.
340 3712 359 3763 1
395 3720 447 3765 et
471 3711 523 3764 2.

1922 3712 2055 3768 ibid.
3404 3759 3419 3773 _

322 3801 397 3854 Ex
427 3800 678 3870 Hispania
710 3800 761 3853 in
805 3798 1009 3852 Italiam
1038 3807 1218 3864 venit,
1267 3808 1322 3852 et
1366 3784 1660 3854 Florentia:
1704 3815 1825 3868 per-
1998 3804 2063 3858 Et
2110 3802 2234 3856 data
2278 3815 2410 3871 pace
2431 3796 2679 3854 omnibus
2706 3794 2961 3851 Ecclesia;
2982 3778 3089 3848 sua:
3110 3789 3338 3847 clericis.
3369 3784 3501 3841 Ibid.

246 3899 482 3944 amanter
540 3898 792 3959 exceptus
844 3896 925 3944 est
953 3890 1020 3943 ab
1047 3890 1356 3956 Ambrosio,
1384 3890 1479 3959 qui
1505 3890 1648 3944 illum
1679 3890 1823 3944 clero
1993 3894 2146 3950 Circa
2171 3894 2358 3947 horam
2380 3889 2640 3944 decimam
2670 3887 2723 3941 in
2752 3896 2910 3942 nocte
2948 3882 3250 3949 cubiculum
3299 3879 3351 3933 in
3397 3891 3507 3947 quo

251 3995 350 4031 suo
371 3979 667 4032 adscribere
692 3978 880 4045 voluit,
904 3986 961 4032 ut
983 3980 1086 4033 etsi
1108 3979 1331 4033 diversis
1353 3980 1407 4033 in
1428 3979 1559 4034 locis
1582 3979 1820 4046 degeret,
1920 3986 2140 4057 iacebat
2171 3992 2327 4036 terra;
2357 3991 2506 4035 motu
2528 3979 2872 4034 contremuit,
2899 3974 3032 4029 Ibid.
3059 4026 3065 4033 ,

253 4077 426 4123 tamen
456 4069 863 4125 Mediolanensis
893 4069 1140 4125 Ecclesia
1170 4072 1447 4142 presbyter
1493 4080 1821 4125 censeretur.
1920 4042 1941 4057 ’
2000 4078 2076 4131 Ac
2104 4075 2265 4144 paulo
2295 4082 2420 4141 post
2448 4072 2681 4125 animam
2710 4070 2822 4123 Deo
2852 4042 3114 4128 reddidit:
3147 4063 3320 4116 anatis
3366 4076 3509 4113 anno

249 4159 405 4213 Anno
430 4158 625 4215 Christi
655 4159 777 4223 591,
811 4169 933 4230 post
958 4158 1183 4215 Pascha.
1216 4160 1346 4230 Cap.
1380 4160 1467 4225 17,
1500 4176 1551 4213 ιι.
1583 4160 1633 4213 1.

1333 4201 1346 4214 .
1380 4160 1467 4225 t7.
1500 4176 1551 4213 η.
1583 4160 1633 4213 1.
1920 4152 2015 4220 '78.
2040 4166 2194 4218 Anno
2215 4161 2340 4227 isi,
2370 4160 2440 4213 es
2459 4159 2578 4212 Jun.
2608 4158 2765 4217 lhid.,
2798 4175 2850 4209 n.
2876 4156 2930 4208 ξ.

320 4250 456 4306 "inc
487 4251 708 4306 Romam
739 4268 795 4306 δί’
824 4250 1067 4315 Comum.
1091 4250 1181 4307 ubi
1202 4250 1328 4303 dum
1352 4248 1644 4303 honoriﬁce
1664 4263 1826 4302 exce-
1999 4255 2165 4308 Niveo
2194 4251 2426 4306 candore
2448 4248 2623 4301 vultus
2646 4246 2762 4315 ejus
2785 4255 2839 4300 et
2864 4253 3035 4299 totum
3064 4256 3260 4312 corpus
3279 4238 3510 4309 resplen-

249 4349 370 4411 ptus
398 4350 480 4396 est
501 4358 530 4395 a
560 4342 758 4413 populo
781 4351 835 4396 et
854 4341 1169 4411 proceribus
1197 4340 1345 4394 viris.
1369 4339 1543 4394 Siricii
1571 4354 1722 4409 papa:
1773 4346 1830 4392 et
1927 4344 2059 4401 duit.
2088 4341 2219 4397 Ibid.

251 4434 602 4500 quorumdam
656 4432 907 4487 Rouiaua‘.
973 4430 1223 4487 Eeclesim
1287 4433 1609 4488 clericorum
1662 4432 1828 4485 sensit
2000 4433 2196 4501 Pagani
2219 4448 2279 4485 ac
2308 4429 2473 4484 Judaei
2497 4428 2697 4494 ingenti
2729 4426 2856 4483 lletu
2886 4436 2940 4482 et
2958 4425 3395 4482 scissisvestibus
3444 4427 3511 4480 ad

252 4522 523 4577 invidiam.
582 4522 691 4577 ibid
718 4564 732 4587 ,
754 4540 808 4578 ιι.
840 4524 891 4577 2.
1929 4525 2042 4595 ejus
2068 4522 2352 4592 exsequias
2374 4538 2475 4577 una
2500 4535 2620 4574 cmn
2642 4518 2959 4574 Christianis
2978 4527 3361 4573 convenerunt.
3377 4515 3511 4572 Ibid.

316 4613 675 4679 Quamobrem
705 4613 890 4684 paucis
918 4622 1039 4683 post
1076 4612 1263 4667 diebus
1292 4612 1479 4668 Nolam
1527 4630 1585 4668 se
1613 4614 1825 4685 recipit,
2001 4617 2146 4670 Nola:
2177 4616 2229 4668 in
2254 4612 2473 4667 basilica
2501 4610 2558 4666 S.
2590 4610 2783 4666 Felicis
2802 4611 3045 4681 sepultus
3074 4621 3175 4666 est.
3206 4608 3344 4664 lhid.

251 4709 306 4755 et
332 4703 405 4757 ibi
432 4704 680 4758 consistit
708 4718 812 4757 una
842 4719 962 4758 cum
992 4705 1241 4771 conjuge.
1266 4704 1420 4757 Auno
1452 4703 1574 4758 595.
1606 4676 1744 4759 Ibid:
1813 4676 1820 4680 ’
2002 4707 2081 4761 Ad
2111 4705 2277 4761 cmlos
2306 4703 2374 4757 ab
2397 4720 2463 4756 eo
2487 4712 2744 4757 evocatur
2780 4703 2836 4755 S.
2863 4676 3098 4759 ioanues
3134 4701 3516 4775 Neapolitanus
3588 4676 3623 4689 Α

317 4794 375 4848 In
423 4795 670 4849 morbum
692 4795 893 4861 incidit,
925 4803 979 4849 et
1008 4796 1074 4849 ab
1104 4794 1291 4850 Africae
1311 4804 1367 4850 et
1387 4794 1697 4866 Campania:
1714 4798 1827 4868 cpi-
1930 4799 2233 4869 episcopus.
2266 4794 2422 4847 Anno
2452 4790 2575 4845 452.
2606 4790 2736 4863 Cap.
2771 4789 2859 4855 51,
2886 4808 2940 4847 ιι.
2974 4791 3026 4846 1.

1223 4978 1367 5083 ὃ..
1413 4973 1889 5079 PAULIN
1897 4974 1937 5075 Ι
2013 4962 2487 5072 ELOGIA‘

732 5120 844 5180 EX
898 5119 1161 5180 VARIIS
1203 5120 1762 5183 SCRIPTORIBUS
1809 5117 1916 5179 AD
1961 5113 2134 5174 MSS.
2180 5109 2511 5172 CODICES
2552 5108 3014 5186 RECOGNITA

468 5242 623 5312 ιοι
652 5256 919 5310 Αυεοιιιιιδ,
959 5258 1124 5297 εριετ.
1157 5240 1225 5295 20
1246 5257 1315 5295 AI
1341 5256 1621 5296 PAULINUM.
2000 5229 2295 5285 ’Praecessit
2321 5237 2561 5281 nostrum
2590 5228 2721 5282 sella
2744 5229 2946 5283 curulis
2972 5230 3131 5284 ebur.
3163 5274 3175 5285 .

256 5339 397 5399 (illud
422 5340 746 5404 fragmentum
795 5344 1123 5404 recognitum,
1146 5344 1211 5404 ad,
1242 5356 1334 5393 ms.
1370 5342 1606 5403 Mariang.
1644 5349 1695 5391 et
1722 5341 1829 5389 cdd.
1862 5343 1911 5402 υ
1940 5320 2006 5375 Εἴ
2025 5335 2143 5391 quin
2158 5317 2472 5386 jamdudum
2494 5317 2587 5371 tibi
2618 5317 2797 5386 Palma
2825 5321 3035 5387 Ροθιίαι
3058 5320 3243 5388 Ponet.

562 5404 706 5452 Grav.
735 5404 890 5464 Lugd.
908 5403 1092 5453 Poelm.
1113 5403 1235 5453 Toll.
1260 5411 1313 5453 et
1341 5404 1522 5465 Yiuet.)
2006 5411 2164 5466 Lemn

2006 5411 2287 5466 Lemnisco
2316 5417 2505 5463 ornata
2534 5415 2636 5475 est,
2665 5423 2775 5477 quo
2792 5425 2916 5463 mea
2943 5411 3118 5478 palma
3145 5417 3295 5464 caret
3320 5426 3333 5460 :

259 5490 478 5551 Paulino
508 5495 797 5551 Ausonius.
815 5494 1041 5550 Metrum
1068 5497 1146 5551 sic
1171 5496 1361 5566 suasit,
1384 5504 1443 5551 ut
1470 5511 1614 5554 esses
1935 5504 2209 5571 Longaevze
2237 5507 2441 5554 tantum
2462 5513 2777 5568 superamus
2802 5500 3009 5554 honore
3028 5506 3275 5564 senecta}.

328 5584 406 5640 Tu
431 5588 600 5657 prior,
631 5593 687 5640 et
715 5601 909 5641 nomen
930 5586 1325 5656 praegrederere
1343 5602 1542 5641 meum.
2003 5595 2138 5662 Quid
2160 5591 2363 5662 vg‘fert?
2389 5591 2577 5647 cornix
2604 5605 2711 5645 non
2744 5589 2863 5644 ideo
2889 5597 3015 5643 ante
3044 5605 3289 5661 cycnum.

259 5680 586 5749 ρειειιιιιιιιιιιιι
615 5688 669 5735 et
699 5679 976 5735 Fastorum
1002 5679 1154 5735 titulo
1181 5679 1345 5748 prior,
1378 5689 1430 5736 et
1452 5688 1542 5736 tua
1570 5680 1752 5737 Ruina:
1931 5687 2039 5744 Nec
2069 5679 2194 5756 quiia
2224 5684 2367 5740 mille
2394 5699 2564 5738 annos
2593 5682 2721 5737 vivit
2750 5680 3077 5750 Gangeticus
3097 5682 3231 5750 ales,
