4056 6358
550 326 648 380 127
1546 328 1603 384 S.
1648 331 1988 390 PAULINUS
2028 336 2343 393 NOLANUS
2383 338 2774 399 EPISCOPUS.

614 442 792 496 Vincit
811 450 1024 497 centum
1055 443 1239 498 oculos
1268 445 1412 512 regie
1440 454 1463 481 η
1494 459 1632 514 pavo
1663 456 1802 503 tuos.

544 531 795 589 Cedimus
821 534 1035 601 ingenio
1058 544 1311 604 quantum
1341 537 1690 605 praecedimus
1713 556 1847 595 (ει-ο.

2143 362 2343 393 muua
2383 362 2774 399 anauUt'Ub.
3702 366 3801 420 Iﬂ
3853 362 3883 473 ί

2143 466 2193 523 Α
2221 451 2564 509 Credideram
2587 457 2733 525 quod
2759 467 2831 524 te,
2856 459 3099 532 Pauline,
3123 465 3397 526 inflectere
3424 484 3631 541 posset,
3864 460 3883 480 ”

616 622 855 691 Assurgit
882 624 1041 679 Mus:e
1070 632 1247 678 nostra
1276 624 1529 681 Camasna
1561 638 1682 683 tuae.

548 707 692 778 Vive,
725 716 862 782 vale,
888 726 942 769 et
966 706 1189 770 totidem
1212 725 1471 772 venturos
1494 718 1521 757 δ
1544 735 1777 789 congere
1806 721 1986 788 Janus,

508 800 515 811 ⁴
613 801 755 867 Quot
782 811 903 858 tuus
925 812 1015 857 aut
1044 811 1229 859 noster
1258 823 1584 865 conseruere
1609 818 1813 880 patres.

848 926 1113 979 wsouws,
1139 927 1309 970 sprsr.
1340 915 1403 969 21
1436 934 1504 972 sn
1530 936 1811 975 PAULINUI.
1842 982 1849 989 η

718 1006 857 1069 (Haec
881 1008 1155 1071 fragmenta
1195 1012 1364 1063 collata
1390 1016 1447 1063 ad
1474 1016 1672 1065 eosdem
1696 1019 1929 1081 codices.)

640 1111 819 1165 lambe
847 1111 1077 1178 Parthis,
1110 1102 1171 1170 et.
1194 1115 1470 1187 Cydonum
1498 1120 1733 1189 spiculis,

639 1202 819 1258 lambe
844 1203 1022 1273 pinnis
1049 1207 1235 1261 alitum
1260 1209 1516 1277 velocior,

640 1290 771 1347 Padi
791 1295 995 1349 ruentis
1021 1296 1223 1366 impetu
1256 1301 1564 1367 torrentior,

640 1382 830 1453 Magna
858 1400 1069 1440 sonora:
1096 1390 1366 1455 grandinis
1384 1392 1437 1443 vi
1464 1392 1701 1459 densior,

639 1473 888 1530 Flammis
911 1480 1122 1532 corusci
1151 1478 1385 1535 fulminis
1412 1482 1697 1549 vibratior;
1858 1554 1859 1557 η

635 1561 751 1618 Jam
780 1581 925 1621 nunc
952 1582 1050 1637 per
1075 1580 1254 1636 auras,
1284 1571 1461 1626 Persei
1484 1573 1762 1638 talaribus,

636 1654 935 1727 Petasoque
959 1661 1084 1716 ditis
1110 1664 1348 1720 Arcados
1373 1676 1560 1723 vectus
1583 1670 1774 1725 vola...

635 1745 841 1803 Paulini
862 1750 1098 1820 adusque
1122 1755 1335 1819 muenia,
1367 1755 1726 1826 Ebromagum
1755 1760 1965 1829 loquor.

632 1837 709 1893 Et
734 1842 980 1908 protinus
1003 1843 1115 1911 jam
1142 1846 1187 1900 si
1218 1848 1469 1903 resumtis
1495 1850 1716 1912 viribus.

636 1926 814 1983 Alacri
840 1930 1027 1985 refecti
1053 1937 1296 2004 corporis
1317 1946 1466 1992 motu
1493 1941 1654 2008 viget,

633 2014 853 2073 Salvere
878 2019 1084 2087 jussum
1106 2039 1230 2078 mox
1256 2042 1480 2095 reposce
1506 2038 1816 2086 mutuum...

635 2105 731 2162 Dic
758 2115 833 2176 et,
855 2111 1068 2176 valere;
1092 2114 1196 2183 die,
1224 2132 1385 2172 avere
1414 2126 1467 2174 te
1491 2119 1643 2188 jubet

634 2196 870 2263 Amicus,
901 2210 956 2255 et
984 2204 1209 2270 vicinus,
1239 2217 1294 2262 et
1316 2207 1492 2264 fautor
1515 2220 1669 2279 tuus,

632 2283 864 2343 Honoris
882 2298 1088 2353 auctor.
1114 2295 1255 2350 altor
1281 2297 1479 2365 ingenii
1509 2301 1613 2367 tui;

631 2375 727 2432 Dic
756 2387 811 2433 et
830 2383 1108 2451 magister,
1132 2385 1220 2442 die
1240 2386 1465 2457 Parens,
1493 2392 1579 2447 die
1608 2396 1788 2449 omnia

631 2465 830 2530 Blanda
861 2482 1021 2541 atque
1044 2485 1228 2531 sancta
1258 2479 1498 2535 caritatis
1527 2484 1766 2540 nomina.

629 2554 851 2626 Aveque
879 2560 1043 2628 dicto,
1067 2565 1153 2621 die
1178 2566 1314 2633 vale,
1347 2577 1404 2624 et
1430 2579 1669 2627 actutum
1690 2575 1871 2631 redi...

544 2646 545 2649 “
627 2644 841 2715 Aliquid
871 2661 1151 2721 reportans
1172 2657 1387 2712 interim
1410 2666 1708 2719 munusculi

556 2734 559 2737 ’
624 2734 700 2792 De
725 2739 972 2810 largitate
992 2747 1181 2802 musici
1207 2754 1540 2821 promptarii.

868 2873 1141 2928 wsonws,
1161 2864 1415 2919 29151.25
1431 2883 1498 2920 AD
1529 2884 1808 2946 rauuxuu.

523 2960 1408 3051 (“scepiitanttu‘nt-Ilme.fiagtnep‘la
1453 2981 1533 3051 ad-
1558 2985 1894 3051 m59._god_iees
1918 2987 2096 3051 tum,

585 3026 791 3111 £03m]?
808 3029 1005 3111 {terrae}
1028 3035 1138 3085 edd.
1163 3026 1303 3101 1351].,
1325 3026 1894 3107 orav;{Lin.','ridéiﬁi.',

580 3086 704 3136 Toll.
731 3086 787 3139 et
810 3086 999 3156 Videt.)

519 3186 862 3260 Discutimus,
893 3193 1133 3263 Pauline,
1161 3198 1345 3270 iugum
1368 3204 1512 3270 quod
1540 3212 1685 3260 certa
1717 3206 1933 3261 fovebat

519 3275 867 3349 Temperies:
899 3283 1017 3341 leve
1044 3288 1186 3357 quod
1215 3292 1467 3363 positum,
1500 3282 1858 3351 et'tolerabile
1872 3297 2093 3366 junctis,

517 3366 805 3426 Tractabat
835 3376 1048 3444 paribus
1074 3381 1359 3436 concordia
1389 3384 1533 3439 mitis
1555 3385 1843 3441 habenis...
1870 3378 1875 3383 ’

516 3456 751 3516 Cedebat
776 3462 1002 3536 Pylades
1033 3487 1045 3521 :
1079 3467 1291 3542 Phrygii
1318 3489 1533 3544 quoque
1561 3476 1726 3543 gloria
1749 3477 1859 3533 Nisi

485 3550 676 3622 '102
717 3551 835 3608 Jam
890 3558 1084 3627 minor,
1141 3569 1197 3616 et
1243 3565 1508 3633 promissa
1564 3567 1751 3623 obiens
1793 3570 2091 3625 vadimonia

1793 3660 2090 3733 [Damon...

513 3729 791 3790 Paulinum
820 3738 1221 3813 Ausoniumque
1248 3747 1413 3812 viros,
1442 3765 1579 3818 quos
1606 3766 1758 3806 sacra
1788 3751 1995 3819 Quirini

512 3821 770 3895 Purpura,
794 3837 851 3883 et
878 3842 1093 3888 auralus
1121 3836 1319 3892 trabea:
1338 3840 1536 3893 velavit
1560 3842 1805 3910 amictus,

510 3914 623 3971 Non
647 3918 802 3974 decet
822 3922 1025 3978 insidiis
1045 3930 1340 3996 peregrina:
1361 3932 1552 3987 cedere
1572 3933 1736 3989 Divzc.

404 4046 417 4053 -
510 4006 648 4072 Quid
674 4023 890 4078 queror,
915 4012 1121 4086 Eoique
1149 4018 1383 4075 insector
1409 4022 1635 4079 crimina
1659 4027 1924 4081 monstri?

509 4096 727 4154 Occidui
754 4118 839 4157 me
866 4104 982 4175 ripa
1003 4106 1151 4178 Tagi,
1177 4125 1262 4166 me
1291 4111 1489 4169 Punica
1520 4112 1664 4171 iaedit

506 4187 758 4276 Barcino,
782 4211 869 4251 me
897 4198 1115 4256 bimaris
1135 4201 1262 4272 juga
1285 4205 1537 4275 ninguida
1561 4207 1869 4283 Pyrenmi...

505 4272 835 4349 Agnoscisne
856 4288 885 4309 ’ν
906 4296 1050 4343 tuam
1078 4293 1231 4348 Ponti
1261 4272 1566 4355 dulcissime
1595 4272 1805 4371 culpam
1824 4307 1913 4360 ν...

504 4366 579 4422 Ne
610 4386 867 4441 sparsam,
896 4387 1213 4448 raptamque
1241 4384 1478 4450 domum,
1505 4389 1847 4459 lacerataque
1868 4407 2084 4450 centum

506 4456 608 4511 Per
628 4453 874 4517 dominos
899 4468 1094 4521 veteris
1123 4456 1327 4526 Paulini
1351 4490 1511 4542 regna
1530 4477 1757 4534 fleamus
1784 4500 1795 4533 :

505 4545 689 4617 Teque
716 4562 905 4620 vagiim
933 4564 1045 4611 toto
1073 4574 1232 4627 quam
1255 4562 1412 4632 longa
1443 4563 1696 4637 Hispania
1725 4579 1922 4630 tractu.

430 4666 442 4679 -
504 4633 873 4695 Immemorem
897 4653 1134 4702 veterum
1161 4653 1453 4719 peregrinis
1477 4654 1639 4715 ﬁdere
1660 4661 1863 4715 amicis.

504 4729 736 4785 Aceurre
766 4747 798 4785 ο
823 4745 1060 4791 nostrum
1080 4740 1263 4805 decus,
1296 4760 1328 4797 ο
1359 4761 1475 4800 mea
1499 4750 1725 4804 maxima
1749 4768 1874 4807 cura
1903 4772 1915 4806 z

508 4814 673 4881 Votis,
707 4823 1076 4896 ominibusque
1104 4830 1277 4896 bonis,
1316 4836 1668 4907 precibusque
1696 4848 1920 4897 vocatus

507 4904 837 4977 Adpropera.

797 5018 1064 5071 .wsoxlt's,
1088 5026 1257 5066 EPIST.
1291 5012 1361 5067 24
1384 5034 1449 5070 An
1483 5034 1763 5074 pwuauu.

480 5096 698 5155 ,(tiullata
724 5079 834 5150 sunt
881 5104 983 5153 iure
1006 5108 1273 5164 fragmenta
1300 5129 1407 5164 eum
1430 5119 1679 5186 codicibus
1709 5133 1851 5184 supra
1878 5130 2072 5186 notatis,

928 5175 975 5214 et
997 5180 1237 5227 praeterea
1253 5189 1361 5223 cum
1383 5178 1643 5243 IIIS.VOSS.)

499 5248 745 5306 Proxima
774 5270 893 5323 qua:
923 5270 1116 5316 nostra:
1145 5265 1317 5321 fuerat
1345 5271 1678 5340 querimonia
1710 5277 1929 5344 charta),

571 5422 595 5495 ς
618 5413 847 5495 Quidam
869 5420 1100 5495 codices,
1132 5444 1276 5495 pave.

573 5481 596 5517 ιο
614 5482 778 5556 Codd.
806 5490 1040 5556 quidam,
1064 5481 1293 5553 consere.

575 5560 596 5629 ς
622 5551 754 5629 βιω.
786 5551 998 5629 quidam
1024 5551 1202 5628 eodd..
1236 5551 1416 5625 tuus...
1448 5589 1638 5629 musas.

497 5618 825 5743 ‘yillgtaﬁr'lts'.
848 5626 993 5728 ἔξςὲ
1026 5618 1416 5731 etveddrcodd.‘
1448 5618 1818 5718 Iiddjimgd”
1851 5647 1984 5707 Toll.
2021 5662 2074 5707 et

2222 543 2559 615 Elicerctque
2592 560 2612 587 ε
2645 556 2791 604 tuam
2817 552 3011 610 blanda
3042 557 3343 628 objurgatio
3370 576 3583 620 vocem.

2221 635 2329 689 Sed
2351 645 2428 704 tu,
2454 638 2646 707 iuratis
2667 642 2812 697 velut
2839 645 2944 700 alta
2965 634 3176 705 silentia
3203 653 3373 709 sacris

2221 724 2455 782 Devotus
2486 736 2686 796 teneas,
2711 742 2920 801 perstas
2949 737 3001 790 in
3033 737 3152 809 lege
3181 743 3412 798 tacendi.

2219 817 2334 870 Non
2364 818 2526 875 licet?
2546 837 2685 878 anne
2712 825 2983 893 pudet?...

2217 907 2272 960 Si
2294 910 2471 978 prodi,
2499 910 2740 978 Pauline,
2774 918 2948 984 time‘s,
2978 931 3282 996 nostrteque
3309 933 3513 987 vereris

2217 997 2427 1054 Crimen
2458 1003 2727 1071 amicitias,
2758 1005 3017 1081 Tanaquil
3048 1020 3138 1068 tua
3167 1018 3371 1072 nesciat
3393 1020 3549 1077 istud.

2218 1087 2295 1142 Tu
2326 1099 2613 1147 contemne
2634 1095 2787 1162 alios,
2821 1114 2921 1154 nec
2948 1101 3237 1170 dedignare
3265 1119 3544 1178 parentem

2216 1177 2401 1233 Adfari
2426 1183 2624 1239 verbis.
2658 1185 2769 1256 Ego
2790 1204 2906 1243 sum
2937 1199 3060 1248 tuus
3089 1192 3246 1263 altor,
3278 1208 3333 1254 et
3363 1202 3453 1258 ille

2214 1265 2522 1340 Praeceptor
2547 1276 2771 1345 primus,
2802 1278 2829 1316 (ι
2851 1282 3053 1350 primus
3075 1286 3299 1355 largitor
3324 1290 3613 1362 bonorum,

2213 1354 2425 1414 Primus
2454 1362 2504 1415 in
2536 1363 2801 1420 Aonidum
2828 1371 2920 1437 qui
2947 1378 3002 1426 te
3024 1354 3248 1444 collegia
3272 1379 3419 1435 duxi.

2519 1492 2789 1547 AUSONIUS,
2820 1498 2990 1539 EPIST.
3024 1486 3093 1540 25
3115 1507 3183 1543 Αυ
3208 1509 3488 1552 ΡΑυιιηυιί.

2214 1572 2647 1674 (ηθθθεηξὲἰρῗὶῑὲἓ
2696 1584 2817 1674 tte.
2837 1587 3359 1674 temneremss-
3386 1592 3580 1674 φακες
3618 1608 3792 1674 tum!»

2428 1638 2682 1705 κει-1³ης,
2708 1644 2834 1708 Reg.
2853 1638 2983 1699 et'ad
3008 1654 3037 1701 7
3060 1638 3601 1728 eadféii'ﬁri'nBEiEEB

2210 1734 2412 1800 Quarta
2444 1739 2541 1794 tibi
2570 1741 2685 1798 haec
2712 1755 2873 1803 notos
2900 1749 3104 1808 detexit
3132 1736 3359 1827 epistola
3380 1774 3628 1836 questus,

2131 1845 2179 1903 Β
2209 1822 2448 1893 Pauline,
2480 1838 2535 1884 et
2560 1832 2761 1889 blando
2787 1840 3017 1897 residem
3046 1822 3294 1905 sermone
3313 1822 3560 1925 lacessit;

2208 1912 2453 1973 Officium
2484 1922 2576 1977 sed
2606 1926 2749 1979 nulla
2774 1929 2917 1997 pium
2942 1934 3073 1989 mihi
3101 1941 3292 2007 pagina
3315 1912 3558 2004 reddit":

2209 2003 2446 2072 Vertisti,
2474 2009 2711 2080 Pauline,
2743 2025 2863 2073 tuos
2890 2003 3195 2083 dulcissime
3218 2046 3460 2090 mores...

2208 2093 2348 2165 Ergo
2377 2114 2573 2167 meum,
2602 2107 2894 2178 patrimque
2915 2112 3100 2184 decus,
3125 2122 3481 2193 columenque
3505 2139 3529 2166 ο
3551 2142 3789 2204 senatus,

2208 2185 2429 2254 Bilbilis,
2467 2200 2560 2247 aut
2590 2196 2798 2254 hmrens
2826 2204 3059 2271 scopulis
3092 2204 3109 2243 ί
3142 2185 3446 2280 Calagurris
3466 2185 3720 2276 habebit?—

2208 2276 2311 2330 Aut
2333 2293 2451 2347 qua:
2478 2282 2704 2340 detectis
2720 2286 2846 2356 juga
2875 2307 2973 2360 per
2992 2309 3245 2365 scruposa
3269 2276 3438 2359 ruinis

2207 2366 2389 2434 Arida,
2419 2378 2711 2430 torrentem
2736 2376 2963 2436 Sicorim
2992 2383 3268 2454 despectat
3295 2390 3488 2448 Ilerda.

2209 2455 2305 2512 Hic
2326 2460 2586 2528 trabeam,
2614 2463 2852 2532 Pauline,
2888 2481 3052 2539 tuam,
3086 2473 3398 2549 Latiamque
3426 2489 3668 2543 curulem

2204 2548 2522 2620 Constituis,
2549 2559 2862 2630 patriosque
2885 2565 3006 2619 lSlIC
3033 2570 3283 2637 sepelibis
3305 2548 3581 2633 honores?

2434 2691 2780 2748 PBUDENTIUS,
2812 2701 2913 2741 LIB.
2938 2704 2955 2741 ι
2983 2704 3192 2748 CONTRA
3221 2710 3557 2755 εῖιηηςιιυιι.

2205 2786 2320 2841 Non
2352 2786 2719 2859 Paulinorum,
2753 2813 2859 2852 non
2883 2799 3189 2870 Bassorum,
3219 2806 3482 2875 dubitavit

2203 2873 2456 2948 Prompta
2484 2881 2614 2937 fides
2641 2884 2771 2940 dare
2801 2904 2859 2942 se
2885 2889 3120 2958 Christo,
3145 2873 3475 2969 stirpemque
3501 2912 3787 2977 superbam
3846 2962 3859 2975 ,

2204 2966 2393 3023 Gentis
2418 2972 2656 3039 patricia:
2688 2987 2914 3034 venturo
2943 2984 3192 3040 attollere
3220 2966 3384 3044 seclo.

2383 3093 2534 3164 103
2559 3111 2910 3167 HIERONYICS,
2947 3119 3116 3161 EPIST.
3152 3107 3218 3162 I3
3237 3127 3304 3165 AD
3333 3129 3621 3174 PAIILINUI.

2125 3171 2185 3263 α’
2204 3197 2259 3255 (Γ
2262 3198 2403 3248 ollata
2427 3215 2534 3250 cum
2559 3217 2632 3253 ms
2689 3211 2870 3293 codice
2899 3211 3145 3293 V'iqtprino
3176 3226 3228 3269 et
3265 3223 3482 3277 editione
3506 3228 3784 3293 Moguntina

2845 3283 2925 3323 an.
2971 3274 3132 3341 H70.)

2271 3364 2452 3423 Bonus
2501 3369 2664 3425 homo
2710 3372 2778 3427 de
2822 3375 2968 3431 bono
3017 3380 3270 3440 thesauro
3292 3390 3469 3445 cordis
3489 3396 3697 3462 profert
3723 3406 3796 3457 ea

2200 3470 2321 3523 qua:
2349 3457 2491 3513 bona
2517 3469 2663 3529 sunt,
2694 3472 2748 3518 et
2783 3481 2850 3520 ex
2900 3467 3161 3527 fructibus
3204 3477 3368 3532 arbor
3420 3457 3780 3552 cognoscitur.

2198 3548 2402 3604 Metiris
2442 3568 2544 3607 nos
2589 3555 2876 3612 virtutibus
2903 3561 3027 3626 tuis,
3061 3572 3116 3617 et
3143 3581 3338 3635 parvos
3368 3548 3593 3642 magnus
3615 3582 3783 3635 extolo

2196 3637 2292 3702 Iis;
2320 3641 2668 3714 ultimamque
2693 3656 2901 3715 partem
2926 3654 3158 3709 convivii
3185 3672 3437 3730 occupas,
3461 3637 3545 3720 tut
3592 3671 3783 3737 patris-

2196 3731 2423 3787 familias
2437 3733 2639 3802 judicio
2668 3740 3002 3808 proveharis.
3030 3744 3168 3811 Quid
3196 3751 3338 3804 enim
3371 3753 3422 3808 in
3472 3731 3648 3826 nobis,
3694 3771 3781 3818 aut

2195 3827 2510 3891 quantulum
2540 3838 2643 3897 est,
2695 3840 2753 3886 ut
2801 3836 2976 3891 doctae
3022 3841 3172 3899 vocis
3227 3860 3533 3904 mereamur
3578 3868 3784 3922 prmon-

2196 3913 2373 3981 ninm;
2405 3924 2463 3969 ut
2493 3917 2583 3972 illo
2605 3935 2699 3975 ore
2723 3937 2830 3991 quo
2858 3927 3292 3995 religiosissimus
3320 3913 3781 4009 princeps-defen-

2194 4005 2355 4071 ditur,
2388 4008 2619 4066 humiles
2645 4029 2744 4069 nos
2774 4018 3076 4091 modicique
3116 4024 3427 4083 laudemur?
3455 4005 3573 4086 Noli
3598 4034 3781 4105 igitur,

2122 4152 2135 4165 ,
2193 4096 2360 4152 frater
2401 4102 2695 4167 carissime,
2757 4122 3020 4165 annorum
3073 4130 3173 4170 nos
3214 4120 3480 4176 mstimare
3510 4126 3777 4181 numero:

2191 4203 2294 4244 nec
2314 4192 2632 4260 sapientiam
2662 4211 2826 4253 canos
2854 4210 3091 4269 reputes,
3119 4205 3212 4260 sed
3240 4223 3406 4264 canos
3424 4215 3776 4282 sapientiam:

2190 4281 2478 4338 Salomone
2502 4294 2754 4356 testante,
2785 4289 2916 4345 Cani
2945 4293 3185 4362 hominis,
3211 4302 3483 4369 prudentia
3513 4307 3647 4376 ejus,
3672 4319 3776 4364 etc.

2191 4373 2432 4444 Denique
2463 4386 2517 4431 et
2537 4388 2592 4432 tu
2624 4384 2802 4436 audita
2828 4389 3092 4443 sententia
3114 4388 3408 4449 Salvatoris
3436 4414 3448 4448 ε
3483 4373 3550 4452 Si
3567 4400 3642 4453 vis
3661 4419 3780 4471 per-

2192 4467 2352 4535 fectus
2399 4484 2530 4534 esse,
2572 4470 2717 4539 vade,
2751 4476 2910 4529 vende
2935 4479 3108 4532 omnia
3128 4497 3242 4548 qua:
3269 4482 3445 4548 habes,
3476 4496 3526 4540 et
3545 4489 3615 4541 da
3645 4508 3778 4568 pau-

2114 4566 2163 4626 D
2193 4554 2416 4623 peribus,
2447 4569 2497 4611 et
2521 4563 2654 4626 veni,
2678 4580 2885 4635 sequere
2912 4585 3013 4635 me,
3035 4571 3198 4625 verba
3229 4576 3395 4629 vertis
3424 4577 3476 4630 in
3507 4559 3694 4648 opera,
3722 4590 3779 4637 et

2190 4646 2382 4700 nudam
2430 4666 2641 4706 crucem
2682 4656 2854 4712 nudus
2881 4675 3141 4729 sequens,
3176 4667 3481 4735 expeditior
3516 4681 3570 4725 et
3605 4671 3778 4730 levior

2192 4746 2213 4781 μ
2243 4738 2452 4795 scandis
2479 4743 2677 4797 scalam
2704 4744 2890 4802 Iacob.
2920 4748 3177 4808 Tunicam
3206 4767 3381 4813 mutas
3401 4775 3520 4814 cum
3546 4765 3727 4820 animo
3758 4785 3771 4819 ε

2189 4845 2289 4884 nec
2316 4831 2476 4900 pleno
2505 4838 2778 4906 marsupio
2832 4840 3096 4908 gloriosas
3144 4848 3330 4904 sordes
3383 4853 3623 4921 appetis;
3679 4858 3775 4913 sed

2188 4922 2336 4990 puris
2382 4927 2630 4982 manibus
2671 4938 2726 4983 et
2777 4932 3003 4989 candido
3046 4945 3289 5006 pectore,
3319 4957 3610 5013 pauperem
3640 4953 3691 5002 te
3719 4954 3775 5002 et

2184 5013 2377 5080 spiritu
2423 5025 2479 5071 et
2525 5020 2776 5086 operibus
2823 5023 3135 5089 gloriaris...
3171 5027 3388 5086 Librum
3411 5042 3581 5103 tuum,
3611 5052 3771 5106 quem

2184 5119 2281 5171 pro
2332 5103 2636 5162 Theodosio
2691 5112 2930 5183 principe
2972 5117 3264 5185 prudenter
3289 5132 3587 5195 ornateque
3616 5103 3770 5182 com—

2152 5208 2157 5212 ~
2184 5193 2416 5261 positum
2442 5201 2801 5265 transmisisti,
2835 5203 3064 5260 libenter
3093 5208 3217 5276 legi,
3267 5219 3322 5264 et
3343 5193 3611 5284 praecipue
3638 5217 3769 5271 mihi

2183 5282 2233 5336 in
2264 5283 2355 5339 illo
2383 5287 2673 5344 subdivisio
2704 5292 2905 5361 placuit
2930 5313 2942 5346 :
2974 5310 3199 5367 cumque
3229 5300 3280 5354 in
3311 5282 3769 5375 primisvpartibus

2258 5454 2280 5519 ξ
2308 5444 2405 5519 ῥίς.
2436 5446 2717 5519 Mariang.,
2750 5457 2935 5508 senati.

2257 5513 2274 5608 ς
2307 5515 2396 5571 Sic
2424 5533 2551 5600 mss.
2584 5513 2747 5590 Lugd.
2773 5533 2827 5577 et
2853 5525 2983 5594 Reg.
3012 5542 3133 5582 cum
3155 5530 3276 5585 edd.
3305 5530 3511 5590 PoeIm.
3544 5535 3682 5594 Edd.
3708 5539 3764 5608 4,

2181 5584 2500 5707 Calagurris.
2665 5584 2681 5590 ’
2748 5664 2753 5669 ⁸
2932 5584 2959 5594 ν
3200 5584 3203 5585 ν
3357 5584 3374 5587 ν
3392 5584 3511 5590 mw
3544 5584 3682 5594 mn"
3700 5584 3758 5693 ,Ἴ

2253 5662 2277 5741 ξ
2578 5660 3208 5757 ςρᾴξξξιιηνθέ..Μοευηι
3225 5687 3312 5725 an.
3332 5672 3491 5746 H70,
3505 5680 3758 5736 accendis.

2336 5738 2384 5757 ἰ’
2416 5743 2519 5769 "tce
