4056 6358
287 296 391 352 130
585 345 588 350 .
1234 298 1272 335 ⁸

1680 302 2200 360 PROLECOMENA.

3455 324 3554 380 t50
3614 289 3625 302 ’

280 406 468 462 vincas
487 404 644 473 ullos,
674 406 729 461 in
756 407 1062 478 penultimis
1089 416 1142 465 te
1183 410 1354 480 ipsum
1385 425 1624 481 superas.
1658 412 1767 469 Sed
1810 422 1866 469 et
1889 421 1943 479 Α
1969 416 2164 472 talibus
2211 415 2425 488 (Horat.
2461 418 2579 475 Sat.
2608 438 2690 489 pr.
2721 422 2810 477 tib.
2844 426 2905 493 l).
2951 424 3195 482 Nobilem
3214 433 3269 484 te
3318 429 3554 490 Ecclesia

280 498 458 566 ipsum
486 511 657 566 genus
678 498 876 568 eloquii
903 515 1143 571 pressum
1172 511 1274 568 est,
1307 511 1362 557 et
1387 503 1640 571 nitidum;
1672 513 1865 561 etcum

280 585 530 641 Tulliana
559 596 586 625 ι
607 587 785 644 luceat
813 591 1065 659 puritate,
1093 593 1338 647 crebrum
1369 602 1452 649 est
1473 594 1528 647 in
1562 595 1860 651 sententiis.

205 704 213 711 -
277 672 432 732 Iacet
486 676 651 746 enim,
699 686 759 733 ut
800 680 1016 748 quidam
1072 683 1167 749 ait,
1222 684 1419 748 oratio,
1446 684 1501 738 in
1524 700 1630 754 qua
1657 693 1864 741 tantum

276 766 445 821 verba
473 766 777 823 laudantur.
821 768 1087 826 Praeterea
1116 785 1307 840 magna
1336 781 1419 827 est
1445 789 1625 828 rerum
1673 791 1859 830 conse-

277 858 520 928 quentia,
572 868 626 915 et
673 861 898 916 alterum
936 864 1137 932 pendet
1165 878 1233 917 ex
1260 864 1450 919 altero.
1481 863 1747 935 Quidquid
1774 880 1863 921 as-

276 950 592 1019 sumpscris,
623 951 708 1005 vel
730 950 848 1007 ﬁnis
878 938 1234 1023 superiorum,
1262 955 1350 1010 vel
1373 955 1580 1010 initium
1629 972 1863 1026 sequen-

274 1039 413 1095 tium
442 1049 542 1095 est.
574 1041 727 1097 Felix
750 1041 1106 1114 Theodosius,
1127 1046 1219 1115 qui
1247 1061 1279 1100 a
1308 1046 1401 1099 tali
1424 1044 1621 1101 Christi
1648 1055 1865 1103 oratore

273 1126 599 1184 defenditur.
657 1128 941 1186 Illustrasti
990 1148 1256 1203 purpuras
1299 1135 1455 1204 ejus,’
1493 1143 1545 1189 et
1576 1136 1865 1191 utilitatem

273 1217 454 1286 legum
484 1217 677 1275 futuris
704 1221 899 1276 seculis
926 1223 1275 1278 consecrasti.
1308 1223 1481 1278 Macte
1510 1225 1707 1279 virtute
1734 1242 1745 1278 :
1772 1226 1864 1293 qui

272 1307 403 1361 talia
433 1308 600 1363 habes
619 1309 944 1379 rudimenta,
974 1313 1150 1380 qualis
1186 1314 1512 1369 exercitatus
1542 1315 1695 1370 miles
1724 1316 1865 1370 eris?

272 1397 319 1451 υ
333 1399 382 1453 si
401 1400 532 1455 mihi
550 1401 741 1457 liceret
771 1404 1073 1459 istiusmodi
1094 1406 1382 1474 ingenium,
1409 1423 1517 1462 non
1542 1422 1641 1476 per
1660 1407 1863 1463 Aonios

271 1503 488 1548 montes
515 1502 571 1549 et
616 1492 887 1551 Heliconis
913 1498 1165 1563 vertices,
1196 1507 1256 1553 ut
1296 1508 1469 1569 poeta:
1514 1509 1733 1564 canunt,
1765 1502 1862 1555 sed

272 1600 375 1656 per
402 1584 534 1641 Sion
561 1595 617 1642 et
643 1587 975 1654 lthabirium,
1009 1598 1065 1644 et
1091 1590 1217 1645 Sina
1246 1592 1459 1646 excelsa
1481 1590 1508 1630 b
1556 1592 1780 1658 ducere;
1812 1594 1859 1648 si

270 1678 613 1746 contingeret
654 1678 849 1735 docere
900 1695 1019 1749 qum
1064 1680 1244 1748 didici,
1292 1689 1347 1736 et
1368 1682 1522 1751 quasi
1543 1698 1641 1752 per
1667 1698 1859 1738 manus

269 1768 529 1838 mysteria
553 1769 765 1823 tradere
786 1769 1203 1839 Scripturarum,
1236 1780 1547 1826 nasceretur
1575 1772 1730 1827 nobis
1758 1772 1859 1827 ali-

269 1861 403 1932 quid
439 1862 584 1933 quod
623 1861 781 1918 docta
823 1862 1027 1918 Gnecia
1062 1880 1170 1918 non
1198 1864 1512 1919 haberet....
1546 1862 1602 1918 Si
1628 1865 1860 1920 haberes

270 1951 377 2007 hoc
396 1950 800 2006 fundamentum
824 1952 1047 2024 (divinas
1070 1970 1251 2024 nempe
1278 1953 1633 2024 Scripturas);
1695 1954 1858 2010 immo

269 2043 320 2098 si
365 2043 517 2113 quasi
567 2052 807 2097 extrema
862 2060 1052 2099 manus
1083 2054 1105 2082 ε
1144 2045 1295 2114 operi
1342 2052 1436 2099 tuo
1490 2044 1855 2111 induceretur,

268 2132 407 2189 nihil
436 2133 730 2204 pulchrius,
754 2134 882 2189 nihil
911 2135 1140 2199 doctius,
1174 2135 1300 2189 nihil
1343 2134 1569 2201 dulcius,
1622 2138 1861 2209 nihilque

267 2222 490 2278 latinius
543 2224 650 2279 tuis
704 2225 1024 2280 haberemus
1069 2225 1447 2281 voluminibus.
1497 2227 1860 2285 Tertullianus

266 2319 466 2376 creber
492 2328 575 2375 est
618 2321 675 2375 in
725 2323 1025 2387 sententiis,
1055 2324 1150 2377 sed
1178 2321 1408 2379 difﬁcilis
1459 2324 1513 2378 in
1562 2324 1855 2394 loquendo.

267 2407 470 2465 Beatus
497 2409 815 2482 Cyprianus,
870 2412 1040 2467 instar
1077 2414 1237 2468 lontis
1266 2414 1558 2483 purissimi,
1582 2414 1753 2470 dulcis
1778 2415 1860 2468 in—

266 2502 435 2569 cedit,
466 2510 523 2557 et
548 2503 788 2574 placidus
811 2513 925 2569 est;
956 2513 1155 2560 etcum
1185 2513 1328 2560 totus
1350 2506 1419 2559 sit
1470 2506 1524 2560 in
1554 2504 1580 2543 ά
1605 2507 1861 2561 exhorta-

269 2595 423 2651 tione
444 2596 719 2662 virtutum,
744 2606 1038 2666 occupatus
1062 2608 1084 2635 °
1115 2597 1552 2667 persecutionum
1578 2597 1858 2666 angustiis,

268 2686 340 2742 de
381 2685 673 2756 Scripturis
718 2688 912 2742 divinis
963 2703 1303 2757 nequaquam
1358 2687 1628 2741 disseruit.
1673 2682 1863 2742 inclito

265 2775 581 2834 Victorinus
608 2779 865 2850 martyrio
894 2787 1207 2840 coronatus,
1239 2777 1384 2846 quod
1412 2777 1662 2844 intelligit
1684 2776 1865 2844 eloqui

265 2883 383 2923 non
413 2875 611 2938 potest.
629 2868 939 2923 Lactantius
958 2868 1111 2937 quasi
1140 2866 1357 2936 quidam
1382 2864 1576 2919 ﬂuvius
1603 2865 1865 2933 eloquen-

1970 506 2186 572 habeat,
2217 514 2277 561 ut
2302 510 2448 577 prius
2476 518 2695 565 senatus
2728 512 2933 568 habuit;
2987 513 3236 586 Prmpara
3282 520 3378 575 tibi
3419 524 3547 578 divi.

1970 597 2090 661 tias,
2144 613 2277 668 quas
2327 599 2566 667 quotidie
2592 616 2802 670 eroges,
2852 612 2907 659 et
2954 621 3243 676 numquam
3267 609 3550 676 deﬁciant;

1966 687 2094 742 dum
2120 690 2266 758 viget
2283 699 2434 757 tetas,
2457 690 2584 744 dum
2621 690 2637 728 ί
2671 693 2908 747 nondum
2938 696 3086 751 canis
3115 697 3129 747 i
3164 700 3434 768 spargitur
3461 718 3553 754 ea-

1966 786 2081 848 put,
2133 788 2421 847 antequam
2460 780 2674 835 subeant
2701 786 2884 844 morbi.
2915 789 3172 857 tristisque
3199 799 3462 856 senectus;
3504 801 3553 845 et

1966 869 2129 934 labor,
2161 880 2212 923 et
2240 869 2266 907 κ
2296 872 2425 925 dirae
2473 870 2646 941 rapiat
2696 874 3025 932 inclementia
3062 882 3241 934 mortis
3281 881 3546 953 (Virgil.).

1966 958 2108 1014 Nihil
2136 961 2188 1014 in
2210 969 2265 1016 te
2285 964 2557 1019 mediocre
2585 982 2705 1021 esse
2730 976 3018 1025 contentus
3047 986 3187 1038 sum,
3218 979 3389 1027 totum
3408 988 3550 1029 sum-

1966 1064 2134 1114 mum,
2159 1059 2330 1107 totum
2360 1053 2659 1123 perfectum
2688 1056 2953 1113 desidero.

2234 1180 2580 1231 utsnosnws,
2614 1184 2782 1223 EPIST.
2816 1168 2885 1222 54
2914 1152 3280 1229 unumunum.

2037 1266 2148 1321 Nec
2192 1275 2277 1321 est
2327 1267 2473 1338 quod
2510 1283 2735 1325 excuses
2777 1272 3112 1328 nobilitatem
3159 1284 3216 1329 et
3242 1275 3546 1332 divitiarum

1966 1356 2230 1424 pondera.
2278 1356 2508 1427 Respice
2536 1369 2779 1415 sanetum
2809 1362 2984 1416 virum
3026 1362 3450 1436 Pammachium,
3494 1377 3550 1423 et

1964 1447 2367 1504 ferventissimae
2398 1450 2519 1505 ﬁdei
2548 1449 2829 1508 Paulinum
2861 1456 3261 1527 presbyterum;
3291 1460 3384 1530 qui
3438 1477 3549 1516 non

1963 1537 2138 1592 solum
2167 1538 2402 1603 divitias,
2432 1541 2529 1596 sed
2579 1546 2787 1613 seipsos
2815 1544 3044 1603 Domino
3072 1548 3384 1604 obtulerunt
3410 1567 3424 1604 :
3456 1553 3549 1621 qui

1961 1637 2151 1684 contra
2191 1629 2390 1685 diaboli
2435 1632 2955 1702 tergiversationem,
2987 1653 3325 1708 nequaquam
3349 1641 3549 1710 pellem

1962 1734 2061 1788 pro
2115 1719 2273 1789 pelle,
2314 1720 2409 1775 sed
2456 1737 2664 1788 carnes,
2708 1732 2763 1778 et
2791 1739 2932 1789 ossa,
2964 1735 3021 1782 et
3047 1730 3254 1803 animas
3280 1747 3406 1786 suas
3436 1732 3547 1787 Do-

1890 1812 1935 1871 B
1958 1811 2109 1866 mino
2138 1821 2523 1868 consecrarunt
2553 1832 2564 1866 :
2598 1816 2690 1885 qui
2717 1824 2770 1871 te
2789 1824 2846 1872 et
2872 1819 3123 1889 exemplo
3143 1828 3199 1875 et
3226 1821 3464 1892 eloquio,
3493 1823 3548 1878 id

1961 1910 2061 1965 est,
2091 1911 2145 1957 et
2169 1919 2335 1973 opere
2363 1912 2417 1959 et
2447 1904 2624 1974 lingua
2647 1916 2877 1977 possunt
2902 1908 2970 1964 ad
2991 1912 3198 1979 majora
3221 1911 3547 1981 perducere;

1959 1991 2164 2047 Nobilis
2187 1995 2279 2048 es?
2307 2002 2362 2049 et
2390 1995 2496 2061 illi;
2527 1995 2623 2052 sed
2651 1997 2704 2052 in
2725 1996 2943 2053 Christo
2964 2000 3255 2055 nobiliores
3280 2018 3293 2052 :
3324 2000 3473 2056 dives
3491 2011 3548 2057 et

1960 2085 2289 2143 honoratus?
2317 2097 2374 2143 et
2403 2089 2510 2156 illi;
2537 2089 2701 2146 immo
2744 2106 2811 2145 ex
2861 2090 3117 2148 divitibus
3171 2101 3226 2148 et
3270 2093 3547 2149 honoratis

1958 2193 2225 2248 pauperes
2245 2187 2300 2233 et
2329 2180 2568 2247 inglorii;
2599 2188 2654 2235 et
2683 2181 2885 2237 idcirco
2914 2182 3155 2249 ditiores,
3183 2191 3240 2239 et
3266 2185 3438 2255 magis
3465 2185 3545 2239 in-

1961 2270 2095 2337 cliti,
2114 2271 2239 2341 quia
2271 2287 2368 2341 pro
2388 2270 2603 2328 Christo
2625 2288 2893 2344 pauperes
2919 2281 2973 2329 et
2993 2274 3320 2331 inhonorati.

2208 2401 2556 2451 ntsnonrlus,
2590 2403 2759 2443 EPIST.
2796 2387 2898 2442 105
2920 2405 2987 2443 AD
3009 2393 3293 2463 nummi.

2027 2484 2164 2544 (Haec
2188 2488 2456 2549 "ragmenta
2477 2490 2729 2550 recognita
2754 2497 2867 2538 sunt
2885 2490 2945 2538 ad
2986 2490 3077 2539 ιώ.
3097 2490 3317 2539 codicem
3336 2489 3487 2550 Vict.)

2032 2577 2223 2632 Frater
2268 2578 2584 2634 Ambrosius
2630 2588 2721 2633 tua
2749 2580 2882 2635 mihi
2909 2582 3225 2636 munuscula
3249 2580 3546 2651 pel'ferens,

1961 2668 2155 2722 detulit
2202 2676 2257 2723 et
2284 2669 2630 2722 suavissimas
2660 2670 2890 2734 litteras,
2915 2684 3036 2736 qua:
3060 2685 3091 2722 a
3117 2670 3381 2739 principio
3412 2671 3546 2725 amis

1964 2756 2216 2811 citiarum
2253 2757 2412 2811 ﬁdem
2441 2758 2681 2825 probatae
2702 2757 2815 2825 jam
2846 2756 2969 2814 fidei
2996 2766 3053 2813 et
3074 2759 3275 2815 veteris
3302 2757 3548 2817 ainicitim

1966 2845 2340 2918 prmferebant.
2371 2847 2511 2901 Vera
2535 2848 2678 2903 enim
2708 2848 2799 2904 illa
2826 2849 3167 2906 necessitudo
3195 2858 3299 2917 est,
3321 2860 3376 2907 et
3394 2850 3548 2908 Cbri~

270 2956 363 3011 tia:
388 2955 664 3019 Tullianae,
697 2956 900 3010 utinam
929 2965 1039 3010 tam
1062 2962 1246 3010 nostra
1271 2953 1292 2993 ί
1323 2951 1644 3010 conﬁrmare
1664 2954 1862 3024 potuis-

1964 2942 2032 2995 sti
2062 2940 2267 3008 glutino
2293 2941 2544 3010 copulata
2573 2956 2735 3010 quam
2762 2957 2870 2999 non
2894 2942 3096 2999 utilitas
3127 2944 3206 2999 rei
3250 2942 3546 3012 familiaris,

272 3057 381 3113 set,
426 3061 587 3117 quam
641 3044 795 3097 facile
835 3043 1008 3096 aliena
1062 3039 1348 3094 destruxit.
1404 3037 1677 3091 Arnobius
1716 3035 1871 3107 105
1965 3048 2073 3087 non
2094 3033 2379 3102 prmsentia
2403 3041 2608 3088 tantum
2636 3049 2946 3104 corporum,
2971 3050 3079 3090 non
3107 3034 3333 3091 subdola
3361 3045 3416 3091 et
3439 3038 3544 3107 pal-

268 3135 556 3205 tntequalis
604 3142 659 3189 et
708 3133 906 3187 nimius
952 3139 1055 3197 est,
1081 3139 1135 3185 et
1164 3130 1365 3197 absque
1391 3126 1570 3197 aperis
1588 3126 1674 3181 sui
1698 3128 1866 3195 parti-
1887 3163 1932 3227 Ο
1963 3141 2097 3196 pans
2119 3124 2374 3191 adulatio,
2399 3126 2495 3181 sed
2524 3126 2621 3180 Dei
2669 3127 2848 3209 timor,
2881 3136 2936 3181 et
2961 3128 3259 3182 divinarum
3301 3126 3545 3199 Scriptu~

269 3227 423 3283 tione
443 3224 718 3281 confusus.
756 3222 986 3277 Sanctus
1014 3220 1246 3275 Hilarius
1273 3219 1547 3274 Gallicano
1594 3217 1863 3275 cothuns
1891 3214 1931 3227 ν
1962 3231 2141 3269 rarum
2171 3214 2349 3271 studia
2377 3216 2686 3272 conciliant.
2719 3215 2895 3272 llabes
2915 3216 3004 3272 hic
3025 3216 3447 3274 amantissimum
3468 3219 3545 3279 tui

270 3319 568 3384 attollitur;
601 3324 657 3371 et
684 3330 809 3371 cum
830 3313 1047 3384 Gracche
1091 3311 1310 3366 ﬁoribus
1339 3310 1650 3375 adornetur,
1685 3309 1864 3377 longis

270 3382 813 3480 interdumperiodis
841 3382 1151 3470 involvitur,
1180 3411 1237 3459 et
1260 3419 1291 3457 a
1323 3402 1553 3458 lectione
1600 3410 1626 3449 It
1655 3402 1866 3473 simpli-

272 3502 481 3560 ciorum
510 3499 739 3555 fratrum
766 3496 955 3567 procul
984 3496 1157 3551 abest.
1188 3493 1364 3549 Taceo
1413 3491 1483 3548 de
1527 3492 1722 3549 ceteris
1776 3493 1866 3547 vel

272 3581 565 3653 defunctis,
589 3584 677 3639 vel
704 3584 868 3665 etiam
897 3585 1072 3642 adhuc
1098 3586 1425 3655 viventibus,
1475 3604 1637 3659 super
1663 3590 1857 3661 quibus

272 3674 327 3729 in
378 3686 663 3746 utramque
706 3686 915 3748 partem
968 3686 1092 3749 post
1143 3695 1242 3733 nos
1290 3680 1379 3734 alii
1403 3680 1743 3750 judicabunt.
1776 3681 1859 3736 Ad

273 3768 505 3839 teipsum
533 3771 761 3836 veniam,
794 3780 1162 3843 symmystem,
1192 3771 1432 3827 sodalem
1455 3788 1633 3827 meum
1655 3780 1711 3827 et
1731 3774 1860 3827 ami-

274 3861 704 3927 ctxn;amicum,
735 3860 970 3929 inquam,
995 3877 1196 3930 meum,
1229 3870 1516 3935 antequam
1538 3871 1726 3918 notum
1758 3881 1770 3915 :
1804 3872 1861 3917 et

275 3950 536 4020 precabor
563 3967 633 4006 ne
662 3951 1084 4007 assentationem
1138 3952 1190 4005 in
1238 3953 1636 4008 necessitudine
1684 3954 1859 4023 suspi-

281 4041 448 4096 ceris:
487 4042 620 4110 quin
662 4042 840 4113 potius
889 4043 976 4096 vel
1031 4058 1213 4097 errare
1259 4060 1347 4099 me
1392 4044 1723 4111 existimato,
1772 4046 1859 4099 vel

276 4144 457 4187 amore
476 4128 603 4201 labi,
638 4148 799 4204 quam
829 4133 1063 4188 amicum
1092 4133 1399 4189 adulatione
1445 4133 1715 4203 decipere.
1748 4135 1862 4189 Ma-

273 4237 433 4293 mum
460 4225 630 4282 habes
650 4226 941 4296 ingenium,
967 4233 1023 4281 et
1047 4222 1310 4278 inﬁnitam
1336 4227 1600 4279 sermonis
1646 4226 1863 4295 suppel-

274 4317 505 4375 lectilem
532 4337 545 4372 :
574 4327 630 4374 et
648 4318 804 4374 facile
823 4317 1080 4388 loqueris,
1112 4325 1167 4372 et
1194 4332 1355 4386 pure;
1382 4315 1715 4387 facilitasque
1744 4318 1859 4387 ipsa

273 4420 327 4465 et
344 4412 569 4482 puritas,
602 4414 769 4466 mixta
797 4409 1100 4481 prudentia:
1126 4417 1228 4475 est,
1258 4409 1437 4480 capite
1482 4410 1681 4480 quippe
1724 4426 1858 4466 sano

272 4504 461 4558 omnes
482 4517 675 4559 sensus
695 4503 897 4572 vigent.
921 4500 1056 4557 Huic
1077 4502 1372 4571 prudentiae
1393 4511 1447 4555 et
1467 4500 1791 4572 eloquentia:
1811 4503 1857 4557 si
1892 4537 1934 4596 Β

273 4597 558 4655 accederet
575 4599 662 4655 vel
683 4598 941 4665 studium,
962 4597 1045 4650 vel
1070 4596 1418 4664 intelligentia
1435 4594 1854 4666 Scripturarum,

275 4693 510 4749 viderem
533 4702 586 4748 te
605 4692 758 4748 brevi
774 4706 953 4745 arcem
972 4698 1152 4744 ιεηειε
1182 4698 1516 4754 nostrorum;
1549 4686 1578 4725 ιι
1604 4697 1658 4744 ει
1678 4704 1861 4743 ascen-

275 4786 491 4843 dentem
518 4801 640 4842 cum
685 4784 852 4840 Jacob
882 4793 1023 4839 tecta
1053 4782 1181 4837 Sion
1231 4798 1426 4837 canere
1472 4782 1524 4835 in
1554 4780 1859 4836 domatibus

278 4878 419 4948 quod
448 4880 503 4935 in
526 4878 792 4937 cubilibus
820 4876 1185 4945 cognovisses.
1217 4873 1528 4943 Accingere,
1569 4888 1750 4942 quazso
1782 4882 1854 4939 te,

277 4971 572 5041 accingere.
605 4968 748 5024 Nihil
790 4969 907 5024 sine
936 4982 1131 5037 magno
1161 4966 1345 5021 labore
1372 4968 1480 5020 vita
1528 4966 1672 5022 dedit
1707 4981 1855 5020 mor-

343 5121 372 5151 ⁸
398 5111 499 5170 Ms.
531 5112 697 5172 Vict...
720 5111 935 5164 eluceat.

346 5184 372 5221 δ
404 5183 501 5238 Ms.
533 5183 706 5239 codex
739 5181 871 5236 Vict.
897 5194 1016 5233 cum
1040 5176 1126 5231 ed.
1160 5174 1326 5244 Mog,
1354 5175 1591 5228 ducerem
1613 5174 1852 5246 Scriptu-

283 5265 470 5306 Μηιηι.

356 5338 379 5366 ε
408 5324 572 5379 Iidem
597 5320 829 5380 mdices,
856 5319 912 5371 in
941 5324 1026 5370 tuo
1048 5310 1199 5384 opere
1213 5310 1500 5386 duceretur.

353 5395 378 5433 ά
409 5372 921 5451 ἕῆἶεξηεῖιδᾶὗῖἡωε
945 5401 1012 5440 ex
1035 5372 1134 5438 m's.
1159 5379 1344 5436 codice
1368 5373 1505 5431 Vict.
1544 5380 1600 5429 et
1623 5373 1711 5430 ed.
1742 5372 1856 5430 Mo-

287 5473 433 5534 gunt.
464 5465 602 5534 Ante
630 5456 1171 5534 erat,e:rergitatimte.
1295 5522 1327 5534 Α
1406 5519 1416 5530 _
1500 5470 1514 5505 ι

361 5546 384 5573 ο
411 5536 507 5590 Ms.
536 5533 672 5586 Vict.
703 5538 757 5583 et
776 5527 862 5583 ed.
894 5525 1053 5591 Mog.,
1078 5522 1463 5592 persecutionis.

364 5604 382 5644 ί
413 5604 509 5659 Ms.
537 5602 700 5666 Vict.,
732 5600 960 5669 ﬁrmare.

363 5684 386 5722 Β
415 5674 512 5730 Ms.
542 5661 904 5739 codci'Viet.,
936 5661 1262 5731 simplicium.
1308 5728 1341 5739 Η
1437 5725 1493 5739 η
1536 5732 1547 5739 Δ
1652 5731 1662 5739 Α

362 5741 387 5782 ³·
415 5722 1045 5812 Χᾶίὶίἶέῇὖὶἰεύὶςιέιεέ
1092 5745 1189 5784 ms.
1223 5728 1408 5782 codice
1437 5725 1572 5779 Vict.
1616 5731 1669 5778 et
1722 5722 1833 5778 edit

1956 3304 2177 3361 fratrem
2208 3305 2516 3372 Eusebium,
2547 3308 2638 3376 qui
2668 3308 2965 3363 litterarum
2994 3317 3205 3364 tuarum
3242 3310 3371 3365 mihi
3421 3325 3546 3379 gra-

1959 3397 2087 3451 tiam
2116 3397 2436 3469 duplicavit;
2468 3400 2707 3454 referens
2742 3401 2897 3470 105
2948 3399 3288 3455 honestatem
3335 3417 3545 3459 morum

1959 3501 2199 3555 tuorum,
2232 3498 2561 3545 contemtum
2590 3491 2777 3553 seculi,
2805 3490 2962 3545 ﬁdem
2996 3492 3264 3559 amicitiae,
3307 3507 3546 3550 amorem

1960 3581 2206 3637 Christi:
2265 3598 2387 3636 nam
2444 3583 2780 3653 prudentiam
2836 3591 2892 3639 et
2942 3582 3144 3654 eloquii
3174 3583 3543 3652 venustatem,

1959 3673 2122 3728 etiam
2153 3673 2354 3745 absque
2383 3674 2474 3729 illo
2504 3675 2617 3745 ipsa
2647 3674 2873 3746 epistola
2895 3674 3232 3746 praeferebat.

2091 3804 2398 3856 sunaosws,
2455 3805 2623 3844 EPIST.
2658 3789 2725 3845 50
2754 3791 2929 3858 (scus
2956 3790 3044 3863 56)
3069 3808 3137 3846 sn
3165 3806 3407 3847 SABINUII.

1961 3889 2163 3953 (Collata
2182 3892 2239 3953 ad
2259 3905 2371 3939 mss.
2394 3890 3003 3953 codicesﬁGemetirenscm
3019 3890 3111 3940 500
3130 3904 3321 3953 annon,
3345 3890 3545 3942 Pratell.

2022 3952 2136 4013 900,
2162 3952 2333 4000 Vindo.
2351 3955 2416 3999 in.
2444 3953 2550 4005 700,
2578 3952 2627 3999 Β.
2653 3952 2873 4013 Michael.
2897 3955 2948 4001 in
2995 3953 3160 4001 Monte
3193 3951 3397 4001 Tumbze
3435 3953 3547 4013 400.

2024 4020 2077 4062 et
2104 4012 2401 4062 Misi-ricord.
2429 4014 2520 4060 Del
2542 4014 2632 4062 600
2657 4012 2847 4073 annor.)

2036 4119 2314 4173 Paulinum
2341 4114 2629 4185 splendore
2672 4115 2884 4181 generis
2906 4115 2961 4169 in
2994 4112 3009 4151 ¹
3044 4116 3285 4183 partibus
3327 4115 3548 4185 Aquita-

1967 4216 2067 4270 nia:
2093 4214 2222 4267 nulli
2270 4209 2583 4271 secundum,
2618 4207 2846 4261 venditis
2898 4204 3259 4273 facultatibus,
3291 4214 3399 4259 tam
3439 4208 3549 4263 suis
3644 4268 3647 4271 _

1964 4320 2127 4376 quam
2155 4303 2319 4358 etiam
2348 4298 2737 4369 conjugalihus,
2767 4297 2818 4350 in
2846 4297 2947 4351 hos
2970 4310 3090 4350 sese
3113 4295 3349 4352 induisse
3373 4297 3549 4353 cultus

1966 4398 2031 4455 ad
2065 4396 2222 4449 Iidem
2252 4391 2511 4461 comperi,
2546 4397 2691 4442 utea
2734 4387 2786 4440 in
2833 4400 3097 4456 pauperes
3144 4385 3386 4440 conferat
3429 4399 3548 4456 qua:

1960 4484 2166 4553 redegit
2192 4484 2244 4537 in
2274 4481 2587 4552 pecuniam;
2618 4484 2674 4532 et
2699 4477 2813 4546 ipse
2833 4488 3038 4545 pauper
3060 4489 3124 4528 ex
3158 4474 3322 4528 divite
3346 4472 3534 4540 factus,

1962 4584 2233 4644 tamquam
2254 4571 2579 4626 deoneratus
2606 4565 2754 4634 gravi
2803 4565 3035 4629 sarcina,
3088 4563 3298 4628 domui,
3329 4566 3535 4633 patrizc,

1962 4664 2266 4737 cognationi
2292 4676 2505 4732 quoque
2534 4659 2817 4722 valedicat,
2843 4673 2950 4728 quo
2981 4657 3271 4723 impensius
3300 4656 3410 4711 Deo
3425 4671 3540 4711 ser-

1963 4761 2092 4817 viat.
2133 4756 2371 4825 Elegisse
2398 4764 2434 4789 ιπ
2466 4759 2646 4805 autem
2672 4757 2939 4804 secretum
2970 4744 3267 4800 afﬁrmatur
3320 4745 3538 4799 Nolana:

1965 4852 2131 4916 urbis,
2155 4848 2246 4903 ubi
2275 4844 2556 4901 tumultum
2586 4841 2846 4910 fugitans,
2872 4853 3044 4893 aevum
3074 4838 3270 4906 exigat.
3296 4836 3538 4891 Matrona

1963 4956 2177 5013 quoque
2205 4937 2387 4993 virtuti
2409 4942 2465 4989 et
2486 4931 2662 4987 studio
2687 4929 2803 4999 ejus
2831 4928 3075 5000 proxime
3102 4927 3326 4990 accedit,
3366 4940 3539 4995 neque

1962 5083 2347 5205 “agilia-Vict.
2378 5153 2434 5201 et
2453 5143 2537 5199 ed.
2563 5142 2728 5211 Mog,
2752 5141 2871 5194 dum
2899 5138 3066 5193 adhuc
3094 5156 3218 5194 non.

2036 5225 2050 5274 i
2091 5220 2188 5276 Ms.
2220 5217 2388 5274 codex
2416 5214 2576 5276 Vict.,
2608 5212 2914 5282 aspergitur.

2033 5292 2060 5331 ι
2090 5291 2187 5346 Ms.
2220 5290 2356 5343 Vict.
2391 5294 2449 5358 et
2472 5284 2556 5339 ed.
2578 5281 2932 5358 Moti-indu"?
2975 5345 3009 5358 η
3165 5347 3177 5358 .
3313 5343 3324 5355 .
3410 5343 3467 5358 υ.

2038 5362 2057 5401 ι
2086 5343 2165 5417 ita
2178 5343 2310 5414 mss.
2339 5357 2551 5410 codices
2578 5343 2939 5411 Pra‘tellensis,
2971 5343 3375 5417 Gemeticensis,
3410 5343 3537 5417 Yin-

1956 5412 2278 5494 docineiisis,
2303 5425 2723 5497 Michaelinusin
2748 5428 2930 5497 monte
2960 5416 3184 5497 Turnha,
3216 5421 3270 5497 et
3296 5412 3531 5497 Μίςτρεὶς

1958 5482 2490 5571 ἧξξᾟίίῦὲήρηιιΐειέ
2539 5494 2822 5571 lectionem
2871 5486 3085 5540 Baronii
3137 5484 3189 5537 in
3219 5482 3533 5539 Annalibus.

1961 5578 2097 5632 Ante
2125 5565 2261 5629 erat,
2281 5565 2337 5621 in
2361 5565 2660 5638 Aquitania.
3158 5622 3192 5638 ν
3233 5622 3244 5635 ε

2032 5621 2287 5697 rA'ddit'a
2311 5621 2569 5708 part’ieula
2597 5642 2766 5687 autem
2795 5644 2863 5685 ex
2915 5639 3042 5682 mss.
3074 5621 3352 5680 codicibus
3397 5640 3534 5697 qua.

1964 5728 2105 5773 lUOl‘.
