4056 6358
201 235 303 290 153

1578 228 2102 285 ρκοιεοοΜΕΝΑ.

3352 233 3454 284 155

199 346 435 401 visendis
458 345 784 400 inhiaremus
807 346 1042 408 avidius,
1075 359 1192 398 eum
1217 357 1407 409 magna
1452 344 1504 394 iu
1555 343 1780 396 borniuo
1808 349 1855 404 Λ
1885 341 1993 404 tui;
2023 341 2066 393 si
2089 356 2208 393 cum
2239 341 2464 394 dixisses
2495 342 2564 394 ita
2596 349 2648 395 te
2677 343 2728 394 in
2759 342 2872 405 illo,
2893 356 3001 408 quo
3016 342 3240 396 leliciter
3265 347 3455 408 uteris,

199 437 528 508 jocunditate
554 439 904 507 suscepimus.
938 435 1104 500 Unde,
1138 444 1227 488 aut
1248 434 1482 503 quando,
1505 439 1596 485 aut
1639 448 1776 501 quo—

200 529 363 584 modo
394 528 477 582 vel
507 544 602 581 vos
634 537 905 596 praestare,
928 527 1011 579 vel
1039 542 1138 579 nos
1159 539 1436 594 possemus
1462 524 1694 590 exigere,
1721 530 1778 575 ut

201 636 300 675 nos
321 619 389 674 de
405 619 558 673 vobis
583 627 726 672 tanta
748 619 1028 672 scribendo
1055 618 1340 681 doceretis,
1363 623 1559 685 quanta
1588 630 1776 668 eorum

199 725 296 765 ore
347 710 664 764 didicimus?
718 709 917 762 Aderat
957 708 1147 770 etiam,
1197 707 1340 774 quod
1393 705 1522 759 nulli
1582 705 1777 759 charta:

201 800 389 855 adesse
417 808 618 869 potest,
641 807 846 854 tantum
873 799 926 851 in
957 797 1294 851 narrantibus
1320 795 1588 863 gaudium,
1612 802 1778 861 utper

200 892 374 960 ipsum
405 890 569 943 etiam
625 890 826 942 vultum
876 889 1166 957 oculosque
1222 886 1567 952 loquentium,
1599 899 1694 936 vos
1723 884 1775 938 in

197 979 452 1032 cordibus
478 993 664 1032 eorum
691 977 921 1046 scriptos
949 993 1068 1030 cum
1121 974 1372 1029 inell‘abili
1411 975 1590 1028 lmtitia
1632 968 1809 1041 lege--'

198 1082 470 1121 remus....
501 1067 607 1121 Sed
629 1081 946 1135 quamquam
973 1066 1155 1133 jugum
1177 1064 1373 1118 Christi
1400 1080 1494 1132 per
1543 1064 1776 1132 seipsum

198 1155 320 1210 lene
356 1159 446 1221 sit,
495 1169 550 1211 et
600 1158 803 1212 sarcina
846 1157 1013 1210 levis:
1049 1166 1222 1209 tamen
1281 1164 1498 1224 prOpter
1543 1163 1776 1206 nostram

198 1249 566 1317 asperitatem,
599 1257 759 1316 atque
784 1247 1160 1308 inﬁrmitatem,
1193 1247 1236 1299 si
1266 1247 1391 1316 quid
1439 1261 1524 1297 me
1570 1245 1778 1297 mordet

199 1337 302 1392 hoc
348 1338 616 1391 vinculum
664 1347 823 1405 atque
878 1345 1030 1403 urget
1083 1336 1186 1390 hoc
1241 1351 1407 1396 onus,
1442 1333 1779 1386 ineliabiliter

199 1426 328 1480 mihi
359 1426 631 1494 aliquanto
663 1435 850 1480 vestrae
883 1426 1176 1494 pnesentim
1205 1425 1397 1478 solatio
1449 1423 1777 1477 tolerabilius

199 1525 255 1569 ct
279 1517 594 1584 portabilius
623 1515 950 1577 redderetur,
976 1530 1110 1583 quos
1154 1514 1310 1566 audio
1341 1514 1482 1567 curis
1511 1511 1772 1580 ejusmodi

198 1604 562 1674 expeditiores
586 1605 964 1672 liberioresque
989 1605 1188 1657 vivere.
1222 1603 1397 1668 Quare
1440 1619 1546 1655 non
1600 1602 1774 1672 impu-

196 1693 390 1746 denter
410 1707 510 1760 ego
541 1708 670 1760 rogo
719 1710 846 1758 vos,
877 1702 932 1746 et
987 1693 1228 1762 postulo,
1262 1701 1317 1744 et
1372 1691 1584 1756 ﬂagito,
1613 1701 1667 1744 ut
1723 1693 1775 1745 in
1813 1707 1852 1764 Β

197 1782 434 1837 Africam
464 1783 665 1850 majore
695 1783 877 1836 talium
909 1783 1178 1836 hominum
1210 1783 1492 1850 siti,‘,quam
1519 1783 1777 1835 siccitatis

197 1873 479 1927 nobilitate
505 1873 838 1926 laborantem
889 1873 1072 1926 venire
1116 1872 1426 1939 dignemini.
1458 1870 1568 1926 Scit
1616 1871 1775 1935 Deus,

195 1963 323 2031 quia
379 1979 486 2016 non
517 1963 688 2015 solum
730 1971 948 2032 propter
991 1961 1314 2016 desiderium
1361 1978 1559 2028 meum,
1603 1978 1775 2031 neque

193 2053 368 2106 solum
400 2064 620 2122 propter
643 2069 737 2106 eos
767 2055 855 2122 qui
887 2053 970 2106 vel
995 2069 1090 2122 per
1121 2069 1217 2106 nos
1261 2061 1496 2106 vestrum
1529 2054 1774 2122 proposi-

194 2151 331 2207 tum,
360 2143 442 2196 vel
473 2143 842 2213 undecumque
892 2143 1031 2197 fama
1081 2143 1404 2213 praedicante
1441 2144 1772 2208 didicerunt;

190 2233 290 2288 sed
314 2235 474 2288 etiam
499 2243 718 2304 propter
744 2245 984 2300 ceteros,
1015 2218 1104 2306 qni
1148 2237 1337 2306 partim
1387 2253 1491 2291 non
1533 2239 1772 2303 audiunt,

189 2327 394 2395 partim
423 2327 600 2380 audita
623 2342 729 2381 non
759 2328 1003 2393 credunt,
1037 2338 1210 2382 tamen
1235 2338 1458 2398 possunt
1500 2340 1772 2399 comperta

187 2419 437 2486 diligere,
470 2435 567 2473 vos
588 2420 702 2473 istis
732 2421 888 2473 terris
907 2422 1066 2474 etiam
1083 2423 1440 2490 corporaliter
1469 2423 1653 2477 adesse
1676 2440 1771 2476 cu-

187 2512 463 2578 pimus....
497 2510 650 2564 Aliud
673 2520 755 2564 est
783 2511 946 2576 enim,
978 2512 1120 2565 nolle
1150 2501 1492 2582 incorporare
1535 2529 1652 2583 quce
1679 2514 1775 2567 de-

183 2608 338 2663 sunt,
371 2600 536 2665 aliud,
561 2599 668 2668 jam
694 2603 1032 2670 incorporata
1057 2601 1330 2655 divellere.
1381 2603 1470 2655 Illa
1503 2604 1644 2656 velut
1671 2604 1772 2656 cibi

131 2678 140 2686 ’
182 2691 564 2758 repudiantur,
599 2691 684 2744 illa
714 2691 861 2745 velut
911 2691 1148 2744 membra
1200 2693 1578 2760 priet-iduutur.
1628 2691 1776 2744 llanc

179 2796 323 2850 ergo
349 2781 549 2836 Christi
579 2783 803 2850 gloriam
833 2782 992 2836 etiam
1025 2783 1196 2835 oculis
1250 2792 1556 2836 nostrorum
1604 2780 1775 2833 homi-

177 2889 322 2927 num
345 2873 592 2941 cupimus
621 2871 914 2931 admoveri,
947 2873 998 2924 in
1043 2887 1150 2924 uno
1204 2869 1454 2938 conjugio
1501 2869 1772 2938 proposita

175 2964 410 3030 utrique
454 2961 604 3014 sexui
641 2960 908 3014 calcanda:
959 2959 1241 3028 superbiae,
1272 2975 1378 3012 non
1434 2957 1774 3026 desperandae

1880 429 2000 482 loco
2029 443 2375 496 perseverare
2401 429 2720 494 decrevisse,
2750 440 2808 484 ut
2835 431 2878 484 si
2932 431 3058 498 quid
3085 431 3153 485 de
3205 441 3257 486 te
3310 434 3456 488 aliud

1880 517 2106 573 Domino
2152 519 2444 586 placuerit,
2481 519 2596 588 ejus
2642 523 2968 576 voluntatem
3025 525 3277 592 praeferas
3325 534 3451 588 tum,
3540 547 3552 561 -

1880 607 2108 676 idipsum
2138 610 2409 674 aliquanto
2437 613 2672 679 apertius
2689 614 3003 681 explicares.
3027 616 3269 680 Quonam
3293 619 3455 672 πηοιό

1879 696 2204 750 voluntatem
2227 697 2340 762 Dei,
2363 714 2482 766 qua:
2533 709 2730 755 nostra:
2785 704 3047 758 voluntati
3096 708 3452 774 prtrponenda

1878 792 1977 848 est,
2007 788 2330 840 noverimus.

1877 889 2216 940 AUGUSTINUS,
2261 893 2429 931 EPIST.
2482 877 2552 930 95
2589 880 2768 947 (Αιυιε
2788 882 2920 952 250)
2964 902 3030 938 Αι)
3080 903 3334 942 ιιΑιυλωι
3385 906 3452 945 ιτ

2508 986 2824 1027 ἸΊΙΕΒΑδΙΑΙο

1881 1055 2005 1116 (lloc
2021 1056 2342 1116 fragmentum
2366 1060 2590 1107 collatum
2631 1070 2707 1110 est
2741 1078 2850 1110 cum
2877 1067 2996 1112 edit.
3017 1066 3208 1116 Bened.
3237 1071 3294 1118 ad
3320 1068 3454 1118 Vati-

2173 1132 2341 1167 Cattutn
2371 1123 2624 1181 exemplar
2648 1133 2699 1170 et
2722 1126 2780 1171 ad
2802 1127 2920 1174 e‘lit.
2955 1127 3156 1189 Lovun.)

1949 1196 2176 1262 Qumsivi
2205 1201 2298 1253 alis
2320 1209 2370 1254 te
2399 1203 2664 1270 prioribus
2692 1205 2901 1273 litteris,
2924 1209 3220 1276 qualisnam
3251 1210 3346 1264 tibi
3374 1212 3454 1265 vi-

1878 1287 2067 1340 deatur
2096 1289 2266 1342 futura
2292 1300 2489 1344 aeterna
2520 1294 2628 1346 vita
2657 1293 2993 1351 Sanctorum.
3025 1298 3130 1352 Sed
3157 1300 3293 1354 bene
3323 1300 3452 1354 mihi

1879 1373 2221 1446 respondisti,
2246 1381 2406 1434 etiam
2427 1383 2492 1436 de
2524 1387 2798 1453 prmsentis
2826 1389 2945 1441 vitae
2964 1397 3104 1442 statu
3134 1391 3306 1445 adhuc
3333 1406 3453 1445 esse

1879 1465 2060 1534 utique
2088 1469 2488 1525 consulendun‘i.

1969 1571 2308 1620 ACGCSTlSt'S,
2339 1574 2507 1612 EPIST.
2539 1559 2638 1612 149
2660 1563 2838 1630 (ALIAS
2874 1564 2968 1633 59)
3000 1583 3064 1620 AD
3101 1585 3382 1623 PAULINL'I.

1881 1641 2078 1702 (Cillan
2097 1652 2210 1693 sunt
2235 1649 2339 1693 ha-c
2363 1648 2626 1705 fragino-uti
2668 1666 2776 1698 cum
2803 1654 2919 1701 edit.
2947 1655 3132 1704 Bened.
3159 1659 3216 1704 ad
3242 1671 3356 1708 mss.
3374 1673 3454 1708 co-

2391 1715 2526 1756 tln'es
2546 1710 2604 1757 '35
2630 1721 2679 1758 et
2704 1715 2823 1761 edit.
2849 1717 2917 1773 4.)

1953 1783 2016 1838 Ut
2041 1787 2212 1854 potui,
2235 1803 2341 1840 non
2371 1788 2515 1842 defui
2543 1790 3045 1860 interrogationibus
3089 1800 3212 1864 tuis,
3245 1801 3453 1868 adjutus

1879 1880 2209 1934 orationibus
2241 1881 2361 1946 tuis,
2394 1891 2447 1936 et
2472 1884 2621 1952 ipsis,
2649 1901 2782 1954 quas
2837 1889 3049 1956 misisti,
3079 1892 3454 1962 disputationi-

1877 1967 1975 2020 bus
2007 1970 2128 2021 tuis.
2160 1968 2293 2024 Cum
2325 1973 2465 2026 enim
2497 1975 2872 2044 interrogando
2894 1979 3154 2048 disputas,
3185 1991 3239 2035 et
3259 1984 3454 2050 quteris

1875 2059 2088 2125 acriter,
2113 2069 2166 2112 et
2212 2062 2372 2116 dOI'CS
2422 2063 2782 2120 humiliter....
2836 2067 2950 2121 Non
2999 2071 3140 2123 enim
3197 2073 3450 2128 uberiore

1875 2145 2048 2201 fructu
2080 2149 2204 2215 legit
2229 2152 2310 2204 vel
2340 2153 2486 2206 audit
2523 2170 2606 2207 me
2635 2155 2918 2211 docentem
2967 2175 3030 2213 ac
3076 2162 3447 2229 disSerentem,

1875 2239 1960 2292 vel
1987 2240 2311 2307 quibuslibet
2331 2243 2795 2300 exhortationibus
2846 2249 3226 2305 accendentem
3246 2293 3260 2316 ,
3290 2268 3450 2321 quam

1875 2332 2086 2401 inspicit
2112 2342 2163 2386 te
2186 2335 2471 2388 viventem.

1873 2460 2209 2512 AUGUSTINUS,
2235 2463 2402 2502 EPIST.
2437 2447 2537 2501 186
2583 2449 2755 2518 (ALIAS
2786 2450 2908 2520 l06)
2950 2467 3154 2507 CONTRA
3202 2470 3450 2509 rauci»-

2419 2554 2516 2593 ηοξ
2544 2557 2609 2592 AD
2639 2557 2918 2594 PAULINUI.

1875 2623 2245 2685 (Fragmea'um
2273 2626 2388 2674 illud
2427 2628 2517 2734 οιιὲ
2553 2636 2884 2748 ιὲηιιάφῗιὶἳιη
2904 2630 3023 2678 edit.
3047 2631 3232 2680 Bened.
3256 2632 3313 2680 ad
3337 2646 3451 2681 mss.

2539 2703 2565 2733 (ἓ
2615 2704 2642 2734 ε
2682 2703 2692 2734 Ι
2723 2725 2734 2735 .
2793 2728 2801 2736 .

2539 2703 2588 2734 (ξι
2615 2703 2734 2736 eutt.
2757 2703 2801 2736 4.

1944 2763 2168 2818 Oremus
2190 2780 2319 2833 ergo
2343 2783 2440 2836 pro
2470 2768 2592 2832 illis,
2611 2778 2794 2824 sancte
2824 2769 3028 2824 Frater.
3057 2771 3242 2826 Cernis
3258 2775 3454 2845 quippe

1876 2854 2152 2908 nobiscum
2199 2871 2359 2923 quam
2420 2858 2562 2910 malo
2609 2874 2793 2913 errore
2850 2868 3150 2915 teneantur.
3195 2862 3454 2932 Fragrant
3537 2853 3543 2859 ’

1875 2946 2018 2998 enim
2066 2946 2304 3014 epistolae
2338 2957 2438 3001 tua:
2491 2947 2658 3002 odore
2711 2951 3070 3004 sincerissimo
3119 2952 3338 3019 Christi,
3365 2956 3453 3011 ubi

171 3052 544 3123 perfectionis
571 3051 908 3119 exempla....
954 3050 1220 3105 Adversus
1264 3063 1498 3119 paganos
1545 3059 1596 3103 te
1639 3050 1772 3103 scri-

1876 3037 2310 3102 germanissimus
2359 3039 2544 3104 gratia:
2589 3039 2753 3107 ipsius
2797 3040 3024 3096 dilector
3073 3051 3128 3096 et
3177 3045 3454 3102 confessor

173 3147 320 3200 bere
341 3143 502 3197 didici
527 3159 593 3197 ex
621 3143 873 3197 fratribus
903 3161 917 3206 ς
947 3143 989 3196 si
1013 3143 1139 3211 quid
1177 3143 1243 3196 de
1269 3149 1360 3196 tuo
1405 3151 1620 3211 pectore
1659 3157 1772 3195 me-

177 3247 390 3296 remur,
417 3231 786 3286 indifferenter
809 3233 960 3285 mitte
1002 3240 1061 3285 ut
1105 3231 1342 3299 legamus
1373 3250 1384 3282 :
1419 3248 1537 3284 nam
1585 3239 1770 3300 pectus

179 3333 338 3377 tuum
369 3321 476 3375 tale
504 3321 716 3374 Domini
745 3323 1019 3376 oraculum
1047 3331 1158 3386 est,
1187 3330 1240 3376 ut
1288 3319 1355 3376 ex
1385 3337 1450 3376 eo
1479 3323 1632 3376 nobis
1661 3331 1766 3377 tam

181 3415 404 3485 placita,
429 3422 484 3468 et
510 3413 767 3467 adversus
793 3414 1195 3483 loquacissimas
1222 3415 1542 3483 qumstiones
1593 3416 1766 3484 expli-

182 3507 453 3561 catissima
507 3506 621 3560 dari
670 3522 922 3576 responsa
969 3523 1371 3576 prtesumamus.
1423 3505 1766 3562 Beatissimus

185 3598 350 3650 frater
381 3596 614 3651 Severus
662 3596 979 3650 Milevitana:
1031 3597 1254 3650 antistes
1293 3595 1541 3651 Ecclesiae
1585 3597 1766 3652 debito

186 3688 464 3742 nobiscum
494 3686 671 3742 oflicio
700 3689 1037 3742 sanctitatem
1084 3696 1316 3742 vestram
1368 3689 1578 3743 salutat.
1631 3688 1762 3743 Fra-

188 3786 298 3832 tres
323 3792 538 3847 quoque
566 3792 752 3834 omnes
781 3779 1055 3832 nobiscum
1084 3779 1310 3833 Domino
1325 3780 1636 3844 servientes,
1653 3791 1762 3835 tam

189 3868 240 3922 id
268 3867 488 3933 faciunt,
520 3883 678 3937 quam
704 3885 802 3924 vos
825 3869 1154 3935 desiderant;
1179 3881 1286 3924 tam
1321 3888 1415 3925 vos
1440 3872 1762 3935 desiderant,

190 3958 352 4028 quam
401 3977 497 4016 vos
545 3961 800 4029 diligunt;
851 3971 905 4015 et
952 3971 1059 4016 tam
1108 3965 1364 4031 diligunt,
1417 3980 1576 4032 quam
1638 3967 1766 4018 estis

193 4050 342 4106 bOni.

191 4177 536 4229 AUGUSTINUS,
586 4179 757 4218 EPIST.
837 4163 904 4216 80
951 4163 1134 4233 (suas
1154 4164 1340 4233 65)“)
1395 4179 1655 4216 muuxuu
1700 4179 1766 4215 ET

804 4269 1120 4307 τηεκΑδιΑιί.

192 4345 334 4406 (Illud
355 4347 577 4408 epistolae
601 4346 934 4408 fragmentum
965 4347 1264 4408 recognitum
1293 4348 1370 4408 est
1401 4355 1508 4408 cum
1529 4343 1644 4392 edit.
1669 4343 1767 4390 Be-

532 4410 644 4456 ned.
667 4406 724 4456 ad
749 4420 860 4455 mss.
884 4406 938 4456 2|
967 4414 1019 4455 et
1056 4407 1168 4454 edd.
1193 4407 1333 4454 codd.
1355 4406 1428 4465 l.)

258 4488 410 4544 Nunc
436 4502 566 4556 ergo
588 4489 729 4558 quod
757 4489 906 4544 soleo
928 4503 1059 4556 rogo
1076 4528 1090 4552 ,
1124 4495 1181 4542 ut
1205 4487 1348 4557 quod
1394 4486 1578 4541 soletis
1604 4485 1766 4540 facia-

193 4582 277 4637 tis.
300 4579 478 4636 Oretis
506 4597 605 4650 pro
626 4582 798 4647 nobis,
824 4592 883 4634 ut
916 4580 1090 4634 videat
1117 4578 1258 4633 Deus
1287 4579 1635 4632 humilitatem
1665 4595 1765 4632 no-

192 4678 371 4734 stram,
405 4679 462 4724 et
488 4671 726 4725 laborem
758 4679 1018 4733 nostrum,
1051 4678 1105 4722 et
1124 4669 1357 4723 dimittat
1410 4669 1588 4723 omnia
1637 4684 1764 4737 pec-

194 4772 305 4817 cata
336 4773 544 4817 nostra.
568 4762 814 4832 Colloqui
837 4770 1014 4814 autem
1045 4761 1317 4814 vobiscum
1348 4759 1471 4812 talia
1501 4761 1690 4828 cupio,
1725 4760 1765 4812 si

193 4853 498 4923 dignemini,
527 4853 735 4917 litteris,
766 4853 942 4921 qualia
977 4851 1211 4918 colloqui
1256 4865 1554 4920 possemus,
1589 4849 1633 4903 si
1677 4865 1767 4902 co-

194 4959 302 4997 ram
333 4945 528 4999 vestris
578 4944 822 4998 sensibus
867 4941 1192 4997 adessemus.
1241 4941 1395 5003 Ecce,
1423 4941 1568 4994 illam
1623 4956 1768 5009 qua:-

191 5037 533 5102 stiunculam,
553 5052 712 5105 quam
769 5049 937 5104 nuper
981 5047 1391 5104 pr0posueram,
1425 5042 1695 5100 tamquam
1725 5033 1767 5085 si

194 5141 427 5193 praesens
458 5127 614 5196 108
643 5125 889 5194 praesenti
921 5125 1058 5178 inter
1076 5124 1259 5178 dulces
1288 5123 1527 5191 loquelas
1547 5132 1570 5158 α
1603 5105 1768 5176 obde-

194 5231 326 5282 rem,
354 5216 514 5286 plane
542 5216 848 5270 Christiano
897 5217 1168 5270 intellectu
1215 5223 1270 5269 et
1315 5214 1604 5270 devotione
1654 5216 1764 5269 sol-

196 5306 308 5362 visti
340 5306 396 5372 1’;
419 5305 516 5361 sed
535 5307 694 5360 nimis
715 5307 910 5361 cursim
940 5316 995 5361 et
1032 5309 1265 5363 breviter
1296 5325 1308 5358 :
1341 5315 1521 5377 posset
1566 5307 1762 5376 quippe

196 5396 263 5450 ibi
289 5397 563 5467 aliquanto
591 5397 789 5451 diutius
818 5405 870 5451 et
900 5397 1113 5452 uberius
1154 5397 1396 5452 habitare
1444 5397 1614 5466 gratia
1655 5398 1766 5451 oris

263 5545 286 5571 ⁸
321 5535 459 5590 Edit.
502 5537 716 5607 quidam
764 5537 997 5602 codices,
1027 5538 1315 5606 objicerem.
1349 5537 1414 5592 At
1441 5553 1567 5592 mss.
1600 5536 1764 5606 pleri-

197 5621 318 5674 que,
351 5609 604 5660 abderent.

1874 3142 2117 3195 appares.
2145 3127 2249 3180 Sed
2279 3128 2421 3197 quod
2451 3128 2540 3181 diu
2564 3137 2737 3183 tecum
2767 3145 2832 3184 ex
2865 3131 2964 3186 hac
3017 3148 3078 3188 re
3128 3133 3451 3203 loquendum
3513 3188 3524 3200 ,

1872 3216 2192 3284 putavimus,
2219 3217 2392 3286 primo
2418 3219 2541 3287 quia
2577 3217 3019 3287 j‘ocundissimum
3073 3232 3177 3292 est,
3200 3224 3450 3292 fecimus;

1871 3310 2004 3377 Quid
2031 3312 2172 3364 enim
2202 3312 2361 3366 debet
2389 3329 2506 3367 esse
2531 3313 2836 3381 jocundius,
2872 3316 2953 3370 vel
3009 3316 3232 3373 infirmis
3281 3321 3452 3388 gratia

1869 3419 1970 3471 qua
1993 3411 2269 3466 sanantur,
2301 3404 2381 3456 vel
2414 3404 2574 3472 pigris
2607 3406 2777 3472 gratia
2831 3421 2935 3475 qua
2989 3409 3318 3473 excitantur,
3367 3409 3450 3467 vel

1869 3494 2169 3548 volentibus
2189 3495 2357 3561 gratia
2379 3510 2483 3562 qua
2509 3497 2793 3562 juvantur;
2824 3497 3016 3551 deinde
3041 3507 3099 3551 ut
3118 3499 3161 3553 si
3183 3500 3312 3569 quid
3351 3517 3450 3554 no-

1869 3593 1976 3637 stra
2007 3585 2356 3654 dispositione
2402 3584 2512 3638 Deo
2535 3583 2820 3653 adjuvante
2868 3602 3173 3655 possemus,
3207 3597 3295 3643 tua
3343 3606 3450 3645 non

1870 3676 2017 3740 lides,
2041 3677 2132 3730 sed
2163 3676 2281 3730 lidei
2306 3685 2493 3731 contra
2548 3676 2681 3730 tales
2727 3677 3139 3733 adminiculetur
3185 3681 3444 3746 assertio;

1868 3768 2005 3821 sicut
2033 3784 2132 3821 nos
2153 3782 2367 3835 quoque
2399 3767 2450 3820 in
2477 3767 2614 3821 hanc
2639 3767 2941 3822 facultatem
2967 3778 3069 3822 tua:
3084 3772 3451 3838 gemiauitatis

1870 3857 2058 3910 litteris
2089 3857 2422 3926 adjuvamur.
2472 3857 2608 3923 Quid
2637 3860 2780 3912 enim
2821 3861 3037 3915 uberius
3071 3871 3125 3915 et
3172 3865 3450 3918 veracissi-

1869 3963 1953 3999 ma
1983 3947 2317 4001 confessione
2361 3948 2590 4016 plenius,
2617 3963 2776 4016 quam
2834 3949 2959 4002 illud
3008 3960 3086 4003 est
3135 3951 3187 4004 in
3216 3953 3446 4020 quadam

1871 4037 2093 4103 epistola
2127 4045 2234 4097 tua,
2266 4038 2354 4090 ubi
2380 4047 2622 4089 naturam
2661 4046 2899 4090 nostram
2952 4055 3056 4091 non
3106 4044 3361 4095 mansisse
3393 4052 3450 4094 ut

1871 4125 2082 4177 condita
2107 4133 2208 4184 est,
2240 4127 2332 4178 sed
2362 4127 2600 4178 vitiatam
2629 4140 2748 4179 esse
2796 4141 2892 4193 per
2913 4127 3057 4179 illuni
3087 4131 3297 4193 generis
3345 4131 3448 4182 hu-

1874 4215 2015 4265 mani
2066 4223 2290 4282 patrem,
2325 4215 2594 4267 humiliter
2647 4214 2956 4282 deplorasti,
2988 4214 3208 4268 dicens:
3242 4216 3450 4287 Pauper

1873 4319 1964 4373 ego
1994 4313 2042 4356 et
2095 4303 2296 4365 dolens,
2328 4305 2412 4373 qui
2461 4302 2626 4355 adhuc
2677 4312 2896 4357 terrente
2932 4305 3172 4374 imaginis
3213 4308 3451 4378 squalore

1801 4421 1847 4478 υ
1872 4405 2134 4447 concretus
2158 4411 2288 4457 sum,
2321 4404 2369 4447 et
2396 4395 2510 4462 plus
2532 4394 2594 4447 tle
2614 4396 2779 4464 primo
2800 4410 2952 4464 quam
2975 4393 3037 4446 de
3052 4397 3450 4454 secundoAdam

1870 4486 2070 4539 carneis
2117 4484 2346 4538 sensibus
2373 4495 2421 4538 et
2468 4486 2682 4538 terrenis
2721 4484 2916 4538 actibus
2960 4490 3149 4556 refero,
3198 4490 3451 4559 quomodo

1869 4579 1959 4633 tibi
1991 4578 2185 4632 audebo
2216 4595 2294 4631 me
2321 4580 2550 4649 pingere,
2583 4596 2696 4632 cum
2735 4578 2950 4632 corlestis
2974 4582 3218 4652 imaginis
3247 4583 3450 4652 inficia-

1873 4682 1949 4724 tor
1973 4670 2157 4740 prober
2186 4673 2514 4736 corruptione
2545 4671 2788 4723 terrena?
2819 4671 3085 4742 Utrimque
3113 4689 3192 4726 me
3237 4676 3450 4728 conclu-

1871 4762 1944 4814 dit
1969 4762 2151 4830 pudor.
2181 4760 2440 4813 Erubesce
2461 4762 2670 4830 pingere
2690 4761 2824 4831 quod
2852 4778 2983 4826 sum,
3015 4779 3116 4815 non
3148 4765 3311 4818 audeo
3332 4767 3451 4835 pin-

1874 4870 1990 4922 gere
2015 4852 2151 4922 'quod
2181 4868 2282 4904 non
2311 4868 2456 4904 sum:
2479 4853 2564 4903 odi
2594 4851 2730 4922 quod
2772 4868 2904 4915 sum,
2933 4861 2983 4905 et
3031 4870 3132 4906 non
3179 4871 3290 4907 sum
3315 4855 3450 4924 quod

1873 4961 2010 4996 anto.
2051 4944 2201 5012 109
2233 4944 2340 4997 Sed
2363 4944 2486 5014 quid
2507 4944 2695 4996 misero
2741 4945 2865 4997 mihi
2882 4945 3110 5013 proderit
3153 4948 3321 5001 odisse
3347 4951 3450 5002 ini-

1875 5039 2142 5107 quitatem,
2167 5046 2215 5088 et
2243 5053 2418 5089 amare
2440 5038 2675 5089 virtutem
2694 5052 2712 5099 ;
2736 5051 2847 5088 cum
2872 5036 2926 5088 id
2945 5037 3114 5106 potius
3132 5054 3283 5108 agam
3314 5041 3452 5110 quod

1873 5127 1982 5190 odi,
2007 5143 2097 5180 nec
2125 5125 2377 5180 elaborent
2403 5127 2546 5196 piger
2566 5125 2618 5178 id
2647 5127 2814 5195 potius
2844 5144 2995 5197 agere
3020 5129 3156 5194 quod
3183 5129 3333 5182 amo?
3354 5128 3448 5198 lp-

1873 5237 1928 5273 se
1956 5219 2151 5272 discors
2181 5219 2278 5272 mei
2306 5229 2353 5270 et
2373 5220 2613 5271 intestino
2636 5216 2766 5272 bello
2796 5218 3078 5284 distrahor,
3106 5220 3225 5270 dum
3241 5221 3451 5289 spiritus

1869 5313 2112 5362 adversus
2157 5325 2386 5368 carnem,
2430 5325 2549 5361 caro
2597 5309 2842 5363 adversus
2868 5311 3106 5379 spiritum
3133 5310 3371 5372 dimicat,
3404 5320 3453 5362 et

1872 5400 1956 5453 lea:
1985 5401 2211 5470 corporis
2240 5402 2346 5470 lege
2373 5401 2568 5467 peccati
2594 5399 2753 5472 legem
2783 5403 2965 5456 mentis
3021 5399 3326 5469 impugnat?
3355 5399 3450 5453 In-

1941 5544 1963 5580 ιι
1995 5541 2117 5598 limc
2145 5542 2369 5610 epistola
2399 5557 2506 5595 non
2539 5549 2732 5594 exstat.
