4056 6358
581 228 684 293 435

1588 225 1642 278 S.
1688 222 2026 277 ρλιῖωκυε
2066 220 2379 276 NOIANUS
2421 214 2814 271 EPISCOPUS.

3752 215 3854 272 {3.1

571 348 698 419 felix
719 361 831 415 ego,
862 343 948 414 qui
974 342 1028 395 in
1058 357 1137 394 me
1161 347 1461 393 veneriam»:
1487 338 1710 390 inimica:
1735 336 1938 387 arboris
1954 344 2155 404 gustum
2188 343 2231 396 Α
2258 331 2326 383 ab
2354 345 2420 385 eo
2444 338 2629 397 postea
2657 325 3031 395 cognovimus,
3061 324 3380 391 precabatur
3413 339 3426 375 :
3460 323 3709 419 Domine,
3753 341 3855 419 non

572 454 666 502 nec
687 436 864 489 Cruci:
889 435 1029 505 ligno
1055 433 1264 503 digessi.
1298 431 1468 483 Durat
1491 430 1629 483 enim
1674 429 1799 481 mihi
1853 427 1984 480 illud
2014 436 2039 462 κ
2068 444 2159 496 per

486 538 498 551 '
572 528 742 582 Adam
762 528 901 580 virus
929 533 1227 594 paternum,
1277 538 1376 591 quo
1410 520 1796 572 universitatem
1851 518 2052 588 generis
2080 517 2161 569 sui

572 627 722 689 pater
731 615 1097 687 prwvaricams
1111 611 1316 683 infecit?
1329 609 1437 680 (Ea:
1449 611 1598 679 epist.
1616 608 1828 661 Paulini
1840 607 1908 658 ad
1921 607 2161 660 Severum

576 707 663 771 '50,
677 707 748 760 al.
766 706 841 775 8).
858 703 924 757 Et
937 711 1273 770 cetera,.qua:
1288 700 1354 753 de
1365 700 1470 754 hac
1482 700 1691 752 miseria
1706 698 1871 764 multa
1885 698 1908 734 δ
1921 697 2164 751 contexis

578 793 991 867 ingemiscendo,
1007 801 1326 862 exspectans
1339 789 1729 843 redemtionem
1745 787 1986 856 corporis
2002 786 2097 849 tui;
2110 795 2167 839 et

578 889 813 944 nondum
830 902 909 949 re,
928 884 1021 940 sed
1033 899 1129 952 spe
1145 883 1349 936 salvum
1368 890 1419 935 te
1435 895 1553 934 esse
1569 891 1917 945 cognoscens.
1932 874 2037 928 Sed
2053 874 2165 927 for-

578 978 735 1032 tassis
747 987 801 1031 tu
813 976 974 1029 alium
992 975 1044 1027 in
1062 981 1114 1027 te
1131 969 1537 1037 transﬁgurasti,
1553 984 1675 1021 cum
1690 968 1801 1020 haec
1826 966 2051 1028 diceres;
2069 978 2168 1017 nec

579 1069 786 1138 aliquas
814 1067 882 1121 de
924 1080 1088 1120 carne
1129 1062 1546 1131 concupiscente
1597 1058 1853 1112 adversus
1900 1055 2165 1125 spiritum,

580 1160 827 1229 quamvis
844 1158 1013 1212 einon
1030 1154 1350 1217 consentias,
1375 1150 1647 1205 molestias
1673 1149 2000 1216 importunas
2014 1153 2166 1213 pate-

581 1251 678 1315 ris,
695 1258 750 1304 et
765 1248 1045 1303 odiosas...
1069 1245 1142 1298 De
1172 1242 1375 1298 orando
1403 1250 1601 1303 autem,
1631 1249 1685 1292 et
1713 1237 1997 1305 gemitibus
2029 1234 2172 1302 flagi-

590 1340 752 1394 tando
775 1334 1081 1411 proficiendi
1107 1350 1171 1389 ac
1190 1342 1334 1388 recte
1352 1331 1567 1386 vivendi
1591 1331 1653 1383 ad
1656 1330 1875 1398 jutorio,
1900 1338 1921 1365 ο
1939 1342 2057 1396 qum
2080 1334 2169 1387 tua

586 1447 695 1484 non
720 1430 885 1483 fervet
899 1426 1163 1497 epistola?
1189 1423 1326 1490 Quid
1343 1431 1426 1477 est
1448 1423 1521 1476 tui
1544 1430 2032 1491 quantumcumque
2059 1432 2175 1471 ser-

582 1520 775 1583 monis,
796 1518 883 1572 ubi
902 1533 1008 1570 non
1024 1517 1093 1570 sit
1113 1529 1356 1584 sparsum
1376 1510 1710 1581 gemebunda
1726 1510 1944 1577 pietate,
1967 1506 2172 1575 quodin

584 1606 1097 1664 orationedicimus?
1127 1603 1211 1657 Ne
1228 1620 1322 1656 nos
1343 1604 1537 1672 inferas
1567 1601 1620 1653 in
1646 1596 2174 1652 tentationem?lnvi-

493 1676 507 1689 ο
584 1717 704 1757 cem
720 1702 902 1769 itaque
924 1696 1436 1752 nosetconsolemur
1451 1693 1504 1745 in
1518 1691 1602 1745 his
1616 1690 1881 1753 omnibus,
1901 1697 1955 1743 et
1970 1686 2169 1742 exh'or-
2205 1693 2245 1750 Β

586 1800 782 1858 temur,
814 1799 869 1844 et
892 1796 1151 1857 quantum
1171 1786 1261 1840 dat
1292 1783 1547 1839 Dominus
1574 1781 1906 1850 adjuvemus.

587 1926 945 1977 Δυευετιαυε,
982 1925 1083 1963 LIB.
1126 1924 1192 1962 DE
1235 1923 1370 1961 CURA
1411 1921 1510 1960 PRO
1549 1919 1775 1958 HORTUIS
1825 1918 2066 1959 GERENDA
2105 1918 2172 1969 A_D

1245 2013 1525 2054 PAULINUI.

590 2105 879 2168 (Recoguita
920 2110 1033 2152 sunt
1074 2102 1152 2151 illa
1197 2100 1469 2226 [11831³ὶὲιῖ
1516 2097 1573 2147 ad
1618 2110 1733 2145 mss.
1777 2098 1975 2146 COdlCtS
2011 2095 2173 2143 Yatic.

661 2259 762 2314 Diu
788 2256 1059 2313 sanctitati
1082 2263 1207 2319 tute,
1230 2254 1552 2322 coepiscope
1582 2250 1891 2306 venerande
1917 2249 2139 2303 Pauline
2158 2287 2172 2310 ,

591 2352 974 2421 rescriptorum
999 2342 1213 2402 debitor
1240 2344 1335 2407 fui,
1360 2360 1427 2399 ex
1447 2359 1555 2412 quo
1579 2343 1707 2395 mihi
1737 2340 1999 2409 scripsisti
2027 2338 2053 2375 ἀ
2083 2354 2178 2408 per

593 2440 838 2496 homines
853 2438 972 2492 tilia:
996 2445 1195 2492 nostra:
1219 2434 1632 2503 religiosissima:
1652 2432 1844 2495 Florae,
1862 2445 2123 2499 'qumrens
2146 2445 2177 2483 a

594 2548 680 2587 me
709 2537 886 2586 utrum
919 2531 1091 2599 prosit
1122 2538 1145 2566 ο
1169 2528 1363 2596 cuique
1391 2535 1511 2595 post
1538 2533 1784 2593 mortem;
1812 2523 1955 2592 quod
1985 2537 2179 2590 corpus

594 2624 709 2693 ejus
737 2623 877 2693 apud
904 2621 1091 2676 Sancti
1138 2620 1362 2688 alicujus
1401 2617 1716 2671 memoriam
1758 2614 2034 2683 sepelitur.
2066 2611 2180 2665 Hoc

594 2717 736 2772 cnim
768 2714 864 2768 abs
910 2721 962 2767 te
991 2710 1148 2765 vidua
1177 2716 1472 2764 memorata
1502 2707 1768 2776 petiverat
1803 2722 1901 2775 pro
1926 2704 2180 2759 defuncto

497 2847 509 2856 .
595 2809 650 2863 in
690 2807 768 2861 eis
811 2804 1050 2876 partibus
1102 2800 1211 2855 tilio
1238 2816 1336 2854 suo
1370 2818 1383 2852 :
1416 2806 1471 2853 et
1503 2798 1855 2866 rescripseras
1896 2795 2181 2850 consolans

598 2913 740 2965 eam,
762 2895 920 2966 idque
947 2893 1109 2948 etiam
1135 2891 1385 2946 nuntians
1406 2889 1473 2943 de
1494 2887 1756 2943 cadavere
1778 2885 1949 2940 ﬁdelis
1966 2884 2181 2952 juvenis

599 2987 847 3060 Cynegii,
899 2984 1044 3056 quod
1090 2991 1334 3038 materno
1364 2996 1419 3035 et
1464 2978 1789 3050 piolall‘ectu
1831 2975 2178 3042 desideravit,

2264 421 2531 473 ωτι-κάρυ’
2569 418 2725 487 ιιθ
2752 423 2959 485 propter
2978 429 3161 466 aurum
3188 422 3235 465 et
3261 422 3529 483 argentum
3560 412 3579 465 ὲ
3613 410 3703 464 ubi
3722 412 3856 463 enim

2260 512 2364 563 sint
2385 508 2558 561 omnia
2588 523 2721 568 mea,
2753 514 2806 556 tu
2836 505 2956 557 scis.
2990 503 3065 557 Ibi
3096 503 3237 556 enim
3260 502 3496 556 habebat
3524 502 3709 555 omnia
3737 516 3851 561 sua,

2264 600 2351 653 ubi
2381 614 2504 652 eum
2538 597 2773 651 condere
2819 606 2875 648 et
2914 595 3277 648 thesaurizare
3306 595 3394 648 ille
3422 601 3736 658 monuerat,
3764 595 3853 661 qui

2264 689 2379 743 haec
2407 687 2545 741 mala
2572 686 2772 740 mundo
2795 694 3018 738 ventura
3047 684 3386 753 praedixerat.

2441 802 2705 851 δυιῐ-τειοδ
2740 810 2972 849 διεγειιυε
3008 810 3076 847 Δί)
3107 809 3264 847 ΗΝΕΗ
3302 809 3668 848 Βιλιοεοιιυυ.

2265 886 2637 946 (Fragmentum
2679 886 2792 933 illud
2835 894 3141 942 recngmtum
3181 895 3257 931 ρει
3294 885 3354 946 ad
3390 892 3507 946 mss.
3537 887 3738 946 codices
3757 890 3857 932 tres

2236 959 2249 972 '
2276 944 2285 946 ἡ
2329 944 2497 996 Germ.
2533 952 2642 1002 διιυ,
2692 948 2801 1006 700,
2842 947 2933 996 500
2957 959 3147 1001 auuor..
3186 947 3309 994 duos
3328 944 3422 991 Jol.
3449 945 3563 1004 800,
3591 944 3723 994 για..
3746 947 3851 1003 600,

2330 1019 2383 1056 et
2409 1010 2515 1067 llig.
2539 1007 2674 1067 50a.)

2338 1088 2442 1143 Sed
2465 1089 2589 1143 dum
2620 1087 2871 1148 recurris,
2902 1070 3540 1155 diversasque‘regiones,
3566 1088 3710 1153 loca,
3734 1104 3855 1157 por-.-

2270 1190 2374 1243 tus,
2410 1181 2629 1246 insulas,
2661 1179 2928 1247 urbesque
2960 1180 3304 1247 przcterlegis,
3334 1179 3548 1234 Martini
3580 1195 3777 1232 nomen
3806 1190 3857 1233 et

2269 1274 2491 1341 gloriam
2514 1286 2703 1340 sparge
2726 1286 2821 1339 per
2858 1272 3108 1340 populos.
3151 1270 3397 1340 Inprimis
3444 1281 3723 1325 memento
3757 1286 3857 1324 non

2272 1364 2546 1433 praeterire
2576 1359 2959 1429 Campaniam;
2984 1368 3039 1414 et
3068 1361 3112 1413 si
3138 1361 3371 1413 maxime
3400 1375 3591 1414 cursus
3621 1361 3676 1413 in
3707 1359 3858 1414 devio

2271 1458 2362 1521 sit,
2392 1470 2497 1507 non
2525 1463 2701 1506 tamen
2728 1452 2819 1505 tibi
2843 1452 2975 1504 tanti
2997 1452 3105 1505 sint
3132 1451 3215 1504 vel
3246 1464 3560 1518 magnarum
3590 1466 3858 1505 morarum

2276 1544 2380 1596 ulla
2428 1542 2724 1611 dispendia,
2774 1542 2899 1611 quin
2940 1541 3046 1594 illic
3095 1540 3255 1617 adeas
3285 1542 3547 1594 illustrem
3577 1542 3776 1604 virum,
3805 1555 3859 1594 ac

2278 1642 2390 1689 toto
2418 1644 2441 1680 ις
2475 1633 2746 1686 laudatum
2776 1633 2908 1686 orbe
2936 1630 3214 1684 Paulinum
3248 1649 3259 1683 :
3312 1631 3404 1695 illi,
3439 1647 3625 1699 quaeso
3657 1640 3730 1694 te,
3760 1631 3860 1700 pri-

2275 1740 2420 1778 mum
2455 1723 2719 1777 sermonis
2749 1721 2939 1788 nostri,
2972 1720 2996 1757 δ
3028 1721 3171 1789 quod
3211 1722 3298 1775 vel
3344 1722 3598 1775 hesterno
3626 1720 3858 1775 confeci-

2275 1832 2416 1878 mus,
2442 1813 2528 1867 vel
2556 1811 2721 1866 hodie
2760 1812 3011 1876 diximus,
3045 1810 3295 1865 volumen
3337 1812 3544 1865 evolve.
3576 1811 3660 1864 Illi
3690 1810 3859 1865 omnia

2276 1904 2497 1967 referes,
2526 1903 2600 1956 illi
2622 1912 2818 1956 cuncta
2848 1901 3128 1966 recitabis;
3163 1909 3219 1953 ut
3243 1917 3371 1955 mox
3395 1916 3488 1969 per
3511 1900 3665 1954 illum
3688 1915 3860 1954 sacras

2279 1997 2377 2051 viri
2406 1996 2588 2049 laudes
2612 1994 2779 2049 Roma
2806 1976 3099 2060 cognoscat
3123 2011 3134 2045 :
3168 1992 3304 2046 sicut
3329 1994 3559 2062 primum
3590 1992 3745 2045 illum
3769 2008 3859 2044 no-

2281 2095 2451 2140 strum
2475 2085 2711 2139 libellum
2740 2099 2847 2136 non
2870 2099 2967 2153 per
2986 2082 3190 2136 Italiam
3215 2091 3440 2147 tantum,
3458 2082 3556 2136 sed
3576 2099 3678 2152 per
3698 2091 3861 2136 totum

2278 2176 2441 2230 etiam
2466 2174 2676 2228 diffudit
2705 2173 2993 2243 Illyricum.
3024 2172 3117 2227 Ille
3146 2172 3358 2226 Martini
3387 2189 3491 2226 non
3524 2174 3739 2227 invidus
3756 2174 3862 2240 glo-

2279 2267 2498 2329 riarum,
2540 2272 2957 2332 sanctarumque
2992 2265 3007 2299 ι
3057 2263 3107 2315 in
3136 2261 3347 2316 Christo
3390 2262 3650 2316 virtutum
3693 2264 3863 2332 piissi-

2281 2372 2399 2410 mus
2427 2355 2742 2421 mstimator,
2774 2371 2882 2408 non
2913 2356 3111 2410 abnuet
3139 2355 3416 2423 praesulem
3465 2366 3711 2409 nostrum
3750 2372 3863 2410 cum

2281 2464 2381 2502 suo
2410 2446 2587 2502 Felice
2616 2461 2962 2515 componere.

2442 2564 2591 2602 sum.
2634 2562 2867 2601 snvsnus
2895 2563 2961 2601 ne
2988 2558 3108 2602 Vm
3138 2564 3181 2602 s.
3210 2564 3446 2614 unum,
3477 2564 3598 2602 car.
3628 2548 3717 2601 2i.

2284 2640 2428 2700 (Illud
2452 2642 2779 2701 fragmentum
2825 2642 3121 2687 recensitum
3147 2650 3221 2687 est
3246 2639 3446 2701 adrlnss.
3487 2644 3689 2688 tosices
3705 2641 3864 2688 Germ.
3882 2669 3892 2679 ο

2827 2709 2880 2749 ct
2903 2700 3000 2749 Jol.
3021 2703 3113 2750 1100
3138 2700 3332 2762 11111101.)

2354 2783 2607 2838 Paulinus
2635 2799 2786 2847 vero,
2800 2783 2882 2836 vir
2897 2784 3074 2850 magni
3099 2784 3434 2852 postmodum
3459 2783 3676 2837 futurus
3690 2799 3865 2838 exem-

2282 2876 2377 2947 pli,
2410 2891 2530 2929 cum
2561 2876 2774 2929 oculum
2802 2875 3038 2944 graviter
3055 2875 3239 2929 dolere
3266 2876 3535 2945 ccepisset,
3564 2886 3620 2930 et
3639 2876 3752 2944 jam
3777 2892 3866 2945 pu-

2286 2970 2467 3039 pillam
2497 2967 2612 3036 ejus
2637 2968 2870 3022 crassior
2898 2968 3065 3021 nubes
3093 2968 3414 3037 superducta
3447 2968 3696 3033 texisset,
3742 2983 3866 3021 ocu-

600 3056 719 3135 esse
748 3077 1094 3147 completum,
1128 3082 1186 3128 ut
1216 3073 1420 3128 scilicet
1446 3073 1499 3125 in
1527 3068 1876 3125 beatissimiF
1880 3068 2027 3122 elicis
2048 3082 2181 3121 con-
2207 3060 2253 3120 C
2286 3060 2394 3114 lum
2428 3061 2440 3108 l
2473 3058 2589 3126 ejus
2617 3056 2913 3112 Martinus“
2946 3058 3195 3127 peniculo
3215 3058 3457 3125 contigit.
3485 3058 3866 3127 pristinamquo

519 3184 530 3195 '
601 3171 819 3228 fessoris
844 3170 1062 3225 basilica
1108 3174 1466 3240 poneretur.._.
1500 3163 1676 3218 Habes
1704 3162 1769 3217 ad
1798 3178 1862 3216 ea
1890 3177 2009 3232 qua:
2039 3176 2069 3214 a
2099 3176 2183 3214 me

603 3262 800 3335 putasti
842 3276 958 3316 esse
1000 3258 1317 3330 quaerenda,
1365 3256 1575 3326 qualem
1605 3256 1754 3325 potui
1785 3254 2039 3323 reddere,
2073 3268 2186 3306 res-

605 3353 921 3424 ponsionem
952 3365 1127 3404 meam
1160 3366 1171 3401 :
1204 3347 1321 3416 qua:
1349 3348 1395 3400 si
1443 3345 1578 3399 ultra
1621 3360 1782 3414 quam
1831 3343 1847 3381 ί
1900 3344 2030 3398 satis
2077 3352 2183 3410 est,

605 3446 814 3516 prolixa
837 3451 936 3510 est,
965 3442 1031 3497 da
1080 3441 1289 3497 veniam
1318 3458 1329 3492 :
1364 3440 1417 3493 id
1460 3439 1603 3494 enim
1649 3436 1846 3491 factum
1890 3446 1974 3491 est
2002 3451 2186 3490 amore

606 3536 804 3591 diutius
843 3533 1094 3604 loquendi
1126 3541 1321 3587 tecum.
1349 3531 1501 3585 Hunc
1542 3544 1670 3599 ergo
1700 3530 1892 3584 librum
1922 3528 2183 3600 quemad-

607 3627 826 3683 modum
874 3625 1143 3694 acceperit
1167 3623 1489 3678 venerabilis
1543 3623 1759 3676 dilectio
1800 3631 1911 3689 tua,
1943 3631 2070 3692 peto
2100 3637 2184 3675 re-

608 3717 821 3788 scriptis
860 3717 965 3770 tuis
1005 3714 1263 3781 noverim,
1298 3729 1458 3783 quem
1486 3713 1579 3767 tibi
1618 3713 1856 3782 perlator
1884 3714 1999 3782 ejus
2028 3712 2188 3766 faciet

609 3810 726 3866 sine
748 3808 909 3863 dubio
937 3806 1247 3875 gratiorem,
1280 3805 1448 3859 frater
1474 3805 1679 3859 scilicet
1703 3813 1757 3859 et
1787 3808 2190 3876 compresbyter

610 3911 795 3960 noster
823 3898 1205 3963 Candidianus,
1230 3912 1390 3967 quem
1421 3911 1517 3966 per
1548 3906 1664 3950 tuas
1684 3897 1891 3950 litteras
1917 3897 2190 3964 cognitum

612 4004 729 4051 toto
757 3993 919 4050 corde
941 3991 1170 4061 suscepi,
1194 3991 1498 4061 invitusque
1525 3989 1720 4045 dimisi.

755 4132 1096 4179 aucus'rnvns,
1120 4132 1221 4170 un.
1255 4131 1271 4169 1
1298 4131 1366 4170 ne
1389 4130 1638 4170 CIVITA'I'E
1666 4130 1773 4178 DEI,
1798 4130 1913 4168 car.
1950 4114 2034 4168 IO.

613 4209 743 4274 (Hoc
782 4209 1105 4271 fragmentum
1150 4206 1656 4330 collatumuesstfum
1707 4207 1924 4255 editione
1953 4206 2188 4256 Venetica

1268 4281 1344 4316 an.
1441 4284 1453 4315 1
1498 4307 1509 4318 .

1268 4281 1344 4316 an.
1379 4281 1509 4318 Ι-Ηῧ.

688 4370 839 4425 Unde
864 4369 1118 4425 Paulinus
1144 4378 1349 4438 noster,
1372 4371 1613 4427 Nolensis
1633 4374 1936 4441 episcOpus,
1962 4390 2025 4427 ex
2058 4390 2192 4443 opu-

619 4463 914 4520 lentissimo
943 4461 1105 4516 divite
1137 4462 1416 4516 voluntate
1453 4465 1845 4532 pauperrimus,
1896 4475 1951 4519 ct
2002 4470 2190 4536 copio—

621 4554 829 4610 sissime
849 4560 1085 4618 sanctus,
1111 4552 1326 4622 quando
1351 4560 1404 4607 et
1444 4553 1613 4621 ipsam
1638 4555 1826 4609 Nolam
1854 4556 2070 4612 barbari
2098 4576 2192 4612 va-

622 4652 917 4712 staverunt,
945 4659 1067 4699 cum
1093 4645 1162 4700 ab
1181 4644 1261 4698 eis
1288 4651 1578 4710 teneretur,
1604 4646 1682 4700 sic
1725 4647 1777 4700 in
1807 4648 1969 4703 corde
1995 4666 2111 4715 suo,
2140 4657 2196 4703 ut

697 4863 725 4892 ι
749 4853 900 4923 Apud
929 4853 1205 4908 Paulinum
1227 4854 1438 4922 legitur,
1463 4855 1527 4909 ab
1548 4859 1734 4913 Adam.

696 4932 725 4971 δ
754 4932 830 4986 Ita
863 4948 989 4987 mss.
1029 4942 1156 4988 tres.
1197 4933 1267 4986 At
1292 4942 1402 4989 tres
1430 4934 1547 5002 alii,
1578 4947 1632 4990 et
1655 4939 1783 4992 editi
1822 4937 1874 5003 4,
1913 4943 2192 4996 connectis.

702 5034 723 5061 ο
758 5019 919 5087 Editi,
943 5038 1090 5089 quem
1118 5030 1206 5074 tua
1238 5038 1342 5076 non
1384 5024 1559 5093 feriret
1582 5027 1837 5094 epistola?
1876 5029 1980 5083 Sed
2008 5030 2199 5085 melius

625 5108 778 5169 mss.
811 5094 1390 5169 qugjuqnonnfert'et?
1421 5094 1472 5148 id
1501 5103 1603 5156 est,
1632 5112 1749 5165 quae
1774 5114 1838 5152 ex
1866 5100 1972 5153 tuis
2000 5101 2199 5169 episto-

625 5165 709 5227 lis,
740 5160 841 5216 etc'.
877 5160 987 5213 RR.
1016 5160 1117 5216 PP.
1152 5160 1427 5218 Benedict.

695 5239 721 5278 ά
761 5238 876 5293 Νοη
898 5246 1073 5293 exstat
1099 5239 1213 5294 hzcc
1239 5241 1483 5308 epistola.

698 5339 723 5367 ο
750 5327 828 5383 Ita
849 5326 955 5382 duo
981 5343 1108 5381 mss.
1140 5327 1351 5383 codices
1381 5327 1642 5385 Vaticani.
1676 5331 1842 5402 Editi,
1875 5338 2049 5391 alicui.

701 5408 723 5447 ί
747 5408 837 5462 Sic
864 5406 970 5461 duo
993 5424 1122 5462 mss.
1147 5407 1267 5462 Vat.
1292 5409 1400 5478 AL,
1430 5421 1532 5467 sat.

698 5496 844 5577 s_Sic
867 5499 1181 5577 restitutum
1214 5515 1279 5577 ex
1330 5503 1762 5577 mss.__codicibus
1792 5507 1961 5577 tribus
1988 5507 2193 5577 Germ.,

627 5566 981 5647 duobusder,
1033 5568 1305 5647 Victorino
1336 5583 1389 5624 et
1439 5571 1735 5640 Bigotiano.
1794 5575 1848 5630 In
1878 5566 2193 5647 quibusdam

627 5637 800 5697 editis,
832 5636 1166 5693 (vendendum.

2288 3152 2335 3206 ei
2360 3150 2643 3204 sanitatem
2671 3150 2882 3203 sublato
2911 3150 3056 3203 omni
3092 3149 3279 3205 dolore
3309 3150 3560 3204 restituit.

2287 3279 2551 3320 IAR‘I‘INUS
2578 3279 2713 3317 APUD
2742 3258 2889 3318 SULP‘.
2924 3279 3166 3319 εενειωιι
3196 3279 3246 3317 IN
3285 3278 3406 3318 ειυς
3440 3279 3743 3318 νημαι».
3784 3261 3868 3317 ﬁ.

2290 3358 2415 3418 (Hoc
2436 3357 2758 3416 fragmentum
2786 3355 3011 3418 rollalum
3037 3365 3106 3403 est
3136 3358 3193 3418 ad
3219 3360 3247 3403 1
3277 3368 3390 3404 mss.
3418 3355 3587 3405 Germ.
3628 3356 3692 3406 90
3711 3360 3742 3411 ι.
3767 3357 3870 3414 800,

2410 3419 2518 3476 500,
2544 3420 2636 3465 Mlti
2660 3430 2850 3474 annon,
2880 3417 2970 3465 Jol.
2995 3416 3244 3478 800,Vtct,
3273 3420 3382 3477 (illo,
3413 3426 3464 3465 et
3485 3418 3592 3477 Ilig.
3620 3418 3754 3479 500.)

2359 3499 2550 3555 Sermo
2579 3509 2758 3554 autem
2782 3500 2924 3554 illius
2952 3515 3060 3554 non
3083 3498 3221 3554 alius
3249 3500 3390 3569 apud
3420 3514 3520 3554 nos
3570 3498 3691 3563 fuit,
3719 3515 3872 3568 quam

2287 3590 2471 3645 mundi
2500 3590 2659 3658 hujus
2685 3590 2965 3644 illecebras
2994 3598 3049 3644 et
3092 3591 3261 3645 seculi
3291 3606 3457 3645 onera
3497 3591 3872 3660 relinquenda,

2288 3691 2349 3737 ut
2378 3682 2663 3736 Dominum
2691 3680 2872 3735 Jesum
2903 3682 3059 3735 liberi
3089 3682 3432 3752 expeditique
3474 3697 3833 3751 sequeremur
3860 3702 3871 3734 :

2287 3774 2891 3844 pnestantissimumque
2938 3774 3095 3827 nobis
3150 3774 3491 3843 praesentium
3549 3783 3874 3844 temporum.

2290 3864 2510 3917 illustris
2539 3863 2638 3917 viri
2669 3862 2898 3930 Paulini,
2929 3864 3079 3932 cujus
3098 3879 3254 3933 supra
3285 3865 3618 3920 mentionem
3639 3864 3875 3925 fecimus,

2293 3954 2600 4022 exemplum
2651 3954 2965 4022 ingerebat,
3006 3955 3097 4024 qui
3144 3956 3367 4010 summis
3421 3956 3618 4024 opibus
3662 3956 3877 4025 ahjectis

2292 4044 2564 4099 Christum
2588 4054 2824 4113 secutus,
2848 4047 2996 4102 solus
3019 4062 3156 4116 pene
3184 4049 3264 4102 his
3294 4046 3628 4117 temporibus
3648 4063 3877 4118 evange-

2292 4134 2394 4189 lica
2424 4144 2688 4205 prmcepta
2737 4138 3100 4207 complesset:
3135 4139 3282 4193 illum
3327 4139 3482 4193 nobis
3525 4141 3882 4210 sequendum,

2302 4228 2447 4281 illum
2472 4226 2738 4281 clamabat
2760 4228 3102 4282 imitandum:
3130 4231 3452 4298 beatumque
3473 4228 3631 4284 essel
3652 4244 3883 4300 prazsens

2295 4318 2569 4381 saeculum,
2603 4326 2766 4372 tantae
2794 4317 3255 4388 tideivirtutisque
3270 4319 3632 4376 documento:
3657 4337 3782 4374 eum
3802 4336 3884 4374 εε-

2219 4434 2267 4493 D
2293 4409 2524 4463 cundum
2551 4410 2868 4463 sententiam
2892 4409 3117 4475 Domini,
3136 4412 3283 4466 dives
3312 4420 3368 4465 et
3389 4411 3673 4480 possidens
3699 4412 3884 4475 multa,

2293 4497 2574 4553 vendendo
2603 4500 2802 4565 omnia,
2832 4510 2872 4537 ω
2894 4508 2948 4554 et
2973 4500 3150 4556 dando
3170 4503 3512 4572 pauperibus,
3541 4503 3694 4572 quod
3723 4512 3842 4558 erat
3862 4513 3887 4537 ιι

2295 4589 2440 4644 factu
2458 4592 2802 4661 impossibile,
2818 4593 3052 4662 possible
3070 4602 3093 4629 ο
3110 4593 3323 4649 fecisset
3336 4584 3609 4663 exemplo.
3620 4592 3741 4648 Jam
3758 4609 3888 4649 vero

2298 4682 2352 4736 in
2406 4684 2584 4738 verbis
2620 4693 2677 4738 et
2724 4683 3159 4740 confabulatione
3203 4685 3319 4755 ejus
3364 4696 3565 4755 quanta
3613 4688 3885 4755 gravitas,

2375 4889 2527 5017 “ditat.
2547 4893 2945 4950 emendavimus
2973 4911 3041 4950 ex
3088 4904 3294 4966 septem
3322 4910 3450 4950 mss.
3482 4895 3764 4952 codicibus
3792 4911 3886 4949 sn-

2375 4977 2397 5015 a
2441 4980 2486 5017 lC
2516 4981 2579 5017 ιε.

2301 4977 2579 5032 praulctts.

2380 5031 2396 5069 ί
2430 5034 2596 5088 Abest
2623 5036 2678 5088 in
2699 5033 2904 5090 Christo
2926 5051 2956 5089 a
2971 5051 3072 5090 ms.
3104 5035 3290 5091 codice
3311 5051 3420 5092 uno
3447 5036 3555 5091 Jol.
3584 5036 3645 5091 In
3667 5035 3889 5092 Germa-

2302 5104 2453 5179 nensj
2483 5120 2589 5158 uno
2617 5105 2964 5179 additumest
2991 5107 3095 5161 alia
3125 5122 3307 5179 inanu.

2374 5172 2388 5223 i
2428 5172 2502 5226 Ita
2533 5190 2632 5228 ms.
2664 5176 2836 5230 codex
2854 5175 3111 5232 Jolianus.
3142 5178 3285 5233 Alias
3307 5182 3374 5235 ei.

2374 5242 2517 5315 Uis.
2547 5244 2750 5298 codexl
2781 5246 2987 5305 Germ,
3018 5248 3275 5315 penicillo.

2378 5310 2391 5349 ι
2429 5313 2552 5367 Mss.
2584 5316 2692 5389 duo
2720 5317 2931 5371 codices
2950 5310 3155 5385 Germ,
3180 5321 3447 5389 praesentis
3474 5319 3707 5372 semli...
3732 5335 3894 5373 nocu-

2302 5392 2543 5445 mentum,
2571 5385 2727 5438 male.

2374 5452 2532 5525 m_MS.
2568 5452 2591 5505 I
2627 5453 3003 5525 Germanensis
3024 5460 3212 5525 codex,
3246 5462 3507 5518 donando.

2332 5531 2399 5645 οξ
2430 5522 2506 5662 I;‘a
2528 5539 2637 5645 τηε.
2675 5540 2812 5579 unus
2841 5524 3022 5582 Germ.
3053 5522 3222 5585 codex
3254 5548 3373 5586 cum
3440 5533 3621 5588 editis.
3658 5532 3727 5585 At
3760 5545 3894 5589 mss.

2384 5608 2420 5657 ',
2473 5610 2535 5662 ec
2561 5611 2607 5647 ο.

2304 5608 2420 5657 sex,
2454 5608 2607 5657 (acto.

2378 5672 2401 5697 ο
2436 5661 2531 5715 Μς.
2560 5680 2695 5716 unus
2722 5663 2902 5721 Germ.
2937 5669 3138 5737 codex,
3172 5674 3311 5743 fecit.
