4056 6358
229 378 329 436 157

225 597 388 652 quam
445 581 500 635 in
555 580 893 636 exsolvendis
952 580 1346 650 Scripturarum
1422 580 1808 649 quaestionibus

225 680 507 746 promptus
535 682 593 730 et
621 674 812 730 facilis.

232 804 385 874 ιιι
406 813 668 855 nosonws
695 813 1012 863 llPERATOR,
1037 814 1086 852 IN
1115 813 1404 852 RESCRIPTO
1433 812 1536 860 ouo
1566 813 1632 850 an
1650 809 1805 850 srmo-

686 885 792 924 υυιι
825 884 1084 924 PAULINO!
1105 885 1341 923 INVITAT.

253 961 346 1025 (Ex
381 973 467 1010 ms.
513 959 682 1010 codice
706 959 951 1025 Vaticano,
992 960 1416 1025 apudABaronium
1453 971 1580 1007 anno
1611 959 1789 1009 Christi

817 1022 926 1082 H9,
956 1035 1088 1070 num.
1119 1021 1220 1082 20.)

297 1123 498 1178 Sancto
527 1137 592 1176 ac
621 1121 914 1177 venerabili
941 1120 1088 1177 Patri
1114 1121 1338 1176 Paulino
1367 1119 1638 1189 episcopo.

299 1212 530 1267 Tantum
556 1213 656 1267 fuit
698 1212 840 1282 apud
886 1227 986 1270 nos
1013 1220 1162 1268 certa
1190 1211 1432 1276 scientia,
1473 1210 1604 1264 nihil
1632 1209 1698 1266 ab
1726 1210 1812 1266 his

227 1303 601 1360 sacerdotibus
627 1303 721 1372 qui
742 1301 810 1358 ad
836 1303 1098 1374 synodum
1126 1309 1509 1368 convenerant,
1533 1315 1690 1370 posse
1717 1300 1814 1356 de-

226 1394 392 1462 ﬁniri,
424 1409 546 1450 cum
597 1392 876 1448 beatitudo
924 1402 1014 1446 tua
1064 1391 1132 1447 de
1160 1392 1402 1461 corporis
1449 1390 1814 1460 inaequalitate

225 1494 482 1551 causata,
531 1485 738 1540 itineris
776 1500 882 1539 nou
933 1484 1108 1554 potuit
1140 1483 1387 1552 iujuriam
1417 1483 1700 1538 sustinere.
1740 1481 1812 1537 Et

222 1585 447 1648 propter
474 1575 771 1631 absentiam
791 1576 962 1631 sancti
987 1575 1104 1640 viri,
1129 1591 1234 1629 non
1262 1573 1474 1643 quidem
1500 1574 1806 1639 obtentura;

224 1669 442 1724 interim
474 1677 653 1722 tamen
688 1667 816 1721 vitia
843 1667 1180 1737 gratulantur
1208 1665 1381 1736 (forte
1427 1663 1807 1734 grassantur),

218 1777 348 1817 cum
391 1776 554 1832 prava
582 1769 638 1816 et
665 1769 818 1816 vetus
839 1761 1058 1815 ambitio
1101 1767 1157 1814 et
1185 1775 1306 1814 cum
1355 1758 1638 1814 benedicto
1669 1758 1805 1824 viro,

1583 377 2112 438 PROLEGOMENA.

225 495 424 562 quanta
472 487 704 558 dignitas
744 496 896 554 erat;
926 502 1086 558 quam
1134 488 1327 554 alacer,
1384 503 1544 559 quam
1590 487 1806 552 eiiicax,
1840 492 1897 554 Α

2061 491 2342 547 Messalam
2371 495 2569 564 ingenii
2591 498 2722 553 satis
2743 499 2989 569 profundi
3009 542 3023 567 ,

2059 584 2126 640 Et
2145 588 2274 641 nulli
2297 589 2458 644 modo
2479 589 2723 647 Martium
2746 593 3056 648 secundum.

1985 712 2300 763 GENNADIUS,
2334 718 2436 756 LIB.
2477 721 2543 759 nr:
2580 721 2948 832 SCRIP'SgRIBUS
2981 725 3413 778 ecetzsusncrs,

2579 793 2696 830 CAP.
2735 786 2746 797 '
2812 820 2825 832 .
3104 790 3119 799 '

2579 793 2639 830 ca
2649 795 2696 830 ι).
2735 786 2825 833 '48.
3104 790 3119 799 '

1923 929 1927 933 '
1963 856 2040 916 (id
2063 863 2365 920 recognitum
2393 869 2467 912 est
2490 862 2549 912 ad
2568 877 2655 912 ms.
2677 867 2892 917 codicem
2914 867 3081 918 Germ.
3111 871 3228 920 1000
3251 883 3417 923 annor.
3439 874 3457 935 )

1987 939 2240 998 Paulinus
2267 945 2414 1000 Nolae
2443 950 2746 1019 Campaniae
2767 953 3048 1022 episcopus
3065 965 3088 992 ⁸
3105 956 3318 1030 scripsit
3334 973 3489 1014 versu

1914 1032 2120 1100 brevia,
2150 1036 2245 1090 sed
2269 1039 2466 1093 multa:
2497 1048 2553 1094 et
2579 1040 2645 1095 ad
2666 1042 2877 1097 Celsum
2906 1031 3211 1113 quemdam,
3234 1049 3491 1119 epitaphii

1915 1125 2031 1180 vice
2059 1127 2478 1184 consolatorium
2505 1132 2742 1207 libellum
2789 1151 2951 1205 super
2976 1145 3151 1192 morte
3200 1137 3492 1196 Christiani

1914 1226 1970 1270 et
1991 1217 2247 1287 baptizati
2284 1220 2517 1287 infantis,
2546 1239 2640 1294 spe
2669 1225 2969 1282 Christiana
2998 1230 3260 1284 munitum
3294 1249 3306 1284 :
3339 1241 3395 1288 et
3423 1233 3492 1288 ad

1915 1307 2174 1364 Severum
2201 1311 2382 1381 plures
2429 1315 2711 1383 epistolas;
2758 1326 2814 1373 et
2838 1317 2907 1372 ad
2935 1319 3290 1377 Theodosium
3316 1324 3490 1395 impe-

1913 1409 2169 1469 ratorem,
2199 1413 2326 1460 ante
2353 1407 2718 1478 episcopatum
2740 1427 2899 1480 prosa
2929 1419 3306 1488 panegyricum
3331 1434 3492 1489 super

1917 1494 2140 1549 victoria
2170 1504 2553 1568 tyrannorum;
2586 1517 2652 1558 eo
2682 1506 2912 1561 maxime
2951 1508 3095 1576 quod
3125 1508 3228 1564 ﬁde
3268 1520 3324 1566 et
3370 1528 3491 1568 ora-

1917 1587 2063 1642 tione
2086 1589 2206 1659 plus
2227 1606 2389 1659 quam
2412 1595 2576 1649 armis
2604 1596 2812 1652 vicerit.
2845 1598 2995 1655 Fecit
3030 1608 3086 1656 et
3114 1601 3492 1659 Sacramenta-

1913 1678 2054 1733 rium
2099 1686 2154 1733 et
2205 1679 2575 1752 ﬂymnarium.
2603 1684 2684 1740 Ad
2721 1702 2961 1743 sororem
3001 1706 3215 1761 quoque
3243 1695 3494 1764 epistolas

1914 1770 2113 1826 multas
2125 1770 2193 1826 de
2216 1781 2496 1830 contemtu
2519 1777 2704 1832 mundi
2727 1778 2875 1833 dedit
2893 1797 2904 1832 :
2929 1789 2981 1834 et
2998 1782 3064 1836 de
3081 1783 3305 1839 diversis
3319 1788 3493 1842 causis

185 1877 188 1882 -
219 1861 531 1922 sanctaque
573 1853 718 1919 vitae,
750 1852 841 1907 diu
872 1852 1000 1907 velit
1028 1851 1227 1906 habere
1254 1859 1557 1918 certamen;
1590 1859 1648 1905 ut
1675 1866 1808 1906 con-

1915 1862 2125 1918 diversa
2149 1864 2507 1935 disputatione
2534 1878 2790 1925 tractatus
2811 1870 2836 1909 δ
2869 1871 3056 1926 edidit.
3085 1873 3390 1946 Praecipuus
3414 1885 3496 1931 ta-

219 1950 309 1998 tra
336 1943 455 1998 haec
483 1943 792 2012 apostolica:
821 1943 1170 1998 institutionis
1203 1943 1343 1996 bona
1361 1983 1376 2007 ,
1409 1941 1476 1996 de
1503 1942 1805 2012 prmsumtis

219 2051 325 2107 per
363 2037 469 2090 vim
515 2036 810 2107 parietibus
858 2036 1131 2091 existimet
1172 2033 1561 2090 conﬁdendum.
1606 2033 1650 2088 Ο
1679 2048 1809 2089 vere

216 2129 388 2196 digna
426 2127 614 2195 causa;
653 2142 813 2196 quam
853 2142 960 2181 non
989 2127 1090 2180 nisi
1119 2140 1335 2182 corona:
1382 2134 1484 2179 tuac
1511 2124 1668 2180 beata
1697 2125 1810 2179 vita

215 2218 490 2289 designat.
520 2217 754 2272 Dilatum
795 2220 974 2288 itaque
997 2218 1256 2288 judicium
1285 2219 1612 2280 nuntiamus,
1639 2225 1696 2272 ut
1722 2217 1808 2272 di-

215 2313 351 2366 vina
391 2322 658 2382 przecepta
694 2327 761 2366 ex
793 2314 1150 2368 venerationis
1196 2322 1298 2368 tum
1338 2329 1432 2368 ore
1472 2321 1806 2383 promantur,

213 2406 320 2475 qui
342 2421 404 2461 ea
433 2414 649 2461 secutus
677 2405 940 2474 implesti:
967 2421 1065 2461 nec
1093 2415 1272 2476 potest
1299 2407 1432 2462 alius
1453 2422 1639 2462 eorum
1665 2421 1808 2476 prte-

213 2506 507 2568 ceptorum
531 2496 671 2552 lator
691 2497 942 2563 existere,
974 2513 1134 2567 quam
1161 2499 1253 2567 qui
1281 2499 1471 2567 dignus
1499 2497 1812 2567 apostolicis

211 2589 523 2659 disciplinis
546 2597 629 2644 est
658 2589 1004 2659 approbatus.
1027 2588 1344 2659 Specialiter
1364 2589 1562 2657 itaque,
1595 2587 1814 2642 domine

208 2693 433 2749 sancte,
471 2685 664 2740 merito
689 2684 1009 2739 venerabilis
1033 2682 1210 2750 Pater,
1231 2684 1407 2752 justus
1437 2683 1531 2737 Dei
1561 2683 1809 2747 famulus,

208 2777 471 2832 divinum
504 2792 657 2848 opus,
691 2785 966 2833 contemto
989 2777 1196 2842 labore,
1229 2778 1488 2831 tributum
1512 2777 1614 2830 hoc
1657 2774 1814 2829 nobis

206 2868 554 2923 visitatiouis
574 2876 696 2933 tum,
728 2869 773 2924 si
804 2869 878 2921 ita
900 2867 1185 2922 dicendum
1215 2876 1318 2933 est,
1343 2883 1538 2920 munus
1557 2865 1770 2933 indulge
1795 2883 1812 2918 :

206 2969 306 3026 ut,
336 2959 950 3030 postpositisomnibus,
975 2967 1232 3026 quantum
1262 2957 1614 3027 temperantia
1641 2957 1722 3011 his
1759 2964 1818 3012 et

207 3049 596 3118 tranquillitas
637 3048 1028 3117 suﬁragantur,
1078 3047 1281 3118 synodo
1324 3046 1650 3117 profuturus,
1697 3047 1818 3101 sine

206 3139 654 3204 intermissione,
675 3140 838 3193 etiam
853 3139 1129 3193 desideriis
1149 3138 1365 3203 nostris,
1380 3146 1434 3192 et
1450 3136 1814 3192 benedictioni

210 3243 389 3300 quam
420 3228 684 3298 cupimus,
721 3236 773 3282 te
797 3237 1051 3297 praestare
1076 3227 1326 3295 digneris.

217 3367 548 3416 BUCBEBIUS,
583 3367 633 3405 IN

299 3459 558 3514 Paulinus
583 3472 797 3527 quoque
844 3457 1080 3512 Nolanus
1125 3458 1427 3527 episcopus,
1458 3458 1726 3528 peculiare
1755 3468 1811 3514 et

223 3552 449 3606 beatum
479 3547 665 3602 Gallia:
694 3557 891 3601 nostrae
937 3547 1264 3618 exemplum,
1296 3548 1498 3616 ingenti
1539 3549 1809 3618 quondam

226 3640 542 3696 divitiarum
581 3654 763 3705 censu,
796 3637 1066 3694 uberrimo
1114 3640 1434 3709 eloquentiae
1460 3640 1629 3705 fonte,
1653 3640 1726 3693 ita
1757 3639 1812 3692 in

228 3732 558 3789 sententiam
579 3739 816 3786 nostram
835 3732 1274 3802 propositumque
1293 3732 1559 3799 migravit,
1572 3739 1630 3784 ut
1651 3731 1812 3785 etiam

231 3832 456 3880 cunctas
478 3823 766 3879 admodum
791 3822 972 3878 mundi
1003 3831 1184 3894 partes
1209 3824 1424 3894 eloquio
1458 3824 1814 3895 Operibusque

234 3917 572 3987 resperscrit.

683 3367 1022 3405 ΡΛΒΕΝΕΤΙΟΑ
1054 3366 1305 3405 ενιετοιλ
1353 3367 1421 3404 ΔΙ)
1445 3366 1804 3406 νΑιειιιΑιιωι.

384 4044 630 4095 ιίιοδνειι,
659 4043 712 4083 IN
745 4043 1029 4092 CHRONICO,
1056 4045 1124 4082 AD
1155 4045 1331 4084 ANNUM
1366 4045 1575 4085 ARCADII
1603 4046 1672 4084 ΕΤ

865 4113 1075 4152 BONOBII
1105 4114 1178 4152 ιν.

310 4199 588 4264 Paulinus,
619 4199 858 4256 Nolanus
886 4198 1228 4269 postmodum
1255 4200 1559 4270 episcopus,
1581 4201 1816 4257 admira-

234 4293 332 4350 bili
360 4293 612 4364 exemplo
652 4291 882 4347 venditis
923 4291 1192 4354 omnibus,
1243 4307 1362 4346 cum
1403 4300 1544 4348 esset
1571 4292 1819 4348 dominus

236 4383 704 4441 innumerabilium
758 4381 1084 4452 prazdiorum
1107 4423 1122 4447 ,
1183 4380 1493 4450 religionem
1539 4382 1820 4453 expeditus

235 4475 419 4546 elegit.

380 4603 608 4652 ιωτιυε,
638 4603 689 4641 IN
717 4600 995 4652 CHRONICO,
1023 4600 1091 4638 ΔΙ)
1118 4600 1294 4640 ΔΝΝΙΙΙΙ
1322 4600 1532 4642 HONOBII
1564 4602 1691 4640 XXX.

215 4691 219 4694 ’
309 4690 566 4744 Paulinus
594 4687 954 4742 nobilissimus
981 4693 1037 4740 et
1063 4685 1531 4754 eloquentissimus
1548 4729 1562 4754 ,
1615 4686 1816 4742 dudum

237 4779 598 4838 conversione
625 4778 680 4832 in
708 4777 876 4832 Deum
905 4775 1137 4830 nobilior
1158 4775 1347 4842 factus,
1370 4778 1452 4832 vir
1471 4779 1818 4848 apostolicus,

238 4873 373 4928 Nola
403 4869 709 4941 Campania:
731 4869 1012 4940 episcopus
1038 4868 1264 4924 habetur
1290 4871 1510 4938 insignis
1535 4889 1547 4923 :
1573 4872 1660 4926 cui
1688 4871 1822 4926 The-

240 4963 387 5019 rasia
416 4962 485 5017 de
513 4959 739 5029 conjuge
779 4958 919 5014 facta
948 4974 1124 5026 soror,
1157 4960 1468 5014 testimonio
1499 4960 1623 5014 vitae
1650 4960 1820 5015 beatae

235 5063 484 5124 :equatur
510 5061 567 5109 et
583 5053 800 5108 merito.
832 5049 1058 5106 Exstant
1084 5052 1264 5122 operis
1292 5052 1458 5123 ipsius
1480 5053 1677 5122 egregii
1701 5062 1811 5108 stu-

237 5150 326 5204 dia
349 5146 712 5221 praedicanda.

478 5285 714 5327 smoruus
738 5283 1078 5325 APOLLINARIS
1106 5285 1205 5323 LIB.
1237 5284 1307 5334 IV,
1335 5284 1504 5324 erisr.
1540 5267 1590 5320 5.

316 5371 573 5426 Paulinus
599 5376 881 5440 provocat.

584 5507 815 5546 smonws
835 5505 1194 5556 APOLLINARIS,
1227 5506 1386 5546 CARII.
1422 5491 1473 5545 9.

386 5593 496 5649 Sed
524 5607 593 5647 ne
617 5601 672 5647 tu
696 5593 826 5647 mihi
855 5606 1172 5660 comparare
1200 5599 1396 5659 tentes,

387 5686 536 5752 Quos
562 5685 731 5740 multo
752 5687 928 5741 minor
955 5686 1069 5755 ipse
1088 5685 1210 5754 plus
1238 5684 1430 5752 adoro;

249 5782 409 5852 112
439 5777 740 5841 Paulinum,
766 5777 1198 5847 Ampeliumque,
1231 5778 1745 5848 Symmachumque,

525 5873 796 5936 ΡΑτιιοι..
841 5873 1002 5935 LXI.

1913 1969 2036 2008 men
2053 1956 2293 2011 omnium
2315 1959 2694 2028 opusculorum
2714 1961 2831 2030 ejus
2850 1971 2934 2018 est
2975 1963 3111 2019 liber
3137 1964 3206 2020 de
3220 1964 3494 2022 Paeniten-

1914 2047 1989 2101 tia
2014 2046 2155 2102 etde
2195 2047 2376 2103 Laude
2399 2052 2636 2120 generali
2674 2055 2912 2109 omnium
2942 2065 3256 2127 martyrum.
3288 2059 3494 2117 Claruit

1915 2139 2246 2208 temporibus
2279 2143 2300 2172 ⁸
2334 2140 2555 2196 Honorii
2585 2151 2639 2198 et
2658 2144 3015 2202 Valentiniani
3041 2165 3148 2204 non
3169 2151 3342 2205 solum
3371 2167 3495 2208 eru-

1915 2226 2119 2284 ditione
2161 2242 2216 2285 et
2257 2234 2542 2288 sanctitate
2571 2231 2594 2270 ἀ
2632 2236 2782 2302 vitae,
2825 2237 2918 2293 sed
2956 2247 3010 2293 et
3037 2241 3276 2309 ‘potentia
3306 2242 3495 2298 adver-

1914 2335 2032 2377 sum
2061 2322 2347 2380 daemones.

1917 2428 2093 2469 AUTOB
2141 2431 2403 2478 ANTIQUUS
2454 2435 2613 2472 INTER
2641 2435 2809 2474 OPERA
2852 2437 2896 2476 S.
2931 2438 3214 2480 HIERONYII
3268 2443 3412 2482 τοιιο
3442 2443 3498 2483 IX

2298 2501 2468 2541 EPIST.
2497 2487 2531 2540 5
2559 2505 2624 2542 AD
2653 2496 2901 2545 cantari!
2926 2509 3111 2548 PlLlAS.

1987 2573 2134 2629 Istud
2159 2576 2260 2630 sibi
2288 2578 2591 2646 sepulcrum
2621 2589 2675 2632 et
2696 2580 2948 2636 Paulinus
2971 2592 3155 2637 noster
3182 2588 3353 2655 nuper
3385 2587 3497 2656 ipso

1918 2665 2115 2720 divitiis
2153 2682 2275 2721 cum
2303 2684 2398 2722 sua
2427 2671 2830 2726 matrefamilias
2859 2677 3212 2744 comparavit,
3239 2679 3332 2745 qui
3370 2694 3498 2732 eon-
3551 2743 3556 2749 ἡ

1921 2757 2225 2812 versatione
2255 2761 2710 2830 (conversationi)
2740 2765 2907 2820 seculi
2951 2767 3262 2834 morientes,
3287 2785 3316 2822 a
3339 2784 3498 2824 mun-

1920 2843 2147 2900 dialibus
2189 2848 2442 2916 operibus
2469 2849 2581 2919 jam
2617 2851 3013 2921 quiescunt.....
3039 2856 3154 2911 Hoc
3192 2860 3500 2928 sepulcrum
3573 2869 3579 2877 '

1920 2935 2022 2990 sibi
2045 2936 2259 3007 duplex,
2292 2940 2700 3008 patresfamilias
2752 2944 2838 2998 isti
2885 2945 2952 3001 de
2989 2948 3180 3016 qhibus
3220 2949 3383 3005 locuti
3409 2964 3499 3006 su‘-

1919 3042 2057 3092 mus,
2090 3029 2469 3098 providerunt;
2506 3033 2598 3102 qui
2644 3036 2920 3104 senatum,
2973 3038 3228 3109 honores,
3283 3042 3499 3098 divitias

1917 3120 2290 3189 relinquendo,
2314 3125 2509 3178 mortui
2537 3125 2642 3180 illis
2670 3127 3006 3196 videbantur,
3029 3132 3222 3200 quibus
3243 3136 3352 3189 nati
3380 3151 3498 3193 esse

1837 3220 1885 3283 ο
1917 3210 2184 3274 videntur,
2235 3213 2398 3267 etiam
2427 3213 2553 3268 dum
2581 3219 2768 3272 vivunt
2798 3222 3015 3276 mortui.
3047 3215 3186 3278 Ecce
3213 3232 3378 3279 unmh
3409 3242 3496 3280 se-

1914 3303 2178 3371 pulcrum,
2232 3305 2282 3358 in
2330 3321 2438 3375 quo
2485 3312 2824 3366 conversatio
2873 3315 3070 3369 v'etel'is
3116 3315 3348 3371 hominis
3374 3334 3498 3372 eum

1915 3396 2220 3464 crepundiis
2271 3412 2380 3452 sum
2428 3401 2721 3457 nobilitatis
2771 3405 3122 3460 absconditur
3163 3427 3173 3460 :
3220 3398 3348 3463 illud
3396 3411 3499 3464 erit

1915 3487 2079 3553 aliud,
2112 3503 2234 3542 cum
2264 3489 2436 3559 ipsum
2466 3507 2662 3562 corpus
2690 3495 2836 3562 quod
2865 3506 3072 3550 natura:
3101 3497 3217 3564 lege
3237 3498 3496 3554 c‘aducum

1915 3585 2016 3643 est,
2040 3577 2360 3634 dissolutum
2380 3591 2681 3638 revertetur
2696 3585 2749 3639 in
2771 3590 3000 3652 terram;
3025 3587 3092 3641 de
3113 3602 3219 3656 quo
3241 3589 3496 3658 scriptum

1916 3675 1998 3720 est
2032 3687 2044 3720 :
2079 3668 2238 3724 Terra
2267 3688 2340 3735 es,
2373 3683 2422 3726 el
2444 3675 2497 3727 in
2523 3682 2712 3730 terram
2743 3677 2838 3731 ibis
2869 3676 3020 3750 (Gen.
3054 3694 3129 3744 Ill,
3156 3677 3286 3750 l9);
3320 3681 3497 3735 anima

1918 3763 2170 3818 tamenin
2196 3765 2474 3835 refrigerio
2504 3769 2835 3836 quiescente.

1918 3893 2262 3936 CASSIODOBUS
2290 3899 2356 3937 DE
2385 3899 2757 3942 INS'I‘ITUTIONE
2784 3903 3069 4010 DIEIiNARUI
3099 3904 3496 3945 SCRIPTUBARUII

2483 3971 2585 4010 LIB.
2616 3973 2662 4010 ι.
2692 3973 2808 4010 CAP.
2917 3998 2930 4010 .

2483 3971 2585 4010 LIB.
2616 3973 2662 4025 ι,
2692 3973 2808 4013 ωλι».
2842 3971 2930 4010 21.

2103 4042 2196 4104 (Ex
2221 4058 2310 4095 ms.
2337 4048 2504 4096 codice
2528 4047 3130 4108 Fontanetensi,Chiﬁletii
3154 4052 3312 4112 cura.)

1992 4126 2040 4179 ls
2059 4128 2261 4196 (nempe
2282 4127 2652 4197 Hieronymus)
2668 4129 2948 4196 epistolam
2971 4145 3122 4183 suam
3139 4131 3205 4183 ad
3220 4131 3500 4186 Paulinum

1921 4219 1994 4274 ex‘
2017 4225 2267 4272 senatore
2287 4219 2658 4288 presbyterum
2681 4218 2959 4273 miriﬁcam
2979 4219 3286 4285 destinavit,
3301 4220 3500 4276 docens

1910 4312 2373 4384 quemadmodum
2401 4313 2704 4383 Scripturas
2732 4312 2958 4380 divinas,
2991 4313 3225 4368 adhibita
3268 4314 3499 4382 cautela,

1921 4407 2291 4488 perlegeret...
2321 4406 2414 4462 Ille
2440 4407 2583 4462 enim
2608 4407 2821 4478 scripsit
2843 4406 2910 4461 ad
2929 4407 3121 4462 divina:
3147 4406 3279 4476 legis
3301 4422 3502 4463 novum

1925 4501 2203 4566 lectorem,
2239 4500 2328 4570 qui
2351 4508 2560 4555 tantum
2588 4508 2703 4556 erat
2743 4499 2936 4554 litteris
2963 4499 3292 4555 secularibus
3319 4498 3501 4553 erudi-

1845 4593 1903 4658 D
1926 4602 2028 4660 tus,
2053 4600 2111 4647 ut
2130 4593 2289 4648 etiam
2319 4591 2512 4647 librum
2532 4591 2599 4648 de
2627 4591 2929 4648 Theodosio
2953 4591 3192 4663 principe
3212 4590 3501 4661 prudenter

1927 4693 2224 4754 ornateque
2243 4681 2556 4740 coniecerit.

2000 4816 2252 4858 PAULINUS
2276 4814 2656 4855 PETBICOBDIAS
2683 4816 2786 4855 LIB.
2814 4815 2850 4854 ll
2878 4815 2944 4854 DE
2967 4815 3091 4853 V'I'I'A
3114 4815 3159 4854 S.
3193 4816 3431 4855 IAItTIM.

1927 4895 2298 4958 (Fragmentum
2339 4893 2458 4945 illud
2503 4897 2819 5020 recensiturn)
2847 4902 2926 4944 est
2965 4894 3021 4942 ad
3068 4907 3158 4942 ms.
3204 4895 3367 4944 Germ.
3413 4897 3505 4945 {.00

2627 4969 2793 5007 annor.

2627 4969 2776 5007 8000f
2783 4995 2793 5006 .

2000 5036 2139 5120 Quin
2167 5061 2224 5107 et
2249 5052 2475 5108 Paulino
2503 5051 2691 5107 similis
2712 5049 2972 5106 medicina
2998 5049 3226 5103 salutem

1927 5144 2200 5212 Reddidit,
2225 5145 2446 5214 insignis
2475 5143 2596 5199 ﬁdei
2625 5157 2786 5212 quem
2806 5142 2975 5211 gloria
3006 5141 3112 5197 late

1932 5239 2088 5310 113
2115 5236 2334 5303 Extulit,
2367 5236 2599 5291 obducta
2628 5235 2779 5304 cujus
2814 5244 2929 5290 tum
2960 5235 3100 5290 nube
3129 5235 3330 5288 latebat

2000 5361 2025 5388 λ
2054 5352 2143 5407 Sic
2189 5350 2484 5420 repositum
2509 5364 2576 5403 ex
2595 5418 2604 5420 _
2623 5365 2723 5402 ms.
2773 5348 2959 5403 codice
2989 5345 3342 5420 Germanensi
3373 5343 3507 5396 1000

1929 5438 2120 5477 annor.
2153 5417 2290 5474 Ante
2315 5427 2431 5475 erat
2460 5419 2513 5472 in
2544 5418 2720 5483 editis,
2747 5417 3075 5489 εοηιρριςιιὶι.Δ
3133 5465 3135 5468 ι

2003 5491 2030 5532 b
2055 5491 2220 5546 Abest
2240 5491 2343 5544 hoc
2373 5489 2593 5543 verbum
2623 5505 2652 5542 a
2685 5503 2784 5542 ms.
2820 5484 3008 5542 codice
3037 5484 3215 5538 Germ.

1973 5574 2022 5602 ‘c
2051 5561 2150 5617 Ms.
2179 5558 2361 5615 Germ.
2392 5558 2580 5622 codex,
2615 5557 2906 5612 Theodosii.

1995 5632 2020 5672 ἀ
2039 5633 2096 5686 in
2120 5633 2310 5688 eodem
2341 5647 2438 5685 ms.
2465 5630 2650 5683 codice
2670 5630 2825 5681 deest
2849 5628 2993 5687 vilw;
3024 5625 3122 5680 sed
3152 5625 3292 5680 hanc
3319 5642 3505 5682 vocem

1925 5703 2261 5763 retinendam
2292 5699 2611 5756 conﬁrmant
2640 5697 2804 5766 verba
2842 5693 3070 5749 Usuardi
3107 5695 3161 5750 in
3192 5694 3506 5766 Martyrolo-

1927 5778 2013 5849 gio
2034 5776 2278 5830 desumta
2305 5787 2370 5824 ex
2403 5771 2519 5837 ipso
2547 5765 2844 5849 Gennadio.

3068 5867 3109 5930 5
