4056 6358
1916 257 1980 270 κ--ς
1990 252 2064 286 »ἀ
2137 265 2217 275 _...-

560 361 662 419 159
1582 355 1639 412 S.
1683 353 2026 415 PAULINUS
2063 355 2132 416 Nl

2239 358 2386 416 iNUB
2430 358 2824 419 EPISCOPUS.

553 477 733 542 Visus,
760 479 816 530 et
843 471 1032 529 infusis
1057 470 1232 540 caligo
1257 475 1476 525 extenta
1504 468 1748 526 tenebris

555 568 792 624 Arcebat
820 572 1068 622 cunctam
1089 560 1418 618 macularum
1448 561 1686 629 tegmine
1710 559 1886 618 lucem
1912 578 1928 614 :

3741 368 3852 424 HO

2170 477 2226 536 Α
2253 475 2437 529 victum
2479 491 2497 528 :
2543 475 2789 540 sedilia,
2821 475 2974 544 quasi
3000 483 3250 545 strenua,
3299 481 3566 538 reservari
3593 483 3844 550 cupiens,

556 659 730 728 Quam
759 658 894 714 levis
919 664 975 712 et
1004 653 1148 716 textui
1177 660 1322 708 tactu
1345 666 1606 722 suspensa
1635 649 1843 720 fugavit

553 750 810 821 Spongia,
841 747 1018 801 vicino
1045 743 1342 802 benedicta;
1371 757 1596 803 munere
1624 740 1830 796 dextras

555 841 684 898 Mox
711 839 927 895 admota
953 835 1113 892 oculo
1141 852 1154 888 :
1185 833 1376 890 didicit
1397 833 1509 903 jam
1534 832 1743 888 reddita
1771 832 1947 891 lucem

551 933 717 989 Ferre
744 931 917 996 actas,
948 929 1237 997 lumenque
1257 941 1458 984 novum
1479 925 1674 979 mirata
1700 925 1928 995 recepit.

552 1024 728 1095 Atque
755 1021 963 1082 utinam
990 1017 1162 1075 nostri
1185 1017 1438 1073 tenebras
1465 1015 1784 1084 contingere
1810 1015 1990 1075 cordis

551 1112 670 1168 Tali
699 1113 818 1167 luce
845 1110 974 1166 velit
997 1107 1170 1164 sancti
1196 1105 1463 1163 medicina
1489 1106 1746 1176 patroni;

552 1205 765 1260 Reddat
793 1211 854 1258 ut
879 1200 1086 1269 antiqui
1115 1215 1327 1255 rursum
1356 1198 1611 1270 mysteria
1635 1197 1767 1254 facti

549 1294 760 1352 Nomen
783 1293 945 1359 idem,
971 1291 1319 1360 medieasque
1344 1289 1509 1358 idem,
1537 1304 1638 1359 par
1655 1301 1818 1344 causa
1845 1296 1871 1332 ι
1893 1285 2136 1344 medelas.

597 1421 894 1464 VENANTwS
921 1417 1284 1467 ινοιιτυκιτῦε,
1316 1416 1420 1456 LIB.
1451 1416 1490 1456 ιι
1517 1415 1586 1456 DE
1617 1413 1740 1455 νιτι
1766 1414 1816 1454 Β.
1845 1411 2090 1454 ωτιιιι.

623 1499 940 1569 Paulinique
968 1497 1182 1554 oculum
1212 1503 1353 1550 tetra
1380 1495 1611 1562 caligine
1635 1507 1915 1556 mersum,

547 1591 818 1664 Impositis
841 1589 1088 1646 manibus
1117 1587 1296 1643 radius
1324 1585 1626 1657 penetravit
1651 1590 1844 1640 acutus
1870 1600 1886 1637 :

547 1685 726 1752 Atque
748 1695 944 1738 serena
972 1680 1091 1734 dies
1115 1678 1330 1733 detersa
1359 1675 1506 1730 nube
1526 1672 1740 1731 refulsit
1764 1689 1778 1728 ι

549 1775 755 1830 Lumen
785 1781 841 1828 et
866 1770 1085 1827 emicuit
1107 1769 1270 1825 facies
1297 1783 1406 1824 non
1435 1769 1583 1824 lusca
1608 1767 1918 1837 gemellum,

547 1867 766 1924 Martini
791 1867 970 1936 digitis
999 1863 1120 1921 oleo
1149 1870 1403 1919 manante
1428 1862 1683 1927 lacerum,

548 1957 756 2013 Cuncta
782 1953 1060 2012 salutifero
1087 1967 1350 2024 superans
1376 1952 1600 2024 collyria
1629 1958 1799 2007 tactu.

601 2065 884 2114 IIAR'I‘INUS,
916 2063 1051 2103 APUD
1079 2059 1435 2102 EORTUNATUI
1465 2061 1513 2100 lli
1545 2058 1708 2099 IPSIUS
1732 2059 1858 2099 ΥῙΤΔ
1888 2057 1989 2098 UB.
2022 2056 2081 2097 ll.

617 2143 720 2211 Qui
749 2142 911 2198 Pater
938 2140 1158 2198 illustris
1183 2137 1392 2194 Paulini
1418 2146 1568 2208 gesta
1596 2137 1811 2203 heabat,

547 2237 755 2294 Floruit
777 2236 943 2291 Italia:
969 2249 1076 2304 quo
1101 2240 1226 2304 post
1253 2231 1497 2288 antistite
1524 2231 1678 2294 Nola,

547 2328 664 2396 Qua
690 2329 840 2396 regio
867 2326 1141 2396 Campana
1169 2324 1350 2391 sedet,
1382 2331 1595 2378 rectore
1623 2335 1879 2391 supremo
1905 2339 1916 2372 :

546 2422 707 2477 Dives
736 2420 878 2491 agris
896 2462 912 2488 ,
942 2417 1168 2490 opulens
1193 2415 1422 2483 famulis,
1460 2415 1704 2486 locuples
1731 2422 1786 2468 ct
1815 2413 2060 2478 acervis;

547 2513 644 2568 Vir
663 2528 827 2568 censu
851 2518 1050 2578 vastus,
1081 2509 1194 2564 lare
1222 2509 1418 2576 celsus,
1451 2514 1506 2562 et
1533 2523 1630 2562 ore
1661 2505 1922 2564 rotundus
1947 2522 1963 2569 ;

543 2601 719 2659 Ditior
745 2603 859 2673 ipse
889 2601 1012 2666 ﬁde,
1046 2616 1142 2671 pro
1172 2599 1387 2656 Christo
1410 2598 1467 2652 iit
1493 2597 1594 2654 sibi
1625 2613 1848 2672 pauper,

543 2691 613 2750 Et
639 2692 785 2750 dedit
813 2692 1128 2750 innumeros
1155 2689 1486 2746 redimentes
1514 2690 1741 2745 crimina
1771 2703 2023 2744 nummos
2048 2707 2064 2742 :

545 2785 711 2856 Cujus
739 2800 928 2856 sparsa
954 2782 1072 2838 solo
1101 2781 1351 2852 migravit
1377 2779 1442 2834 ad
1472 2789 1616 2834 astra
1647 2779 1894 2844 facultas,

545 2876 698 2934 Fecit
725 2885 780 2931 et
799 2876 854 2931 in
877 2873 1070 2932 coelum
1092 2874 1273 2944 pigras
1299 2870 1592 2930 ascendere
1617 2879 1789 2926 terras

550 2967 668 3023 Una
697 2967 889 3024 stando
909 2964 936 3004 δ
967 2965 1112 3034 loco,
1142 2972 1197 3020 et
1224 2964 1354 3020 dant
1382 2964 1538 3022 bruta
1577 2963 1645 3018 ad
1673 2963 1848 3018 sidera
1877 2963 2096 3018 saltum.

545 3057 688 3129 Ergo
719 3056 1089 3129 evangelicum
1117 3054 1342 3115 Paulino
1370 3055 1629 3126 implente
1668 3055 1918 3120 relatum,

546 3151 818 3226 Martinus.
835 3149 1064 3208 monitat
1090 3147 1297 3202 cunctis
1321 3146 1485 3201 talem
1512 3161 1632 3201 esse
1660 3146 2011 3216 sequendum,

549 3243 787 3297 Tramite
817 3239 1017 3296 difﬁcili
1046 3240 1221 3317 potuit
1241 3238 1333 3310 qui
1359 3253 1585 3310 pergere
1614 3238 1784 3307 dives,

548 3331 913 3404 Depositoque
936 3347 1102 3390 onere
1129 3331 1369 3386 ascendit
1397 3331 1487 3402 qui
1519 3329 1654 3386 liber
1682 3333 1736 3386 in
1767 3347 1968 3398 arcem,

548 3423 914 3496 Exemploque
941 3439 1168 3482 monens
1193 3431 1349 3478 vocat
1379 3423 1539 3477 altius
1571 3423 1648 3480 ire
1674 3440 1954 3496 sequaces.

594 3555 885 3598 GREGORIUS
912 3553 1235 3594 TUIONENSIS
1264 3553 1574 3603 EPISCOPUS,
1607 3554 1710 3594 LIB.
1739 3555 1777 3594 ιι
1804 3556 1871 3598 οε
1899 3555 2088 3599 ῦιΟΒΙΔ

977 3624 1349 3664 (ἔΟΝΙ-ἚΒΒΟΒυΙί
1364 3649 1379 3674 ,
1413 3624 1531 3663 ωλι».
1568 3607 1686 3662 107.

621 3701 741 3756 Fuit
769 3701 850 3755 vir
875 3701 999 3754 vitm
1029 3699 1353 3754 venerabilis
1379 3697 1634 3756 Paulinus
1653 3739 1668 3764 ,
1713 3697 1936 3755 Nolana:
1963 3701 2132 3766 urbis,

549 3812 616 3852 ex
640 3795 803 3852 nobili
825 3795 993 3864 stirpe
1013 3799 1183 3848 ortus.
1207 3791 1522 3846 Therasiam
1547 3792 1774 3846 similem
1795 3792 1896 3845 sibi
1918 3794 2138 3848 sortitus

550 3897 633 3944 est
661 3887 963 3958 conjugem,
993 3884 1198 3940 habens
1226 3884 1440 3939 divitias
1459 3883 1676 3948 multas,
1703 3890 1760 3939 α
1789 3892 1900 3938 tam
1928 3884 1983 3939 in
2013 3883 2137 3940 fun-

549 3979 739 4034 dorum
767 3977 1125 4049 possessione,
1159 3989 1318 4046 quam
1343 3974 1396 4028 in
1417 3974 1665 4046 prazsidio
1686 3974 1966 4030 domorum
1984 3976 2140 4032 valde

549 4071 700 4126 dives
726 4077 844 4125 erat
871 4083 936 4124 ac
963 4064 1224 4136 locuples.
1284 4062 1390 4120 Sed
1420 4080 1542 4120 cum
1573 4065 1807 4136 primum
1837 4080 1994 4120 aures
2021 4067 2139 4136 ejus

549 4161 962 4232 Evangeliorum
991 4157 1153 4215 lectio
1181 4156 1272 4214 illa
1294 4155 1624 4230 penetravit,
1663 4154 1715 4210 in
1741 4171 1847 4228 qua
1875 4155 2139 4213 Dominus

550 4253 951 4309 adolescentem
968 4265 1067 4323 pro
1102 4246 1302 4304 divitiis
1323 4248 1516 4318 arguit,
1537 4245 1752 4303 dicens:
1789 4246 1954 4315 Vade,
1981 4249 2139 4322 vende

550 4343 726 4397 omnia
751 4357 864 4412 qua:
893 4338 1050 4393 habes
1069 4377 1086 4403 .
1136 4349 1184 4393 et
1213 4339 1281 4397 da
1301 4339 1610 4409 pauperibus
1633 4378 1647 4402 ,
1707 4347 1756 4392 et
1785 4337 1996 4392 habebis
2027 4341 2139 4392 the-

552 4448 763 4490 saurum
790 4430 842 4483 in
867 4428 1029 4484 cosio:
1059 4436 1109 4481 et
1137 4429 1271 4493 veni,
1303 4443 1511 4498 sequere
1540 4443 1640 4480 me.
1672 4425 1910 4482 Facilius
1945 4437 2018 4482 est
2047 4445 2138 4482 ca-

553 4521 741 4582 metum
752 4539 843 4592 per
858 4523 1093 4592 foramen
1113 4535 1235 4573 acus
1252 4520 1496 4588 transire,
1521 4534 1675 4590 quam
1695 4518 1904 4573 divitem
1925 4521 2141 4575 introire

2252 581 2322 620 ne
2347 565 2546 634 aliquid
2573 567 2814 632 deesset,
2841 568 3118 637 porrigere
3137 571 3330 625 noluit.
3347 571 3561 628 interea
3605 572 3844 629 advene-

2251 666 2380 714 runt
2411 658 2630 727 quidam
2654 699 2668 723 ,
2731 658 2887 731 ιιῆ,
2925 659 3164 716 dicentes
3199 663 3395 720 missos
3435 678 3496 719 se
3533 680 3566 720 a
3611 664 3845 724 dominis

2251 749 2392 818 suis,
2438 758 2494 806 ut
2519 751 2595 808 illi
2620 758 2847 810 annona:
2867 767 2930 808 ac
2957 752 3067 808 vini
3094 752 3366 816 deferrent
3411 757 3684 826 speciem;
3745 757 3840 812 sed

2249 854 2349 909 per
2376 841 2480 896 hoc
2504 856 2564 894 se
2592 848 2864 909 moratos,
2905 843 3050 912 quod
3078 852 3196 899 orta
3241 853 3532 915 tempestas
3568 861 3733 900 unam
3765 848 3843 900 eis

2250 948 2374 988 cum
2392 933 2571 990 tritico
2600 934 2882 990 abstulerit
2901 950 3111 992 navem.
3139 935 3289 992 Tunc
3315 938 3398 991 vir
3418 938 3514 993 Dei
3542 954 3841 994 conversus

2251 1025 2321 1080 ad
2345 1025 2646 1090 mulierem,
2680 1025 2754 1078 ait
2779 1044 2790 1078 :
2823 1025 3062 1098 Intellige
3091 1035 3137 1080 te
3161 1043 3294 1080 nunc
3324 1029 3541 1098 pauperi
3561 1044 3722 1082 unum
3748 1047 3841 1098 pa-

2249 1133 2365 1171 nem
2395 1119 2554 1189 fuisse
2576 1119 2806 1189 furatum
2821 1134 2840 1181 ;
2873 1127 2926 1171 et
2945 1117 3062 1172 ideo
3082 1118 3218 1173 hanc
3245 1135 3426 1172 nauem
3453 1136 3566 1173 esse
3585 1137 3834 1174 mersam.

2250 1207 2497 1264 Perrexit
2520 1221 2652 1276 ergo
2678 1224 2803 1264 cum
2831 1209 3086 1278 conjuge,
3137 1211 3290 1278 quasi
3315 1212 3761 1281 peregrinatum
3785 1215 3836 1270 in

2247 1299 2410 1353 aliam
2426 1300 2721 1367 regionem,
2740 1300 2868 1353 nihil
2886 1300 3092 1355 habens
3106 1309 3302 1371 praeter
3316 1308 3516 1356 statum
3531 1305 3832 1372 proprium.

2247 1387 2378 1445 Post
2404 1391 2631 1445 multum
2655 1405 2784 1445 vero
2811 1391 3100 1460 temporis,
3131 1407 3254 1446 cum
3276 1392 3344 1446 ab
3371 1393 3564 1448 incolis
3591 1394 3834 1461 regionis

2245 1495 2356 1534 suae
2379 1481 2766 1549 requirentur,
2799 1496 2902 1535 nec
2928 1488 3114 1550 posset
3140 1483 3357 1551 penitus
3383 1483 3638 1552 reperiri,
3669 1497 3835 1552 nege-

2245 1570 2410 1626 tiator
2435 1570 2502 1626 de
2525 1571 2745 1626 civitate
2773 1571 2863 1627 ills
2891 1572 2957 1626 ad
2986 1570 3127 1626 hanc
3146 1573 3334 1627 urbem
3359 1573 3576 1628 advenit
3593 1615 3609 1640 ,
3649 1574 3707 1628 in
3729 1589 3834 1642 qua

2243 1663 2327 1717 vir
2352 1663 2544 1718 beatus
2563 1662 2770 1717 cmicsti
2791 1661 3020 1718 Domino
3039 1663 3328 1720 serviebat.
3350 1662 3593 1731 Cumque
3613 1664 3833 1719 vidisset

2244 1771 2370 1811 eum
2397 1755 2578 1810 statim
2619 1753 2908 1824 projiciens
2935 1770 2994 1809 se
3019 1754 3140 1809 solo
3165 1795 3182 1822 ,
3230 1763 3288 1809 et
3315 1753 3484 1824 pedes
3511 1755 3686 1808 sancti
3717 1770 3802 1812 am
3819 1783 3833 1795 ο

2169 1842 2222 1907 Ι
2244 1849 2484 1918 plectens
2503 1887 2518 1912 ,
2563 1846 2639 1899 ait
2665 1864 2677 1897 :
2730 1844 2832 1899 Hic
2872 1855 2948 1899 est
2976 1846 3154 1900 beatus
3181 1845 3440 1900 Paulinus
3467 1854 3574 1900 toto
3597 1848 3830 1918 vulgatus

2244 1939 2382 2004 orbe,
2415 1941 2500 2011 qui
2523 1939 2741 1993 multum
2767 1955 2801 1991 α
2826 1941 2933 1992 suis
2959 1938 3151 1992 civibus
3189 1941 3452 2010 quaesitus,
3484 1955 3698 2008 prorsus
3727 1955 3829 1992 nos

2242 2031 2408 2101 potuit
2437 2031 2697 2095 inveniri,-
2739 2037 2797 2084 et
2823 2038 3078 2084 narrante
3104 2045 3172 2084 eo
3200 2044 3390 2084 omnes
3418 2029 3666 2084 actiones
3695 2028 3827 2096 ejus,

2244 2124 2638 2193 obstupuerunt
2665 2123 2780 2178 haec
2803 2122 3107 2176 audientes.
3159 2121 3268 2176 Nec
3295 2137 3447 2176 mora
3466 2162 3480 2186 ,
3529 2120 3828 2176 decedente

2241 2213 2524 2270 sacerdote
2573 2212 2714 2283 apud
2762 2211 3024 2266 Nolanam
3070 2209 3295 2277 urbem,
3373 2212 3490 2281 ipse
3537 2211 3593 2266 in
3651 2211 3828 2266 locum

2241 2307 2480 2377 episcopi
2527 2305 2867 2373 subrogatur.
2928 2303 3173 2358 Habebat
3219 2311 3398 2357 autem
3446 2301 3693 2357 Ecclesia
3741 2301 3827 2356 illa

2240 2402 2438 2456 multas
2489 2399 2740 2463 divitias;
2802 2397 3155 2466 implevitque
3192 2396 3247 2450 in
3275 2411 3398 2450 eum
3425 2393 3690 2450 Dominus
3713 2409 3828 2462 quae

2241 2508 2342 2563 per
2368 2491 2718 2560 Evangelium
2748 2490 3068 2560 promittere
3107 2496 3192 2543 est
3224 2487 3512 2553 dignatus;
3566 2485 3697 2555 quia
3745 2485 3829 2556 qui

2241 2584 2502 2653 reliquerit
2529 2583 2701 2636 omnia
2739 2588 2948 2651 propter
2974 2596 3084 2646 me,
3107 2578 3399 2648 centuplum
3431 2579 3486 2632 in
3531 2577 3625 2632 hoc
3655 2575 3829 2630 seculo

2242 2676 2492 2744 accipiet,
2549 2673 2604 2726 in
2632 2673 2806 2742 futuro
2847 2680 3017 2724 autem
3042 2671 3212 2724 uitam
3239 2677 3486 2724 (sternam
3525 2666 3828 2738 possidebit.

2243 2766 2439 2820 Verum
2468 2771 2708 2819 assumto
2744 2763 3058 2833 episcopatu
3086 2771 3300 2830 semper
3327 2774 3386 2815 se
3415 2759 3678 2813 humilem
3708 2773 3828 2828 pro-

2241 2857 2477 2924 ferebat,
2524 2857 2650 2925 quia
2677 2856 2884 2912 sciebat
2919 2870 2980 2911 se
3008 2854 3152 2924 apud
3181 2854 3348 2910 Deum
3377 2854 3655 2909 excelsum
3683 2851 3827 2906 futu-

2242 2966 2360 3006 rum
2383 2989 2400 3014 ,
2450 2950 2496 3005 si
2522 2950 2879 3004 humilitatem
2905 2956 3142 3004 sectatus
3170 2947 3407 3020 fuisset“
3435 2945 3676 3002 Pecunia
3701 2960 3829 3002 vero

2243 3045 2310 3098 de
2342 3043 2641 3098 redditibus
2669 3041 2944 3105 Ecclesia),
2992 3055 3112 3109 qua:
3138 3055 3330 3094 manus
3357 3038 3476 3106 eius
3505 3037 3829 3106 attingebat,

2243 3134 2526 3190 confestim
2573 3133 2897 3204 pauperibus
2927 3131 3270 3200 erogabatur.
3330 3129 3644 3186 Castissima
3689 3128 3831 3184 enim

2167 3219 2215 3288 Β
2246 3227 2443 3296 conjux
2470 3226 2585 3296 ejus
2616 3241 2723 3280 non
2756 3224 3066 3279 discedebat
3106 3223 3172 3278 ab
3199 3237 3288 3278 eo.
3341 3219 3474 3280 Erat
3519 3228 3706 3276 autem
3756 3219 3831 3276 vir

2242 3324 2463 3372 sanctus
2488 3316 2636 3374 mira:
2665 3315 2996 3388 prudentiae,
3051 3321 3106 3369 et
3136 3312 3418 3368 rhetoricis
3456 3311 3652 3364 litteris
3703 3325 3825 3364 eru-

2242 3404 2404 3460 ditus.
2460 3405 2560 3474 Qui
2593 3414 2799 3459 tantum
2823 3405 2876 3460 in
2904 3405 3102 3458 virtute
3129 3418 3222 3472 per
3251 3401 3606 3471 multiplicata
3633 3401 3834 3470 gratia-

2242 3516 2360 3556 rum
2389 3499 2708 3571 spiritalium
2740 3499 3061 3553 charismata
3084 3495 3436 3570 rcsplenduit,
3469 3503 3526 3549 ut
3548 3495 3604 3548 in
3627 3493 3836 3549 obitum

2241 3606 2434 3655 suum,
2485 3590 2660 3660 ipsum
2709 3587 3037 3658 Martinum,
3099 3585 3518 3655 Januariumque
3558 3583 3832 3650 italicum,

2241 3683 2554 3751 priusquam
2584 3681 2828 3753 spiritum
2867 3680 3144 3746 redderet,
3191 3677 3465 3749 corporeis
3496 3677 3672 3731 oculis
3702 3691 3834 3732 coa-

2242 3774 2593 3844 templaretur
2619 3792 2630 3826 :
2693 3773 2842 3844 prius
2883 3772 3025 3826 enim
3057 3772 3125 3826 ab
3158 3787 3224 3826 eo
3253 3769 3319 3824 de
3360 3769 3465 3824 hoc
3493 3768 3703 3823 mundo
3732 3768 3834 3821 mi-

2242 3872 2548 3932 graverant.
2598 3861 2665 3916 Et
2692 3864 2818 3932 quia
2845 3863 2910 3917 de
2941 3863 3102 3932 hujus
3131 3862 3274 3915 beati
3306 3861 3415 3914 vita
3454 3859 3589 3913 nihil
3622 3859 3833 3927 legera-

2241 3971 2390 4021 ntus,
2424 3956 2623 4010 idcirco
2649 3971 2711 4010 ea
2733 3969 2852 4024 qua:
2883 3970 2979 4023 per
3007 3955 3323 4008 relationem
3357 3952 3593 4008 fidelium
3625 3967 3830 4022 cogno-

2242 4046 2414 4100 vimus
2441 4089 2456 4113 ,
2522 4046 2648 4100 dum
2703 4047 2771 4102 de
2826 4046 3182 4118 eieemosynis
3233 4045 3484 4116 proloqui
3536 4045 3827 4108 voluimus,

2242 4137 2674 4191 memoravimus.
2735 4136 2812 4192 De
2843 4138 3068 4191 transitu
3098 4144 3279 4191 autem
3308 4136 3427 4205 ejus
3453 4144 3534 4190 est
3558 4137 3703 4207 apud
3735 4151 3830 4190 nos

2241 4240 2433 4296 magna
2481 4227 2681 4293 lectio;
2739 4227 2861 4283 ideo
2906 4241 3027 4282 eum
3075 4243 3143 4282 ex
3187 4227 3374 4282 ordine
3415 4227 3694 4296 prosecuti
3721 4242 3828 4281 non

2241 4333 2444 4374 sumus.
2503 4317 2641 4374 Ecce
2669 4318 2798 4387 quid
2831 4319 3013 4374 tribuit
3054 4319 3417 4389 eleemosyna.
3475 4316 3620 4373 Ecce
3641 4319 3829 4388 quales

2239 4412 2520 4465 thesauros
2548 4412 2745 4466 sanctis
2773 4412 2914 4479 suis,
2935 4412 3024 4480 qui
3053 4426 3111 4466 se
3137 4412 3191 4466 in
3221 4410 3548 4481 pauperibus
3573 4409 3821 4477 diligunt,

2245 4501 2658 4571 Deusindulget.
2683 4502 2725 4555 E
2740 4504 3034 4570 contrario,
3056 4503 3291 4557 avaritia:
3312 4503 3456 4556 malo
3477 4501 3828 4567 inhiantibus,

553 4615 610 4668 in
633 4589 844 4685 regnum
858 4589 995 4674 'Dei;
1016 4610 1197 4665 statim
1218 4608 1452 4664 venditis
1473 4609 1721 4668 omnibus
1740 4623 1861 4678 qua:
1882 4608 2132 4678 habebat,

2245 4609 2363 4663 quae
2389 4594 2640 4661 nequiter
2663 4595 3057 4665 concupiscunt
3079 4593 3283 4658 aufert,
3307 4593 3461 4663 juxta
3489 4593 3621 4647 illud
3647 4592 3829 4646 Evan-

555 4705 878 4777 pauperibus
906 4701 1166 4771 erogavit.
1211 4699 1548 4756 Exoneratus
1584 4715 1615 4756 a
1643 4701 1850 4757 cunctis
1878 4701 2139 4772 cupidita-

553 4795 698 4852 tibus
726 4795 1037 4864 Magistrum
1065 4792 1502 4861 liber'sequitur,
1560 4806 1660 4864 per
1698 4793 1815 4848 hate
1854 4808 1916 4849 se
1940 4801 2138 4864 putans

554 4886 793 4960 paradisi
849 4884 1045 4941 divitiis
1097 4883 1433 4957 locupletari,
1483 4884 1531 4939 si
1580 4883 1853 4940 videretur
1899 4885 2034 4940 nihil
2071 4885 2141 4942 de

555 4978 879 5035 transitoriis
905 4975 1204 5050 possidere.
1229 4974 1333 5030 Cui
1355 4975 1608 5045 majestas
1634 4976 1812 5032 divina
1841 4977 2048 5044 tribuit,
2079 4986 2140 5032 ut

555 5068 702 5140 quod
729 5065 1057 5137 impossibile
1085 5064 1295 5120 dixerat
1319 5077 1418 5135 per
1445 5063 1793 5135 Evangelium
1814 5105 1828 5131 ,
1859 5066 1948 5123 hic
1960 5068 2140 5138 possi-

556 5161 736 5217 biliter
763 5156 1057 5233 adimplere
1084 5165 1384 5213 mereretur
1397 5170 1494 5228 per
1513 5166 1712 5213 actum.
1739 5157 1986 5230 Quadam
2004 5173 2140 5215 vero

555 5255 645 5310 die
675 5252 820 5309 venit
847 5249 914 5305 ad
942 5260 1065 5305 eum
1095 5251 1186 5320 qui
1207 5248 1402 5320 stipem
1429 5258 1639 5321 peteret
1661 5293 1675 5319 ,
1705 5259 1763 5306 et
1789 5253 1865 5306 ait
1889 5253 2135 5322 conjugi:

567 5348 730 5414 Vade,
751 5355 800 5402 et
820 5345 888 5400 da
906 5345 953 5400 ei
973 5345 1109 5417 quod
1131 5345 1280 5399 habet
1298 5349 1658 5402 necessarium.
1681 5347 1812 5414 Qua
1823 5350 2134 5420 respondit;

559 5437 684 5494 Non
711 5447 786 5494 est
818 5437 965 5497 nobis
1004 5435 1228 5508 amplius
1270 5452 1424 5508 quam
1467 5453 1599 5495 unus
1646 5439 1817 5510 panis.
1873 5438 1974 5495 Cui
2021 5439 2133 5506 ille,

566 5527 730 5594 Vade,
762 5531 943 5602 inquit,
973 5530 1182 5601 porrige
1195 5543 1355 5595 eum;
1383 5527 1638 5588 Dominus
1667 5531 1803 5586 enim
1825 5528 1967 5586 dabit
1989 5531 2134 5588 nobis

561 5657 1142 5783 θιέιῗιιὲάῗῖἓηὼιω
1169 5677 1240 5720 ex
1260 5661 1434 5725 *θεαί
1456 5678 1560 5723 m5-
1580 5660 1770 5722 0οᾶίοεέ
1790 5658 1971 5722 Germ.
1997 5663 2137 5724 Aule

633 5799 657 5836 ι’
689 5799 771 5853 Al.
805 5797 921 5856 Ima
943 5800 1140 5858 danda.

2245 4685 2369 4753 gelii
2396 4685 2567 4740 sancti
2595 4685 2898 4751 oraculum,
2941 4686 3064 4755 quia
3087 4687 3174 4758 qui
3203 4683 3386 4751 habet,
3428 4682 3638 4737 dabitur
3663 4684 3747 4750 ei,
3783 4691 3830 4737 et

2224 4775 2563 4842 abundabit;
2592 4779 2678 4846 qui
2699 4786 2874 4830 autem
2899 4793 3000 4832 non
3032 4776 3204 4844 habet,
3240 4775 3379 4847 quod
3403 4775 3602 4830 videtur
3639 4775 3830 4831 habere

2245 4869 2509 4939 auferetur
2535 4867 2679 4923 abeo
2705 4867 2917 4940 (Matth.
2945 4884 3070 4937 xxv,
3100 4867 3214 4939 9.9).

2482 4993 2770 5036 cnnconms
2795 4996 2850 5035 ιι.
2869 5022 2883 5047 ,
2914 4995 3015 5036 ιιι).
3044 4995 3098 5035 ιιι
3123 4992 3357 5044 ιιιΑιοαη
3386 4992 3504 5033 car.
3535 4978 3588 5031 t.

2249 5069 2389 5133 (Hac
2411 5069 2583 5120 collata
2605 5083 2714 5120 cum
2734 5084 2851 5122 mss.
2878 5073 3128 5122 codicibus
3148 5071 3362 5133 ἰῆς.ωο
3385 5079 3577 5129 annon,
3599 5067 3698 5117 ιοι.
3717 5070 3831 5118 duo-

2733 5136 2826 5182 bus
2856 5141 2908 5183 et
2931 5136 3186 5182 novissima
3211 5133 3355 5195 edit.)

2318 5215 2452 5270 Cum
2491 5225 2515 5254 ο
2564 5215 2895 5271 smvientium
2922 5215 3309 5272 Wandalorum
3359 5221 3603 5284 tempore
3645 5215 3834 5268 fuisset

2245 5306 2396 5362 Italia
2438 5307 2492 5362 in
2535 5306 2844 5378 Campaniie
2870 5307 3112 5378 partibus
3144 5307 3470 5378 depopulata
3493 5345 3510 5370 ,
3567 5306 3834 5376 multique

2248 5405 2428 5452 essent
2474 5397 2544 5453 de
2590 5399 2689 5452 hac
2737 5408 2881 5453 terra
2931 5398 2983 5452 in
3013 5397 3313 5453 Africanam
3343 5397 3620 5466 regionem
3649 5403 3836 5450 trans-

2245 5487 2408 5553 ducti,
2437 5488 2520 5543 vir
2545 5489 2755 5544 Domini
2781 5488 3038 5546 Paulinus
3051 5498 3254 5545 macta
3270 5504 3392 5558 quae
3409 5487 3439 5526 ά
3462 5487 3532 5544 de
3553 5489 3830 5559 episcopio

2324 5609 2345 5669 ς
2379 5597 2510 5669 Tres
2538 5615 2666 5656 mss.
2693 5601 2927 5669 codices,
2951 5601 3109 5658 Dum.

2319 5666 2343 5702 '1
2375 5667 2462 5722 Sic
2491 5673 2825 5739 reposuimus
2844 5666 3034 5727 ex'ms.
3057 5671 3242 5729 codice
3258 5670 3472 5728 Joliano
3498 5687 3631 5727 uno.
3655 5671 3824 5736 Alter,

2246 5740 2572 5860 muegiscopii
2613 5757 2779 5797 usum.
2818 5742 2912 5799 Ms.
2945 5741 3060 5812 Big.
3085 5784 3102 5811 ,
3153 5744 3240 5799 ad.
3283 5740 3450 5810 Edd.,
3497 5742 3566 5795 ad
3601 5743 3828 5812 ερίδίοΡί
