4056 6358
195 416 280 472 ηε

194 630 280 679 est.
311 617 552 686 Cumque
575 615 686 686 jam
716 613 843 667 nihil
870 621 893 649 ⁸
922 611 1140 666 omnino
1164 615 1467 679 superesset
1491 609 1634 676 quod
1665 623 1760 677 pe-

193 700 410 767 lentibus
440 709 571 763 dare
600 707 864 778 potuisset
891 745 907 770 ,
947 703 1183 774 quodam
1209 702 1302 759 die
1326 701 1574 772 quadam
1604 701 1762 756 vidua

195 801 417 867 advenit,
439 815 562 868 qua:
581 815 614 852 a
635 799 776 867 regis
797 797 1180 852 Wandalorum
1199 808 1400 863 genero
1419 808 1574 848 suum
1595 791 1763 850 lilhlm

195 897 238 948 in
266 893 630 962 captivitatem
655 890 822 946 fuisse
847 888 1064 946 ductum
1085 887 1378 958 perhibuit,
1408 897 1572 955 atque
1590 901 1623 942 ο
1645 886 1764 947 viro

194 983 276 1037 Dei
303 982 421 1050 ejus
452 982 685 1051 pretium
713 979 1040 1050 postulavit;
1087 978 1133 1034 si
1163 976 1301 1032 forte
1330 976 1470 1032 illius
1515 975 1767 1034 doaiinus

193 1077 286 1130 hoc
314 1075 633 1142 dignaretur
665 1074 820 1144 115
858 1071 1103 1140 accipere
1124 1111 1142 1138 ,
1185 1079 1240 1126 et
1270 1071 1416 1126 hunc
1439 1067 1770 1128 concederet

191 1165 249 1218 ad
271 1164 484 1235 propria
515 1177 774 1218 remeare.
825 1161 929 1218 Sed
961 1163 1041 1216 vir
1069 1161 1164 1217 Dei
1197 1175 1528 1230 magnopere
1556 1159 1767 1230 petenti

192 1254 392 1310 femina:
416 1253 550 1324 quid
578 1253 708 1309 dare
732 1253 998 1323 potuisset
1027 1253 1329 1322 inquirens,
1380 1253 1512 1308 nihil
1539 1252 1679 1322 apud
1707 1266 1770 1312 se

190 1346 322 1402 aliud
353 1347 456 1400 nisi
512 1360 571 1399 se
599 1345 842 1400 invenit:
877 1344 1190 1415 petentique
1228 1343 1439 1400 femina:
1470 1343 1764 1413 respondit.

190 1439 402 1496 dicens:
447 1437 671 1502 Mulier,
701 1437 837 1508 quod
879 1438 1077 1506 possim
1117 1437 1241 1494 dare
1287 1453 1393 1490 non
1422 1434 1622 1501 habeo;
1677 1436 1767 1492 sed

189 1529 536 1600 inemetipsunt
563 1528 724 1591 tolle;
767 1544 944 1598 meque
978 1543 1176 1581 servum
1191 1526 1330 1597 juris
1361 1528 1433 1585 lui
1461 1543 1572 1584 esse
1599 1527 1768 1596 proli-

191 1631 324 1688 tcrc;
369 1630 519 1688 atque
558 1628 612 1671 ut
641 1619 810 1688 ﬁliam
841 1629 976 1671 tuum
1020 1618 1269 1687 recipias,
1311 1634 1392 1674 nte
1421 1619 1526 1674 nica
1551 1616 1768 1672 illiusin

187 1711 442 1765 servitium
467 1708 633 1762 trade.
694 1707 848 1775 Quod
878 1708 966 1762 illa
1006 1723 1074 1762 ex
1102 1724 1199 1764 ore
1229 1709 1364 1764 tanti
1394 1707 1494 1764 viri
1523 1709 1768 1774 audienS.

189 1801 486 1857 irrisionem
538 1799 717 1869 potius
746 1799 970 1854 credidit
1011 1814 1171 1868 quam
1199 1801 1650 1870 compsssionem.
1699 1799 1770 1855 At

1544 401 2065 468 PROLEGOMENA.
2697 457 2706 464 .

194 545 280 588 suo
298 525 493 581 habere
521 524 729 596 potuit,
787 519 1013 592 captivis
1041 516 1506 587 indigeMibttsque
1531 516 1756 586 largitus
1782 529 1834 591 Α
1857 521 2065 591 disponi
2100 520 2282 575 debeat
2307 524 2517 593 provide
2537 562 2550 588 ,
2595 525 2721 593 quia
2749 539 2846 578 re:
2867 524 3018 578 citius
3037 565 3050 588 ,
3101 532 3150 578 et
3179 524 3270 580 sub
3301 527 3444 581 omni
3493 513 3499 524 ’

3344 385 3486 469 te

1864 614 2125 668 celeritate
2150 623 2227 668 est
2253 616 2553 669 maritimis.
2610 614 2763 682 Quod
2801 616 2890 671 ille
2917 615 3143 672 sutilem
3163 657 3180 683 ,
3223 618 3348 687 quia
3377 618 3446 673 ab

1863 704 2056 760 eodem
2099 719 2226 775 rege
2275 721 2388 776 prae
2439 707 2636 762 ceteris
2689 707 3058 778 diligebatur;
3115 709 3165 763 ei
3225 709 3448 766 minime

1865 796 2034 851 tacuit
2059 813 2075 864 ;
2125 796 2223 852 sed
2260 797 2388 867 quid
2418 813 2449 851 a
2477 813 2578 853 suo
2606 798 2895 853 hortulano
2914 838 2928 862 ,
2971 800 3216 870 sapiente
3242 802 3448 856 scilicet

1866 888 2014 954 viro,
2046 889 2354 957 agnovisset
2382 888 2658 944 indicavit.
2709 888 2864 955 Quod
2903 890 3033 944 dum
3061 906 3157 945 rex
3189 892 3446 956 audisset,
3498 883 3505 889 ’

1867 978 2011 1034 illico
2042 980 2322 1049 respondit
2349 997 2362 1032 :
2407 976 2522 1052 Ego
2561 981 2739 1034 uellem
2771 982 2934 1044 hunc,
2976 981 3041 1035 de
3079 998 3177 1053 quo
3207 982 3450 1052 loqueris,

1867 1069 2125 1124 hominem
2150 1070 2339 1124 cidere.
2377 1069 2478 1124 Cui
2506 1084 2672 1139 gener
2699 1069 2817 1140 ejus
2834 1112 2850 1138 ,
2891 1071 3217 1125 venerabilis
3245 1070 3451 1125 Paulini

1868 1161 2182 1232 temporalis
2201 1161 2466 1227 dominus,
2495 1162 2794 1232 respondit,
2821 1162 3004 1218 dicens
3028 1180 3042 1215 :
3082 1162 3322 1218 Virentes
3345 1166 3454 1218 lter-

1870 1253 1962 1307 θαι
1989 1253 2117 1308 mihi
2143 1253 2214 1307 ad
2238 1253 2516 1324 prandium
2545 1255 2746 1326 deferre
2790 1254 3050 1309 consuerit
3072 1271 3091 1308 :
3142 1254 3240 1309 has
3281 1257 3455 1326 itaque

1869 1341 1942 1397 ad
1963 1360 2200 1398 mensam
2231 1342 2246 1382 ι
2278 1359 2394 1397 eum
2428 1344 2704 1421 deportare
2731 1346 2921 1416 faciam
2944 1384 2959 1410 ,
3009 1355 3069 1399 ut
3103 1347 3215 1418 quis
3255 1347 3322 1400 sit
3371 1347 3456 1418 qui

1872 1433 1999 1486 mihi
2031 1433 2140 1487 ἠως
2176 1433 2376 1488 locutus
2404 1444 2510 1499 est,
2557 1451 2829 1505 agnoscas.
2881 1434 3216 1506 Factumque
3241 1445 3344 1492 est.
3389 1435 3457 1491 Et

1872 1522 1999 1576 dum
2020 1537 2115 1577 rex
2145 1523 2212 1576 ad
2235 1532 2272 1558 ω
2294 1524 2664 1592 prandendum
2689 1524 2977 1590 discubuit,
2999 1523 3252 1580 Paulinus
3272 1541 3340 1581 ex
3358 1542 3457 1580 suo

1873 1627 2038 1681 opere
2063 1620 2092 1648 ³
2121 1612 2269 1666 olera
2291 1626 2520 1682 quisque
2551 1619 2610 1666 et
2637 1613 2868 1668 virentia
2904 1615 3186 1671 delaturos
3220 1615 3454 1672 advenit.

1874 1702 2116 1770 Cumque
2165 1702 2306 1757 hunc
2351 1716 2447 1756 rex
2471 1700 2880 1773 conspexisset,
2932 1705 3114 1778 subito
3144 1705 3458 1775 intremuit;

1873 1801 2034 1862 atque
2066 1796 2092 1825 °
2119 1792 2383 1847 accersito
2423 1791 2541 1860 ejus
2581 1791 2803 1848 domino
2844 1791 2945 1847 sibi
2993 1809 3090 1863 per
3127 1794 3289 1850 tiliam
3337 1812 3461 1866 pro-

187 1892 303 1962 ille,
371 1900 428 1946 ut
471 1899 590 1945 erat
633 1891 713 1945 vir
749 1889 1224 1959 eloquentissimus
1249 1928 1263 1953 ,
1319 1898 1481 1960 atque
1527 1889 1772 1960 apprime
1798 1895 1847 1957 Β
1874 1885 2097 1955 pioque,
2119 1885 2170 1939 ei
2191 1892 2458 1942 secretum
2479 1884 2622 1952 quod
2644 1885 2791 1955 prius
2807 1885 3164 1942 absconderat
3184 1886 3458 1951 indicari,

187 1984 542 2040 exterioribus
579 1997 793 2053 quoque
819 1981 1009 2035 studiis
1045 1979 1288 2038 eruditus
1311 2022 1328 2049 ,
1385 1981 1651 2038 dubitanti
1685 1979 1768 2036 [ος-
1875 1979 2060 2034 dicens
2087 1995 2099 2030 :
2141 1977 2298 2050 ns
2328 1975 2520 2036 Verum
2537 1986 2616 2034 est
2641 1977 2779 2048 quod
2799 1977 3034 2044 audisti;
3055 1996 3178 2038 nam
3198 1989 3347 2039 nocte
3364 1981 3462 2038 Ira

185 2077 340 2131 mina:
373 2075 536 2130 citius
563 2073 832 2144 persuasit
856 2080 916 2126 ut
941 2071 1121 2128 audita
1151 2073 1428 2141 crederet,
1475 2081 1532 2130 et
1556 2089 1654 2143 pro
1681 2088 1773 2128 re-
1881 2080 1904 2118 Ρ
1928 2072 1986 2124 in
2012 2071 2212 2126 somnio
2236 2069 2470 2126 sedentes
2497 2071 2554 2127 in
2573 2069 2918 2130 tribunalibus
2949 2083 3132 2130 contra
3151 2090 3234 2130 me
3257 2075 3464 2148 judico

183 2167 432 2237 ceptione
482 2165 574 2220 lilii
615 2164 696 2220 sui
746 2164 800 2218 in
838 2163 1119 2219 servitium
1151 2165 1176 2202 δ
1207 2164 1526 2234 episcopqu
1557 2165 1776 2222 tradere
1877 2165 1980 2220 vidi
1999 2201 2015 2228 ,
2047 2165 2184 2218 inter
2207 2180 2335 2233 quos
2357 2165 2454 2219 ists
2479 2164 2636 2220 etiam
2671 2164 3095 2231 s'onulsedebat;
3125 2175 3175 2222 et
3201 2168 3466 2239 ﬂagellum

183 2271 289 2310 non
313 2257 612 2310 dubitaret.
661 2265 682 2327 ὲ
735 2253 1032 2309 Perrexere
1084 2255 1247 2323 igitur
1294 2264 1522 2324 uterque
1552 2257 1604 2312 in
1634 2255 1777 2312 Afri-
1878 2255 2015 2326 quod
2043 2255 2324 2327 aliquando
2350 2271 2648 2326 acceperam
2673 2297 2690 2323 ,
2743 2272 2921 2312 eorum
2947 2257 3074 2314 mihi
3096 2258 3297 2328 judicio
3326 2255 3466 2320 tells-

181 2364 318 2403 cam.
371 2347 398 2384 ἀ
455 2346 775 2402 Procedenti
827 2355 1009 2401 autem
1059 2348 1201 2415 regis
1253 2361 1475 2416 genero,
1523 2348 1616 2422 qui
1655 2347 1774 2417 ejus
1880 2346 2048 2404 batur.
2111 2347 2218 2406 Sed
2251 2356 2588 2418 percunctan
2613 2349 2854 2420 quisnam
2879 2349 2980 2404 sit:
3031 2367 3156 2408 nam
3196 2367 3292 2424 sps
3332 2353 3468 2410 hunc

182 2437 355 2495 ﬁlium
387 2439 653 2504 habebat,
693 2438 852 2494 vidua
881 2445 1135 2506 rogatura
1158 2453 1217 2494 se
1245 2438 1440 2492 obtulit
1464 2455 1478 2502 ;
1537 2453 1600 2492 ac
1629 2439 1778 2507 prius

181 2532 341 2601 petiit
369 2539 430 2586 ut
473 2541 495 2567 ο
548 2530 600 2586 ei
648 2528 815 2584 lilium
855 2530 1058 2586 donare
1104 2531 1397 2586 debuisset.
1450 2530 1604 2595 Quod
1653 2545 1778 2583 cum

179 2623 448 2678 barbarus
499 2622 582 2676 vir
629 2622 792 2692 typho
839 2621 1103 2691 superbia:
1157 2619 1175 2660 ί
1230 2621 1514 2690 turgidus,
1582 2621 1778 2688 gaudio

179 2715 512 2768 transitoria:
537 2712 911 2783 prosperitatis
940 2712 1158 2767 inilatus
1179 2752 1195 2779 ,
1237 2727 1346 2767 non
1375 2713 1548 2766 solum
1578 2711 1779 2778 facere,

177 2809 276 2861 sed
300 2807 468 2862 etiam
489 2807 674 2860 audire
694 2804 1032 2876 despiceret,
1066 2805 1223 2860 vidua
1243 2804 1538 2872 subjunxit,
1563 2803 1776 2860 dicens:

173 2898 324 2953 Ecce
358 2895 490 2953 nunc
525 2899 781 2951 hominem
803 2915 895 2967 pro
924 2915 985 2952 eo
1019 2898 1269 2951 vicarium
1297 2896 1538 2963 prtcbeo;
1587 2896 1783 2950 solum-

171 2991 344 3044 modo
371 2991 611 3060 pietatem
638 2991 690 3041 in
710 3006 791 3042 me
817 2987 1033 3052 exhibe,
1071 2988 1295 3058 mihique
1321 2991 1526 3042 unicum
1548 2989 1718 3058 ﬁlium
1747 2999 1773 3037 tt

168 3083 374 3144 redde.
429 3080 672 3150 Cumque
707 3081 795 3136 ille
824 3078 852 3117 ιι
884 3081 1092 3136 venusti
1133 3081 1310 3134 vultus
1337 3081 1608 3135 hominem
1648 3097 1780 3135 con-

171 3176 478 3243 spexisset,
511 3188 670 3242 quam
701 3181 874 3227 artem
902 3179 1086 3227 nosset
1117 3172 1409 3240 inquisivit.
1444 3171 1539 3224 Cui
1578 3173 1656 3224 vir
1685 3170 1781 3224 Dei

1883 2443 2014 2496 tanti
2037 2444 2207 2498 meriti
2250 2445 2412 2498 virum
2436 2482 2453 2509 ,
2500 2443 2836 2513 popularem,
2881 2452 2937 2496 ut
2968 2445 3315 2514 conspicitur,
3355 2461 3469 2504 esse

1881 2550 1983 2586 non
2013 2535 2263 2603 suspicor.

1955 2622 2103 2677 Tunc
2131 2623 2272 2691 regis
2299 2637 2467 2690 gener
2490 2630 2703 2679 decreto
2732 2620 3016 2680 Paulinum
3039 2626 3161 2681 tulit
3179 2667 3196 2694 ,
3236 2635 3293 2684 et
3319 2629 3468 2696 quis-

1884 2726 2010 2764 nam
2065 2720 2209 2765 esset
2255 2711 2552 2780 inquisivit.
2613 2712 2714 2766 Cui
2759 2712 2844 2765 vir
2892 2713 3104 2769 Domini
3150 2718 3467 2786 respondit:

1888 2801 2075 2856 Servus
2103 2811 2218 2855 tuus
2241 2819 2374 2870 sum,
2404 2819 2553 2874 quem
2574 2821 2667 2873 pro
2687 2803 2801 2874 ﬁlio
2829 2805 2996 2860 uidua
3023 2808 3272 2862 sternam
3297 2825 3470 2866 situs-

1887 2893 2028 2962 pisti.
2061 2891 2300 2961 Cumque
2323 2893 2586 2948 instanter
2611 2894 2704 2949 ille
2732 2896 3033 2965 requirent
3053 2934 3069 2961 ,
3117 2906 3178 2952 ut
3213 2914 3324 2954 non
3347 2901 3472 2970 quis

1887 3002 2030 3044 nunc
2051 2995 2213 3052 esset,
2269 2988 2365 3042 sed
2392 2988 2514 3057 quis
2542 2988 2597 3042 in
2625 2996 2770 3042 terra
2797 3005 2896 3044 sua
2920 2989 3129 3058 inissa,
3187 2991 3470 3061 indicaret,

1888 3086 2050 3146 atque
2095 3078 2201 3132 hoc
2242 3078 2313 3131 ab
2341 3067 2408 3132 eo
2448 3087 2476 3128 (ι
2507 3075 2774 3148 frequenti
2821 3080 3165 3150 inquisitione
3189 3084 3470 3154 exigeret;

1886 3169 1968 3223 vir
1994 3169 2208 3223 Domini
2236 3170 2560 3225 constrictus
2586 3171 2798 3238 magnis
2823 3171 3313 3242 coniurationibus,
3357 3176 3471 3246 jam

176 3265 451 3320 Paulinus
480 3264 790 3333 respondit,
844 3264 1028 3318 dicens
1056 3281 1086 3338 :_
1117 3264 1297 3316 Artem
1323 3263 1527 3333 quidem
1552 3263 1781 3334 aliquam
1807 3257 1855 3321 C
1885 3277 1993 3314 non
2019 3261 2203 3316 valens
2234 3275 2430 3329 negare
2477 3262 2597 3331 quis
2626 3272 2809 3327 esset,
2857 3265 3174 3336 qtiscopum
3221 3283 3284 3323 ω
3310 3269 3478 3326 τοι...

176 3358 384 3424 nescio,
432 3356 521 3410 sed
548 3356 752 3410 Itorlum
774 3356 900 3408 bene
936 3355 1170 3409 excolere
1193 3354 1320 3407 scio.
1355 3354 1508 3419 Quod
1537 3354 1618 3408 vir
1647 3368 1781 3422 gen-

180 3450 294 3504 tilis
325 3448 492 3502 valde
520 3447 750 3502 libenter
779 3446 1019 3515 accepit,
1052 3461 1175 3501 cum
1203 3445 1257 3499 in
1287 3445 1584 3502 nutriendis
1610 3445 1776 3499 oleri-

182 3540 286 3595 bus
335 3538 466 3609 quia
509 3537 712 3606 peritus
736 3545 879 3591 esset
918 3536 1140 3591 audivit.
1181 3533 1429 3607 Suscepit
1467 3535 1649 3606 itaque
1677 3551 1788 3590 ser-

187 3646 340 3698 vum,
374 3637 431 3682 et
460 3629 670 3696 roganti
698 3629 870 3683 viduae
900 3627 1134 3683 reddidit
1176 3626 1366 3682 ﬁlium.
1399 3628 1516 3694 Quo
1557 3644 1785 3698 accepto

187 3724 350 3779 vidua
383 3723 452 3778 ab
481 3723 729 3777 Alrieana
767 3723 988 3792 regione
1034 3723 1317 3790 discessit;
1371 3719 1626 3779 Paulinus
1651 3738 1784 3778 vero

188 3814 480 3870 exwlendi
509 3813 650 3868 horti
679 3829 861 3868 curam
890 3814 1142 3883 suscepit.

262 3906 515 3976 Cumque
571 3905 713 3960 idem
761 3905 900 3974 regis
942 3919 1109 3974 gener
1166 3903 1357 3959 crebro
1415 3903 1785 3972 ingrederetur

116 4051 128 4060 ,
195 4003 452 4066 hortum,
504 4014 768 4076 suumque
796 3999 1139 4054 hortulanum
1183 3999 1424 4068 quaedam
1461 3999 1786 4069 requireret,

197 4099 256 4146 et
284 4092 583 4162 sapientem
611 4090 768 4146 valde
805 4089 819 4128 ί
855 4106 975 4145 esse
1004 4089 1275 4144 hominem
1305 4088 1540 4153 videret,
1586 4089 1788 4142 amicos

194 4184 365 4255 cmpit
394 4182 680 4239 familiares
708 4183 988 4248 deserere,
1022 4189 1077 4235 et
1107 4181 1300 4250 saepius
1327 4196 1451 4234 cum
1480 4196 1578 4233 suo
1600 4180 1788 4232 hortu-

200 4277 329 4331 lano
360 4275 617 4347 colloqui,
649 4282 812 4344 atque
837 4273 953 4342 ejus
983 4271 1324 4327 sermonibus
1351 4270 1607 4324 delectari
1632 4286 1644 4322 :
1702 4268 1787 4324 cui

195 4365 458 4422 Paulinus
491 4367 733 4437 quotidie
781 4367 848 4421 ad
880 4380 1126 4420 mensam
1174 4363 1322 4419 olera
1373 4362 1386 4412 i
1450 4361 1790 4430 virentesque

194 4459 396 4515 herbas
425 4459 637 4514 deferre
665 4466 1046 4524 consueverat,
1096 4463 1152 4511 et
1182 4463 1404 4524 accepto
1434 4468 1574 4524 pane
1600 4452 1665 4506 ad
1696 4468 1790 4507 cu-

196 4566 310 4606 ram
343 4552 495 4606 horti
523 4565 786 4606 remeare.
834 4549 1076 4620 Cumque
1105 4548 1207 4604 hoc
1232 4545 1434 4601 diutius
1464 4543 1487 4581 ¹ί
1514 4554 1786 4613 ageretur,

1889 3361 2116 3409 testatus
2151 3361 2254 3409 est.
2303 3355 2462 3420 Quod
2509 3370 2789 3424 possessor
2833 3355 2952 3425 ejus
2994 3359 3222 3414 audiens
3243 3400 3258 3427 ,
3315 3362 3474 3418 valde

1885 3450 2203 3519 pertimuit,
2254 3457 2416 3516 atque
2464 3447 2738 3503 humiliter
2775 3449 3010 3517 obtulit,
3062 3451 3250 3506 dicens
3292 3472 3304 3507 ;
3347 3453 3475 3510 Pete

1885 3540 2021 3610 quod
2048 3540 2124 3593 vis
2149 3581 2162 3605 ,
2219 3548 2468 3608 quatenus
2497 3539 2566 3590 ad
2597 3549 2787 3592 terram
2815 3549 2957 3596 tuam
2979 3558 3010 3594 α
3037 3558 3118 3596 me
3143 3558 3258 3596 cum
3287 3559 3474 3618 magno

1886 3646 2096 3683 munere
2115 3629 2404 3681 revertaris.
2438 3627 2535 3682 Cui
2559 3629 2641 3682 vir
2663 3629 2871 3684 Domini
2895 3628 3149 3688 Paulinus
3172 3635 3274 3689 ait:
3304 3635 3476 3692 Unum

1887 3732 1963 3776 est
2003 3721 2140 3793 quod
2182 3720 2307 3773 mihi
2334 3719 2630 3789 impendere
2669 3718 2968 3791 beneﬁcium
2997 3735 3172 3794 potes,
3219 3734 3275 3779 ut
3303 3743 3477 3784 omnes

1887 3815 2110 3870 civitatis
2137 3831 2266 3868 mete
2293 3814 2522 3881 captivos
2548 3814 2772 3868 relaxes.
2804 3815 2906 3881 Qui
2936 3819 3114 3874 cuncti
3147 3821 3393 3888 protinus
3419 3823 3476 3876 in

1888 3905 2137 3960 Africana
2167 3907 2389 3973 regione
2417 3907 2679 3974 requisiti.
2701 3922 2832 3978 cum
2854 3911 3060 3963 onustis
3081 3910 3348 3967 frumento
3375 3927 3476 3968 na-

1887 3999 2042 4052 vibus
2066 4039 2081 4064 ,
2131 4012 2232 4066 pro
2279 3997 2569 4051 venerandi
2598 3999 2698 4051 viri
2724 3996 2930 4052 Paulini
2961 4000 3325 4058 satisfactione
3348 4043 3363 4067 ,
3419 4004 3476 4060 in

1889 4091 2005 4158 ejus
2033 4090 2288 4143 comitatu
2319 4089 2482 4141 laxati
2511 4096 2652 4141 sunt.

1962 4180 2091 4233 Post
2118 4193 2226 4232 non
2255 4179 2453 4231 multos
2480 4192 2612 4232 vero
2639 4178 2754 4232 dies
2773 4177 3158 4232 Wandalorum
3189 4195 3283 4235 rex
3313 4195 3476 4236 occu-

1891 4272 2037 4337 buit,
2069 4279 2126 4326 et
2147 4269 2442 4339 ﬂagellum,
2473 4268 2616 4340 quod
2645 4269 2711 4323 ad
2737 4284 2889 4324 suam
2915 4270 3228 4341 perniciem,
3259 4273 3478 4344 dispen-

1891 4372 2045 4422 sante
2074 4361 2205 4425 Deo,
2239 4376 2338 4431 pro
2367 4359 2601 4415 iidelium
2629 4359 2909 4430 disciplina
2929 4370 2953 4399 ι’
2975 4368 3243 4428 tenuerat,
3275 4363 3475 4420 amisit.

1893 4455 2086 4524 Sicque
2114 4455 2314 4509 factum
2341 4460 2444 4517 est,
2474 4460 2530 4506 ut
2554 4453 2939 4524 omnipotentis
2961 4453 3057 4508 Dei
3084 4454 3313 4512 famulus
3333 4455 3478 4514 Pau-

1893 4551 2034 4605 linus
2062 4564 2190 4604 vera
2214 4547 2563 4618 praediceret;
2600 4546 2677 4601 'et
2703 4547 2794 4617 qui
2823 4561 2880 4602 se
2914 4547 2966 4602 in
2995 4549 3271 4604 servitium
3297 4550 3472 4607 solum

195 4643 436 4714 quadam
481 4643 568 4698 die
605 4659 705 4699 suo
753 4642 972 4698 domino
1015 4656 1199 4698 secum
1242 4640 1503 4695 secretius
1549 4630 1790 4709 loqtienti
1816 4626 1871 4688 D
1895 4639 2233 4704 tradiderat,
2274 4653 2397 4692 cum
2426 4637 2609 4691 multis
2651 4653 2682 4691 a
2710 4637 2931 4692 servitio
2960 4636 3028 4692 ad
3057 4637 3360 4697 libertatem
3389 4657 3478 4699 re-

197 4735 273 4790 ait
305 4753 318 4789 :
349 4733 482 4790 Vide
509 4732 632 4806 quid
661 4751 818 4805 agas,
847 4743 894 4788 et
918 4731 1294 4786 Wandalorum
1323 4747 1537 4802 regnum
1571 4731 1789 4802 qualiter

269 4925 295 4954 ⁸
324 4914 428 4970 Ms.
463 4915 490 4968 l
522 4912 658 4981 λοι,
682 4915 942 4977 omnium;
975 4912 1141 4978 alter,
1173 4910 1487 4965 omnimodo.

266 4984 295 5025 ι»
327 4985 412 5040 Ex
446 5000 550 5040 ms.
587 4985 773 5040 codice
802 4983 1080 5051 Bigotiano
1109 4990 1165 5036 et
1191 4996 1328 5034 nova
1359 4981 1592 5035 editione
1619 4995 1775 5052 repo-

195 5058 408 5112 suimus
454 5057 773 5126 episcopum.
831 5056 970 5107 Ante
996 5061 1150 5126 erat,
1196 5052 1440 5126 scisam,
1490 5053 1783 5120 incongrua

197 5128 363 5183 lectio
388 5145 405 5193 ;
437 5122 542 5182 nec
560 5122 700 5180 forte
729 5125 850 5180 ideo
877 5125 1054 5178 minus
1081 5122 1430 5189 Gregoriana.

272 5216 288 5234 ι
327 5198 455 5252 Mss.
495 5199 603 5252 duo
633 5195 763 5262 101.,
794 5195 1159 5250 Perrexerunt.

267 5269 294 5305 ά
327 5271 421 5323 Sic
451 5260 857 5322 emen’davimus
886 5280 949 5318 ex
982 5279 1110 5318 mss.
1135 5262 1409 5317 codicibus
1441 5263 1650 5318 duobus
1677 5260 1780 5315 Jol.

197 5347 253 5393 et
283 5341 526 5394 editione
554 5337 867 5394 novissima.
915 5335 1054 5389 Ante
1087 5342 1234 5398 erat,
1276 5332 1614 5387 Procedente.

274 5420 297 5446 ο
324 5409 463 5465 Edd.
483 5449 499 5475 ,
557 5409 690 5480 ejus.
723 5406 1079 5480 Reposuimus
1111 5407 1156 5480 ei
1184 5421 1250 5460 ex
1281 5420 1410 5461 mss.
1443 5404 1651 5480 duobus
1676 5400 1779 5480 θοι.

197 5495 232 5601 ἓ
253 5482 454 5563 quibus
484 5473 642 5536 abest
668 5493 776 5538 vox
797 5473 964 5549 ﬁliam
984 5520 999 5543 ,
1049 5483 1102 5531 et
1131 5477 1182 5530 in
1213 5491 1441 5544 quorum
1466 5490 1571 5532 uno
1593 5473 1785 5543 legitur

234 5565 414 5601 anan.

234 5565 414 5604 anan.

277 5623 297 5658 ί
338 5621 433 5675 Ms.
471 5622 494 5674 l
529 5619 661 5689 10L,
693 5619 933 5672 tumidus.

273 5703 299 5737 κ
337 5691 430 5745 Ms.
463 5685 974 5760 codex'Bigotianus
1004 5685 1152 5741 addit
1177 5701 1362 5760 meum.

276 5764 302 5800 ιι
345 5763 463 5817 Mss.
496 5763 610 5831 Big.
637 5771 691 5817 et
710 5757 812 5831 Jol.
849 5759 897 5830 l,
929 5767 1135 5831 venusto
1163 5757 1321 5831 vultu.

280 5833 294 5871 ί
337 5831 413 5888 Ex
445 5825 586 5890 mss:
607 5831 709 5886 Jol.
736 5825 940 5885 duobus
963 5836 1019 5885 et
1048 5829 1160 5894 Dig.
1195 5825 1510 5889 addidimus,
1538 5838 1666 5881 esse.

1897 4735 2069 4790 diret:
2127 4731 2277 4786 illum
2320 4728 2573 4784 videlicet
2601 4729 2876 4795 imitatus,
2925 4729 3016 4800 qui
3063 4729 3290 4787 formam
3334 4735 3477 4792 servi

1964 4911 1976 4958 i
2012 4907 2160 4962 Nova
2182 4905 2347 4960 editio
2377 4903 2430 4958 in
2459 4916 2628 4976 marg.
2659 4903 2784 4976 :_Al.
2819 4903 3127 4976 odoriferos.

1961 4976 1987 5016 ιι
2018 4977 2093 5032 lla
2126 4985 2237 5030 tres
2266 4990 2390 5028 mss.
2428 4971 2645 5029 codicés
2683 4971 2787 5026 Jol.
2829 4982 2884 5027 et
2913 4971 3027 5042 Bi’g.
3061 4991 3180 5030 cum
3231 4977 3470 5035 editione

1887 5049 2198 5106 novissima.
2230 5045 2369 5099 Ante
2389 5052 2507 5114 erat
2528 5053 2722 5114 ageret.

1965 5120 1984 5161 ι
2012 5119 2113 5176 Ms.
2145 5118 2319 5174 codex
2344 5115 2367 5167 ι
2397 5113 2501 5170 Jol.
2529 5112 2653 5169 cum
2681 5112 2921 5170 editione
2941 5130 3100 5180 nova,
3131 5117 3268 5173 Itane
3294 5118 3478 5188 ἀφον.

1892 5200 2001 5247 tare
2031 5191 2187 5247 facio.

1963 5271 2003 5298 ω
2029 5252 2156 5315 Mss.
2191 5258 2297 5312 duo
2325 5254 2452 5320 Jol.,
2482 5253 2551 5306 ad
2578 5252 2876 5323 prandium.

1967 5339 1998 5372 ι
2028 5330 2126 5384 Iis.
2157 5327 2181 5381 l
2216 5325 2341 5392 ιρι,
2370 5324 2534 5380 odora
2562 5361 2575 5375 .
2611 5361 2625 5376 .
2661 5361 2674 5376 .
2711 5361 2724 5375 .
2753 5326 2905 5377 venit.

1972 5411 1995 5438 ο
2025 5401 2148 5456 Mss.
2171 5398 2279 5454 duo
2307 5396 2521 5451 codices
2545 5392 2649 5448 Jol.
2671 5433 2686 5456 ,
2717 5397 2901 5450 accita.

1966 5482 1995 5522 ι)
2021 5469 2120 5526 Ms.
2146 5468 2169 5524 1
2201 5465 2334 5534 Jol.,
2359 5467 2414 5520 in
2433 5464 2648 5520 somnis.

1966 5549 1993 5592 ς
2021 5525 2099 5596 ita
2114 5525 2408 5609 repositum
2424 5547 2640 5609 exmss.
2665 5531 2942 5609 codicibus
2963 5528 3064 5583 Jol.
3091 5534 3142 5580 et
3164 5525 3278 5602 Big.
3303 5527 3472 5602 Alias,

1893 5614 2167 5680 iteratione
2178 5601 2468 5680 "frequentis
2484 5601 2850 5680 inquisitionis.

1966 5695 1987 5724 ι
2021 5683 2120 5739 ω.
2151 5673 2312 5735 Ηοί.
2339 5713 2354 5742 ,
2405 5673 2673 5742 acceperat
2698 5709 2716 5737 ,
2764 5677 2820 5725 et
2844 5681 2968 5724 mox
2997 5673 3235 5740 equum
3263 5683 3364 5740 po
3386 5683 3472 5726 se-

1893 5769 2068 5826 quens.
