4056 6358
527 375 642 441 ,³145

1564 374 1624 431 S.
1664 373 2005 451 PAULINUS
2042 372 2358 429 NOLANUS
2394 372 2791 432 EPlSCOPUS.

3702 384 3807 438 ιιι

537 494 834 562 assumsit,
870 508 941 552 ne
978 509 1079 551 nos
1104 505 1343 550 essemus
1369 494 1512 547 servi
1558 491 1800 561 peccati:
1845 489 1997 560 cujus
2024 503 2114 543 se-
2141 491 2193 551 Α
2218 487 2320 542 sibi
2362 502 2584 557 prorsus
2632 486 3039 545 infensissimam
3082 494 3297 559 gentem
3323 531 3338 560 ,
3379 490 3546 562 gestis
3571 496 3807 565 propriis

543 602 716 657 quens
754 588 976 659 vestigia
1005 585 1289 651 Paulinus,
1344 584 1414 639 ad
1445 592 1654 655 tempus
1676 583 1976 639 voluntarie
2004 596 2119 636 ser-

543 694 643 734 vus
670 679 844 735 factus
871 688 952 735 est
978 678 1123 734 solus
1140 719 1156 745 ,
1196 684 1255 731 ut
1282 682 1426 731 esset
1453 674 1794 745 postmodum
1822 673 1959 728 liber
1995 686 2119 727 cum

545 770 746 826 multis.
781 809 796 823 .
828 810 842 825 .
877 809 891 823 .
923 769 999 823 De
1024 767 1176 837 cujus
1204 767 1369 822 etiam
1392 773 1582 832 morte,
1612 764 1755 835 apud
1785 763 1901 833 ejus
1924 761 2115 817 Eccle-

542 860 680 914 siam
728 861 985 930 scriptum
1031 866 1144 925 est,
1200 858 1327 928 quia
1371 872 1494 913 cum
1539 856 1727 912 dolore
1764 866 1909 910 esset
1933 852 2120 908 lateris

543 957 736 1015 tactus,
759 950 827 1005 ad
847 957 1089 1005 extrema
1110 948 1400 1021 perductus
1420 956 1523 1003 est.
1545 947 1787 1016 Dumque
1812 945 1929 1016 ejus
1943 943 2121 1000 omnis

542 1041 731 1097 domus
758 1041 812 1095 in
840 1056 937 1096 sua
963 1039 1233 1117 soliditate
1259 1039 1587 1109 persisteret,
1611 1036 1915 1092 cubiculum
1936 1036 1989 1089 in
2011 1049 2120 1105 quo

542 1132 755 1205 iacebat
781 1148 947 1203 :eger,
977 1131 1117 1188 facto
1145 1140 1298 1188 terrae
1325 1139 1498 1200 motu,
1526 1129 1867 1194 contremuit,
1900 1142 2118 1183 omnes-

543 1241 650 1295 que
677 1227 768 1297 qui
790 1226 898 1281 illic
917 1225 1161 1293 aderant,
1188 1225 1352 1279 nimio
1376 1230 1582 1279 terrore
1602 1222 1869 1279 concussit
1893 1239 1905 1274 :
1936 1221 2122 1290 sicque

546 1327 731 1374 sancta
758 1318 848 1373 illa
877 1318 1053 1373 anima
1078 1331 1238 1387 carne
1264 1316 1440 1371 soluta
1467 1321 1569 1370 est.
1596 1313 1927 1382 Factumque
1953 1316 2035 1366 est
2061 1317 2123 1364 ut

547 1425 768 1480 magnus
794 1402 964 1481 paver
984 1409 1262 1465 invaderet
1292 1423 1389 1464 eos
1414 1407 1506 1477 qui
1534 1405 1745 1461 Paulini
1780 1410 2010 1459 mortem
2036 1400 2120 1456 vi-

548 1496 673 1557 dere
701 1501 1021 1572 potuissent.
1091 1540 1105 1555 .

577 1607 823 1648 JULIANUS
851 1606 1139 1661 POIERIUS,
1172 1606 1239 1645 DE
1268 1599 1858 1714 VITL9GONTEIPLATIVA
1885 1599 1989 1639 LIB.
2025 1598 2083 1649 ιι,

1237 1675 1354 1714 CAP.
1424 1699 1437 1712 .

1237 1675 1354 1715 CAP.
1384 1675 1437 1714 υ.

545 1752 692 1812 (Illud
732 1752 1060 1816 fragmentum
1085 1730 1583 1816 recognitumestad
1625 1761 1739 1798 mss.
1779 1747 1972 1816 codices
2009 1745 2121 1807 Big.

665 1838 669 1843 ι
766 1836 769 1839 λ
809 1812 963 1876 ⁷800,
989 1815 1152 1863 Germ.
1172 1812 1282 1872 800,
1311 1821 1363 1862 et
1385 1812 1480 1861 Jul.
1499 1812 1590 1861 600
1615 1813 1807 1869 annor.)

596 1896 861 1965 Denique
888 1903 1105 1952 sanctus
1133 1894 1390 1950 Paulinus
1411 1936 1426 1961 ,
1473 1901 1532 1948 ut
1572 1892 1675 1964 ipsi
1709 1891 1899 1945 melius
1927 1887 2120 1957 nostis,

547 1987 783 2057 ingentia
815 1978 1204 2057 prtedia,quia
1232 1984 1447 2041 fuerunt
1473 1999 1601 2049 sua,
1637 1980 1850 2037 vendita
1874 1978 2124 2050 pauperi-

546 2081 648 2134 bus
682 2079 959 2147 erogavit:
1010 2077 1107 2133 sed
1147 2092 1269 2133 cum
1313 2083 1502 2147 postea
1534 2074 1707 2129 factus
1736 2078 1885 2127 esset
1911 2069 2124 2140 episco-

546 2185 664 2240 pus,
681 2184 790 2223 non
809 2168 1092 2224 contemsit
1105 2166 1357 2223 Ecclesia:
1379 2165 1674 2230 facultates,
1702 2162 1797 2218 sed
1816 2160 2124 2216 fidelissime

546 2260 898 2332 dispensavit.
955 2259 1073 2327 Quo
1095 2259 1239 2314 facto
1263 2259 1395 2313 satis
1429 2256 1666 2313 ostendit
1701 2265 1756 2311 et
1783 2254 2000 2326 propria
2023 2253 2122 2308 de-
2152 2306 2155 2311 .

546 2353 678 2409 bere
705 2361 928 2423 propter
946 2352 1331 2424 perfectionem
1360 2351 1655 2416 contemni,
1681 2358 1736 2405 et
1763 2350 1879 2405 sine
1908 2347 2126 2419 impedi-

546 2453 729 2501 mento
769 2444 1113 2516 perfectionis
1159 2459 1319 2516 posse
1363 2442 1616 2499 Ecclesim
1660 2457 1780 2513 quae
1826 2448 1953 2498 sunt
1999 2455 2127 2511 pro-

545 2533 686 2592 fecto
713 2535 1018 2591 communia
1046 2534 1325 2606 possideri.

726 2627 878 2697 117
908 2641 1191 2691 usuanuus,
1223 2641 1275 2679 IN
1304 2639 1703 2679 IARTYBOLOGIO
1732 2623 1803 2676 22
1829 2639 1941 2679 ιω.

825 2715 918 2779 (Ex
943 2729 1033 2765 ms.
1056 2717 1224 2764 codice
1265 2715 1518 2777 Bigotiano
1538 2716 1632 2765 6th
1653 2713 1846 2774 annor.)
1878 2768 1881 2773 ι

617 2799 832 2856 Decimo
859 2798 1118 2855 kalendas
1143 2797 1286 2854 Julii.

616 2889 774 2962 Apud
800 2890 997 2946 Nolam.
1012 2889 1319 2961 Campaniae
1359 2890 1555 2947 natalis
1590 2890 1736 2945 beati
1763 2888 1971 2944 Paulini
2008 2888 2124 2960 epi-

545 2981 697 3053 scopi
721 2989 776 3037 et
802 2980 1161 3051 confessoris,
1191 2980 1343 3051 cujus
1388 2981 1631 3036 meminit
1676 2990 1894 3036 sanctus
1919 2978 2125 3049 Grego-

545 3073 656 3129 rius
683 3073 736 3127 in
765 3071 903 3127 libro
948 3072 1292 3144 Dialogorum
1325 3089 1337 3125 :
1369 3071 1562 3127 claruit
1598 3078 1778 3125 autem
1806 3086 1915 3125 non
1952 3070 2127 3126 solum

545 3166 846 3222 eruditione
887 3173 942 3220 et
968 3164 1188 3234 copiosa
1214 3165 1337 3218 vita:
1381 3163 1682 3228 sanctitate,
1713 3161 1809 3217 sed
1836 3162 1998 3217 etiam
2025 3178 2128 3232 ρον

547 3261 711 3317 tentia
742 3259 1024 3316 adversum
1037 3228 1339 3314 daemones.
1368 3296 1373 3301 .
2154 3228 2206 3294 θ

614 3366 911 3421 υυαελιυε,
944 3366 1047 3405 LIB.
1082 3364 1473 3404 BEBPONSIONUII
1500 3364 1766 3404 ADVERSUS
1795 3362 2058 3402 αιΑυυιωι

982 3434 1350 3475 τΑυιιιΝεΝεειι
1378 3433 1687 3474 EPISCOPUI.

616 3513 870 3569 Paulinus
897 3513 1209 3584 episcopus,
1242 3511 1325 3567 vir
1352 3511 1741 3567 eruditissimus
1769 3518 1824 3566 et
1858 3509 2132 3566 sanctissi-

544 3614 691 3674 mus,
722 3608 861 3663 sicut
905 3614 960 3661 et
1003 3607 1157 3661 multi
1203 3604 1268 3660 de
1297 3620 1363 3661 eo
1398 3604 1577 3661 testati
1623 3611 1768 3671 sunt,
1797 3602 2032 3658 nobilem
2060 3602 2128 3657 li-

546 3696 701 3752 brum
727 3694 796 3748 l5
847 3695 1170 3750 carminibus
1195 3695 1523 3759 distinctum,
1564 3696 1620 3749 in
1660 3695 1866 3751 honore
1894 3701 1949 3748 et
1976 3692 2132 3748 laude

545 3788 720 3846 sancti
761 3787 956 3843 Felicis
999 3788 1252 3859 martyris
1279 3786 1481 3856 edidit;
1505 3789 1560 3842 in
1597 3803 1706 3865 quo
1742 3794 1942 3858 quanta
1970 3786 2133 3841 mira-

546 3879 667 3936 cula
694 3887 750 3935 et
786 3879 1008 3933 virtutes
1038 3894 1135 3948 per
1162 3878 1329 3948 ipsius
1370 3879 1563 3934 merita
1605 3887 1661 3933 et
1700 3878 2127 3946 intercessiones,

545 3970 724 4026 divina
753 3969 1012 4038 largiente
1039 3961 1438 4033 clementia,'ad
1460 3984 1614 4024 suum
1643 3967 1757 4024 ﬁeri
1782 3969 2020 4038 quotidie
2047 3976 2132 4023 tu-

544 4063 745 4118 mulum
767 4102 783 4129 ,
814 4069 870 4116 et
895 4061 1129 4116 maxime
1148 4061 1233 4116 die
1256 4062 1448 4116 natalis
1475 4060 1591 4131 ejus
1609 4062 1994 4137 anniversario,
2023 4060 2134 4116 dis-

543 4155 731 4219 seruit,
763 4170 871 4209 non
901 4151 1057 4209 facile
1105 4169 1136 4207 a
1175 4168 1447 4223 quoquam
1495 4155 1710 4224 excerpi
1753 4163 1846 4209 aut
1882 4153 2131 4210 deflorari

543 4252 753 4315 potest;
785 4239 910 4312 quia
931 4253 1122 4299 cuncta
1145 4283 1160 4309 ,
1185 4242 1363 4311 flores,
1386 4254 1646 4310 aromata,
1678 4260 1836 4314 rosze,
1866 4246 1977 4300 lilia
2006 4262 2129 4300 sua-
2155 4318 2159 4322 _

543 4336 825 4413 veolentia'
860 4350 923 4390 ac
965 4336 1218 4390 mellillua
1258 4346 1472 4391 sunt....
1504 4336 1641 4393 Hinc
1678 4338 1895 4393 beatum
1942 4338 2125 4392 Pauli-

543 4440 690 4491 num,
721 4425 1001 4480 sanctitate
1029 4434 1085 4480 et
1117 4426 1379 4495 sapientia
1406 4428 1705 4496 praeditum,
1736 4429 1888 4496 quasi
1933 4443 2125 4497 quam-

543 4515 667 4571 dam
693 4516 918 4586 pbarum
940 4516 1340 4583 lucidissimam,
1370 4525 1425 4571 et
1448 4518 1636 4572 turrim
1655 4519 2122 4588 inexpugnabilem

543 4607 802 4679 imprimis
831 4608 1229 4677 praetendimus,
1261 4609 1351 4678 qui
1397 4609 1624 4679 plurima
1651 4610 1717 4665 de
1744 4610 1847 4666 hac
1891 4612 2122 4679 ratione,

544 4696 962 4754 luculentissima
984 4707 1146 4770 atque
1180 4697 1557 4754 fecundissimo
1581 4716 1827 4756 sermone
1850 4701 2116 4757 disseruit.

544 4802 802 4843 EOHANNES
842 4804 1124 4851 DIACONUS.
1168 4806 1219 4843 IN
1257 4806 1506 4845 PBOlEMlO
1546 4808 1680 4846 VITE
1712 4807 1756 4847 Β.
1790 4807 2033 4850 GREGOBII
2061 4811 2118 4850 Il.

977 4876 1044 4914 AD
1072 4875 1342 4915 ιοῐιΑΝΝει
1371 4877 1465 4916 γιη
1494 4878 1683 4916 ΡΔΡΑΜ.
1756 4906 1759 4909 -

934 4950 1072 5011 (Coll.
1102 4952 1159 4999 ad
1183 4965 1282 5019 ms.
1298 4952 1407 5015 Dig.
1431 4954 1523 5003 600
1542 4954 1736 5014 annor.)

612 5028 790 5098 Nuper
828 5028 895 5084 ad
922 5031 1129 5103 vigilias
1159 5041 1184 5068 ιι
1213 5032 1355 5088 beati
1382 5033 1625 5103 Gregorii
1654 5035 1881 5092 Romani
1912 5038 2124 5107 pontiﬁ-

540 5122 649 5187 cis,
682 5121 974 5190 Anglorum
1012 5124 1184 5192 gentis
1228 5126 1492 5195 apostoli,
1522 5127 1753 5184 lectione
1795 5128 1863 5186 de
1898 5128 2121 5189 Paulino
2154 5204 2157 5205 ν

539 5213 771 5269 civitatis
790 5211 1009 5269 Nolanos
1028 5216 1253 5285 praesule
1280 5220 1793 5277 consuctudinaliter
1818 5238 2119 5293 personan-

540 5310 614 5373 te,
643 5305 788 5361 visus
816 5320 875 5363 es
901 5322 932 5361 a
958 5308 1354 5369 venerabilibus
1391 5313 1653 5383 episcopis
1679 5316 1859 5371 divino
1888 5318 2120 5387 quodam

539 5394 789 5454 instinctu
833 5406 1136 5456 commotus
1171 5396 1612 5470 requirere,‘cur
1640 5414 1820 5463 tantus
1846 5409 2118 5479 pontifex,

539 5486 630 5570 qui
654 5489 944 5547 multorum
988 5499 1293 5548 sanctorum
1323 5493 1471 5550 Vitas
1493 5501 1768 5565 texuerat,
1800 5500 1963 5568 gestis
1990 5516 2117 5570 pro-

542 5569 673 5659 priis
690 5576 741 5629 in
762 5584 978 5650 propria
1000 5582 1278 5638 dumtaxat
1300 5582 1537 5641 Ecclesia
1566 5590 1824 5644 caruisset
1848 5607 1859 5642 :
1889 5569 2112 5659 prmser-
2153 5618 2156 5622 λ

547 5658 784 5721 timcum
810 5677 865 5722 et
905 5673 1045 5742 apud
1083 5673 1325 5733 Saxones
1360 5686 1417 5733 et
1462 5679 1602 5747 apud
1639 5658 2110 5749 Longobardorum

2153 1853 2201 1914 B

2227 581 2422 650 ubique
2450 580 2697 651 polleret.

2407 709 2697 760 ANONYIUS,
2726 710 2777 749 IN
2805 709 3041 751 PROLOGO
3067 710 3275 750 OPERUI
3309 711 3351 750 8.
3387 713 3616 751 PAULINL

2287 784 2383 847 (Ex
2402 788 2570 836 codice
2594 786 2897 837 Cluniacensi
2920 795 3226 850 pervetusto,
3261 787 3321 839 F.
3341 789 3564 840 Cbiﬂletii
3589 791 3746 853 cura.)

2296 887 2547 944 Paulinus
2574 897 2822 958 sanctus,
2849 888 3069 945 Nolante
3108 891 3340 947 civitatis
3367 892 3684 964 episcopus,
3715 908 3807 963 ge—

2222 995 2353 1036 nere
2381 979 2709 1052 Aquitanus,
2739 980 2996 1049 dignitate
3022 997 3152 1037 vero
3179 984 3415 1050 generis,
3448 984 3595 1039 urbis
3624 984 3807 1040 Romae

2222 1079 2441 1128 senator
2460 1071 2804 1138 clarissimus,
2829 1074 3075 1143 exemplo
3096 1074 3327 1130 maxime
3347 1085 3403 1130 et
3427 1077 3808 1145 praedicatione

2220 1161 2366 1217 beati
2394 1161 2607 1217 Martini
2648 1163 2975 1218 Turonensis
3001 1164 3278 1233 episcopi,
3309 1172 3363 1218 et
3392 1165 3641 1236 Delphini
3667 1168 3805 1223 Bur-

2220 1252 2542 1321 degalensis,
2575 1266 2680 1306 una
2708 1267 2830 1307 cum
2857 1252 3060 1307 Severo
3088 1252 3325 1324 Sulpicio
3352 1270 3506 1324 atque
3548 1257 3717 1311 nobili
3752 1266 3807 1313 et

2221 1342 2463 1398 litterato
2491 1343 2628 1411 viro,
2659 1358 2728 1398 ex
2753 1343 2889 1399 laica
2914 1353 2969 1400 et
2992 1344 3259 1414 conjugali
3290 1346 3398 1401 vita
3423 1346 3494 1401 ad
3520 1348 3806 1419 perfectio-

2222 1434 2306 1489 nis
2348 1433 2666 1490 Christiana:
2693 1436 3001 1507 pauperiem
3031 1437 3347 1493 ditissimam
3372 1439 3658 1507 animatus,
3688 1456 3805 1496 om-

2222 1542 2348 1583 nem
2375 1543 2627 1599 pompam
2655 1536 2713 1584 et
2738 1529 2923 1584 luxum
2966 1530 3131 1585 seculi
3179 1531 3414 1598 calcans,
3456 1547 3806 1603 quaecumque

2223 1618 2277 1673 in
2308 1618 2413 1674 hoc
2448 1618 2645 1674 mundo
2671 1620 2997 1689 possidebat,
3026 1620 3179 1690 juxta
3221 1621 3433 1677 Domini
3478 1634 3806 1696 prmceptum

2227 1708 2453 1779 (Matth.
2505 1727 2626 1777 xix,
2655 1710 2757 1783 21)
2787 1713 3023 1767 vendidit
3076 1721 3132 1769 et
3174 1715 3494 1785 pauperibus
3544 1718 3804 1787 erogavit.

2227 1801 2431 1857 Deinde
2465 1801 2621 1871 juxta
2662 1801 2851 1858 Nolam
2890 1803 3192 1874 Campania:
3223 1807 3493 1862 civitatem
3538 1817 3805 1873 monaste‘

2226 1894 2363 1949 rium
2391 1894 2675 1949 instituens
2703 1903 2758 1949 et
2782 1904 3026 1951 sanctam
3054 1897 3215 1952 vitam
3259 1913 3535 1965 exercens,
3568 1898 3804 1968 ejusdem

2224 1985 2457 2041 civitatis
2483 1986 2764 2056 episcopus
2789 1986 2961 2042 factus
2992 1995 3092 2042 est.
3124 1987 3310 2059 Itaque
3338 1989 3503 2045 verbo
3533 1998 3591 2044 et
3620 2006 3804 2046 exem-

2222 2075 2336 2146 plo,
2367 2090 2577 2131 necnon
2617 2084 2673 2131 et
2706 2079 2863 2149 118
2888 2078 3157 2133 miraculis
3202 2079 3497 2149 gloriosus,
3528 2080 3805 2137 beatorum

2223 2165 2443 2221 Patrum
2470 2167 2756 2236 Ambrosii,
2783 2168 3082 2239 Augustini,
3112 2169 3441 2242 Hieronymi,
3474 2172 3807 2242 aliorumque

2223 2259 2307 2313 sui
2335 2260 2591 2329 temporis
2618 2268 2775 2317 notus
2797 2276 2862 2316 ac
2882 2260 3345 2327 familiarissimus,
3370 2277 3602 2333 quorum
3628 2265 3809 2320 dulces

2224 2350 2465 2420 epistola:
2488 2351 2569 2406 vel
2591 2351 2658 2406 ad
2678 2353 2871 2423 ipsum,
2895 2352 2979 2407 vel
3004 2352 3071 2408 de
3095 2354 3212 2424 ipso
3233 2354 3497 2423 leguntur,
3529 2365 3656 2425 poet
3677 2357 3810 2411 ωυις

2224 2449 2310 2496 tos
2355 2439 2583 2497 feliciter
2628 2458 2726 2513 pro
2772 2442 2985 2499 Christo
3029 2444 3332 2501 decertatos
3380 2459 3599 2514 agones,
3629 2455 3811 2504 sancta

2225 2531 2564 2600 longaevitate
2592 2535 2889 2604 confectus,
2918 2536 3061 2606 apud
3088 2536 3359 2607 praefatam
3386 2539 3575 2594 urbem
3600 2538 3810 2610 requie-

2229 2623 2303 2677 vit
2349 2623 2404 2677 in
2452 2624 2700 2681 Domino.
2731 2624 2828 2680 Est
2854 2622 3033 2682 autem
3076 2628 3330 2683 credibile
3376 2630 3519 2686 hunc
3564 2632 3810 2689 eumdem

2226 2731 2346 2771 esse
2372 2714 2689 2785 Paulinum,
2740 2717 2810 2774 de
2855 2734 2964 2790 quo
3016 2721 3204 2777 beatus
3249 2738 3388 2794 papa
3435 2724 3728 2794 Gregorius
3760 2726 3810 2782 in

2226 2807 2568 2877 Dialogorum
2593 2811 2729 2867 libro
2770 2814 2929 2868 tertio
2955 2829 3069 2869 rem
3096 2815 3422 2884 singularem
3453 2826 3617 2889 atque
3645 2818 3810 2874 admi-

2227 2904 2412 2981 rabilis
2440 2906 2652 2960 virtutis
2680 2906 2958 2962 historiam
2988 2908 3173 2963 refert.
3203 2908 3333 2963 Nam
3363 2919 3419 2965 et
3458 2911 3626 2966 verba
3671 2913 3810 2981 ejus-

2228 2996 2350 3051 dem
2374 2996 2519 3051 beati
2549 2997 2814 3067 Gregorii,
2847 3000 3039 3069 quibus
3067 3016 3191 3055 eum
3220 3012 3275 3056 et
3301 3001 3568 3057 Nolanum
3604 3005 3811 3075 episco-

2230 3106 2375 3160 pum,
2400 3098 2454 3144 et
2476 3089 2687 3146 Patrem
2710 3092 3006 3161 antiquum,
3035 3101 3090 3148 et
3112 3094 3464 3150 exterioribus
3483 3096 3677 3152 studiis
3696 3112 3813 3153 eru-

2232 3181 2400 3237 ditum
2448 3182 2608 3238 fuisse
2645 3182 2841 3238 ibidem
2882 3184 3021 3240 inter
3063 3184 3165 3240 alia
3200 3195 3492 3253 memorat;
3523 3196 3582 3243 et
3614 3205 3813 3246 conve-

2236 3276 2436 3331 nientia
2464 3284 2765 3347 temporum
2806 3277 2910 3334 hoc
2936 3279 3063 3334 satis
3101 3278 3350 3335 videntur
3386 3295 3651 3337 asserere.
3683 3280 3813 3338 Cum

2233 3376 2288 3423 et
2318 3368 2458 3424 circa
2505 3369 2593 3424 illa
2643 3377 2886 3440 tempora
2929 3372 3143 3426 barbari
3184 3372 3251 3428 ab
3284 3371 3550 3429 Africanis
3578 3376 3815 3447 partibus

2233 3467 2599 3529 erumpentes,
2628 3476 2736 3515 non
2764 3461 2937 3516 solum
2959 3462 3129 3533 ipsam
3148 3460 3515 3534 Campaniam,
3537 3467 3634 3522 sed
3659 3476 3714 3523 et
3737 3477 3814 3523 to-

2236 3559 2344 3605 tam
2373 3566 2512 3621 pene
2538 3550 2746 3606 italiam
2766 3558 3100 3621 eVerterent;
3133 3553 3523 3623 deficientibus,
3546 3558 3691 3628 prob
3718 3559 3813 3615 do-

2159 3672 2162 3675 λ
2232 3642 2342 3721 lor!
2375 3641 2606 3698 Romani
2634 3643 2841 3715 imperii
2867 3645 3087 3701 viribus.

2231 3771 2495 3813 JOHANNES
2537 3774 2889 3823 TBI‘I’HEIIUS,
2938 3776 3042 3815 LIB.
3090 3776 3159 3815 DE
3200 3775 3572 3818 δειυιιτοιιιιιυε
3619 3779 3815 3821 ποιε-

2883 3845 3149 3886 διλδτιοιδ.

2303 3942 2584 4010 Paulinus,
2634 3944 2943 4015 presbyter,
2987 3944 3277 4016 discipulus
3328 3947 3499 4002 sancti
3532 3947 3815 4018 Augustini

2232 4033 2615 4104 Hipponensis,
2648 4043 2703 4089 et
2746 4042 2934 4105 postea
2964 4036 3245 4106 episcopus
3290 4034 3439 4091 Nolze
3475 4034 3813 4109 Campaniae,
3903 4039 3916 4052 '

2231 4129 2298 4183 ad
2327 4142 2486 4197 quem
2516 4127 2797 4195 Augustini
2818 4136 2872 4183 et
2892 4127 3202 4201 Hieronymi
3232 4130 3409 4185 multa:
3436 4130 3685 4186 feruntur
3706 4134 3813 4203 epi-

2230 4219 2412 4285 stola},
2444 4218 2686 4287 variique
2732 4225 3023 4283 tractatus,
3066 4219 3148 4273 vir
3194 4221 3247 4274 in
3294 4219 3589 4290 Scripturis
3618 4222 3817 4278 sanctis

2229 4309 2639 4373 eruditissimus,
2655 4317 2709 4363 et
2729 4308 2781 4362 in
2794 4308 3120 4364 secularibus
3135 4309 3327 4365 litteris
3348 4311 3475 4364 nulli
3489 4327 3590 4367 suo
3606 4320 3814 4383 tempu-

2229 4417 2289 4456 re
2332 4400 2615 4464 secundus,
2644 4414 2750 4454 non
2798 4400 2973 4454 minus
3001 4401 3285 4455 sanctitate
3312 4416 3472 4470 quam
3512 4403 3817 4461 eruditione

2232 4492 2410 4546 clarus
2437 4489 2632 4545 effulsit
2660 4508 2671 4542 :
2702 4490 2768 4545 de
2795 4506 2902 4560 quo
2932 4490 3117 4545 beatus
3144 4489 3433 4559 Gregorius
3460 4506 3601 4562 papa
3626 4494 3682 4548 in
3710 4502 3815 4550 ter-

2154 4575 2206 4635 D
2234 4582 2309 4636 tio
2337 4582 2474 4642 libro
2502 4580 2844 4649 Dialogorum
2891 4582 3103 4648 scribit,
3152 4582 3297 4653 quod
3325 4591 3487 4637 tantae
3517 4585 3739 4653 pietatis
3763 4594 3819 4642 et

2232 4673 2589 4729 miserationis
2610 4672 2787 4739 fuerit,
2804 4680 2862 4727 ut
2884 4684 3070 4743 postea
3090 4688 3250 4743 quam
3271 4674 3450 4729 omnia
3476 4690 3574 4730 sua
3605 4677 3661 4731 in
3686 4694 3819 4748 pan-

2232 4780 2420 4836 perum
2450 4780 2574 4820 usus
2601 4774 2655 4818 et
2683 4764 3016 4834 captivorum
3043 4763 3411 4819 liberationem
3459 4767 3813 4837 expenderat,

2231 4854 2396 4910 etiam
2421 4854 2653 4923 seipsum
2676 4854 2727 4907 in
2750 4853 3058 4907 servitutem
3079 4868 3178 4923 pro
3207 4852 3317 4910 filio
3343 4853 3619 4923 cujusdam
3643 4856 3817 4911 viduae

2235 4947 2538 5011 tradiderit;
2571 4962 2602 5001 a
2629 4961 2733 5016 qua
2758 4945 2972 5002 tandem
3000 4962 3122 5003 cum
3144 4946 3327 5003 multis
3354 4948 3579 5019 captivis
3599 4949 3671 5005 ob
3691 4950 3817 5005 vitae

2204 5029 2208 5034 ’
2232 5039 2483 5094 meritum
2509 5036 2758 5094 dimissus
2777 5036 2893 5092 fuit.
2925 5037 3149 5108 Scripsit
3168 5046 3277 5092 tam
3299 5048 3472 5094 metro
3498 5054 3664 5109 quam
3686 5058 3818 5112 pro-

2230 5146 2291 5185 sa
2319 5130 2486 5184 multa
2511 5130 2809 5195 volumina,
2839 5130 2907 5186 de
2931 5130 3123 5201 quibus
3151 5132 3252 5186 ista
3279 5130 3523 5187 feruntur
3555 5151 3568 5186 :
3601 5133 3681 5189 De
3710 5135 3815 5191 Sa-

2230 5225 2519 5282 cramentis
2561 5224 2653 5281 lib.
2698 5242 2744 5291 ι;
2792 5223 3176 5297 Panegyricum
3205 5224 3490 5281 Theodosii
3532 5226 3628 5282 lib.
3657 5244 3707 5292 ις
3740 5229 3818 5284 De

2229 5315 2517 5373 Contemtu
2545 5317 2730 5372 mundi
2767 5317 2857 5373 lib.
2902 5334 2947 5383 1;
2972 5317 3046 5372 De
3074 5316 3543 5374 Benedictionibus
3580 5320 3817 5387 patriar-

2222 5409 2445 5465 charum
2474 5406 2565 5462 lib.
2589 5424 2634 5474 l;
2666 5407 2747 5461 Ad
2785 5407 3042 5464 Severum
3081 5406 3375 5477 Sulpicium
3421 5408 3681 5477 epistolas
3714 5407 3813 5472 υς

2222 5502 2397 5556 Vitam
2427 5499 2484 5556 S.
2509 5500 2701 5555 Felicis
2727 5499 2917 5555 Nolani
2936 5500 3175 5571 episcopi
3194 5500 3287 5556 lib.
3312 5516 3361 5565 ις
3392 5499 3469 5554 De
3488 5497 3665 5555 Morte
3686 5500 3816 5569 bap-

2220 5595 2367 5649 tizati
2423 5593 2639 5648 infantis
2684 5593 2776 5648 lib.
2828 5611 2873 5660 t;
2924 5594 3255 5666 llymnorum
3298 5592 3513 5649 diverso
3568 5594 3813 5649 carmine

2216 5687 2309 5742 lib.
2333 5702 2369 5753 ις
2401 5686 2476 5740 De
2497 5684 2816 5741 Ptenitentia
2838 5687 2927 5742 lib.
2955 5704 2999 5752 ι;
3032 5687 3108 5744 De
3123 5685 3302 5743 Laude
3321 5692 3617 5758 martyrum
3638 5686 3731 5743 lib.
3759 5704 3809 5755 ις

595 5801 623 5830 ι
652 5792 748 5851 Ms.
782 5797 952 5853 codex
989 5800 1123 5871 Big.,
1157 5804 1291 5860 beati
1320 5804 1553 5879 Gregorii
1598 5811 1878 5879 pontiﬁcis,
1910 5813 2189 5883 Anglorum
2213 5816 2405 5871 scilicet
2434 5817 2597 5885 gentis
2622 5818 2859 5886 apostoli.
