4056 6358
290 361 391 415 145

1639 363 2002 422 PROLEGOM
2008 363 2158 419 ENA.

3438 385 3536 443 HG

285 476 641 545 Epistolarum
668 477 733 532 ad
762 478 1000 536 diversos
1027 479 1117 535 lib.
1150 491 1186 536 ι.
1217 480 1334 537 Alia
1362 496 1577 554 quoque
1604 485 1858 541 nonnulla
1888 486 1932 544 A
1961 499 2188 539 tooocus
2204 499 2390 540 BADIUS
2415 501 2708 556 ASCl-ZNSIUS,
2733 505 2783 544 tu
2805 507 3144 550 ριιιειηιτιοκε
3173 512 3238 551 su
3263 513 3308 552 s.
3335 515 3540 556 PAULINI

274 556 469 636 'edidit,
500 586 619 639 qum
645 565 709 626 ad
739 573 979 628 notitiam
1020 590 1192 631 meam
1214 593 1321 634 non
1346 589 1625 636 venerunt.
1657 580 1860 636 Claruit

283 661 381 714 sub
425 661 666 719 Honorio
712 674 765 720 et
814 665 1189 725 Valentiniano
1218 671 1548 742 principibus
1577 687 1718 728 anno
1748 673 1856 728 Do-

282 754 410 808 mini
436 753 557 808 4‘20.

384 905 636 943 BAPTISTA
661 907 1000 959 HANTUANUS,
1033 912 1204 952 POETA
1230 913 1647 969 CARIELITANCS,
1679 920 1729 959 IN

875 981 1252 1024 APOLOGETICO.

348 1070 484 1139 Quid
513 1073 579 1128 de
610 1072 829 1132 Paulino
859 1077 1072 1135 Nolana:
1107 1083 1253 1139 urbis
1281 1087 1564 1157 episeopo,
1596 1088 1856 1163 Hierony-

275 1163 346 1217 mi
378 1174 829 1249 contemporaneo
875 1180 928 1226 et
969 1173 1248 1231 familiari?
1276 1179 1401 1246 quid
1430 1181 1642 1236 dicam?
1671 1182 1858 1240 Nonne

273 1257 630 1326 pulcherrima
653 1276 769 1330 qua:
790 1262 964 1320 adhuc
988 1277 1219 1334 exstant,
1244 1281 1298 1324 et
1318 1287 1530 1342 semper
1549 1277 1854 1344 exstabunt,

273 1350 490 1404 excudit
517 1354 803 1421 poemata?
831 1354 964 1410 Cum
995 1358 1165 1414 adhuc
1191 1360 1620 1420 adolescentulus
1648 1382 1819 1423 essem
1837 1409 1852 1433 ,

272 1448 326 1493 et
356 1457 386 1493 a
415 1441 602 1495 studiis
630 1443 1009 1502 ecclesiasticis
1037 1449 1175 1504 illius
1213 1453 1386 1507 artatis
1415 1469 1564 1509 more
1593 1457 1853 1514 abhorre-

271 1545 406 1594 rem,
444 1532 577 1586 forte
607 1534 657 1587 in
688 1550 750 1597 ea
780 1546 1025 1608 poemata
1058 1539 1244 1607 incidi,
1291 1553 1347 1598 et
1392 1548 1641 1602 carminis
1679 1551 1856 1604 suavi-

272 1628 384 1673 tate
411 1620 706 1679 delectatus
742 1627 974 1680 aninmm
1013 1628 1079 1682 ad
1118 1645 1206 1686 res
1233 1631 1439 1706 divinas
1465 1638 1718 1706 paulatim
1757 1655 1854 1710 ap-

269 1711 401 1779 puli,
433 1720 484 1766 ct
515 1728 580 1766 ex
616 1714 706 1769 illo
735 1723 974 1787 tempore
1013 1718 1307 1777 litterarum
1338 1740 1610 1781 sacrarum
1648 1730 1854 1785 studio-

267 1802 383 1855 sior
413 1803 503 1857 l'ui.

483 1932 772 1972 annuosws
794 1933 914 1983 LEO,
940 1935 1042 1974 Lm.
1066 1937 1102 1976 ιι
1129 1939 1196 1976 ηε
1225 1939 1380 1990 nou,
1407 1941 1524 1981 car.
1552 1928 1637 1983 15.

336 2026 603 2081 Sacellum
633 2043 762 2083 vero
789 2027 898 2083 divi
927 2029 1134 2088 Paulini
1158 2035 1373 2091 ubinam
1401 2023 1491 2104 sit,
1521 2041 1722 2096 clarum
1750 2053 1851 2111 est,

264 2114 412 2169 aades
436 2115 551 2170 sola
582 2123 664 2171 est
705 2118 906 2186 absque
951 2123 1106 2178 cella.
1160 2129 1317 2198 119
1344 2126 1522 2184 Haeret
1565 2131 1637 2186 illi
1662 2147 1851 2202 magna

263 2205 477 2274 domus,
509 2223 628 2277 qum
657 2211 811 2266 nobis
838 2216 1018 2284 pueris
1051 2217 1337 2287 hospitium
1366 2221 1732 2278 mendicorum
1765 2239 1855 2280 so-

260 2296 541 2355 lummodo
573 2302 973 2361 adventantium
1010 2318 1154 2375 erat;
1187 2310 1440 2382 hospitale
1473 2327 1592 2368 eam
1631 2314 1700 2370 ob
1737 2331 1851 2372 rem

260 2390 620 2458 appellatum,
656 2403 712 2448 et
738 2396 806 2451 ab
835 2398 951 2468 ipso
981 2408 1091 2455 tota
1119 2401 1312 2457 vicinia
1345 2407 1675 2473 cognominis
1710 2407 1851 2464 facta

260 2487 350 2534 est
383 2499 396 2534 :
428 2498 571 2538 nunc
597 2501 727 2542 vero
756 2489 808 2542 iu
841 2491 1144 2547 ctenobium
1173 2504 1375 2550 mutata
1397 2505 1496 2562 est,
1531 2499 1582 2552 in
1608 2513 1716 2567 quo
1744 2499 1851 2553 divi

260 2569 548 2639 Augustini
587 2579 892 2635 sacerdotes
937 2582 1251 2640 inhabitant.
1281 2587 1340 2641 In
1380 2603 1446 2643 eo
1485 2605 1612 2644 vero
1652 2591 1852 2646 sacello

259 2667 556 2730 quotannis
591 2659 918 2726 acrimonia}.
955 2685 1118 2744 atque
1152 2678 1399 2732 nundinae
1441 2688 1689 2747 aguntur,
1731 2698 1852 2736 cum

258 2755 496 2823 pompis,
526 2762 866 2826 spectaculis,
899 2773 1060 2834 atque
1086 2769 1344 2835 magistro
1384 2769 1762 2836 nundinarum,
1795 2780 1854 2826 ut

257 2842 488 2900 inferius
515 2849 742 2918 amplius
771 2852 993 2918 dicetur,
1017 2857 1160 2924 quod
1183 2858 1336 2911 divus
1365 2860 1408 2913 is
1433 2861 1690 2917 servitute
1716 2864 1856 2918 solu-

257 2940 373 2998 tus,
405 2945 567 3004 atque
615 2941 680 2993 ab
720 2940 894 2998 Africa
932 2945 1146 3000 rediens
1185 2947 1403 3010 Nolam,
1437 2965 1617 3006 secum
1667 2968 1856 3008 omnes

259 3025 434 3076 etiam
462 3025 698 3083 Nolanos
731 3034 944 3088 nomine
972 3035 1088 3103 ejus
1125 3037 1379 3094 liberatos
1407 3043 1730 3108 transvexit,
1761 3044 1853 3112 qui

255 3114 410 3181 capti
454 3117 762 3174 serviebant
804 3122 857 3175 in
886 3122 1083 3180 Africa.
1112 3126 1242 3180 Nam
1277 3144 1396 3184 cum
1427 3131 1537 3186 illic
1575 3133 1849 3200 cujusdam

2643 576 2807 616 OPEBA
2817 602 2832 616 .

2019 649 2258 706 Sanctus
2287 651 2560 720 Paulinus,
2592 656 2684 725 qui
2712 672 2832 711 cum
2873 659 3208 716 ethnicorum
3239 662 3428 718 litteris
3455 680 3541 720 es-

1957 748 2042 794 set
2069 741 2529 809 instructissimus,
2566 746 2642 800 sic
2673 755 2850 802 tamen
2881 748 3077 805 divitiis
3105 768 3230 807 usus
3262 762 3370 817 est,
3404 764 3462 809 ut
3486 756 3537 811 in

1958 833 2074 902 ejus
2102 835 2255 891 labiis
2279 845 2333 892 et
2361 835 2534 909 Pytho
2571 839 2658 894 illa
2698 848 2753 895 et
2780 840 2970 897 Suada:
3006 845 3233 899 medulla
3263 848 3540 904 sessitasse

1957 922 2153 979 merito
2176 927 2566 995 pnedicentur;
2597 929 2756 985 docet
2785 932 2925 986 enim
2956 941 3011 986 et
3037 942 3246 1001 movet,
3271 935 3541 1005 al'licitque

1959 1014 2257 1083 legentem;
2291 1018 2399 1073 imo
2438 1033 2546 1088 quo
2575 1020 2688 1074 vult
2721 1021 2946 1092 impellit
2970 1039 3130 1094 supra
3157 1026 3443 1081 modum...
3475 1027 3541 1081 Ut

1961 1108 2146 1177 paucis
2173 1111 2433 1180 explicem
2453 1112 2618 1166 vitam
2646 1113 2787 1168 beati
2823 1114 3058 1181 Paulini,
3091 1126 3150 1171 ut
3181 1133 3250 1172 ex
3273 1119 3388 1188 ejus
3417 1120 3543 1176 alic-

1961 1217 2189 1272 rumque
2217 1205 2429 1274 scriptis
2457 1220 2745 1276 excerpere
2773 1208 2921 1278 potui
2950 1209 3184 1266 breviter
3210 1227 3541 1268 commemo-

1961 1296 2114 1351 rabo.

2033 1390 2205 1444 Claris
2225 1392 2492 1446 natalibus
2520 1401 2687 1458 ortus,
2719 1402 2776 1449 et
2804 1395 2856 1448 in
2881 1395 3153 1464 splendida
3179 1413 3237 1452 re
3263 1400 3540 1468 educatus,

1960 1481 2205 1549 miroque
2229 1483 2440 1551 ingenio
2469 1487 2738 1554 przeditus,
2763 1487 3075 1543 cultioribus
3104 1488 3294 1545 litteris
3321 1505 3540 1561 operam

1961 1573 2107 1628 dedit
2135 1576 2233 1629 sub
2255 1576 2416 1630 Decio
2445 1577 2682 1632 Ausonio
2713 1579 3090 1648 Burdegalensi
3121 1593 3277 1652 poeta
3301 1584 3540 1638 amoenis

1961 1662 2118 1725 simo,
2152 1664 2237 1718 cui
2283 1672 2505 1734 pr0pter
2554 1666 2840 1721 amicitiam
2870 1675 2925 1722 et
2969 1672 3288 1724 commercia
3333 1680 3540 1741 patrum

1963 1755 2240 1824 utriusque
2269 1755 2521 1822 singulari
2551 1757 2828 1815 devinctus
2856 1769 2970 1814 erat
3003 1762 3263 1827 amicitia;
3295 1772 3348 1817 et
3371 1777 3539 1832 quan-

1889 1859 1933 1917 B
1961 1853 2074 1900 tum
2104 1862 2170 1901 ex
2193 1846 2412 1901 Ausonii
2439 1849 2681 1904 versibus
2700 1851 2949 1919 colligere
2978 1851 3154 1919 datur,
3185 1863 3276 1908 aut
3301 1870 3426 1920 una,
3449 1865 3538 1910 aut

1959 1939 2195 1993 vicissim
2227 1955 2463 1996 summos
2489 1941 2672 1997 Romze
2700 1952 2979 2012 gesserunt
3007 1945 3258 2001 honores.
3287 1944 3434 2002 llnde
3476 1949 3539 2003 il-

1957 2026 2048 2083 Iud
2076 2029 2297 2086 Ausonii
2321 2031 2386 2086 ad
2411 2031 2689 2095 Paulinum
2718 2035 2872 2104 epist.
2887 2033 2977 2088 25.

2052 2140 2302 2209 Paulinum
2330 2145 2696 2207 Ausoniumque
2715 2147 2859 2204 viros,
2883 2158 3005 2209 quos
3027 2159 3163 2196 sacra
3181 2148 3386 2206 Quirini,

2056 2203 2272 2265 Purpura
2297 2211 2348 2254 et
2372 2214 2570 2256 auratus
2587 2203 2768 2256 trabea
2795 2203 2971 2257 velavit
2995 2203 3212 2258 amictus;

2036 2306 2193 2377 120
2232 2305 2486 2363 Eruditus
2528 2308 2709 2378 itaque
2739 2308 3088 2365 interioribus
3126 2318 3180 2364 et
3226 2311 3538 2393 cultioribus

1956 2400 2150 2455 litteris
2177 2399 2406 2458 fecundo
2437 2419 2537 2458 suo
2580 2406 2796 2474 ingenio
2829 2406 3137 2461 admiranda
3168 2405 3293 2461 fecit
3320 2421 3538 2476 poema-

1955 2497 2054 2565 tia,
2084 2499 2222 2553 inter
2247 2501 2371 2568 quae
2405 2499 2472 2556 de
2501 2499 2800 2558 Caesaribus
2834 2519 2902 2558 ex
2940 2503 3199 2558 Suetonio
3235 2504 3491 2558 nonnulla
3523 2521 3538 2557 :

1957 2590 2320 2658 postmodum,
2365 2592 2660 2661 inspirante
2707 2593 2840 2660 Deo,
2872 2596 2937 2648 ad
2992 2595 3348 2648 Christianam
3379 2597 3538 2665 pieta-

1958 2688 2069 2733 tem
2098 2681 2312 2749 penitus
2340 2698 2651 2745 conversus,
2697 2686 2980 2740 Ambrosio
3009 2694 3064 2739 et
3094 2686 3388 2753 Augustino
3415 2703 3539 2744 usus

1957 2770 2400 2838 praeceptoribus,
2444 2782 2511 2825 ne
2534 2774 2745 2840 generis
2774 2783 2865 2828 aut
2893 2775 3156 2830 honorum
3184 2776 3467 2846 splendore
3509 2794 3538 2834 a

1959 2855 2260 2912 Christiana
2298 2860 2558 2916 modestia
2596 2871 2944 2930 averteretur,
2977 2865 3327 2921 Barcinonem
3363 2867 3430 2923 ab
3461 2868 3537 2926 eis

1958 2949 2154 3003 missus
2195 2960 2276 3005 est
2316 2969 2328 3003 :
2373 2953 2460 3007 ubi
2507 2963 2561 3008 et
2607 2956 2775 3010 sacris
2817 2957 3053 3013 initiatus
3094 2973 3307 3014 omnem
3353 2961 3536 3019 mundi

1957 3055 2208 3110 pompam
2252 3041 2464 3111 rejecit;
2493 3060 2789 3115 venamque
2834 3045 3085 3102 ﬂuentem
3129 3064 3192 3103 ac
3222 3066 3357 3119 pene
3385 3052 3535 3107 lasci-

1957 3131 2211 3196 vientem,
2243 3147 2456 3201 gravem
2478 3143 2531 3190 et
2559 3137 2804 3192 stabilem
2839 3138 2984 3203 fecit,
3016 3141 3280 3211 anxieque
3317 3157 3530 3198 omnem

251 3204 522 3272 principis
552 3209 714 3262 olitor
740 3212 876 3266 foret
913 3213 1183 3280 Paulinus,
1209 3226 1313 3272 etc.
1343 3219 1676 3278 Redeuntem
1717 3240 1847 3294 ergo
1875 3211 1922 3274 Ο
1954 3222 2205 3290 gentilem
2240 3223 2398 3278 Pilum
2427 3224 2611 3280 νίιὲίνίῐ
2659 3242 2828 3297 usque
2865 3229 3030 3290 adeo.
3065 3239 3123 3286 υι
3162 3204 3229 3286 n-e
3257 3231 3531 3303 Virgilium

251 3298 469 3346 tantum
499 3293 717 3350 Nolana:
744 3300 971 3356 civitatis
998 3301 1230 3368 Patrem,
1257 3313 1569 3380 tantumque
1593 3313 1660 3368 dc
1681 3293 1844 3369 Nola-

250 3382 346 3437 nis
374 3383 512 3439 bene
538 3399 851 3456 merentem,
878 3394 1022 3447 omni
1048 3409 1244 3466 pompa
1271 3398 1559 3471 lattitiaque
1581 3419 1846 3476 excepere

252 3472 483 3549 Nolani;
508 3486 670 3548 atque
691 3482 880 3537 deinde
908 3485 1154 3542 eumdem
1175 3489 1314 3545 diem
1343 3496 1497 3550 statis
1518 3472 1746 3568 pompis,
1775 3500 1848 3554 le-

254 3567 360 3620 stis
381 3573 804 3643 spectaculisque
841 3581 1081 3634 venerati
1109 3590 1252 3649 sunt,
1277 3593 1436 3654 atque
1465 3567 1721 3658 usquead
1746 3608 1846 3647 no-

257 3662 428 3711 stram
450 3666 823 3732 tempestatem
847 3670 1218 3726 venerationes
1245 3684 1370 3728 sunt
1387 3675 1660 3745 iactitatae,
1686 3682 1843 3752 idque

259 3761 296 3801 a
318 3764 405 3804 xvi
430 3751 686 3810 kalendas
713 3755 878 3813 Julias
903 3775 1072 3829 usque
1099 3779 1134 3816 ι
1163 3765 1398 3822 easdem.

527 3883 731 3925 PETBUS
757 3871 1017 3939 CRINITUS,
1049 3891 1116 3929 DE
1146 3892 1331 3933 POETIS
1357 3897 1580 3937 LATINIS.

579 3981 668 4042 (Ex
691 3985 907 4035 editione
927 3986 1048 4036 Bad.
1073 3986 1227 4038 Paris.
1255 4003 1328 4039 an.
1375 3992 1531 4055 15l6.)

335 4081 552 4141 Pontius
599 4085 851 4145 Paulinus
897 4093 1062 4146 nobili
1113 4108 1309 4162 genere
1356 4107 1514 4152 natus
1561 4100 1701 4154 inter
1747 4117 1844 4156 eos

262 4184 450 4245 poetas
480 4180 707 4234 refertur
733 4182 822 4250 qui
849 4183 947 4238 sub
975 4184 1198 4254 imperio
1225 4185 1360 4242 Caes.
1388 4190 1626 4244 Gratiani
1644 4191 1842 4262 .llorue-

260 4275 405 4332 runt,
438 4278 496 4322 ut
517 4269 762 4340 Faustus,
786 4267 1067 4330 Tetradius
1094 4285 1149 4330 et
1177 4278 1454 4333 Ausonius.
1490 4279 1844 4350 Burdegalen-

260 4357 330 4412 sis
358 4359 486 4426 fuit,
521 4370 584 4417 ac
613 4365 664 4416 in
702 4366 912 4433 poetica
942 4365 1193 4423 facultate
1221 4385 1543 4440 magnopere
1570 4374 1839 4428 excelluit.

259 4449 488 4516 Quidam
517 4464 768 4524 putarunt
797 4455 958 4513 fuisse
988 4469 1240 4530 nepotem
1270 4462 1520 4529 Ausonii,
1551 4465 1691 4534 quod
1719 4481 1840 4522 eum

259 4552 408 4611 grata
443 4560 507 4599 ac
535 4543 799 4602 bisnevola‘
819 4549 1047 4617 quadam
1087 4552 1443 4621 appellatione
1475 4554 1635 4609 lilium
1665 4558 1844 4612 nomi-
1870 4558 1926 4620 D

260 4643 385 4700 net;
412 4637 505 4690 sed
546 4637 648 4692 hbe
677 4655 781 4693 non
813 4641 939 4695 satis
967 4650 1178 4696 constat
1207 4643 1258 4696 in
1290 4652 1396 4698 tam
1421 4647 1565 4699 varia
1611 4655 1664 4700 et
1696 4649 1840 4703 anci-

259 4718 356 4794 piti
389 4735 566 4780 rerum
598 4729 938 4784 obscuritate.
971 4730 1114 4786 Inter
1146 4733 1247 4786 alia
1275 4750 1436 4803 opera
1477 4736 1732 4806 scriptum
1761 4749 1844 4795 est

260 4829 290 4868 a
320 4815 547 4873 Paulino
579 4835 768 4889 poema
806 4822 1130 4876 hexametris
1166 4823 1406 4879 versibus
1433 4824 1498 4879 de
1535 4827 1747 4894 regibus
1776 4844 1844 4883 ex

261 4908 521 4965 Suetonio
553 4912 858 4982 Tranquillo
893 4915 1161 4982 collectis,
1195 4917 1246 4970 in
1273 4932 1379 4986 quo
1408 4917 1695 4974 maximam
1729 4921 1842 4974 lau-

261 4999 382 5055 dem
422 5003 650 5072 adeptus
680 5013 787 5069 est,
822 5012 880 5059 ut
909 5007 975 5059 ab
1003 5007 1239 5061 Ausonio
1268 5007 1495 5062 refertur
1521 5011 1601 5064 his
1624 5011 1801 5065 verbis
1826 5029 1838 5066 :

262 5093 484 5166 Coegisti
505 5101 558 5149 in
579 5094 828 5168 epitomen
850 5107 952 5153 tres
981 5100 1137 5154 libros
1159 5100 1390 5154 Suetonii
1413 5102 1476 5154 de
1504 5102 1707 5173 regibus
1729 5113 1846 5158 tan-

263 5196 314 5239 ta
336 5191 613 5258 elegantia,
647 5190 784 5242 solus
826 5201 880 5244 ut
912 5192 1113 5246 videare
1153 5202 1447 5246 consecutus
1486 5194 1620 5264 quod
1665 5206 1844 5249 contra

261 5295 430 5332 rerum
462 5289 705 5333 naturam
733 5292 825 5345 est,
859 5281 1074 5336 brevitas
1103 5293 1156 5336 ut
1185 5283 1397 5337 obscura
1425 5301 1526 5338 non
1563 5295 1712 5338 esset.
1744 5285 1844 5339 Le-

264 5380 459 5434 guntur
480 5371 656 5427 adhuc
679 5373 919 5442 quaedam
949 5375 1110 5444 ipsius
1139 5373 1343 5430 Paulini
1373 5376 1633 5443 carmina,
1662 5377 1713 5430 in
1734 5378 1846 5445 qui-

265 5460 362 5515 bus
384 5451 607 5518 mirillca
630 5465 859 5520 eruditio
876 5474 930 5520 et
957 5467 1281 5522 incredibilis
1309 5467 1574 5537 elegantia
1603 5476 1843 5538 apparet.

265 5549 404 5608 Idem
437 5553 695 5610 Paulinus
716 5557 986 5626 praeclaris
1016 5567 1174 5626 atque
1204 5559 1593 5616 honestissimis
1621 5560 1848 5628 dignita-

267 5643 404 5702 tibus
429 5650 744 5719 perfunctus
782 5661 886 5719 est,
916 5660 972 5708 et
1018 5653 1153 5708 inter
1198 5653 1468 5724 principes
1513 5656 1652 5711 viros
1689 5664 1849 5731 atque

266 5738 629 5795 nobilissimos
652 5739 878 5798 habitus.

1953 3312 2171 3380 quidem
2216 3315 2549 3383 postmodum
2585 3320 2860 3374 nominare
2907 3319 3064 3375 fuerit
3098 3337 3291 3388 ausus,
3342 3339 3534 3394 magno

1953 3401 2294 3470 documento,
2323 3407 2484 3461 alium
2514 3408 2706 3478 stylum
2740 3409 2929 3465 decere
2957 3413 3124 3468 sacris
3153 3413 3418 3468 initiatum
3448 3415 3530 3469 vi-

1953 3507 2101 3558 rum,
2137 3496 2298 3548 alium
2328 3498 2619 3566 prophanis
2658 3498 2828 3553 adhuc
2857 3499 3127 3567 deditum;
3159 3503 3298 3558 unde
3338 3505 3449 3575 ipse
3477 3505 3530 3559 in

1951 3583 2217 3653 principio
2239 3587 2475 3655 epistolae
2498 3588 2819 3657 responsivze
2846 3589 2912 3644 ad
2937 3590 3229 3648 Ausonium
3281 3610 3298 3648 :

2137 3699 2259 3767 Quid
2285 3699 2528 3767 abdicatas
2552 3701 2599 3748 in
2625 3714 2968 3767 meamrcuram
2992 3713 3132 3767 pater

2198 3759 2380 3824 Redire
2412 3763 2568 3809 Musas
2602 3765 2854 3824 praeripis?

2139 3821 2334 3889 Negant
2354 3821 2614 3889 cammnis,
2635 3838 2728 3874 nec
2750 3821 2917 3885 iatent
2931 3828 3141 3889 Apollini

2197 3883 2366 3932 Dicata
2389 3884 2580 3934 Christo
2600 3883 2812 3948 pectora.

2021 3988 2080 4041 In
2118 3990 2355 4044 carmine
2385 3998 2562 4046 tamen
2592 4007 2710 4046 eam
2751 3993 2970 4047 retinuit
3006 3995 3251 4061 gratiam,
3281 4003 3338 4048 ut
3376 3995 3528 4051 facile

1951 4078 2005 4130 in
2030 4093 2096 4132 eo
2121 4085 2175 4131 et
2203 4079 2416 4134 divitem
2439 4083 2646 4137 veniam
2676 4091 2728 4135 et
2751 4083 2967 4136 multam
2990 4085 3340 4138 eruditionem
3364 4101 3529 4151 agno-

1950 4183 2091 4222 SCQS.

1955 4293 2208 4332 HENRICUS
2236 4293 2452 4354 GRAVlyS
2481 4297 2530 4334 IN
2561 4297 2901 4336 PREFATIONE
2932 4300 2998 4336 AD
3027 4299 3070 4338 S.
3105 4301 3309 4340 PAULINI
3336 4302 3525 4344 OPERA.

2340 4434 2342 4437 ι
2385 4371 2474 4431 (Ex
2496 4374 2709 4423 editione
2748 4373 2913 4424 Colon.
2939 4377 3098 4438 1560.)

2022 4479 2220 4535 Beatus
2245 4479 2518 4546 Paulinus,
2561 4489 2621 4535 ut
2647 4489 2762 4535 erat
2787 4482 2944 4550 longe
2983 4483 3321 4539 doctissimus
3345 4499 3408 4540 ac
3438 4502 3530 4542 ve-

1950 4574 2318 4638 nustissimus,
2351 4574 2420 4627 ita
2451 4574 2736 4628 multorum
2768 4573 2974 4628 inscitia
3002 4590 3066 4630 ac
3097 4575 3400 4632 temeritate
3427 4579 3531 4632 mi-

1949 4679 2068 4717 rum
2092 4665 2142 4716 in
2174 4663 2388 4717 modum
2413 4663 2734 4733 depravatus
2773 4665 2918 4718 exiit.
2969 4663 3141 4734 Atque
3181 4666 3234 4720 id
3263 4667 3530 4738 profecto,

1951 4768 2070 4808 cum
2098 4753 2369 4822 indignum
2397 4755 2466 4808 sit
2493 4754 2546 4808 in
2576 4754 2820 4809 omnibus
2844 4754 3084 4818 eruditis,
3109 4764 3217 4810 tum
3245 4757 3401 4826 longe
3441 4759 3527 4813 in-

1950 4842 2316 4912 dignissimum
2338 4853 2453 4898 erat
2479 4845 2530 4897 in
2555 4842 2796 4908 Paulino,
2839 4846 2929 4915 qui
2955 4845 3042 4900 vel
3069 4862 3204 4900 unus
3225 4849 3532 4902 merebatur

1951 4941 2009 4988 ut
2037 4935 2522 5006 incorruptissimus
2549 4945 2848 4991 servaretur
2867 4939 2936 4993 ob
2961 4938 3222 4993 sermonis
3241 4940 3529 5008 puritatem

1952 5027 2191 5095 aliasque
2225 5026 2378 5080 dotes
2403 5024 2644 5078 eximias.
2675 5024 2810 5090 Quid
2857 5027 2998 5080 enim
3045 5043 3110 5082 eo
3158 5028 3374 5097 purius?
3403 5026 3531 5096 quid

1952 5118 2358 5188 nitidius?jquid
2387 5118 2619 5186 gravius,
2652 5125 2746 5171 aut
2772 5118 3081 5173 ardentius?
3107 5119 3162 5173 Si
3192 5120 3312 5174 vita}
3357 5120 3528 5190 pieta-

1951 5218 2062 5264 tem
2084 5218 2312 5278 spectes,
2346 5209 2463 5278 quis
2491 5207 2757 5284 Christum
2784 5209 2950 5278 spirat
2977 5210 3238 5265 vividius?
3259 5211 3378 5280 quis
3405 5224 3526 5264 eum

1952 5301 2064 5354 vita
2077 5299 2242 5366 magis
2255 5298 2541 5368 expressit?
2552 5296 3144 5369 Siquidem’pmclarum
3158 5299 3439 5354 admodum
3453 5299 3504 5355 id
3513 5343 3530 5370 ,

1954 5390 2102 5460 quod
2125 5389 2192 5444 de
2219 5404 2286 5444 eo
2313 5389 2477 5444 refert
2493 5388 2689 5445 Paulus
2705 5390 3056 5460 Aquileiensis
3090 5390 3346 5445 diaconus
3378 5408 3391 5442 :
3415 5389 3530 5447 Hoc

1957 5486 2202 5549 tempore,
2217 5474 2387 5546 inquit
2399 5477 2536 5545 (Lib.
2551 5495 2607 5533 ιιι
2620 5477 2784 5545 Dial.,
2801 5495 2846 5532 ε.
2863 5480 2936 5551 1),
2951 5497 3047 5548 quo
3075 5479 3265 5532 scilicet
3283 5477 3531 5537 Wandali

1961 5587 2073 5624 cum
2086 5567 2285 5623 Mauris
2307 5579 2453 5638 capta
2472 5569 2635 5624 Roma
2660 5579 2818 5624 totum
2829 5568 3126 5636 Campaniw
3146 5578 3359 5624 trartum
3371 5587 3532 5642 popu-

1961 5661 2104 5715 laren
2112 5668 2161 5712 tu
2169 5677 2214 5726 ι’,
2229 5657 2518 5730 Notumque
2534 5661 2716 5711 misera
2729 5660 2878 5711 ruina
2889 5656 3424 5722 diruerent,Paulimts
3434 5663 3532 5730 epi-

1961 5766 2141 5815 scoyus
2167 5747 2669 5810 ΝοιαηωΕεειεεὲαι,
2684 5749 2758 5801 vir
2783 5747 3131 5803 sanctissimus
3152 5751 3382 5815 et,sicuti
3403 5754 3530 5807 scri-
