4056 6358
215 342 314 400 ιιο

1577 335 2109 398 multa.

3376 341 3482 402 il.

213 453 492 512 tuavltudo
519 451 788 509 narrantis
830 450 1118 507 annonam
1159 450 1408 507 anhelat.
1432 450 1675 508 Venitad
1703 468 1794 508 se-
1819 457 1876 520 Α
1898 452 2022 507 line.
2047 450 2188 518 Quin
2220 458 2278 508 et
2321 449 2564 509 Ausonio
2608 451 2678 512 ad
2717 452 2992 523 poetiou-
3025 454 3172 514 ssrlo
3203 443 3480 512 revocanti

215 557 476 604 nectutem
506 547 785 618 grandem,
844 555 1103 613 moratus,
1144 546 1447 617 imperante
1493 545 1787 614 Marciano,

216 644 350 698 circa
381 653 584 696 annum
611 641 717 694 458
748 649 794 693 ο.

355 767 504 808 εωιε
531 765 778 819 ηκετυε,
809 767 859 807 lN
887 767 1044 808 NO‘NS
1069 767 1136 807 AD
1163 765 1367 810 Λυδοῖσι
1393 765 1564 810 ορεῐιΑ
1591 767 1659 808 νε

831 839 880 880 8ο
909 839 1151 879 PAULINO.

601 913 698 974 (iis
722 913 848 964 edit.
865 914 1114 976 Burdigal.
1136 923 1218 964 an.
1247 913 1410 970 tm.)

281 997 482 1053 Consul
512 997 784 1052 Romanus
813 1005 939 1052 ante
961 997 1253 1052 Ausonium
1281 997 1400 1061 fuit,
1416 1002 1476 1050 ut
1503 1006 1797 1062 cognosces

216 1105 277 1142 ex
309 1089 538 1157 epistola
564 1088 632 1143 20
657 1088 910 1154 Ausonii,
941 1088 1043 1145 hoc
1084 1096 1169 1144 est
1205 1097 1330 1144 ante
1372 1101 1570 1142 annum
1600 1082 1797 1140 Christi

217 1178 346 1241 382;
378 1179 472 1233 sed
503 1177 984 1243 extraordinarius,
1018 1185 1076 1232 ut
1104 1177 1370 1241 dicemus,
1402 1190 1632 1246 eumque
1678 1189 1795 1227 ma-

215 1271 493 1336 gistratum
532 1269 751 1324 Ausonii
785 1283 954 1337 opera
1003 1268 1214 1322 videtur
1257 1267 1552 1336 adeptus...
1585 1263 1686 1319 Ubi
1727 1263 1799 1317 sit

214 1368 462 1414 mortuus
485 1359 692 1426 nescio,
723 1359 826 1413 nisi
855 1359 996 1412 forte
1042 1358 1192 1412 Nola:
1229 1374 1368 1424 suae,
1400 1356 1542 1412 unde
1568 1355 1797 1410 Romam

214 1450 531 1505 translatum
557 1465 754 1518 corpus
792 1449 940 1519 ejus,
969 1456 1024 1503 et
1051 1450 1104 1502 in
1132 1448 1244 1503 aede
1269 1447 1652 1503 Bartbolomaai
1680 1445 1797 1502 col-

213 1538 448 1596 locatum
473 1540 656 1596 scribit
694 1539 935 1611 Raphael
966 1539 1367 1596 Volaterranus.

447 1665 686 1707 annus
705 1663 976 1706 ωιισπτιιε
1000 1665 1067 1705 ΒΕ
1097 1667 1215 1706 νιτΑ
1247 1668 1295 1706 Β.
1328 1666 1556 1706 PAULI“.

240 1742 336 1803 (Ex
366 1750 496 1793 tumo
521 1741 560 1792 Υ
583 1744 899 1793 Bibliotheca
917 1743 1132 1800 Patrum,
1153 1746 1272 1790 edit.
1296 1741 1464 1792 Colca.
1492 1754 1568 1790 an.
1601 1739 1764 1799 1618.)

1892 547 1971 602 sic
1998 543 2290 614 respondet
2321 561 2333 596 :
2378 541 2516 607 Quid
2543 543 2832 612 abdicatus.
2854 553 2962 604 etc.

1965 635 2235 691 Ausonius
2264 634 2361 699 illi,
2390 643 2452 689 ut
2478 633 2686 704 Virgilii
2711 636 2986 704 quondam
3013 633 3201 691 lectori
3228 642 3288 689 et
3313 632 3483 688 imita-

1893 725 2020 788 tori.
2044 724 2140 780 sed
2168 731 2224 778 ut
2253 724 2344 794 pio
2365 723 2669 794 repudianti
2703 725 2821 780 seio
2848 725 3011 782 ducto
3037 723 3312 793 inscripsit
3335 721 3477 779 Cen--

1895 823 2081 872 tonem
2109 815 2404 885 nuptialem
2431 829 2464 869 e
2493 814 2732 871 Marone.
2764 814 2888 871 Fuit
2905 823 3108 882 autem,
3136 812 3322 869 Severi
3357 808 3499 867 Sul-'

1898 905 2295 977 piciieaemplo
2323 905 2437 976 (qui
2467 921 2642 960 uxore
2682 914 2895 962 mortua
2917 906 3102 962 seculo
3131 903 3484 966 renuntiant,

1895 1013 2064 1066 seque
2095 997 2152 1053 S.
2186 997 2415 1054 Martino
2446 997 2814 1068 adjunxerat),
2840 1013 2872 1052 a
2895 995 3162 1067 Delphina
3211 994 3487 1064 Burdega-

1899 1088 2035 1148 ιθιηὶ
2073 1089 2327 1158 episcopo
2373 1089 2694 1159 baptizatus.
2725 1087 2935 1157 Coujux
2983 1085 3061 1141 illi
3111 1084 3363 1141 Therasia
3403 1083 3489 1154 pia

1899 1187 2170 1241 matrona,
2197 1193 2303 1248 qua
2330 1179 2661 1235 assentiente
2690 1177 2948 1234 Paulinus
2983 1176 3215 1234 venditis
3249 1172 3491 1246 pluriis

1901 1269 2142 1341 pnediis,
2171 1278 2230 1325 ut
2282 1270 2476 1334 fundis,
2499 1270 2642 1339 quod
2671 1259 2866 1326 scribit.
2891 1269 3050 1339 epist.
3103 1267 3161 1320 11
3195 1267 3363 1336 (nunc
3399 1261 3490 1332 51)

1899 1363 2143 1420 seculum
2171 1364 2476 1433 relinquere
2502 1364 2706 1418 statuit.
2741 1361 2816 1417 De
2842 1377 2951 1431 quo
2978 1359 3292 1416 Ambrosius
3320 1355 3410 1410 lib.
3441 1368 3492 1412 vt

1901 1455 2085 1524 epist,
2118 1453 2511 1522 etAugustinus
2551 1454 2619 1509 de
2646 1454 2878 1509 Civitate
2904 1467 3022 1522 cap.
3057 1449 3143 1506 10.
3172 1448 3403 1504 Severus
3441 1443 3493 1501 in

1900 1545 2024 1601 Vita
2049 1544 2108 1602 S.
2140 1543 2374 1600 Martini.
2406 1545 2662 1601 Viennam
2702 1543 2888 1600 Gallia:
2939 1543 3172 1614 primum
3201 1540 3492 1610 proiectus,

1900 1637 1964 1692 B.
1998 1637 2284 1691 Martinum
2315 1653 2436 1692 cum
2475 1637 2716 1706 Sulpicio
2745 1636 2958 1700 invisit,
2993 1635 3064 1688 ibi
3096 1649 3164 1688 ex
3205 1631 3377 1686 oculis
3417 1629 3496 1683 la-

1901 1725 2102 1783 borans
2144 1741 2175 1779 a
2229 1724 2458 1779 Martino
2499 1733 2752 1790 curatur,
2807 1733 2861 1777 et
2901 1739 3021 1778 cum
3062 1721 3318 1776 Victricio
3343 1761 3358 1787 ,
3406 1719 3497 1787 qui

300 1822 514 1880 Paulini
561 1839 754 1894 parens
797 1839 910 1881 eos.
963 1822 1148 1878 Romae
1209 1839 1330 1877 cum
1381 1821 1623 1887 luliano,
1682 1820 1795 1891 opi-
1825 1819 2086 1886 'posica
2113 1813 2396 1884 Rotomag.
2427 1815 2712 1886 episc0pus
2740 1812 2859 1879 fuit,
2889 1807 3178 1868 amicitiam
3206 1809 3494 1865 contraxit.

210 1897 332 1980 ndr,
364 1915 462 1971 iuit
484 1932 626 1972 anno
659 1916 723 1971 U.
745 1916 808 1972 C.
831 1932 1114 1982 mutanti,
1138 1915 1337 1972 Christi
1359 1915 1483 1978 325,
1524 1931 1633 1985 quo
1655 1929 1798 1973 anno

209 2009 426 2066 Nicaeus
454 2009 690 2080 synodus
726 2010 899 2079 pruna
929 2009 1030 2064 518
1059 2007 1280 2064 Patrum
1311 2009 1497 2064 haberi
1523 2007 1706 2078 capit,
1741 2015 1800 2063 ut

207 2099 260 2154 in
291 2100 470 2156 Fastis
497 2100 806 2170 Onuphrius
833 2101 1013 2157 docet.
1056 2099 1310 2154 Paulinus
1329 2116 1457 2156 vero
1480 2100 1617 2155 lilius
1641 2107 1802 2156 natus

208 2198 288 2245 est
319 2189 640 2244 Constantio
664 2190 798 2260 Aug.
823 2208 897 2255 nt,
928 2190 1082 2245 Gallo
1108 2199 1164 2245 et
1191 2190 1402 2246 luliano
1424 2192 1559 2248 Cats.
1591 2207 1628 2248 ιι
1653 2206 1795 2248 coss.

209 2297 358 2338 anno
394 2283 592 2340 Christi
621 2284 748 2348 557,
773 2285 879 2350 vel,
912 2294 968 2339 ut
1011 2285 1194 2340 Victor
1222 2282 1492 2340 Giselinus
1534 2286 1585 2340 in
1615 2285 1798 2356 prole-

207 2390 358 2443 gom.
390 2375 574 2432 Severi
597 2376 820 2447 Sulpicii
842 2386 1110 2442 numerat,
1146 2393 1290 2434 anno
1309 2376 1508 2434 Christi
1541 2377 1666 2446 518,
1689 2393 1798 2448 quo

208 2473 264 2519 et
293 2463 620 2521 Prudentius
647 2476 806 2537 poeta
847 2483 1001 2522 sacer
1028 2467 1098 2521 sit
1128 2477 1312 2534 natus,
1353 2478 1410 2524 et
1437 2469 1647 2523 decimo
1674 2478 1801 2536 post

208 2572 360 2612 anno
409 2558 641 2616 Severus
687 2559 987 2630 Sulpicius;
1037 2559 1196 2617 Urbis
1228 2561 1460 2617 conditae
1515 2575 1640 2624 uox,
1676 2575 1800 2616 cum

207 2648 568 2705 Ariminensis
591 2659 648 2706 et
673 2650 991 2706 Seieuciana
1029 2652 1099 2708 sit
1127 2653 1312 2708 habita
1339 2651 1601 2723 synodus.
1633 2651 1802 2708 Natus

1908 1905 2045 1960 llinc
2074 1905 2432 1962 Mediolanum
2479 1905 2751 1978 profectus
2771 1944 2788 1971 ,
2819 1903 2910 1959 ubi
2937 1903 2998 1958 B.
3026 1901 3310 1956 Ambrosio
3341 1897 3495 1951 iami-

1906 2000 2111 2056 liarlter
2139 2010 2224 2055 est
2251 2016 2398 2055 usus.
2431 1998 2616 2056 Romae
2643 1998 2810 2056 etiam
2834 1998 2968 2053 vixit
3000 2014 3015 2050 :
3065 2005 3192 2050 tunc
3226 2002 3283 2049 st
3309 1990 3497 2046 Nolam

1905 2093 2157 2158 secessit,
2188 2099 2248 2146 ut
2268 2091 2584 2147 Ambrosius
2614 2092 2773 2161 epist.
2807 2089 2875 2144 ad
2903 2088 3159 2143 Sabinum
3179 2086 3272 2140 lib.
3302 2099 3354 2137 vi
3382 2097 3497 2136 me-

1907 2184 2085 2248 minit,
2117 2192 2172 2237 et
2199 2183 2313 2255 ipse
2341 2181 2600 2238 Paulinus
2622 2181 2798 2237 Natali
2826 2180 2863 2234 2
2887 2179 2943 2236 in
2972 2186 3216 2235 sanctum
3241 2175 3497 2230 Felicem.

1909 2273 2116 2332 Dehinc
2161 2273 2214 2328 in
2244 2272 2560 2342 Hispaniam
2589 2273 2692 2328 iter
2732 2271 2980 2326 instituit.
3013 2267 3300 2335 Peragrata
3343 2264 3497 2318 dein-

1906 2380 2036 2436 ceps
2064 2363 2316 2434 Hispania
2345 2362 2692 2435 Complutum
2720 2363 2900 2427 venit,
2937 2360 3117 2430 ibique
3146 2373 3214 2412 ex
3243 2355 3498 2412 Therasia

1909 2472 2082 2516 inore
2121 2455 2535 2526 primogenitum
2565 2453 2658 2508 diu
2685 2451 3046 2508 desideratum
3086 2463 3232 2504 mors
3261 2445 3492 2532 sustulit.

1910 2551 1983 2606 At
2018 2560 2212 2606 octavo
2241 2549 2329 2604 die
2357 2557 2573 2604 mortuo
2620 2549 2823 2602 infante
2843 2589 2858 2611 ,
2900 2547 3098 2602 ibidem
3139 2544 3500 2626 ad‘martyres

1911 2639 2192 2710 sepelitur.
2233 2639 2524 2695 Prudentio
2551 2639 2716 2693 etiam
2754 2638 3234 2704 Cmraugustano
3264 2642 3391 2687 tunc
3420 2633 3501 2685 in-

205 2739 396 2808 itaque
424 2740 682 2797 Paulinus
700 2743 970 2798 consulari
992 2743 1190 2798 familia
1218 2719 1503 2812 Ebromsgi
1533 2743 1665 2798 urbe
1693 2757 1806 2797 non
1915 2730 2158 2788 ηοῐυίδδθ
2181 2738 2393 2802 Ρυιίιηι·
2440 2730 2742 2784 Barcino“
2772 2728 3052 2799 ρτεεδνιετ
3079 2741 3110 2780 ³
3139 2723 3362 2794 Lamili"
3389 2719 3504 2812 eli"

204 2807 374 2898 longe
392 2831 578 2886 dissita
610 2848 640 2885 a
664 2830 1037 2887 Tarbellorum
1067 2833 1352 2899 linibus,et
1378 2807 1670 2901 Burdigala.
1708 2845 1805 2886 seu
1915 2836 2085 2891 scopo
2106 2820 2402 2881 ordinatur.
2428 2834 2492 2873 ea
2532 2827 2710 2872 tamen
2737 2817 2855 2886 lege
2883 2832 2949 2870 ne
2979 2815 3069 2870 ulli
3101 2812 3353 2868 Ecclesia
3378 2807 3501 2864 alii.

202 2921 396 2990 potius
423 2919 697 2976 Garumna
729 2920 967 2986 numine,
997 2937 1101 2990 qua
1129 2923 1220 2977 me
1240 2938 1272 2976 α
1302 2921 1562 2977 Τοτδειιίς,
1588 2923 1808 2977 venia...
1916 2918 2155 2982 garetur,
2198 2917 2254 2964 ut
2282 2911 2442 2979 epist.
2475 2909 2540 2964 ad
2585 2909 2842 2964 Severum
2889 2907 2922 2960 6
2950 2904 3202 2963 ostendit.
3234 2902 3502 2958 Ausonius

127 3062 138 3070 .
203 3020 302 3066 tes
327 3012 576 3080 proxime
601 3013 946 3081 Burdigalam
983 3015 1148 3081 ducit,
1175 3030 1288 3085 quo
1317 3015 1370 3070 in
1398 3015 1517 3070 loco
1547 3015 1744 3085 praedia
1772 3029 1805 3070 ιι

1910 3001 2026 3072 jam
2055 3003 2110 3057 in
2138 3000 2339 3054 Gallias
2367 3000 2644 3054 retrahere
2672 2999 2992 3054 desiderium
3017 3001 3134 3067 ejus
3164 3012 3269 3050 non
3298 2993 3497 3062 ferens,

198 3102 514 3170 majoribus
558 3103 747 3159 relicta
766 3141 782 3169 ,
825 3103 1126 3161 Lucaniaoo
1164 3105 1385 3164 Ausonii
1433 3122 1540 3161 non
1591 3106 1802 3162 minora

1917 3093 2193 3164 satagebat
2237 3092 2478 3161 epistolis
2499 3091 2640 3146 datis
2680 3091 2740 3145 2i
2765 3133 2779 3157 ,
2814 3091 2904 3160 25,
2932 3089 3000 3144 24
3025 3099 3081 3146 et
3109 3088 3177 3144 25
3197 3131 3213 3158 ,
3241 3099 3500 3144 accusans

199 3192 454 3263 possedit
484 3205 578 3248 :ot
607 3194 848 3250 Ausonio
879 3212 1008 3252 usus
1031 3205 1362 3266 pmoeptore
1405 3213 1510 3252 una
1537 3214 1662 3253 cum
1689 3198 1802 3254 [ια.
1834 3184 1882 3248 C
1915 3194 2186 3254 tamquam
2236 3185 2391 3239 uxori
2441 3185 2600 3240 nimis
2627 3184 2886 3250 deditum,
2937 3199 3097 3254 quam
3149 3181 3496 3253 Tanaquilem

204 3285 384 3340 tribus
411 3284 773 3341 sducatusest
807 3305 818 3338 :
853 3303 1032 3356 neque
1059 3291 1212 3360 133
1231 3289 1421 3344 dubito
1439 3291 1568 3359 quin
1597 3291 1800 3346 ibidem

204 3377 500 3433 maximam
518 3379 694 3434 atatis
717 3389 927 3448 partem
953 3380 1226 3446 habitarit,
1249 3380 1425 3438 donec
1444 3390 1654 3438 mutato
1674 3383 1800 3438 vita

207 3467 462 3524 instituto
488 3469 544 3524 in
593 3467 908 3538 Hispaniam
935 3485 994 3525 se
1021 3470 1088 3526 ad
1137 3469 1418 3542 Lampium
1459 3473 1689 3528 contulit
1734 3488 1801 3529 ac

208 3559 608 3634 commigravit.
639 3558 738 3615 Hic
777 3560 940 3628 igitur
979 3559 1236 3617 Paulinus
1281 3578 1404 3618 cum
1431 3572 1542 3618 tota
1572 3566 1731 3633 epist.
1764 3565 1801 3619 Ei

211 3648 472 3716 gratulari
499 3649 604 3704 sibi
655 3665 763 3706 non
791 3650 988 3705 desinit
1012 3653 1306 3708 amicitiam
1351 3669 1382 3707 a
1421 3654 1607 3724 primis
1644 3655 1802 3709 annis

212 3756 333 3796 cum
364 3743 567 3796 Severo
586 3744 902 3800 suavissime
921 3745 1142 3813 cultam,
1161 3761 1388 3816 eamque
1414 3748 1583 3817 ipsam
1606 3746 1804 3803 deinde

215 3845 282 3886 ex
333 3832 561 3888 seculari
589 3833 644 3887 in
686 3834 982 3902 spiritalem
1037 3846 1444 3904 commutatam,
1492 3840 1804 3909 planissime

218 3923 406 3978 iisdem
434 3925 612 3980 verbis
638 3925 811 3980 innuit
824 3925 1120 3996 Sulpicium
1143 3943 1212 3985 eo
1239 3937 1486 4000 tempore
1507 3947 1614 3986 non
1643 3932 1804 4000 longe

221 4013 505 4069 admodum
532 4015 599 4069 ab
627 4015 930 4084 Ebromago
951 4019 1172 4088 vixisse,
1199 4021 1254 4078 iu
1277 4022 1396 4077 solo
1427 4031 1485 4077 ut
1513 4025 1803 4080 verisimile

221 4112 304 4159 est
332 4107 505 4174 patrio
538 4125 552 4160 :
585 4107 636 4162 id
682 4122 812 4162 vero
861 4109 946 4163 vel
985 4109 1238 4165 Tolosam
1285 4111 1482 4178 fuisse,
1509 4114 1597 4168 vel
1624 4113 1804 4170 locum

219 4193 431 4250 Tolosa:
457 4197 691 4252 vicinum
720 4213 828 4254 non
859 4198 1091 4254 difﬁcilis
1118 4209 1201 4256 est
1227 4201 1538 4271 conjectura
1558 4243 1575 4270 ,
1605 4205 1804 4272 partim

220 4301 284 4340 ex
305 4287 531 4355 epistola
560 4279 767 4343 Paulini
796 4288 856 4341 11
883 4298 938 4344 et
961 4288 1030 4342 i2
1057 4292 1226 4362 (nunc
1252 4291 1313 4345 51
1351 4301 1406 4347 et
1425 4292 1538 4362 32),
1569 4309 1686 4364 qua!
1712 4310 1806 4352 se-

1911 3276 2165 3350 appellat.
2193 3275 2488 3348 Respondit
2515 3275 2606 3332 ille
2631 3284 2953 3346 pervenimus
2983 3294 2996 3328 :

2067 3387 2170 3436 Nec
2191 3386 2426 3446 Tanaquil
2451 3389 2585 3445 mihi,
2610 3387 2701 3435 sed
2729 3386 2952 3435 Lucretia
2969 3388 3166 3443 coniux.

1980 3487 2059 3543 Ea
2091 3489 2406 3558 tempestate
2433 3486 2700 3543 Maximus
2726 3495 2985 3558 tyrannus
3008 3486 3322 3542 Gratianum
3350 3486 3498 3542 occi-

1908 3580 2010 3644 dit,
2044 3579 2185 3633 hunc
2215 3576 2552 3632 Theodosius
2590 3577 2882 3647 superavit.
2911 3576 3010 3631 Cui
3038 3575 3230 3632 victori
3258 3573 3500 3647 Panegy-

1911 3670 2084 3726 ricum
2107 3667 2360 3724 Paulinus
2379 3666 2445 3721 ad
2475 3665 2858 3724 Endelecbium
2885 3667 3120 3738 scripsit,
3157 3665 3252 3722 sed
3283 3666 3501 3722 interci-

1909 3759 2007 3815 dit.
2035 3757 2198 3814 Fama
2217 3757 2328 3828 jam
2356 3757 2609 3814 Paulinus
2627 3767 2745 3814 toto
2766 3758 2900 3813 urbe
2917 3758 3238 3821 celebratus,
3258 3756 3285 3798 δ
3307 3757 3503 3812 absens

1911 3849 2253 3906 renuntiatur
2305 3846 2544 3904 Nolanus
2580 3850 2868 3920 episcopus
2903 3847 3103 3904 Christi
3147 3863 3291 3904 anno
3332 3857 3356 3887 ο
3396 3845 3503 3900 395

1909 3939 2089 3996 rotatis
2125 3953 2236 3995 sum
2270 3937 2361 3994 58.
2392 3937 2540 3998 Nolae
2581 3937 2800 3997 Natales
2844 3940 2904 3994 6.
2935 3939 3126 3994 Felicis
3171 3939 3441 4008 pertexuit
3469 3952 3502 3991 a

1912 4030 2154 4088 secundo
2182 4029 2339 4101 ιιι
2365 4043 2534 4099 usque
2561 4032 2629 4087 ad
2657 4031 2947 4088 decimum.
2995 4029 3236 4084 Primum
3273 4030 3418 4084 enim
3448 4029 3503 4082 in

1913 4120 2175 4189 Hispania
2219 4121 2498 4176 inchoaret
2524 4138 2539 4174 ι
2563 4121 2706 4176 unde
2734 4123 2790 4175 in
2815 4119 3021 4174 italiam
3050 4119 3279 4187 trajecit,
3310 4128 3365 4173 et
3392 4119 3501 4171 Na-

1915 4208 2082 4262 talem
2111 4208 2144 4261 8
2171 4207 2408 4266 condens
2430 4209 2689 4272 carmine,
2735 4224 2878 4263 anno
2919 4209 3113 4278 opinor
3156 4207 3352 4264 Christi
3380 4206 3504 4276 ωε,

1912 4313 2028 4368 quo
2062 4297 2223 4354 Gothi
2266 4305 2324 4353 et
2362 4297 2519 4354 Alani
2568 4297 2880 4370 Hispaniam
2937 4308 3284 4370 occuparant.
3329 4298 3507 4355 Hocce

220 4377 406 4431 cundze
444 4378 631 4433 Severi
688 4381 922 4436 basilicae
971 4381 1114 4452 apud
1160 4381 1538 4438 Primuliacum
1597 4383 1805 4442 Paulini
1917 4392 2127 4446 natales
2151 4390 2394 4446 versibus
2438 4391 2527 4461 pie
2553 4395 2890 4464 conscriptos
2917 4408 3078 4465 prosa
3107 4393 3333 4449 vertisse
3361 4391 3505 4447 Beda

220 4467 452 4520 condita:
479 4470 807 4524 mentionem
839 4469 1056 4536 faciunt,
1083 4473 1276 4540 partim
1321 4489 1386 4527 ex
1417 4473 1451 4527 5
1481 4475 1706 4544 epistola
1737 4475 1802 4530 ad

1923 4483 2244 4539 venerabilis
2290 4494 2640 4540 memoratur.
2674 4486 2787 4544 Sub
2833 4486 3166 4553 innocentia,
3193 4502 3333 4557 papa
3359 4500 3504 4541 anno

221 4554 497 4612 Bassulam
518 4573 750 4613 socrum.
784 4559 1072 4615 Consulem
1095 4561 1344 4631 juvenem
1373 4566 1684 4633 etiamnum,
1707 4569 1808 4623 sed
1836 4550 1893 4614 1)
1915 4571 2130 4630 Domini
2155 4573 2258 4628 404
2275 4583 2483 4642 creato.
2503 4574 2706 4648 Pelagii
2725 4578 2919 4647 dogma
2948 4550 3360 4633 exoritur—anno
3376 4575 3503 4644 415,

223 4657 278 4701 ut
327 4657 461 4718 puto
501 4649 1015 4720 extraordinarium,
1067 4654 1261 4709 factum
1309 4657 1490 4712 scribit
1537 4658 1808 4717 Ausonius
1916 4665 2862 4736 oujusetsuspectuminalmulurant
2886 4666 3170 4724 Paulinum
3191 4665 3509 4735 temuil,sed

223 4741 376 4808 epist.
409 4740 498 4794 20.
525 4740 729 4796 Nomen
779 4743 920 4798 enim
980 4744 1033 4798 in
1085 4747 1454 4802 consularibus
1492 4748 1668 4806 Fastis
1694 4767 1804 4807 non
1915 4763 2068 4812 recte
2087 4756 2320 4814 misisse
2345 4756 2433 4817 vel
2452 4771 2590 4814 ιιιω
2613 4759 2701 4814 hic
2721 4759 2876 4816 locus
2897 4759 2950 4814 in
2978 4758 3153 4816 Natali
3185 4757 3252 4812 i0
3276 4757 3510 4828 probare

223 4831 480 4901 reperias.
505 4831 765 4887 Baronius
788 4833 1006 4903 conjicit
1033 4850 1099 4890 ex
1123 4835 1181 4890 Β.
1206 4835 1513 4910 Hieronymi
1538 4839 1808 4898 Chronico
1923 4845 2184 4902 videatur.
3611 4841 3614 4844 2

225 4937 364 4976 anno
393 4919 593 4977 Christi
634 4921 739 4977 575
781 4925 1056 4981 consulem
1083 4924 1264 4983 fuisse.
1297 4927 1367 4984 At
1407 4930 1492 4984 vix
1539 4947 1709 4987 annos
1735 4930 1813 4985 25

227 5021 380 5068 natus
401 5013 610 5068 luisset.
643 5014 936 5072 Ausonium
959 5025 1150 5086 quarto
1173 5027 1296 5090 post
1314 5035 1454 5075 anno
1475 5036 1588 5078 cos.
1606 5022 1804 5080 factum

227 5118 331 5195 una
362 5119 486 5195 cum
515 5105 736 5176 Olybrio
765 5109 978 5176 reperio
1022 5109 1074 5164 in
1123 5107 1352 5166 Baronio
1371 5149 1387 5177 ,
1417 5126 1557 5168 anno
1611 5111 1810 5172 Christi
1991 5115 2062 5172 Et
2089 5120 2246 5190 epist.
2277 5120 2349 5176 ad
2376 5120 2634 5178 Severum
2663 5121 2718 5189 2,
2745 5122 2984 5195 itemque
3004 5108 3113 5182 11.”

225 5191 369 5290 579.-
393 5193 600 5266 Stylum
651 5195 966 5290 Christianis
1001 5199 1112 5268 jam
1143 5203 1308 5258 sacris
1347 5203 1584 5259 initiatus
1628 5214 1683 5259 et
1710 5208 1815 5262 rite
1995 5211 2073 5268 De
2101 5211 2324 5268 Paulino
2353 5222 2534 5272 autem
2582 5230 2643 5272 se
2672 5191 2931 5272 vicarium
2966 5217 3128 5274 dante
3163 5233 3264 5290 pro
3300 5215 3513 5274 redeuu-

225 5283 528 5354 baptizatus
557 5287 800 5353 mutavit,
823 5289 1112 5344 verborum
1136 5291 1245 5360 jam
1275 5292 1540 5349 lenocinia
1563 5294 1768 5364 fugiens
1792 5314 1808 5350 :
1928 5301 2078 5357 tione
2116 5302 2208 5356 lilii
2239 5304 2427 5369 viduae,
2457 5306 2582 5374 quia
2612 5308 2945 5362 controverti
2973 5308 3127 5362 video
3153 5283 3513 5376 disputantem

227 5385 280 5467 et
298 5391 483 5432 sacras
511 5377 716 5433 litteras
737 5379 1099 5450 pietatemque
1127 5384 1403 5440 adamasse
1430 5386 1531 5457 piae
1555 5387 1721 5456 ipsius
1741 5389 1812 5445 ad
1923 5393 2131 5448 suadeo
2177 5392 2325 5462 legas
2373 5395 2662 5452 Baronium
2701 5397 2768 5452 ad
2797 5412 2995 5452 annum
3025 5398 3220 5452 Christi
3249 5396 3376 5465 451,
3402 5394 3512 5467 qito

226 5466 486 5561 severum
517 5467 842 5540 δυῘΡίείυων
875 5471 1139 5543 aliosque.
1169 5476 1407 5544 epistolae
1434 5477 1812 5535 misszedecla-
1922 5482 2092 5538 etiam
2120 5499 2376 5541 reducem
2419 5501 2487 5542 ex
2533 5489 2712 5544 Alrica
2755 5489 3076 5547 exstinctum
3115 5486 3358 5559 plerique
3389 5466 3512 5561 opi-

227 5566 369 5626 rant,
418 5560 730 5630 clarumque
778 5563 935 5633 epist.
968 5562 1190 5633 6(nunc
1218 5565 1272 5634 i)
1312 5567 1380 5623 ad
1425 5566 1701 5639 Severum,
1751 5572 1808 5628 in
1925 5590 2142 5630 namur.

2043 4956 2449 5022 Conmmemqne
2476 4957 2582 5010 Deo
2597 4967 2988 5022 commeaturus
3009 4961 3242 5011 honorem

2046 5018 2268 5084 Accipiet
2288 5018 2478 5074 illirium
2501 5020 2693 5084 similis,
2718 5018 2810 5070 sed
2829 5034 3039 5072 munere
3064 5024 3260 5076 Christi.

301 5697 325 5723 ³·
366 5686 509 5741 Obiit
539 5705 680 5743 anno
707 5687 824 5743 i5l.

768 5705 832 5772 ;t._
1891 5738 1902 5743 -
2003 5716 2023 5741 ε
2067 5705 2120 5758 id
2144 5720 2248 5760 non
2278 5718 2509 5764 constat.

300 5758 326 5794 δ
369 5758 482 5812 Non
515 5761 701 5812 aberat
739 5760 888 5814 Nola.
1813 5773 1886 5814 κίε

1808 5849 1894 5895 ,μ
