  <div class='ocr_page' id='page_1' title='image "/cluster/home/n/w/nwhite01/storage/ocr_20150623/61/hvd.32044004824777/081.png"; bbox 0 0 4056 6358; ppageno 0'>
   <div class='ocr_carea' id='block_1_1' title="bbox 572 319 3094 401">
    <p class='ocr_par' dir='ltr' id='par_1_1' title="bbox 572 319 3094 401">
     <span class='ocr_line' id='line_1_1' title="bbox 572 319 3094 401; baseline -0.006 -12"><span class='ocrx_word' id='word_1_1' title='bbox 572 333 668 390; x_wconf 70' lang='grc' dir='ltr'><strong>Ιδι</strong></span> <span class='ocrx_word' id='word_1_2' title='bbox 788 392 796 401; x_wconf 32' lang='grc' dir='ltr'><strong><em>ο</em></strong></span> <span class='ocrx_word' id='word_1_3' title='bbox 1304 331 1360 384; x_wconf 90' lang='grc'><strong>8.</strong></span> <span class='ocrx_word' id='word_1_4' title='bbox 1401 325 1741 383; x_wconf 79' lang='lat' dir='ltr'><strong>PAULINUS</strong></span> <span class='ocrx_word' id='word_1_5' title='bbox 1776 320 2093 381; x_wconf 77' lang='lat' dir='ltr'><strong>NOLANUS</strong></span> <span class='ocrx_word' id='word_1_6' title='bbox 2133 319 2525 380; x_wconf 82' lang='lat' dir='ltr'><strong>EPISCOPUS.</strong></span> <span class='ocrx_word' id='word_1_7' title='bbox 2559 320 3094 382; x_wconf 79' lang='lat' dir='ltr'><strong>PROLEGOMENA.</strong></span> 
     </span>
    </p>
   </div>
   <div class='ocr_carea' id='block_1_2' title="bbox 3738 320 3847 374">
    <p class='ocr_par' dir='ltr' id='par_1_2' title="bbox 3738 320 3847 374">
     <span class='ocr_line' id='line_1_2' title="bbox 3738 320 3847 374; baseline 0 -1"><span class='ocrx_word' id='word_1_8' title='bbox 3738 320 3847 374; x_wconf 63' lang='lat'><strong>£52</strong></span> 
     </span>
    </p>
   </div>
   <div class='ocr_carea' id='block_1_3' title="bbox 641 429 3843 512">
    <p class='ocr_par' dir='ltr' id='par_1_3' title="bbox 641 429 3843 512">
     <span class='ocr_line' id='line_1_3' title="bbox 641 429 3843 512; baseline -0.006 -10"><span class='ocrx_word' id='word_1_9' title='bbox 641 447 795 502; x_wconf 87' lang='lat' dir='ltr'><strong>Nunc</strong></span> <span class='ocrx_word' id='word_1_10' title='bbox 821 447 890 503; x_wconf 91' lang='lat' dir='ltr'><strong>de</strong></span> <span class='ocrx_word' id='word_1_11' title='bbox 912 445 1114 501; x_wconf 79' lang='lat' dir='ltr'><strong>Severo</strong></span> <span class='ocrx_word' id='word_1_12' title='bbox 1143 442 1404 512; x_wconf 89' lang='lat' dir='ltr'><strong>Sulpicio,</strong></span> <span class='ocrx_word' id='word_1_13' title='bbox 1437 441 1503 496; x_wconf 90' lang='lat' dir='ltr'><strong>ad</strong></span> <span class='ocrx_word' id='word_1_14' title='bbox 1522 456 1682 511; x_wconf 87' lang='lat' dir='ltr'><strong>quem</strong></span> <span class='ocrx_word' id='word_1_15' title='bbox 1710 439 1982 510; x_wconf 68' lang='lat' dir='ltr'><strong>pleneque</strong></span> <span class='ocrx_word' id='word_1_16' title='bbox 2011 435 2150 492; x_wconf 86' lang='lat' dir='ltr'><strong>Pau—</strong></span> <span class='ocrx_word' id='word_1_17' title='bbox 2175 437 2229 496; x_wconf 83' lang='lat' dir='ltr'><strong>A</strong></span> <span class='ocrx_word' id='word_1_18' title='bbox 2254 433 2484 502; x_wconf 78' lang='lat' dir='ltr'><strong>deDieu,</strong></span> <span class='ocrx_word' id='word_1_19' title='bbox 2501 447 2607 504; x_wconf 84' lang='lat' dir='ltr'><strong>que</strong></span> <span class='ocrx_word' id='word_1_20' title='bbox 2626 433 2932 492; x_wconf 84' lang='lat' dir='ltr'><strong>Gennadius</strong></span> <span class='ocrx_word' id='word_1_21' title='bbox 2957 431 3094 504; x_wconf 84' lang='lat' dir='ltr'><strong>(Lib.</strong></span> <span class='ocrx_word' id='word_1_22' title='bbox 3118 431 3183 484; x_wconf 81' lang='lat' dir='ltr'><strong>de</strong></span> <span class='ocrx_word' id='word_1_23' title='bbox 3201 430 3456 502; x_wconf 74' lang='lat' dir='ltr'><strong>Scriptor.</strong></span> <span class='ocrx_word' id='word_1_24' title='bbox 3474 429 3843 500; x_wconf 71' lang='lat' dir='ltr'><strong>ecclesiastic.)</strong></span> 
     </span>
    </p>
   </div>
   <div class='ocr_carea' id='block_1_4' title="bbox 572 535 1594 610">
    <p class='ocr_par' dir='ltr' id='par_1_4' title="bbox 572 535 1594 610">
     <span class='ocr_line' id='line_1_4' title="bbox 572 535 1594 610; baseline -0.007 -13"><span class='ocrx_word' id='word_1_25' title='bbox 572 541 669 597; x_wconf 89' lang='lat' dir='ltr'><strong>lini</strong></span> <span class='ocrx_word' id='word_1_26' title='bbox 695 540 936 610; x_wconf 72' lang='lat' dir='ltr'><strong>epistolte</strong></span> <span class='ocrx_word' id='word_1_27' title='bbox 963 546 1106 604; x_wconf 89' lang='lat' dir='ltr'><strong>sunt,</strong></span> <span class='ocrx_word' id='word_1_28' title='bbox 1137 550 1305 608; x_wconf 89' lang='lat' dir='ltr'><strong>pauca</strong></span> <span class='ocrx_word' id='word_1_29' title='bbox 1335 535 1594 590; x_wconf 85' lang='lat' dir='ltr'><strong>dicamus.</strong></span> 
     </span>
    </p>
   </div>
   <div class='ocr_carea' id='block_1_5' title="bbox 642 623 2152 700">
    <p class='ocr_par' dir='ltr' id='par_1_5' title="bbox 642 623 2152 700">
     <span class='ocr_line' id='line_1_5' title="bbox 642 623 2152 700; baseline -0.007 -12"><span class='ocrx_word' id='word_1_30' title='bbox 642 634 831 690; x_wconf 86' lang='lat' dir='ltr'><strong>Plures</strong></span> <span class='ocrx_word' id='word_1_31' title='bbox 858 631 1022 688; x_wconf 88' lang='lat' dir='ltr'><strong>fuisse</strong></span> <span class='ocrx_word' id='word_1_32' title='bbox 1044 630 1309 700; x_wconf 85' lang='lat' dir='ltr'><strong>Sulpicius</strong></span> <span class='ocrx_word' id='word_1_33' title='bbox 1336 638 1398 684; x_wconf 88' lang='lat' dir='ltr'><strong>ut</strong></span> <span class='ocrx_word' id='word_1_34' title='bbox 1419 637 1474 684; x_wconf 90' lang='lat' dir='ltr'><strong>et</strong></span> <span class='ocrx_word' id='word_1_35' title='bbox 1501 627 1755 683; x_wconf 90' lang='lat' dir='ltr'><strong>Paulinos</strong></span> <span class='ocrx_word' id='word_1_36' title='bbox 1783 639 1850 680; x_wconf 78' lang='lat' dir='ltr'><strong>ex</strong></span> <span class='ocrx_word' id='word_1_37' title='bbox 1873 623 2152 678; x_wconf 82' lang='lat' dir='ltr'><strong>annalibus</strong></span> 
     </span>
    </p>
   </div>
   <div class='ocr_carea' id='block_1_6' title="bbox 557 715 2154 797">
    <p class='ocr_par' dir='ltr' id='par_1_6' title="bbox 557 715 2154 797">
     <span class='ocr_line' id='line_1_6' title="bbox 557 715 2154 797; baseline -0.008 -16"><span class='ocrx_word' id='word_1_38' title='bbox 557 733 806 797; x_wconf 76' lang='lat' dir='ltr'><strong>notum:</strong></span> <span class='ocrx_word' id='word_1_39' title='bbox 856 738 998 779; x_wconf 89' lang='lat' dir='ltr'><strong>nunc</strong></span> <span class='ocrx_word' id='word_1_40' title='bbox 1028 722 1094 776; x_wconf 92' lang='lat' dir='ltr'><strong>de</strong></span> <span class='ocrx_word' id='word_1_41' title='bbox 1136 719 1344 774; x_wconf 86' lang='lat' dir='ltr'><strong>Paulini</strong></span> <span class='ocrx_word' id='word_1_42' title='bbox 1379 719 1626 774; x_wconf 80' lang='lat' dir='ltr'><strong>familiari</strong></span> <span class='ocrx_word' id='word_1_43' title='bbox 1667 732 1906 787; x_wconf 79' lang='lat' dir='ltr'><strong>agamus.</strong></span> <span class='ocrx_word' id='word_1_44' title='bbox 1956 715 2154 770; x_wconf 89' lang='lat' dir='ltr'><strong>Errant</strong></span> 
     </span>
    </p>
   </div>
   <div class='ocr_carea' id='block_1_7' title="bbox 572 809 2153 883">
    <p class='ocr_par' dir='ltr' id='par_1_7' title="bbox 572 809 2153 883">
     <span class='ocr_line' id='line_1_7' title="bbox 572 809 2153 883; baseline -0.006 -12"><span class='ocrx_word' id='word_1_45' title='bbox 572 815 719 871; x_wconf 92' lang='lat' dir='ltr'><strong>enim</strong></span> <span class='ocrx_word' id='word_1_46' title='bbox 749 814 840 883; x_wconf 88' lang='lat' dir='ltr'><strong>qui</strong></span> <span class='ocrx_word' id='word_1_47' title='bbox 867 814 1008 868; x_wconf 87' lang='lat' dir='ltr'><strong>hunc</strong></span> <span class='ocrx_word' id='word_1_48' title='bbox 1031 812 1420 868; x_wconf 88' lang='lat' dir='ltr'><strong>Bituricensem</strong></span> <span class='ocrx_word' id='word_1_49' title='bbox 1470 811 1780 882; x_wconf 76' lang='lat' dir='ltr'><strong>episcopum</strong></span> <span class='ocrx_word' id='word_1_50' title='bbox 1822 810 1984 864; x_wconf 89' lang='lat' dir='ltr'><strong>fuisse</strong></span> <span class='ocrx_word' id='word_1_51' title='bbox 2031 809 2153 878; x_wconf 84' lang='lat' dir='ltr'><strong>opi-</strong></span> 
     </span>
    </p>
   </div>
   <div class='ocr_carea' id='block_1_8' title="bbox 570 903 2152 977">
    <p class='ocr_par' dir='ltr' id='par_1_8' title="bbox 570 903 2152 977">
     <span class='ocr_line' id='line_1_8' title="bbox 570 903 2152 977; baseline -0.003 -15"><span class='ocrx_word' id='word_1_52' title='bbox 570 916 786 977; x_wconf 88' lang='lat' dir='ltr'><strong>nantur,</strong></span> <span class='ocrx_word' id='word_1_53' title='bbox 815 909 1054 977; x_wconf 74' lang='lat' dir='ltr'><strong>vixitque</strong></span> <span class='ocrx_word' id='word_1_54' title='bbox 1079 908 1149 962; x_wconf 91' lang='lat' dir='ltr'><strong>ad</strong></span> <span class='ocrx_word' id='word_1_55' title='bbox 1175 923 1372 963; x_wconf 89' lang='lat' dir='ltr'><strong>annum</strong></span> <span class='ocrx_word' id='word_1_56' title='bbox 1401 906 1611 962; x_wconf 89' lang='lat' dir='ltr'><strong>Domini</strong></span> <span class='ocrx_word' id='word_1_57' title='bbox 1657 904 1778 960; x_wconf 87' lang='lat'><strong>587.</strong></span> <span class='ocrx_word' id='word_1_58' title='bbox 1809 904 1915 960; x_wconf 86' lang='lat' dir='ltr'><strong>Sed</strong></span> <span class='ocrx_word' id='word_1_59' title='bbox 1944 903 2152 958; x_wconf 89' lang='lat' dir='ltr'><strong>Paulini</strong></span> 
     </span>
    </p>
   </div>
   <div class='ocr_carea' id='block_1_9' title="bbox 566 995 2153 1071">
    <p class='ocr_par' dir='ltr' id='par_1_9' title="bbox 566 995 2153 1071">
     <span class='ocr_line' id='line_1_9' title="bbox 566 995 2153 1071; baseline 0 -21"><span class='ocrx_word' id='word_1_60' title='bbox 566 995 845 1052; x_wconf 82' lang='lat' dir='ltr'><strong>familiaris</strong></span> <span class='ocrx_word' id='word_1_61' title='bbox 865 997 955 1053; x_wconf 92' lang='lat' dir='ltr'><strong>hic</strong></span> <span class='ocrx_word' id='word_1_62' title='bbox 988 999 1272 1071; x_wconf 77' lang='lat' dir='ltr'><strong>presbyter</strong></span> <span class='ocrx_word' id='word_1_63' title='bbox 1299 999 1397 1052; x_wconf 90' lang='lat' dir='ltr'><strong>fuit</strong></span> <span class='ocrx_word' id='word_1_64' title='bbox 1425 997 1856 1052; x_wconf 90' lang='lat' dir='ltr'><strong>Primuliacensis</strong></span> <span class='ocrx_word' id='word_1_65' title='bbox 1882 997 1900 1067; x_wconf 94' lang='lat'>(</span> <span class='ocrx_word' id='word_1_66' title='bbox 1917 1012 2025 1051; x_wconf 92' lang='lat' dir='ltr'><strong>non</strong></span> <span class='ocrx_word' id='word_1_67' title='bbox 2054 1010 2153 1050; x_wconf 90' lang='lat' dir='ltr'><strong>au-</strong></span> 
     </span>
    </p>
   </div>
   <div class='ocr_carea' id='block_1_10' title="bbox 566 1086 2149 1160">
    <p class='ocr_par' dir='ltr' id='par_1_10' title="bbox 566 1086 2149 1160">
     <span class='ocr_line' id='line_1_10' title="bbox 566 1086 2149 1160; baseline -0.002 -18"><span class='ocrx_word' id='word_1_68' title='bbox 566 1094 678 1142; x_wconf 87' lang='lat' dir='ltr'><strong>tem</strong></span> <span class='ocrx_word' id='word_1_69' title='bbox 707 1088 1013 1160; x_wconf 87' lang='lat' dir='ltr'><strong>episcopus)</strong></span> <span class='ocrx_word' id='word_1_70' title='bbox 1045 1098 1102 1144; x_wconf 91' lang='lat' dir='ltr'><strong>et</strong></span> <span class='ocrx_word' id='word_1_71' title='bbox 1126 1088 1183 1144; x_wconf 89' lang='lat' dir='ltr'><strong>S.</strong></span> <span class='ocrx_word' id='word_1_72' title='bbox 1214 1089 1429 1144; x_wconf 82' lang='lat' dir='ltr'><strong>Martini</strong></span> <span class='ocrx_word' id='word_1_73' title='bbox 1462 1088 1774 1158; x_wconf 85' lang='lat' dir='ltr'><strong>discipulus,</strong></span> <span class='ocrx_word' id='word_1_74' title='bbox 1803 1087 1957 1156; x_wconf 87' lang='lat' dir='ltr'><strong>cujus</strong></span> <span class='ocrx_word' id='word_1_75' title='bbox 1985 1086 2149 1140; x_wconf 88' lang='lat' dir='ltr'><strong>etiam</strong></span> 
     </span>
    </p>
   </div>
   <div class='ocr_carea' id='block_1_11' title="bbox 565 1174 2150 1250">
    <p class='ocr_par' dir='ltr' id='par_1_11' title="bbox 565 1174 2150 1250">
     <span class='ocr_line' id='line_1_11' title="bbox 565 1174 2150 1250; baseline -0.001 -18"><span class='ocrx_word' id='word_1_76' title='bbox 565 1174 748 1233; x_wconf 91' lang='lat' dir='ltr'><strong>Vitam</strong></span> <span class='ocrx_word' id='word_1_77' title='bbox 775 1180 1171 1247; x_wconf 81' lang='lat' dir='ltr'><strong>elegantissime</strong></span> <span class='ocrx_word' id='word_1_78' title='bbox 1197 1180 1497 1250; x_wconf 86' lang='lat' dir='ltr'><strong>descripsit,</strong></span> <span class='ocrx_word' id='word_1_79' title='bbox 1523 1188 1576 1234; x_wconf 90' lang='lat' dir='ltr'><strong>et</strong></span> <span class='ocrx_word' id='word_1_80' title='bbox 1604 1179 1744 1234; x_wconf 86' lang='lat' dir='ltr'><strong>circa</strong></span> <span class='ocrx_word' id='word_1_81' title='bbox 1773 1194 1970 1233; x_wconf 90' lang='lat' dir='ltr'><strong>annum</strong></span> <span class='ocrx_word' id='word_1_82' title='bbox 1996 1176 2150 1232; x_wconf 85' lang='lat' dir='ltr'><strong>Chri-</strong></span> 
     </span>
    </p>
   </div>
   <div class='ocr_carea' id='block_1_12' title="bbox 566 1267 2151 1336">
    <p class='ocr_par' dir='ltr' id='par_1_12' title="bbox 566 1267 2151 1336">
     <span class='ocr_line' id='line_1_12' title="bbox 566 1267 2151 1336; baseline 0 -15"><span class='ocrx_word' id='word_1_83' title='bbox 566 1268 637 1322; x_wconf 86' lang='lat' dir='ltr'><strong>sti</strong></span> <span class='ocrx_word' id='word_1_84' title='bbox 685 1267 790 1323; x_wconf 77' lang='grc'>400</span> <span class='ocrx_word' id='word_1_85' title='bbox 835 1268 1034 1324; x_wconf 81' lang='lat' dir='ltr'><strong>floruit.</strong></span> <span class='ocrx_word' id='word_1_86' title='bbox 1083 1269 1388 1326; x_wconf 88' lang='lat' dir='ltr'><strong>Primuliaci</strong></span> <span class='ocrx_word' id='word_1_87' title='bbox 1437 1271 1708 1326; x_wconf 85' lang='lat' dir='ltr'><strong>basilicam</strong></span> <span class='ocrx_word' id='word_1_88' title='bbox 1754 1269 2036 1336; x_wconf 80' lang='lat' dir='ltr'><strong>exstruxit,</strong></span> <span class='ocrx_word' id='word_1_89' title='bbox 2093 1275 2151 1321; x_wconf 89' lang='lat' dir='ltr'><strong>ut</strong></span> 
     </span>
    </p>
   </div>
   <div class='ocr_carea' id='block_1_13' title="bbox 569 1360 2150 1430">
    <p class='ocr_par' dir='ltr' id='par_1_13' title="bbox 569 1360 2150 1430">
     <span class='ocr_line' id='line_1_13' title="bbox 569 1360 2150 1430; baseline 0 -15"><span class='ocrx_word' id='word_1_90' title='bbox 569 1360 728 1430; x_wconf 85' lang='lat' dir='ltr'><strong>epist.</strong></span> <span class='ocrx_word' id='word_1_91' title='bbox 763 1361 833 1414; x_wconf 74' lang='grc'><strong>12</strong></span> <span class='ocrx_word' id='word_1_92' title='bbox 858 1361 1023 1417; x_wconf 83' lang='lat' dir='ltr'><strong>refert</strong></span> <span class='ocrx_word' id='word_1_93' title='bbox 1049 1361 1323 1419; x_wconf 88' lang='lat' dir='ltr'><strong>Paulinus.</strong></span> <span class='ocrx_word' id='word_1_94' title='bbox 1351 1364 1540 1419; x_wconf 83' lang='lat' dir='ltr'><strong>Cetera</strong></span> <span class='ocrx_word' id='word_1_95' title='bbox 1569 1379 1636 1418; x_wconf 81' lang='lat' dir='ltr'><strong>ex</strong></span> <span class='ocrx_word' id='word_1_96' title='bbox 1667 1362 1947 1418; x_wconf 91' lang='lat' dir='ltr'><strong>Gennadio</strong></span> <span class='ocrx_word' id='word_1_97' title='bbox 1995 1363 2150 1418; x_wconf 84' lang='lat' dir='ltr'><strong>colli-</strong></span> 
     </span>
    </p>
   </div>
   <div class='ocr_carea' id='block_1_14' title="bbox 567 1456 2151 1529">
    <p class='ocr_par' dir='ltr' id='par_1_14' title="bbox 567 1456 2151 1529">
     <span class='ocr_line' id='line_1_14' title="bbox 567 1456 2151 1529; baseline 0.001 -19"><span class='ocrx_word' id='word_1_98' title='bbox 567 1470 681 1524; x_wconf 86' lang='lat' dir='ltr'><strong>gas,</strong></span> <span class='ocrx_word' id='word_1_99' title='bbox 715 1465 770 1512; x_wconf 93' lang='lat' dir='ltr'><strong>ct</strong></span> <span class='ocrx_word' id='word_1_100' title='bbox 797 1457 1013 1514; x_wconf 83' lang='lat' dir='ltr'><strong>Victore</strong></span> <span class='ocrx_word' id='word_1_101' title='bbox 1035 1457 1274 1515; x_wconf 88' lang='lat' dir='ltr'><strong>Giselino</strong></span> <span class='ocrx_word' id='word_1_102' title='bbox 1300 1459 1697 1529; x_wconf 88' lang='lat' dir='ltr'><strong>prolegomenis</strong></span> <span class='ocrx_word' id='word_1_103' title='bbox 1726 1458 1792 1512; x_wconf 92' lang='lat' dir='ltr'><strong>ad</strong></span> <span class='ocrx_word' id='word_1_104' title='bbox 1821 1458 2006 1513; x_wconf 84' lang='lat' dir='ltr'><strong>Severi</strong></span> <span class='ocrx_word' id='word_1_105' title='bbox 2028 1456 2151 1512; x_wconf 92' lang='lat' dir='ltr'><strong>Sul-</strong></span> 
     </span>
    </p>
   </div>
   <div class='ocr_carea' id='block_1_15' title="bbox 562 1547 2144 1620">
    <p class='ocr_par' dir='ltr' id='par_1_15' title="bbox 562 1547 2144 1620">
     <span class='ocr_line' id='line_1_15' title="bbox 562 1547 2144 1620; baseline 0.003 -20"><span class='ocrx_word' id='word_1_106' title='bbox 562 1547 688 1618; x_wconf 88' lang='lat' dir='ltr'><strong>picii</strong></span> <span class='ocrx_word' id='word_1_107' title='bbox 717 1565 900 1619; x_wconf 87' lang='lat' dir='ltr'><strong>opera,</strong></span> <span class='ocrx_word' id='word_1_108' title='bbox 925 1559 980 1606; x_wconf 90' lang='lat' dir='ltr'><strong>et</strong></span> <span class='ocrx_word' id='word_1_109' title='bbox 999 1550 1230 1620; x_wconf 88' lang='lat' dir='ltr'><strong>denique</strong></span> <span class='ocrx_word' id='word_1_110' title='bbox 1251 1567 1318 1606; x_wconf 80' lang='lat' dir='ltr'><strong>ex</strong></span> <span class='ocrx_word' id='word_1_111' title='bbox 1341 1551 1573 1606; x_wconf 89' lang='lat' dir='ltr'><strong>Baronio</strong></span> <span class='ocrx_word' id='word_1_112' title='bbox 1604 1549 1918 1606; x_wconf 87' lang='lat' dir='ltr'><strong>Ecclesiast.</strong></span> <span class='ocrx_word' id='word_1_113' title='bbox 1952 1551 2144 1605; x_wconf 89' lang='lat' dir='ltr'><strong>Annal.</strong></span> 
     </span>
    </p>
   </div>
   <div class='ocr_carea' id='block_1_16' title="bbox 562 1644 798 1699">
    <p class='ocr_par' dir='ltr' id='par_1_16' title="bbox 562 1644 798 1699">
     <span class='ocr_line' id='line_1_16' title="bbox 562 1644 798 1699; baseline 0.013 -3"><span class='ocrx_word' id='word_1_114' title='bbox 562 1649 697 1697; x_wconf 87' lang='lat' dir='ltr'><strong>tom.</strong></span> <span class='ocrx_word' id='word_1_115' title='bbox 731 1644 798 1699; x_wconf 88' lang='lat' dir='ltr'><strong>V.</strong></span> 
     </span>
    </p>
   </div>
   <div class='ocr_carea' id='block_1_17' title="bbox 563 1754 2122 1880">
    <p class='ocr_par' dir='ltr' id='par_1_17' title="bbox 563 1754 2122 1880">
     <span class='ocr_line' id='line_1_17' title="bbox 563 1754 2122 1880; baseline 0.003 -72"><span class='ocrx_word' id='word_1_116' title='bbox 563 1768 760 1809; x_wconf 80' lang='lat' dir='ltr'><strong>CASPAR</strong></span> <span class='ocrx_word' id='word_1_117' title='bbox 810 1771 1087 1824; x_wconf 73' lang='lat' dir='ltr'><strong>BARTHIUS,</strong></span> <span class='ocrx_word' id='word_1_118' title='bbox 1138 1774 1456 1880; x_wconf 45' lang='grc' dir='ltr'><strong>ΑυνειῑεΑῐῦ</strong></span> <span class='ocrx_word' id='word_1_119' title='bbox 1481 1754 1819 1814; x_wconf 68' lang='lat' dir='ltr'><strong>COMMENTAR.</strong></span> <span class='ocrx_word' id='word_1_120' title='bbox 1878 1775 1978 1814; x_wconf 83' lang='lat' dir='ltr'><strong>LIB.</strong></span> <span class='ocrx_word' id='word_1_121' title='bbox 2032 1775 2122 1814; x_wconf 78' lang='lat' dir='ltr'><strong>XIII</strong></span> 
     </span>
     <span class='ocr_line' id='line_1_18' title="bbox 1241 1844 1476 1880; baseline 0 0"><span class='ocrx_word' id='word_1_122' title='bbox 1241 1844 1358 1880; x_wconf 84' lang='lat' dir='ltr'><strong>CAP.</strong></span> <span class='ocrx_word' id='word_1_123' title='bbox 1463 1868 1476 1880; x_wconf 88' lang='lat'><strong>.</strong></span> 
     </span>
    </p>
   </div>
   <div class='ocr_carea' id='block_1_18' title="bbox 1241 1844 1476 1882">
    <p class='ocr_par' dir='ltr' id='par_1_18' title="bbox 1241 1844 1476 1882">
     <span class='ocr_line' id='line_1_19' title="bbox 1241 1844 1476 1882; baseline 0 0"><span class='ocrx_word' id='word_1_124' title='bbox 1241 1844 1358 1882; x_wconf 86' lang='lat' dir='ltr'><strong>CAP.</strong></span> <span class='ocrx_word' id='word_1_125' title='bbox 1391 1844 1476 1882; x_wconf 78' lang='grc'><strong>14.</strong></span> 
     </span>
    </p>
   </div>
   <div class='ocr_carea' id='block_1_19' title="bbox 931 1918 1787 1979">
    <p class='ocr_par' dir='ltr' id='par_1_19' title="bbox 931 1918 1787 1979">
     <span class='ocr_line' id='line_1_20' title="bbox 931 1918 1787 1979; baseline 0.004 -13"><span class='ocrx_word' id='word_1_126' title='bbox 931 1918 1020 1978; x_wconf 78' lang='lat' dir='ltr'><strong>(Ex</strong></span> <span class='ocrx_word' id='word_1_127' title='bbox 1050 1919 1168 1968; x_wconf 84' lang='lat' dir='ltr'><strong>edit.</strong></span> <span class='ocrx_word' id='word_1_128' title='bbox 1195 1918 1495 1970; x_wconf 45' lang='lat' dir='ltr'><strong>lt‘rancofurt.</strong></span> <span class='ocrx_word' id='word_1_129' title='bbox 1523 1934 1599 1969; x_wconf 90' lang='lat' dir='ltr'><strong>an.</strong></span> <span class='ocrx_word' id='word_1_130' title='bbox 1626 1919 1787 1979; x_wconf 57' lang='lat'><strong>1648.)</strong></span> 
     </span>
    </p>
   </div>
   <div class='ocr_carea' id='block_1_20' title="bbox 634 1998 2143 2072">
    <p class='ocr_par' dir='ltr' id='par_1_20' title="bbox 634 1998 2143 2072">
     <span class='ocr_line' id='line_1_21' title="bbox 634 1998 2143 2072; baseline 0.003 -21"><span class='ocrx_word' id='word_1_131' title='bbox 634 1998 1063 2056; x_wconf 86' lang='lat' dir='ltr'><strong>Christianorum</strong></span> <span class='ocrx_word' id='word_1_132' title='bbox 1091 2001 1285 2057; x_wconf 87' lang='lat' dir='ltr'><strong>litteris</strong></span> <span class='ocrx_word' id='word_1_133' title='bbox 1321 2003 1549 2072; x_wconf 89' lang='lat' dir='ltr'><strong>poeticis</strong></span> <span class='ocrx_word' id='word_1_134' title='bbox 1577 2003 1845 2058; x_wconf 90' lang='lat' dir='ltr'><strong>clarorum</strong></span> <span class='ocrx_word' id='word_1_135' title='bbox 1876 2003 2143 2056; x_wconf 87' lang='lat' dir='ltr'><strong>neminem</strong></span> 
     </span>
    </p>
   </div>
   <div class='ocr_carea' id='block_1_21' title="bbox 564 2087 2143 2163">
    <p class='ocr_par' dir='ltr' id='par_1_21' title="bbox 564 2087 2143 2163">
     <span class='ocr_line' id='line_1_22' title="bbox 564 2087 2143 2163; baseline 0.003 -21"><span class='ocrx_word' id='word_1_136' title='bbox 564 2087 792 2146; x_wconf 90' lang='lat' dir='ltr'><strong>Paulino</strong></span> <span class='ocrx_word' id='word_1_137' title='bbox 816 2106 1133 2161; x_wconf 68' lang='lat' dir='ltr'><strong>praeponere</strong></span> <span class='ocrx_word' id='word_1_138' title='bbox 1156 2094 1347 2163; x_wconf 89' lang='lat' dir='ltr'><strong>possis.</strong></span> <span class='ocrx_word' id='word_1_139' title='bbox 1374 2091 1643 2148; x_wconf 86' lang='lat' dir='ltr'><strong>Profunda</strong></span> <span class='ocrx_word' id='word_1_140' title='bbox 1673 2093 1904 2148; x_wconf 88' lang='lat' dir='ltr'><strong>eruditio</strong></span> <span class='ocrx_word' id='word_1_141' title='bbox 1934 2087 2143 2148; x_wconf 63' lang='lat' dir='ltr'><strong>secula1</strong></span> 
     </span>
    </p>
   </div>
   <div class='ocr_carea' id='block_1_22' title="bbox 562 2181 2143 2256">
    <p class='ocr_par' dir='ltr' id='par_1_22' title="bbox 562 2181 2143 2256">
     <span class='ocr_line' id='line_1_23' title="bbox 562 2181 2143 2256; baseline 0.004 -22"><span class='ocrx_word' id='word_1_142' title='bbox 562 2181 703 2235; x_wconf 88' lang='lat' dir='ltr'><strong>rium</strong></span> <span class='ocrx_word' id='word_1_143' title='bbox 725 2182 1018 2238; x_wconf 90' lang='lat' dir='ltr'><strong>litterarum</strong></span> <span class='ocrx_word' id='word_1_144' title='bbox 1048 2185 1266 2255; x_wconf 89' lang='lat' dir='ltr'><strong>phrasin</strong></span> <span class='ocrx_word' id='word_1_145' title='bbox 1297 2185 1396 2255; x_wconf 91' lang='lat' dir='ltr'><strong>ipsi</strong></span> <span class='ocrx_word' id='word_1_146' title='bbox 1425 2185 1551 2241; x_wconf 89' lang='lat' dir='ltr'><strong>fecit</strong></span> <span class='ocrx_word' id='word_1_147' title='bbox 1570 2225 1585 2251; x_wconf 92' lang='lat'><strong>,</strong></span> <span class='ocrx_word' id='word_1_148' title='bbox 1615 2200 1775 2254; x_wconf 90' lang='lat' dir='ltr'><strong>quam</strong></span> <span class='ocrx_word' id='word_1_149' title='bbox 1807 2185 2000 2240; x_wconf 76' lang='lat' dir='ltr'><strong>divinis</strong></span> <span class='ocrx_word' id='word_1_150' title='bbox 2025 2201 2143 2256; x_wconf 81' lang='lat' dir='ltr'><strong>my—</strong></span> 
     </span>
    </p>
   </div>
   <div class='ocr_carea' id='block_1_23' title="bbox 561 2272 2143 2346">
    <p class='ocr_par' dir='ltr' id='par_1_23' title="bbox 561 2272 2143 2346">
     <span class='ocr_line' id='line_1_24' title="bbox 561 2272 2143 2346; baseline 0.003 -21"><span class='ocrx_word' id='word_1_151' title='bbox 561 2272 742 2326; x_wconf 87' lang='lat' dir='ltr'><strong>steriis</strong></span> <span class='ocrx_word' id='word_1_152' title='bbox 771 2273 886 2328; x_wconf 90' lang='lat' dir='ltr'><strong>sine</strong></span> <span class='ocrx_word' id='word_1_153' title='bbox 915 2273 1036 2330; x_wconf 91' lang='lat' dir='ltr'><strong>fuco</strong></span> <span class='ocrx_word' id='word_1_154' title='bbox 1067 2275 1366 2331; x_wconf 86' lang='lat' dir='ltr'><strong>tractandis</strong></span> <span class='ocrx_word' id='word_1_155' title='bbox 1388 2277 1601 2346; x_wconf 81' lang='lat' dir='ltr'><strong>egregie</strong></span> <span class='ocrx_word' id='word_1_156' title='bbox 1633 2286 1689 2332; x_wconf 91' lang='lat' dir='ltr'><strong>et</strong></span> <span class='ocrx_word' id='word_1_157' title='bbox 1715 2277 2016 2332; x_wconf 86' lang='lat' dir='ltr'><strong>amabiliter</strong></span> <span class='ocrx_word' id='word_1_158' title='bbox 2038 2277 2143 2330; x_wconf 94' lang='lat' dir='ltr'><strong>mi-</strong></span> 
     </span>
    </p>
   </div>
   <div class='ocr_carea' id='block_1_24' title="bbox 561 2362 2146 2438">
    <p class='ocr_par' dir='ltr' id='par_1_24' title="bbox 561 2362 2146 2438">
     <span class='ocr_line' id='line_1_25' title="bbox 561 2362 2146 2438; baseline 0.005 -22"><span class='ocrx_word' id='word_1_159' title='bbox 561 2371 696 2416; x_wconf 87' lang='lat' dir='ltr'><strong>scet.</strong></span> <span class='ocrx_word' id='word_1_160' title='bbox 725 2362 877 2430; x_wconf 86' lang='lat' dir='ltr'><strong>Quod</strong></span> <span class='ocrx_word' id='word_1_161' title='bbox 923 2365 968 2419; x_wconf 90' lang='lat' dir='ltr'><strong>si</strong></span> <span class='ocrx_word' id='word_1_162' title='bbox 1015 2367 1159 2436; x_wconf 87' lang='lat' dir='ltr'><strong>ipsos</strong></span> <span class='ocrx_word' id='word_1_163' title='bbox 1189 2367 1284 2421; x_wconf 89' lang='lat' dir='ltr'><strong>Dei</strong></span> <span class='ocrx_word' id='word_1_164' title='bbox 1334 2382 1608 2437; x_wconf 62' lang='lat' dir='ltr'><strong>praecones</strong></span> <span class='ocrx_word' id='word_1_165' title='bbox 1646 2369 1918 2438; x_wconf 88' lang='lat' dir='ltr'><strong>apostolos</strong></span> <span class='ocrx_word' id='word_1_166' title='bbox 1945 2367 2146 2424; x_wconf 88' lang='lat' dir='ltr'><strong>Latinis</strong></span> 
     </span>
    </p>
   </div>
   <div class='ocr_carea' id='block_1_25' title="bbox 561 2457 2145 2530">
    <p class='ocr_par' dir='ltr' id='par_1_25' title="bbox 561 2457 2145 2530">
     <span class='ocr_line' id='line_1_26' title="bbox 561 2457 2145 2530; baseline 0.004 -20"><span class='ocrx_word' id='word_1_167' title='bbox 561 2457 802 2516; x_wconf 84' lang='lat' dir='ltr'><strong>numeris</strong></span> <span class='ocrx_word' id='word_1_168' title='bbox 831 2457 1017 2512; x_wconf 88' lang='lat' dir='ltr'><strong>laudes</strong></span> <span class='ocrx_word' id='word_1_169' title='bbox 1045 2459 1254 2514; x_wconf 90' lang='lat' dir='ltr'><strong>Domini</strong></span> <span class='ocrx_word' id='word_1_170' title='bbox 1282 2474 1516 2530; x_wconf 84' lang='lat' dir='ltr'><strong>pangere</strong></span> <span class='ocrx_word' id='word_1_171' title='bbox 1545 2462 1777 2516; x_wconf 90' lang='lat' dir='ltr'><strong>voluisse</strong></span> <span class='ocrx_word' id='word_1_172' title='bbox 1799 2461 2026 2527; x_wconf 88' lang='lat' dir='ltr'><strong>diceres,</strong></span> <span class='ocrx_word' id='word_1_173' title='bbox 2060 2470 2145 2515; x_wconf 90' lang='lat' dir='ltr'><strong>ta-</strong></span> 
     </span>
    </p>
   </div>
   <div class='ocr_carea' id='block_1_26' title="bbox 560 2547 2147 2624">
    <p class='ocr_par' dir='ltr' id='par_1_26' title="bbox 560 2547 2147 2624">
     <span class='ocr_line' id='line_1_27' title="bbox 560 2547 2147 2624; baseline 0.003 -22"><span class='ocrx_word' id='word_1_174' title='bbox 560 2547 702 2603; x_wconf 86' lang='lat' dir='ltr'><strong>libus</strong></span> <span class='ocrx_word' id='word_1_175' title='bbox 731 2550 914 2620; x_wconf 88' lang='lat' dir='ltr'><strong>utique</strong></span> <span class='ocrx_word' id='word_1_176' title='bbox 954 2567 1143 2607; x_wconf 91' lang='lat' dir='ltr'><strong>usuros</strong></span> <span class='ocrx_word' id='word_1_177' title='bbox 1172 2552 1334 2608; x_wconf 89' lang='lat' dir='ltr'><strong>fuisse</strong></span> <span class='ocrx_word' id='word_1_178' title='bbox 1363 2554 1656 2610; x_wconf 90' lang='lat' dir='ltr'><strong>conliteris.</strong></span> <span class='ocrx_word' id='word_1_179' title='bbox 1685 2555 1796 2609; x_wconf 87' lang='lat' dir='ltr'><strong>Dici</strong></span> <span class='ocrx_word' id='word_1_180' title='bbox 1837 2571 1945 2610; x_wconf 88' lang='lat' dir='ltr'><strong>non</strong></span> <span class='ocrx_word' id='word_1_181' title='bbox 1967 2561 2147 2624; x_wconf 85' lang='lat' dir='ltr'><strong>potest</strong></span> 
     </span>
    </p>
   </div>
   <div class='ocr_carea' id='block_1_27' title="bbox 562 2643 2141 2718">
    <p class='ocr_par' dir='ltr' id='par_1_27' title="bbox 562 2643 2141 2718">
     <span class='ocr_line' id='line_1_28' title="bbox 562 2643 2141 2718; baseline 0.006 -26"><span class='ocrx_word' id='word_1_182' title='bbox 562 2652 724 2707; x_wconf 91' lang='lat' dir='ltr'><strong>quam</strong></span> <span class='ocrx_word' id='word_1_183' title='bbox 763 2643 1073 2697; x_wconf 90' lang='lat' dir='ltr'><strong>contemtim</strong></span> <span class='ocrx_word' id='word_1_184' title='bbox 1096 2645 1257 2714; x_wconf 81' lang='lat' dir='ltr'><strong>vulgo</strong></span> <span class='ocrx_word' id='word_1_185' title='bbox 1286 2653 1396 2700; x_wconf 91' lang='lat' dir='ltr'><strong>tam</strong></span> <span class='ocrx_word' id='word_1_186' title='bbox 1427 2647 1605 2701; x_wconf 91' lang='lat' dir='ltr'><strong>divina</strong></span> <span class='ocrx_word' id='word_1_187' title='bbox 1635 2663 1797 2718; x_wconf 87' lang='lat' dir='ltr'><strong>opera</strong></span> <span class='ocrx_word' id='word_1_188' title='bbox 1822 2648 2141 2713; x_wconf 86' lang='lat' dir='ltr'><strong>habeantur;</strong></span> 
     </span>
    </p>
   </div>
   <div class='ocr_carea' id='block_1_28' title="bbox 558 2731 2146 2809">
    <p class='ocr_par' dir='ltr' id='par_1_28' title="bbox 558 2731 2146 2809">
     <span class='ocr_line' id='line_1_29' title="bbox 558 2731 2146 2809; baseline 0.009 -28"><span class='ocrx_word' id='word_1_189' title='bbox 558 2737 756 2797; x_wconf 89' lang='lat' dir='ltr'><strong>quotus</strong></span> <span class='ocrx_word' id='word_1_190' title='bbox 778 2731 921 2786; x_wconf 91' lang='lat' dir='ltr'><strong>enim</strong></span> <span class='ocrx_word' id='word_1_191' title='bbox 943 2734 1167 2804; x_wconf 88' lang='lat' dir='ltr'><strong>quisque</strong></span> <span class='ocrx_word' id='word_1_192' title='bbox 1196 2744 1252 2790; x_wconf 89' lang='lat' dir='ltr'><strong>et</strong></span> <span class='ocrx_word' id='word_1_193' title='bbox 1279 2737 1363 2792; x_wconf 76' lang='lat' dir='ltr'><strong>vel</strong></span> <span class='ocrx_word' id='word_1_194' title='bbox 1390 2738 1719 2793; x_wconf 88' lang='lat' dir='ltr'><strong>eruditorum</strong></span> <span class='ocrx_word' id='word_1_195' title='bbox 1742 2739 1873 2794; x_wconf 88' lang='lat' dir='ltr'><strong>nihil</strong></span> <span class='ocrx_word' id='word_1_196' title='bbox 1902 2756 2007 2795; x_wconf 93' lang='lat' dir='ltr'><strong>non</strong></span> <span class='ocrx_word' id='word_1_197' title='bbox 2029 2755 2146 2809; x_wconf 88' lang='lat' dir='ltr'><strong>per-</strong></span> 
     </span>
    </p>
   </div>
   <div class='ocr_carea' id='block_1_29' title="bbox 558 2820 2142 2896">
    <p class='ocr_par' dir='ltr' id='par_1_29' title="bbox 558 2820 2142 2896">
     <span class='ocr_line' id='line_1_30' title="bbox 558 2820 2142 2896; baseline 0.009 -24"><span class='ocrx_word' id='word_1_198' title='bbox 558 2823 865 2888; x_wconf 71' lang='lat' dir='ltr'><strong>Vagantium</strong></span> <span class='ocrx_word' id='word_1_199' title='bbox 898 2825 1154 2894; x_wconf 90' lang='lat' dir='ltr'><strong>alioquin,</strong></span> <span class='ocrx_word' id='word_1_200' title='bbox 1187 2829 1279 2896; x_wconf 91' lang='lat' dir='ltr'><strong>qui</strong></span> <span class='ocrx_word' id='word_1_201' title='bbox 1305 2829 1497 2884; x_wconf 86' lang='lat' dir='ltr'><strong>horum</strong></span> <span class='ocrx_word' id='word_1_202' title='bbox 1542 2831 1623 2886; x_wconf 90' lang='lat' dir='ltr'><strong>bis</strong></span> <span class='ocrx_word' id='word_1_203' title='bbox 1660 2820 1753 2885; x_wconf 85' lang='lat' dir='ltr'><strong>aut</strong></span> <span class='ocrx_word' id='word_1_204' title='bbox 1779 2841 1861 2886; x_wconf 91' lang='lat' dir='ltr'><strong>ter</strong></span> <span class='ocrx_word' id='word_1_205' title='bbox 1884 2833 2142 2888; x_wconf 83' lang='lat' dir='ltr'><strong>memine-</strong></span> 
     </span>
    </p>
   </div>
   <div class='ocr_carea' id='block_1_30' title="bbox 557 2911 2141 2992">
    <p class='ocr_par' dir='ltr' id='par_1_30' title="bbox 557 2911 2141 2992">
     <span class='ocr_line' id='line_1_31' title="bbox 557 2911 2141 2992; baseline 0.009 -28"><span class='ocrx_word' id='word_1_206' title='bbox 557 2911 665 2965; x_wconf 87' lang='lat' dir='ltr'><strong>rit?</strong></span> <span class='ocrx_word' id='word_1_207' title='bbox 691 2911 838 2969; x_wconf 91' lang='lat' dir='ltr'><strong>Unde</strong></span> <span class='ocrx_word' id='word_1_208' title='bbox 859 2915 1014 2984; x_wconf 89' lang='lat' dir='ltr'><strong>longe</strong></span> <span class='ocrx_word' id='word_1_209' title='bbox 1034 2919 1196 2973; x_wconf 88' lang='lat' dir='ltr'><strong>etiam</strong></span> <span class='ocrx_word' id='word_1_210' title='bbox 1211 2920 1470 2989; x_wconf 89' lang='lat' dir='ltr'><strong>majorem</strong></span> <span class='ocrx_word' id='word_1_211' title='bbox 1488 2922 1799 2977; x_wconf 91' lang='lat' dir='ltr'><strong>illustrantis</strong></span> <span class='ocrx_word' id='word_1_212' title='bbox 1813 2923 2141 2992; x_wconf 85' lang='lat' dir='ltr'><strong>diligentiam</strong></span> 
     </span>
    </p>
   </div>
   <div class='ocr_carea' id='block_1_31' title="bbox 558 3004 2142 3086">
    <p class='ocr_par' dir='ltr' id='par_1_31' title="bbox 558 3004 2142 3086">
     <span class='ocr_line' id='line_1_32' title="bbox 558 3004 2142 3086; baseline 0.009 -30"><span class='ocrx_word' id='word_1_213' title='bbox 558 3004 854 3071; x_wconf 87' lang='lat' dir='ltr'><strong>requirunt.</strong></span> <span class='ocrx_word' id='word_1_214' title='bbox 887 3021 1046 3075; x_wconf 90' lang='lat' dir='ltr'><strong>quam</strong></span> <span class='ocrx_word' id='word_1_215' title='bbox 1069 3017 1314 3086; x_wconf 86' lang='lat' dir='ltr'><strong>putatum</strong></span> <span class='ocrx_word' id='word_1_216' title='bbox 1343 3013 1603 3068; x_wconf 90' lang='lat' dir='ltr'><strong>hactenus</strong></span> <span class='ocrx_word' id='word_1_217' title='bbox 1630 3023 1730 3068; x_wconf 91' lang='lat' dir='ltr'><strong>est.</strong></span> <span class='ocrx_word' id='word_1_218' title='bbox 1764 3013 2016 3070; x_wconf 89' lang='lat' dir='ltr'><strong>Dedimus</strong></span> <span class='ocrx_word' id='word_1_219' title='bbox 2044 3032 2142 3071; x_wconf 92' lang='lat' dir='ltr'><strong>nos</strong></span> 
     </span>
    </p>
   </div>
   <div class='ocr_carea' id='block_1_32' title="bbox 557 3089 2140 3177">
    <p class='ocr_par' dir='ltr' id='par_1_32' title="bbox 557 3089 2140 3177">
     <span class='ocr_line' id='line_1_33' title="bbox 557 3089 2140 3177; baseline 0.012 -33"><span class='ocrx_word' id='word_1_220' title='bbox 557 3089 642 3146; x_wconf 90' lang='lat' dir='ltr'><strong>his</strong></span> <span class='ocrx_word' id='word_1_221' title='bbox 665 3093 856 3151; x_wconf 89' lang='lat' dir='ltr'><strong>libellis</strong></span> <span class='ocrx_word' id='word_1_222' title='bbox 883 3099 1175 3168; x_wconf 89' lang='lat' dir='ltr'><strong>specimina</strong></span> <span class='ocrx_word' id='word_1_223' title='bbox 1201 3101 1431 3170; x_wconf 89' lang='lat' dir='ltr'><strong>aliquot;</strong></span> <span class='ocrx_word' id='word_1_224' title='bbox 1467 3103 1712 3160; x_wconf 88' lang='lat' dir='ltr'><strong>dabimus</strong></span> <span class='ocrx_word' id='word_1_225' title='bbox 1741 3115 1795 3160; x_wconf 89' lang='lat' dir='ltr'><strong>et</strong></span> <span class='ocrx_word' id='word_1_226' title='bbox 1835 3107 1936 3162; x_wconf 94' lang='lat' dir='ltr'><strong>hoc</strong></span> <span class='ocrx_word' id='word_1_227' title='bbox 1965 3109 2140 3177; x_wconf 90' lang='lat' dir='ltr'><strong>capite</strong></span> 
     </span>
    </p>
   </div>
   <div class='ocr_carea' id='block_1_33' title="bbox 558 3175 2211 3264">
    <p class='ocr_par' dir='ltr' id='par_1_33' title="bbox 558 3175 2211 3264">
     <span class='ocr_line' id='line_1_34' title="bbox 558 3175 2211 3264; baseline 0.013 -30"><span class='ocrx_word' id='word_1_228' title='bbox 558 3181 626 3235; x_wconf 89' lang='lat' dir='ltr'><strong>ad</strong></span> <span class='ocrx_word' id='word_1_229' title='bbox 657 3183 1042 3257; x_wconf 70' lang='lat' dir='ltr'><strong>Panegyricum</strong></span> <span class='ocrx_word' id='word_1_230' title='bbox 1072 3189 1230 3256; x_wconf 88' lang='lat' dir='ltr'><strong>Celsi,</strong></span> <span class='ocrx_word' id='word_1_231' title='bbox 1265 3194 1433 3256; x_wconf 82' lang='lat' dir='ltr'><strong>suavi,</strong></span> <span class='ocrx_word' id='word_1_232' title='bbox 1486 3193 1675 3264; x_wconf 92' lang='lat' dir='ltr'><strong>docto,</strong></span> <span class='ocrx_word' id='word_1_233' title='bbox 1707 3213 1995 3253; x_wconf 90' lang='lat' dir='ltr'><strong>numeroso</strong></span> <span class='ocrx_word' id='word_1_234' title='bbox 2016 3175 2136 3254; x_wconf 84' lang='lat' dir='ltr'><strong>car-</strong></span> <span class='ocrx_word' id='word_1_235' title='bbox 2165 3175 2211 3237; x_wconf 70' lang='grc' dir='ltr'>ο</span> 
     </span>
    </p>
   </div>
   <div class='ocr_carea' id='block_1_34' title="bbox 557 3274 2140 3357">
    <p class='ocr_par' dir='ltr' id='par_1_34' title="bbox 557 3274 2140 3357">
     <span class='ocr_line' id='line_1_35' title="bbox 557 3274 2140 3357; baseline 0.012 -31"><span class='ocrx_word' id='word_1_236' title='bbox 557 3274 704 3329; x_wconf 90' lang='lat' dir='ltr'><strong>mine</strong></span> <span class='ocrx_word' id='word_1_237' title='bbox 733 3292 938 3333; x_wconf 88' lang='lat' dir='ltr'><strong>summa</strong></span> <span class='ocrx_word' id='word_1_238' title='bbox 982 3283 1237 3351; x_wconf 88' lang='lat' dir='ltr'><strong>mysteria</strong></span> <span class='ocrx_word' id='word_1_239' title='bbox 1264 3280 1579 3340; x_wconf 80' lang='lat' dir='ltr'><strong>Christianae</strong></span> <span class='ocrx_word' id='word_1_240' title='bbox 1607 3287 1882 3357; x_wconf 85' lang='lat' dir='ltr'><strong>religionis</strong></span> <span class='ocrx_word' id='word_1_241' title='bbox 1925 3291 2140 3344; x_wconf 89' lang='lat' dir='ltr'><strong>contiu-</strong></span> 
     </span>
    </p>
   </div>
   <div class='ocr_carea' id='block_1_35' title="bbox 555 3374 791 3434">
    <p class='ocr_par' dir='ltr' id='par_1_35' title="bbox 555 3374 791 3434">
     <span class='ocr_line' id='line_1_36' title="bbox 555 3374 791 3434; baseline 0.013 -15"><span class='ocrx_word' id='word_1_242' title='bbox 555 3374 791 3434; x_wconf 85' lang='lat' dir='ltr'><strong>gentem.</strong></span> 
     </span>
    </p>
   </div>
   <div class='ocr_carea' id='block_1_36' title="bbox 555 3468 2139 3552">
    <p class='ocr_par' dir='ltr' id='par_1_36' title="bbox 555 3468 2139 3552">
     <span class='ocr_line' id='line_1_37' title="bbox 555 3468 2139 3552; baseline 0.011 -17"><span class='ocrx_word' id='word_1_243' title='bbox 555 3495 628 3536; x_wconf 76' lang='grc'>³0.</span> <span class='ocrx_word' id='word_1_244' title='bbox 684 3499 1009 3541; x_wconf 71' lang='lat' dir='ltr'><strong>FBEDERICUS</strong></span> <span class='ocrx_word' id='word_1_245' title='bbox 1028 3503 1316 3544; x_wconf 74' lang='lat' dir='ltr'><strong>GBONOV’IUS</strong></span> <span class='ocrx_word' id='word_1_246' title='bbox 1347 3495 1447 3545; x_wconf 62' lang='lat' dir='ltr'><strong>EID.</strong></span> <span class='ocrx_word' id='word_1_247' title='bbox 1483 3507 1772 3548; x_wconf 76' lang='lat' dir='ltr'><strong>OBSERVAT.</strong></span> <span class='ocrx_word' id='word_1_248' title='bbox 1806 3510 1856 3548; x_wconf 83' lang='lat' dir='ltr'><strong>IN</strong></span> <span class='ocrx_word' id='word_1_249' title='bbox 1889 3468 2139 3552; x_wconf 67' lang='lat' dir='ltr'><strong>SCRIPTO-</strong></span> 
     </span>
    </p>
   </div>
   <div class='ocr_carea' id='block_1_37' title="bbox 1000 3563 1682 3628">
    <p class='ocr_par' dir='ltr' id='par_1_37' title="bbox 1000 3563 1682 3628">
     <span class='ocr_line' id='line_1_38' title="bbox 1000 3563 1682 3628; baseline 0.009 -17"><span class='ocrx_word' id='word_1_250' title='bbox 1000 3574 1149 3613; x_wconf 80' lang='lat' dir='ltr'><strong>RIBUS</strong></span> <span class='ocrx_word' id='word_1_251' title='bbox 1177 3576 1418 3628; x_wconf 52' lang='lat' dir='ltr'><strong>eccum,</strong></span> <span class='ocrx_word' id='word_1_252' title='bbox 1445 3578 1562 3617; x_wconf 88' lang='lat' dir='ltr'><strong>CAP.</strong></span> <span class='ocrx_word' id='word_1_253' title='bbox 1598 3563 1682 3617; x_wconf 82' lang='grc'>10.</span> 
     </span>
    </p>
   </div>
   <div class='ocr_carea' id='block_1_38' title="bbox 557 3642 2138 3720">
    <p class='ocr_par' dir='ltr' id='par_1_38' title="bbox 557 3642 2138 3720">
     <span class='ocr_line' id='line_1_39' title="bbox 557 3642 2138 3720; baseline 0.014 -25"><span class='ocrx_word' id='word_1_254' title='bbox 557 3682 562 3684; x_wconf 84' lang='grc'><strong><em>-</em></strong></span> <span class='ocrx_word' id='word_1_255' title='bbox 628 3642 758 3698; x_wconf 81' lang='lat' dir='ltr'><strong>Nola</strong></span> <span class='ocrx_word' id='word_1_256' title='bbox 803 3646 966 3700; x_wconf 86' lang='lat' dir='ltr'><strong>habet</strong></span> <span class='ocrx_word' id='word_1_257' title='bbox 1011 3651 1270 3705; x_wconf 89' lang='lat' dir='ltr'><strong>seriorem</strong></span> <span class='ocrx_word' id='word_1_258' title='bbox 1311 3652 1548 3720; x_wconf 90' lang='lat' dir='ltr'><strong>quidem,</strong></span> <span class='ocrx_word' id='word_1_259' title='bbox 1578 3656 1671 3710; x_wconf 89' lang='lat' dir='ltr'><strong>sed</strong></span> <span class='ocrx_word' id='word_1_260' title='bbox 1719 3665 1774 3712; x_wconf 91' lang='lat' dir='ltr'><strong>et</strong></span> <span class='ocrx_word' id='word_1_261' title='bbox 1815 3660 2138 3716; x_wconf 89' lang='lat' dir='ltr'><strong>sanctiorem</strong></span> 
     </span>
    </p>
   </div>
   <div class='ocr_carea' id='block_1_39' title="bbox 557 3731 2142 3813">
    <p class='ocr_par' dir='ltr' id='par_1_39' title="bbox 557 3731 2142 3813">
     <span class='ocr_line' id='line_1_40' title="bbox 557 3731 2142 3813; baseline 0.014 -26"><span class='ocrx_word' id='word_1_262' title='bbox 557 3731 799 3802; x_wconf 84' lang='lat' dir='ltr'><strong>Virgilio.</strong></span> <span class='ocrx_word' id='word_1_263' title='bbox 832 3738 992 3794; x_wconf 77' lang='lat' dir='ltr'><strong>ofﬁcii</strong></span> <span class='ocrx_word' id='word_1_264' title='bbox 1013 3743 1095 3795; x_wconf 89' lang='lat' dir='ltr'><strong>sui</strong></span> <span class='ocrx_word' id='word_1_265' title='bbox 1117 3751 1330 3809; x_wconf 88' lang='lat' dir='ltr'><strong>testem,</strong></span> <span class='ocrx_word' id='word_1_266' title='bbox 1367 3761 1525 3813; x_wconf 89' lang='lat' dir='ltr'><strong>quem</strong></span> <span class='ocrx_word' id='word_1_267' title='bbox 1557 3749 1734 3802; x_wconf 89' lang='lat' dir='ltr'><strong>vivum</strong></span> <span class='ocrx_word' id='word_1_268' title='bbox 1763 3751 1948 3806; x_wconf 92' lang='lat' dir='ltr'><strong>habuit</strong></span> <span class='ocrx_word' id='word_1_269' title='bbox 1973 3762 2028 3808; x_wconf 92' lang='lat' dir='ltr'><strong>et</strong></span> <span class='ocrx_word' id='word_1_270' title='bbox 2054 3770 2142 3808; x_wconf 82' lang='lat' dir='ltr'><strong>sa-</strong></span> 
     </span>
    </p>
   </div>
   <div class='ocr_carea' id='block_1_40' title="bbox 555 3831 2140 3913">
    <p class='ocr_par' dir='ltr' id='par_1_40' title="bbox 555 3831 2140 3913">
     <span class='ocr_line' id='line_1_41' title="bbox 555 3831 2140 3913; baseline 0.013 -34"><span class='ocrx_word' id='word_1_271' title='bbox 555 3841 771 3881; x_wconf 83' lang='lat' dir='ltr'><strong>crurum</strong></span> <span class='ocrx_word' id='word_1_272' title='bbox 800 3831 1133 3898; x_wconf 87' lang='lat' dir='ltr'><strong>magistrum,</strong></span> <span class='ocrx_word' id='word_1_273' title='bbox 1169 3843 1223 3888; x_wconf 91' lang='lat' dir='ltr'><strong>et</strong></span> <span class='ocrx_word' id='word_1_274' title='bbox 1246 3835 1374 3892; x_wconf 80' lang='lat' dir='ltr'><strong>aedis</strong></span> <span class='ocrx_word' id='word_1_275' title='bbox 1402 3853 1568 3893; x_wconf 82' lang='lat' dir='ltr'><strong>sacrae</strong></span> <span class='ocrx_word' id='word_1_276' title='bbox 1597 3837 1918 3897; x_wconf 79' lang='lat' dir='ltr'><strong>mulitorem.</strong></span> <span class='ocrx_word' id='word_1_277' title='bbox 1949 3843 2140 3913; x_wconf 84' lang='lat' dir='ltr'><strong>Magna</strong></span> 
     </span>
    </p>
   </div>
   <div class='ocr_carea' id='block_1_41' title="bbox 554 3918 2141 4003">
    <p class='ocr_par' dir='ltr' id='par_1_41' title="bbox 554 3918 2141 4003">
     <span class='ocr_line' id='line_1_42' title="bbox 554 3918 2141 4003; baseline 0.015 -32"><span class='ocrx_word' id='word_1_278' title='bbox 554 3918 700 3973; x_wconf 87' lang='lat' dir='ltr'><strong>sedis</strong></span> <span class='ocrx_word' id='word_1_279' title='bbox 748 3922 1021 3979; x_wconf 50' lang='lat' dir='ltr'><strong>adamata;</strong></span> <span class='ocrx_word' id='word_1_280' title='bbox 1053 3938 1401 3984; x_wconf 89' lang='lat' dir='ltr'><strong>monumenta</strong></span> <span class='ocrx_word' id='word_1_281' title='bbox 1434 3948 1446 3984; x_wconf 88' lang='lat'><strong>:</strong></span> <span class='ocrx_word' id='word_1_282' title='bbox 1478 3932 1627 4001; x_wconf 91' lang='lat' dir='ltr'><strong>quid,</strong></span> <span class='ocrx_word' id='word_1_283' title='bbox 1653 3948 1787 4003; x_wconf 77' lang='lat' dir='ltr'><strong>quas</strong></span> <span class='ocrx_word' id='word_1_284' title='bbox 1816 3936 1938 3993; x_wconf 91' lang='lat' dir='ltr'><strong>inde</strong></span> <span class='ocrx_word' id='word_1_285' title='bbox 1965 3938 2033 3993; x_wconf 89' lang='lat' dir='ltr'><strong>ad</strong></span> <span class='ocrx_word' id='word_1_286' title='bbox 2062 3940 2141 3994; x_wconf 85' lang='lat' dir='ltr'><strong>le-</strong></span> 
     </span>
    </p>
   </div>
   <div class='ocr_carea' id='block_1_42' title="bbox 554 4009 2139 4092">
    <p class='ocr_par' dir='ltr' id='par_1_42' title="bbox 554 4009 2139 4092">
     <span class='ocr_line' id='line_1_43' title="bbox 554 4009 2139 4092; baseline 0.013 -30"><span class='ocrx_word' id='word_1_287' title='bbox 554 4009 822 4066; x_wconf 86' lang='lat' dir='ltr'><strong>clissimos</strong></span> <span class='ocrx_word' id='word_1_288' title='bbox 868 4013 1014 4070; x_wconf 87' lang='lat' dir='ltr'><strong>viros</strong></span> <span class='ocrx_word' id='word_1_289' title='bbox 1057 4015 1390 4087; x_wconf 87' lang='lat' dir='ltr'><strong>feminasque</strong></span> <span class='ocrx_word' id='word_1_290' title='bbox 1441 4022 1543 4092; x_wconf 68' lang='lat' dir='ltr'><strong>pia:</strong></span> <span class='ocrx_word' id='word_1_291' title='bbox 1586 4023 1850 4080; x_wconf 63' lang='lat' dir='ltr'><strong>facundiae</strong></span> <span class='ocrx_word' id='word_1_292' title='bbox 1894 4035 1950 4082; x_wconf 88' lang='lat' dir='ltr'><strong>et</strong></span> <span class='ocrx_word' id='word_1_293' title='bbox 1979 4028 2139 4084; x_wconf 79' lang='lat' dir='ltr'><strong>ollicii</strong></span> 
     </span>
    </p>
   </div>
   <div class='ocr_carea' id='block_1_43' title="bbox 551 4098 2137 4181">
    <p class='ocr_par' dir='ltr' id='par_1_43' title="bbox 551 4098 2137 4181">
     <span class='ocr_line' id='line_1_44' title="bbox 551 4098 2137 4181; baseline 0.016 -30"><span class='ocrx_word' id='word_1_294' title='bbox 551 4098 741 4167; x_wconf 86' lang='lat' dir='ltr'><strong>plenas</strong></span> <span class='ocrx_word' id='word_1_295' title='bbox 761 4101 908 4156; x_wconf 90' lang='lat' dir='ltr'><strong>dedit</strong></span> <span class='ocrx_word' id='word_1_296' title='bbox 950 4105 1240 4175; x_wconf 87' lang='lat' dir='ltr'><strong>epistolas?</strong></span> <span class='ocrx_word' id='word_1_297' title='bbox 1267 4109 1413 4178; x_wconf 92' lang='lat' dir='ltr'><strong>quid,</strong></span> <span class='ocrx_word' id='word_1_298' title='bbox 1439 4113 1632 4181; x_wconf 90' lang='lat' dir='ltr'><strong>quibus</strong></span> <span class='ocrx_word' id='word_1_299' title='bbox 1675 4115 1821 4171; x_wconf 90' lang='lat' dir='ltr'><strong>illum</strong></span> <span class='ocrx_word' id='word_1_300' title='bbox 1865 4133 2137 4175; x_wconf 89' lang='lat' dir='ltr'><strong>secessum</strong></span> 
     </span>
    </p>
   </div>
   <div class='ocr_carea' id='block_1_44' title="bbox 549 4189 2138 4280">
    <p class='ocr_par' dir='ltr' id='par_1_44' title="bbox 549 4189 2138 4280">
     <span class='ocr_line' id='line_1_45' title="bbox 549 4189 2138 4280; baseline 0.014 -36"><span class='ocrx_word' id='word_1_301' title='bbox 549 4197 606 4244; x_wconf 89' lang='lat' dir='ltr'><strong>et</strong></span> <span class='ocrx_word' id='word_1_302' title='bbox 633 4189 849 4250; x_wconf 89' lang='lat' dir='ltr'><strong>Natales</strong></span> <span class='ocrx_word' id='word_1_303' title='bbox 896 4193 1208 4254; x_wconf 67' lang='lat' dir='ltr'><strong>Dominaadii</strong></span> <span class='ocrx_word' id='word_1_304' title='bbox 1259 4202 1340 4256; x_wconf 90' lang='lat' dir='ltr'><strong>sui</strong></span> <span class='ocrx_word' id='word_1_305' title='bbox 1369 4200 1565 4260; x_wconf 85' lang='lat' dir='ltr'><strong>Felicis</strong></span> <span class='ocrx_word' id='word_1_306' title='bbox 1591 4206 1873 4274; x_wconf 88' lang='lat' dir='ltr'><strong>dedicavit,</strong></span> <span class='ocrx_word' id='word_1_307' title='bbox 1909 4211 2138 4280; x_wconf 87' lang='lat' dir='ltr'><strong>ingentis</strong></span> 
     </span>
    </p>
   </div>
   <div class='ocr_carea' id='block_1_45' title="bbox 549 4284 2137 4370">
    <p class='ocr_par' dir='ltr' id='par_1_45' title="bbox 549 4284 2137 4370">
     <span class='ocr_line' id='line_1_46' title="bbox 549 4284 2137 4370; baseline 0.014 -34"><span class='ocrx_word' id='word_1_308' title='bbox 549 4284 770 4352; x_wconf 85' lang='lat' dir='ltr'><strong>spiritus</strong></span> <span class='ocrx_word' id='word_1_309' title='bbox 798 4290 1073 4345; x_wconf 89' lang='lat' dir='ltr'><strong>carmina?</strong></span> <span class='ocrx_word' id='word_1_310' title='bbox 1099 4284 1234 4347; x_wconf 87' lang='lat' dir='ltr'><strong>Illud</strong></span> <span class='ocrx_word' id='word_1_311' title='bbox 1263 4297 1513 4351; x_wconf 88' lang='lat' dir='ltr'><strong>meritum</strong></span> <span class='ocrx_word' id='word_1_312' title='bbox 1543 4299 1647 4354; x_wconf 92' lang='lat' dir='ltr'><strong>loci</strong></span> <span class='ocrx_word' id='word_1_313' title='bbox 1675 4310 1758 4355; x_wconf 93' lang='lat' dir='ltr'><strong>est</strong></span> <span class='ocrx_word' id='word_1_314' title='bbox 1782 4319 1794 4355; x_wconf 87' lang='lat'><strong>:</strong></span> <span class='ocrx_word' id='word_1_315' title='bbox 1828 4303 1911 4358; x_wconf 90' lang='lat' dir='ltr'><strong>his</strong></span> <span class='ocrx_word' id='word_1_316' title='bbox 1941 4305 2137 4370; x_wconf 92' lang='lat' dir='ltr'><strong>ubique</strong></span> 
     </span>
    </p>
   </div>
   <div class='ocr_carea' id='block_1_46' title="bbox 551 4380 1601 4450">
    <p class='ocr_par' dir='ltr' id='par_1_46' title="bbox 551 4380 1601 4450">
     <span class='ocr_line' id='line_1_47' title="bbox 551 4380 1601 4450; baseline 0.016 -25"><span class='ocrx_word' id='word_1_317' title='bbox 551 4380 815 4429; x_wconf 89' lang='lat' dir='ltr'><strong>terrarum</strong></span> <span class='ocrx_word' id='word_1_318' title='bbox 845 4381 1105 4446; x_wconf 90' lang='lat' dir='ltr'><strong>noscitur,</strong></span> <span class='ocrx_word' id='word_1_319' title='bbox 1137 4381 1348 4450; x_wconf 90' lang='lat' dir='ltr'><strong>legitur,</strong></span> <span class='ocrx_word' id='word_1_320' title='bbox 1372 4387 1601 4442; x_wconf 87' lang='lat' dir='ltr'><strong>videtur.</strong></span> 
     </span>
    </p>
   </div>
   <div class='ocr_carea' id='block_1_47' title="bbox 557 4485 2127 4561">
    <p class='ocr_par' dir='ltr' id='par_1_47' title="bbox 557 4485 2127 4561">
     <span class='ocr_line' id='line_1_48' title="bbox 557 4485 2127 4561; baseline 0.014 -24"><span class='ocrx_word' id='word_1_321' title='bbox 557 4485 711 4554; x_wconf 70' lang='lat'><strong>125</strong></span> <span class='ocrx_word' id='word_1_322' title='bbox 750 4494 1056 4546; x_wconf 77' lang='lat' dir='ltr'><strong>CARDINALIS</strong></span> <span class='ocrx_word' id='word_1_323' title='bbox 1098 4509 1407 4561; x_wconf 73' lang='lat' dir='ltr'><strong>pzaaomus,</strong></span> <span class='ocrx_word' id='word_1_324' title='bbox 1455 4514 1509 4551; x_wconf 65' lang='grc' dir='ltr'><strong>ιη</strong></span> <span class='ocrx_word' id='word_1_325' title='bbox 1557 4514 1839 4555; x_wconf 65' lang='lat' dir='ltr'><strong>PLESSEUII</strong></span> <span class='ocrx_word' id='word_1_326' title='bbox 1886 4519 1951 4557; x_wconf 83' lang='lat' dir='ltr'><strong>DE</strong></span> <span class='ocrx_word' id='word_1_327' title='bbox 1988 4521 2127 4560; x_wconf 75' lang='lat' dir='ltr'><strong>IlISSA</strong></span> 
     </span>
    </p>
   </div>
   <div class='ocr_carea' id='block_1_48' title="bbox 982 4563 1690 4624">
    <p class='ocr_par' dir='ltr' id='par_1_48' title="bbox 982 4563 1690 4624">
     <span class='ocr_line' id='line_1_49' title="bbox 982 4563 1690 4624; baseline 0.013 -9"><span class='ocrx_word' id='word_1_328' title='bbox 982 4578 1102 4617; x_wconf 66' lang='grc' dir='ltr'><strong>ενοι..</strong></span> <span class='ocrx_word' id='word_1_329' title='bbox 1131 4563 1254 4618; x_wconf 78' lang='grc'>405.</span> <span class='ocrx_word' id='word_1_330' title='bbox 1284 4581 1352 4619; x_wconf 73' lang='lat' dir='ltr'><strong>ne</strong></span> <span class='ocrx_word' id='word_1_331' title='bbox 1378 4581 1422 4620; x_wconf 95' lang='lat' dir='ltr'><strong>s.</strong></span> <span class='ocrx_word' id='word_1_332' title='bbox 1450 4583 1690 4624; x_wconf 81' lang='lat' dir='ltr'><strong>PAULINO.</strong></span> 
     </span>
    </p>
   </div>
   <div class='ocr_carea' id='block_1_49' title="bbox 548 4641 2134 4732">
    <p class='ocr_par' dir='ltr' id='par_1_49' title="bbox 548 4641 2134 4732">
     <span class='ocr_line' id='line_1_50' title="bbox 548 4641 2134 4732; baseline 0.017 -34"><span class='ocrx_word' id='word_1_333' title='bbox 548 4695 550 4698; x_wconf 75' lang='grc'>,</span> <span class='ocrx_word' id='word_1_334' title='bbox 618 4641 724 4732; x_wconf 75' lang='lat' dir='ltr'><strong>Ces</strong></span> <span class='ocrx_word' id='word_1_335' title='bbox 753 4645 953 4703; x_wconf 77' lang='lat' dir='ltr'><strong>delices</strong></span> <span class='ocrx_word' id='word_1_336' title='bbox 981 4651 1048 4705; x_wconf 92' lang='lat' dir='ltr'><strong>de</strong></span> <span class='ocrx_word' id='word_1_337' title='bbox 1070 4650 1369 4710; x_wconf 84' lang='lat' dir='ltr'><strong>l&#39;ancienne</strong></span> <span class='ocrx_word' id='word_1_338' title='bbox 1392 4657 1539 4727; x_wconf 82' lang='lat' dir='ltr'><strong>piété</strong></span> <span class='ocrx_word' id='word_1_339' title='bbox 1559 4660 1902 4732; x_wconf 81' lang='lat' dir='ltr'><strong>cbrétienne;</strong></span> <span class='ocrx_word' id='word_1_340' title='bbox 1933 4676 2021 4722; x_wconf 90' lang='lat' dir='ltr'><strong>cet</strong></span> <span class='ocrx_word' id='word_1_341' title='bbox 2045 4684 2134 4724; x_wconf 83' lang='lat' dir='ltr'><strong>ex-</strong></span> 
     </span>
    </p>
   </div>
   <div class='ocr_carea' id='block_1_50' title="bbox 552 4730 2135 4831">
    <p class='ocr_par' dir='ltr' id='par_1_50' title="bbox 552 4730 2135 4831">
     <span class='ocr_line' id='line_1_51' title="bbox 552 4730 2135 4831; baseline 0.021 -48"><span class='ocrx_word' id='word_1_342' title='bbox 552 4730 764 4831; x_wconf 24' lang='lat' dir='ltr'><strong>pellent;</strong></span> <span class='ocrx_word' id='word_1_343' title='bbox 791 4739 1131 4831; x_wconf 24' lang='lat' dir='ltr'><strong>et‘religieuit</strong></span> <span class='ocrx_word' id='word_1_344' title='bbox 1161 4745 1346 4813; x_wconf 88' lang='lat' dir='ltr'><strong>esprit,</strong></span> <span class='ocrx_word' id='word_1_345' title='bbox 1383 4755 1498 4802; x_wconf 86' lang='lat' dir='ltr'><strong>tant</strong></span> <span class='ocrx_word' id='word_1_346' title='bbox 1542 4750 1690 4808; x_wconf 83' lang='lat' dir='ltr'><strong>chéri</strong></span> <span class='ocrx_word' id='word_1_347' title='bbox 1721 4762 1777 4809; x_wconf 92' lang='lat' dir='ltr'><strong>et</strong></span> <span class='ocrx_word' id='word_1_348' title='bbox 1804 4730 2019 4813; x_wconf 75' lang='lat' dir='ltr'><strong>celebre</strong></span> <span class='ocrx_word' id='word_1_349' title='bbox 2038 4776 2135 4831; x_wconf 89' lang='lat' dir='ltr'><strong>par</strong></span> 
     </span>
    </p>
   </div>
   <div class='ocr_carea' id='block_1_51' title="bbox 550 4817 2136 4915">
    <p class='ocr_par' dir='ltr' id='par_1_51' title="bbox 550 4817 2136 4915">
     <span class='ocr_line' id='line_1_52' title="bbox 550 4817 2136 4915; baseline 0.023 -44"><span class='ocrx_word' id='word_1_350' title='bbox 550 4817 608 4872; x_wconf 92' lang='grc'><strong>8.</strong></span> <span class='ocrx_word' id='word_1_351' title='bbox 644 4821 943 4892; x_wconf 88' lang='lat' dir='ltr'><strong>Ambroise,</strong></span> <span class='ocrx_word' id='word_1_352' title='bbox 975 4829 1071 4898; x_wconf 77' lang='lat' dir='ltr'><strong>par</strong></span> <span class='ocrx_word' id='word_1_353' title='bbox 1099 4830 1155 4886; x_wconf 95' lang='grc'><strong>8.</strong></span> <span class='ocrx_word' id='word_1_354' title='bbox 1186 4831 1404 4892; x_wconf 76' lang='lat' dir='ltr'><strong>Jérdme</strong></span> <span class='ocrx_word' id='word_1_355' title='bbox 1430 4847 1485 4893; x_wconf 91' lang='lat' dir='ltr'><strong>et</strong></span> <span class='ocrx_word' id='word_1_356' title='bbox 1513 4855 1611 4911; x_wconf 90' lang='lat' dir='ltr'><strong>par</strong></span> <span class='ocrx_word' id='word_1_357' title='bbox 1639 4841 1690 4899; x_wconf 93' lang='lat' dir='ltr'><strong>le</strong></span> <span class='ocrx_word' id='word_1_358' title='bbox 1721 4846 1841 4915; x_wconf 89' lang='lat' dir='ltr'><strong>plus</strong></span> <span class='ocrx_word' id='word_1_359' title='bbox 1867 4817 2136 4907; x_wconf 72' lang='lat' dir='ltr'><strong>tlorissant</strong></span> 
     </span>
    </p>
   </div>
   <div class='ocr_carea' id='block_1_52' title="bbox 547 4915 2130 5014">
    <p class='ocr_par' dir='ltr' id='par_1_52' title="bbox 547 4915 2130 5014">
     <span class='ocr_line' id='line_1_53' title="bbox 547 4915 2130 5014; baseline 0.02 -45"><span class='ocrx_word' id='word_1_360' title='bbox 547 4915 712 4973; x_wconf 75' lang='lat' dir='ltr'><strong>siecle</strong></span> <span class='ocrx_word' id='word_1_361' title='bbox 735 4919 800 4974; x_wconf 92' lang='lat' dir='ltr'><strong>de</strong></span> <span class='ocrx_word' id='word_1_362' title='bbox 816 4921 1065 5014; x_wconf 85' lang='lat' dir='ltr'><strong>l’Eglise;</strong></span> <span class='ocrx_word' id='word_1_363' title='bbox 1097 4944 1159 4984; x_wconf 93' lang='lat' dir='ltr'><strong>ce</strong></span> <span class='ocrx_word' id='word_1_364' title='bbox 1178 4930 1386 4998; x_wconf 86' lang='lat' dir='ltr'><strong>rejeton</strong></span> <span class='ocrx_word' id='word_1_365' title='bbox 1413 4943 1470 4990; x_wconf 90' lang='lat' dir='ltr'><strong>et</strong></span> <span class='ocrx_word' id='word_1_366' title='bbox 1493 4935 1771 4995; x_wconf 88' lang='lat' dir='ltr'><strong>diminutif</strong></span> <span class='ocrx_word' id='word_1_367' title='bbox 1781 4941 1848 4998; x_wconf 90' lang='lat' dir='ltr'><strong>de</strong></span> <span class='ocrx_word' id='word_1_368' title='bbox 1873 4941 1931 4998; x_wconf 95' lang='lat' dir='ltr'><strong>S.</strong></span> <span class='ocrx_word' id='word_1_369' title='bbox 1967 4943 2130 5014; x_wconf 89' lang='lat' dir='ltr'><strong>Paul;</strong></span> 
     </span>
    </p>
   </div>
   <div class='ocr_carea' id='block_1_53' title="bbox 547 5013 2128 5109">
    <p class='ocr_par' dir='ltr' id='par_1_53' title="bbox 547 5013 2128 5109">
     <span class='ocr_line' id='line_1_54' title="bbox 547 5013 2128 5109; baseline 0.019 -47"><span class='ocrx_word' id='word_1_370' title='bbox 547 5021 613 5109; x_wconf 60' lang='lat' dir='ltr'><strong>ee</strong></span> <span class='ocrx_word' id='word_1_371' title='bbox 631 5013 830 5109; x_wconf 78' lang='lat' dir='ltr'><strong>second</strong></span> <span class='ocrx_word' id='word_1_372' title='bbox 859 5015 1104 5109; x_wconf 86' lang='lat' dir='ltr'><strong>vaisseau</strong></span> <span class='ocrx_word' id='word_1_373' title='bbox 1123 5019 1405 5079; x_wconf 83' lang='lat' dir='ltr'><strong>d’élection</strong></span> <span class='ocrx_word' id='word_1_374' title='bbox 1425 5067 1440 5092; x_wconf 92' lang='lat'><strong>,</strong></span> <span class='ocrx_word' id='word_1_375' title='bbox 1461 5027 1592 5083; x_wconf 93' lang='lat' dir='ltr'><strong>dont</strong></span> <span class='ocrx_word' id='word_1_376' title='bbox 1612 5028 1669 5084; x_wconf 92' lang='lat' dir='ltr'><strong>S.</strong></span> <span class='ocrx_word' id='word_1_377' title='bbox 1702 5031 1961 5100; x_wconf 85' lang='lat' dir='ltr'><strong>Augustin</strong></span> <span class='ocrx_word' id='word_1_378' title='bbox 1989 5035 2006 5106; x_wconf 94' lang='lat'>(</span> <span class='ocrx_word' id='word_1_379' title='bbox 2028 5035 2128 5109; x_wconf 83' lang='lat' dir='ltr'><strong>Ep.</strong></span> 
     </span>
    </p>
   </div>
   <div class='ocr_carea' id='block_1_54' title="bbox 547 5094 2128 5200">
    <p class='ocr_par' dir='ltr' id='par_1_54' title="bbox 547 5094 2128 5200">
     <span class='ocr_line' id='line_1_55' title="bbox 547 5094 2128 5200; baseline 0.023 -53"><span class='ocrx_word' id='word_1_380' title='bbox 547 5094 904 5200; x_wconf 55' lang='lat' dir='ltr'><strong>E4)_nomme</strong></span> <span class='ocrx_word' id='word_1_381' title='bbox 947 5105 998 5159; x_wconf 88' lang='lat' dir='ltr'><strong>la</strong></span> <span class='ocrx_word' id='word_1_382' title='bbox 1025 5111 1266 5178; x_wconf 79' lang='lat' dir='ltr'><strong>poitrine,</strong></span> <span class='ocrx_word' id='word_1_383' title='bbox 1315 5115 1522 5171; x_wconf 79' lang='lat' dir='ltr'><strong>l’oracle</strong></span> <span class='ocrx_word' id='word_1_384' title='bbox 1570 5120 1640 5172; x_wconf 85' lang='lat' dir='ltr'><strong>du</strong></span> <span class='ocrx_word' id='word_1_385' title='bbox 1688 5094 2128 5200; x_wconf 30' lang='lat' dir='ltr'><strong>Seigiteuraque</strong></span> 
     </span>
    </p>
   </div>
   <div class='ocr_carea' id='block_1_55' title="bbox 541 5189 2123 5288">
    <p class='ocr_par' dir='ltr' id='par_1_55' title="bbox 541 5189 2123 5288">
     <span class='ocr_line' id='line_1_56' title="bbox 541 5189 2123 5288; baseline 0.02 -41"><span class='ocrx_word' id='word_1_386' title='bbox 541 5189 607 5247; x_wconf 72' lang='grc' dir='ltr'>Β.</span> <span class='ocrx_word' id='word_1_387' title='bbox 653 5193 911 5263; x_wconf 77' lang='lat' dir='ltr'><strong>Grégoire</strong></span> <span class='ocrx_word' id='word_1_388' title='bbox 943 5199 1077 5270; x_wconf 82' lang='lat' dir='ltr'><strong>(Lib.</strong></span> <span class='ocrx_word' id='word_1_389' title='bbox 1110 5219 1164 5257; x_wconf 87' lang='lat' dir='ltr'><strong>Ill</strong></span> <span class='ocrx_word' id='word_1_390' title='bbox 1218 5205 1388 5273; x_wconf 87' lang='lat' dir='ltr'><strong>Dial.,</strong></span> <span class='ocrx_word' id='word_1_391' title='bbox 1434 5228 1549 5279; x_wconf 86' lang='lat' dir='ltr'><strong>cap.</strong></span> <span class='ocrx_word' id='word_1_392' title='bbox 1585 5214 1606 5265; x_wconf 77' lang='grc'>1</span> <span class='ocrx_word' id='word_1_393' title='bbox 1633 5213 1654 5284; x_wconf 96' lang='grc'><strong>)</strong></span> <span class='ocrx_word' id='word_1_394' title='bbox 1687 5189 1899 5288; x_wconf 79' lang='lat' dir='ltr'><strong>appelle</strong></span> <span class='ocrx_word' id='word_1_395' title='bbox 1930 5189 2123 5280; x_wconf 61' lang='lat' dir='ltr'><strong>homine</strong></span> 
     </span>
    </p>
   </div>
   <div class='ocr_carea' id='block_1_56' title="bbox 2254 520 3844 594">
    <p class='ocr_par' dir='ltr' id='par_1_56' title="bbox 2254 520 3844 594">
     <span class='ocr_line' id='line_1_57' title="bbox 2254 520 3844 594; baseline -0.003 -16"><span class='ocrx_word' id='word_1_396' title='bbox 2254 523 2526 594; x_wconf 88' lang='lat' dir='ltr'><strong>témoigne</strong></span> <span class='ocrx_word' id='word_1_397' title='bbox 2554 527 2704 583; x_wconf 87' lang='lat' dir='ltr'><strong>avoir</strong></span> <span class='ocrx_word' id='word_1_398' title='bbox 2725 525 2813 582; x_wconf 85' lang='lat' dir='ltr'><strong>été</strong></span> <span class='ocrx_word' id='word_1_399' title='bbox 2839 525 3035 578; x_wconf 76' lang='lat' dir='ltr'><strong>illustre</strong></span> <span class='ocrx_word' id='word_1_400' title='bbox 3062 520 3475 577; x_wconf 75' lang='lat' dir='ltr'><strong>non—seuientem</strong></span> <span class='ocrx_word' id='word_1_401' title='bbox 3510 538 3575 575; x_wconf 78' lang='lat' dir='ltr'><strong>en</strong></span> <span class='ocrx_word' id='word_1_402' title='bbox 3609 521 3844 575; x_wconf 70' lang='lat' dir='ltr'><strong>doctrina</strong></span> 
     </span>
    </p>
   </div>
   <div class='ocr_carea' id='block_1_57' title="bbox 2253 613 3844 684">
    <p class='ocr_par' dir='ltr' id='par_1_57' title="bbox 2253 613 3844 684">
     <span class='ocr_line' id='line_1_58' title="bbox 2253 613 3844 684; baseline -0.002 -14"><span class='ocrx_word' id='word_1_403' title='bbox 2253 623 2301 670; x_wconf 84' lang='lat' dir='ltr'><strong>et</strong></span> <span class='ocrx_word' id='word_1_404' title='bbox 2329 617 2547 670; x_wconf 77' lang='lat' dir='ltr'><strong>sainteté</strong></span> <span class='ocrx_word' id='word_1_405' title='bbox 2573 618 2637 670; x_wconf 86' lang='lat' dir='ltr'><strong>de</strong></span> <span class='ocrx_word' id='word_1_406' title='bbox 2655 618 2752 682; x_wconf 86' lang='lat' dir='ltr'><strong>vie,</strong></span> <span class='ocrx_word' id='word_1_407' title='bbox 2772 617 2905 670; x_wconf 73' lang='lat' dir='ltr'><strong>maia</strong></span> <span class='ocrx_word' id='word_1_408' title='bbox 2935 616 3076 669; x_wconf 77' lang='lat' dir='ltr'><strong>aussi</strong></span> <span class='ocrx_word' id='word_1_409' title='bbox 3103 631 3168 668; x_wconf 87' lang='lat' dir='ltr'><strong>en</strong></span> <span class='ocrx_word' id='word_1_410' title='bbox 3211 614 3482 684; x_wconf 71' lang='lat' dir='ltr'><strong>puiuauce</strong></span> <span class='ocrx_word' id='word_1_411' title='bbox 3502 629 3594 668; x_wconf 66' lang='lat' dir='ltr'><strong>cur</strong></span> <span class='ocrx_word' id='word_1_412' title='bbox 3621 613 3696 668; x_wconf 76' lang='lat' dir='ltr'><strong>les</strong></span> <span class='ocrx_word' id='word_1_413' title='bbox 3721 613 3844 668; x_wconf 83' lang='lat' dir='ltr'><strong>dia-</strong></span> 
     </span>
    </p>
   </div>
   <div class='ocr_carea' id='block_1_58' title="bbox 2254 708 3839 790">
    <p class='ocr_par' dir='ltr' id='par_1_58' title="bbox 2254 708 3839 790">
     <span class='ocr_line' id='line_1_59' title="bbox 2254 708 3839 790; baseline 0.001 -26"><span class='ocrx_word' id='word_1_414' title='bbox 2254 710 2393 778; x_wconf 82' lang='lat' dir='ltr'><strong>bles;</strong></span> <span class='ocrx_word' id='word_1_415' title='bbox 2419 721 2474 767; x_wconf 89' lang='lat' dir='ltr'><strong>et</strong></span> <span class='ocrx_word' id='word_1_416' title='bbox 2501 712 2696 782; x_wconf 87' lang='lat' dir='ltr'><strong>duquel</strong></span> <span class='ocrx_word' id='word_1_417' title='bbox 2719 713 2797 767; x_wconf 89' lang='lat' dir='ltr'><strong>les</strong></span> <span class='ocrx_word' id='word_1_418' title='bbox 2828 711 3230 767; x_wconf 87' lang='lat' dir='ltr'><strong>Centuriateurs</strong></span> <span class='ocrx_word' id='word_1_419' title='bbox 3259 709 3626 790; x_wconf 81' lang='lat' dir='ltr'><strong>d’Allemagne</strong></span> <span class='ocrx_word' id='word_1_420' title='bbox 3655 708 3839 779; x_wconf 76' lang='lat' dir='ltr'><strong>(Cant.</strong></span> 
     </span>
    </p>
   </div>
   <div class='ocr_carea' id='block_1_59' title="bbox 2252 801 3841 876">
    <p class='ocr_par' dir='ltr' id='par_1_59' title="bbox 2252 801 3841 876">
     <span class='ocr_line' id='line_1_60' title="bbox 2252 801 3841 876; baseline 0.001 -18"><span class='ocrx_word' id='word_1_421' title='bbox 2252 801 2306 869; x_wconf 75' lang='lat'><strong>5,</strong></span> <span class='ocrx_word' id='word_1_422' title='bbox 2339 822 2386 858; x_wconf 89' lang='lat' dir='ltr'><strong>c.</strong></span> <span class='ocrx_word' id='word_1_423' title='bbox 2421 804 2509 876; x_wconf 84' lang='lat' dir='ltr'><strong>l0)</strong></span> <span class='ocrx_word' id='word_1_424' title='bbox 2532 805 2734 860; x_wconf 88' lang='lat' dir='ltr'><strong>mémes</strong></span> <span class='ocrx_word' id='word_1_425' title='bbox 2753 815 2878 861; x_wconf 89' lang='lat' dir='ltr'><strong>sont</strong></span> <span class='ocrx_word' id='word_1_426' title='bbox 2905 805 3204 860; x_wconf 88' lang='lat' dir='ltr'><strong>contraints</strong></span> <span class='ocrx_word' id='word_1_427' title='bbox 3224 804 3292 860; x_wconf 93' lang='lat' dir='ltr'><strong>de</strong></span> <span class='ocrx_word' id='word_1_428' title='bbox 3309 820 3615 876; x_wconf 89' lang='lat' dir='ltr'><strong>prononcer</strong></span> <span class='ocrx_word' id='word_1_429' title='bbox 3647 823 3661 859; x_wconf 92' lang='lat'>:</span> <span class='ocrx_word' id='word_1_430' title='bbox 3692 806 3841 860; x_wconf 84' lang='lat' dir='ltr'><strong>Scri-</strong></span> 
     </span>
    </p>
   </div>
   <div class='ocr_carea' id='block_1_60' title="bbox 2251 898 3842 970">
    <p class='ocr_par' dir='ltr' id='par_1_60' title="bbox 2251 898 3842 970">
     <span class='ocr_line' id='line_1_61' title="bbox 2251 898 3842 970; baseline 0 -18"><span class='ocrx_word' id='word_1_431' title='bbox 2251 912 2340 967; x_wconf 78' lang='lat' dir='ltr'><strong>pta</strong></span> <span class='ocrx_word' id='word_1_432' title='bbox 2361 899 2471 970; x_wconf 80' lang='lat' dir='ltr'><strong>ejus</strong></span> <span class='ocrx_word' id='word_1_433' title='bbox 2518 898 2809 953; x_wconf 77' lang='lat' dir='ltr'><strong>hominibus</strong></span> <span class='ocrx_word' id='word_1_434' title='bbox 2834 900 2933 969; x_wconf 79' lang='lat' dir='ltr'><strong>piis</strong></span> <span class='ocrx_word' id='word_1_435' title='bbox 2975 907 3023 952; x_wconf 80' lang='lat' dir='ltr'><strong>et</strong></span> <span class='ocrx_word' id='word_1_436' title='bbox 3060 899 3224 953; x_wconf 77' lang='lat' dir='ltr'><strong>doctis</strong></span> <span class='ocrx_word' id='word_1_437' title='bbox 3263 899 3582 954; x_wconf 77' lang='lat' dir='ltr'><strong>vehementer</strong></span> <span class='ocrx_word' id='word_1_438' title='bbox 3619 899 3842 970; x_wconf 83' lang='lat' dir='ltr'><strong>probata</strong></span> 
     </span>
    </p>
   </div>
   <div class='ocr_carea' id='block_1_61' title="bbox 2252 999 2393 1045">
    <p class='ocr_par' dir='ltr' id='par_1_61' title="bbox 2252 999 2393 1045">
     <span class='ocr_line' id='line_1_62' title="bbox 2252 999 2393 1045; baseline 0 0"><span class='ocrx_word' id='word_1_439' title='bbox 2252 999 2393 1045; x_wconf 76' lang='lat' dir='ltr'><strong>sunt.</strong></span> 
     </span>
    </p>
   </div>
   <div class='ocr_carea' id='block_1_62' title="bbox 2286 1118 3772 1170">
    <p class='ocr_par' dir='ltr' id='par_1_62' title="bbox 2286 1118 3772 1170">
     <span class='ocr_line' id='line_1_63' title="bbox 2286 1118 3772 1170; baseline 0.003 -13"><span class='ocrx_word' id='word_1_440' title='bbox 2286 1119 2554 1160; x_wconf 76' lang='lat' dir='ltr'><strong>PHILIPPUS</strong></span> <span class='ocrx_word' id='word_1_441' title='bbox 2579 1118 2825 1170; x_wconf 75' lang='lat' dir='ltr'><strong>LABBBUS,</strong></span> <span class='ocrx_word' id='word_1_442' title='bbox 2857 1119 2925 1158; x_wconf 88' lang='lat' dir='ltr'><strong>DE</strong></span> <span class='ocrx_word' id='word_1_443' title='bbox 2954 1118 3323 1160; x_wconf 75' lang='lat' dir='ltr'><strong>SCRIPTOBIBUS</strong></span> <span class='ocrx_word' id='word_1_444' title='bbox 3351 1118 3772 1161; x_wconf 77' lang='lat' dir='ltr'><strong>ECGLESIASTICIS</strong></span> 
     </span>
    </p>
   </div>
   <div class='ocr_carea' id='block_1_63' title="bbox 2489 1190 3151 1232">
    <p class='ocr_par' dir='ltr' id='par_1_63' title="bbox 2489 1190 3151 1232">
     <span class='ocr_line' id='line_1_64' title="bbox 2489 1190 3151 1232; baseline -0.006 0"><span class='ocrx_word' id='word_1_445' title='bbox 2489 1225 2496 1232; x_wconf 92' lang='lat'><strong>.</strong></span> <span class='ocrx_word' id='word_1_446' title='bbox 2925 1190 3052 1230; x_wconf 80' lang='lat' dir='ltr'><strong>&#39;I&#39;OI.</strong></span> <span class='ocrx_word' id='word_1_447' title='bbox 3095 1191 3151 1230; x_wconf 90' lang='grc' dir='ltr'><strong>ΙΙ.</strong></span> 
     </span>
    </p>
   </div>
   <div class='ocr_carea' id='block_1_64' title="bbox 2321 1265 3838 1339">
    <p class='ocr_par' dir='ltr' id='par_1_64' title="bbox 2321 1265 3838 1339">
     <span class='ocr_line' id='line_1_65' title="bbox 2321 1265 3838 1339; baseline 0.003 -20"><span class='ocrx_word' id='word_1_448' title='bbox 2321 1265 2606 1335; x_wconf 75' lang='lat' dir='ltr'><strong>PAULINUS,</strong></span> <span class='ocrx_word' id='word_1_449' title='bbox 2637 1266 2872 1323; x_wconf 85' lang='lat' dir='ltr'><strong>Nolanus</strong></span> <span class='ocrx_word' id='word_1_450' title='bbox 2900 1268 3204 1339; x_wconf 90' lang='lat' dir='ltr'><strong>episcopus,</strong></span> <span class='ocrx_word' id='word_1_451' title='bbox 3235 1283 3396 1339; x_wconf 89' lang='lat' dir='ltr'><strong>quem</strong></span> <span class='ocrx_word' id='word_1_452' title='bbox 3416 1268 3624 1338; x_wconf 87' lang='lat' dir='ltr'><strong>integra</strong></span> <span class='ocrx_word' id='word_1_453' title='bbox 3652 1269 3838 1339; x_wconf 89' lang='lat' dir='ltr'><strong>appel-</strong></span> 
     </span>
    </p>
   </div>
   <div class='ocr_carea' id='block_1_65' title="bbox 2250 1357 3834 1432">
    <p class='ocr_par' dir='ltr' id='par_1_65' title="bbox 2250 1357 3834 1432">
     <span class='ocr_line' id='line_1_66' title="bbox 2250 1357 3834 1432; baseline 0.003 -20"><span class='ocrx_word' id='word_1_454' title='bbox 2250 1357 2452 1413; x_wconf 90' lang='lat' dir='ltr'><strong>latione</strong></span> <span class='ocrx_word' id='word_1_455' title='bbox 2480 1359 2681 1414; x_wconf 89' lang='lat' dir='ltr'><strong>dictum</strong></span> <span class='ocrx_word' id='word_1_456' title='bbox 2727 1359 2891 1416; x_wconf 87' lang='lat' dir='ltr'><strong>fuisse</strong></span> <span class='ocrx_word' id='word_1_457' title='bbox 2920 1360 3108 1416; x_wconf 85' lang='lat' dir='ltr'><strong>volunt</strong></span> <span class='ocrx_word' id='word_1_458' title='bbox 3147 1359 3441 1432; x_wconf 82' lang='lat' dir='ltr'><strong>Meropium</strong></span> <span class='ocrx_word' id='word_1_459' title='bbox 3471 1360 3834 1432; x_wconf 86' lang='lat' dir='ltr'><strong>(Eutropium</strong></span> 
     </span>
    </p>
   </div>
   <div class='ocr_carea' id='block_1_66' title="bbox 2251 1449 3837 1523">
    <p class='ocr_par' dir='ltr' id='par_1_66' title="bbox 2251 1449 3837 1523">
     <span class='ocr_line' id='line_1_67' title="bbox 2251 1449 3837 1523; baseline 0.003 -19"><span class='ocrx_word' id='word_1_460' title='bbox 2251 1449 2343 1504; x_wconf 91' lang='lat' dir='ltr'><strong>alii</strong></span> <span class='ocrx_word' id='word_1_461' title='bbox 2371 1459 2463 1504; x_wconf 88' lang='lat' dir='ltr'><strong>aut</strong></span> <span class='ocrx_word' id='word_1_462' title='bbox 2495 1451 2790 1523; x_wconf 90' lang='lat' dir='ltr'><strong>Neropum)</strong></span> <span class='ocrx_word' id='word_1_463' title='bbox 2813 1450 3063 1507; x_wconf 90' lang='lat' dir='ltr'><strong>Pontium</strong></span> <span class='ocrx_word' id='word_1_464' title='bbox 3086 1453 3330 1508; x_wconf 81' lang='lat' dir='ltr'><strong>Anicium</strong></span> <span class='ocrx_word' id='word_1_465' title='bbox 3350 1452 3655 1521; x_wconf 89' lang='lat' dir='ltr'><strong>Paulinum,</strong></span> <span class='ocrx_word' id='word_1_466' title='bbox 3679 1463 3837 1510; x_wconf 89' lang='lat' dir='ltr'><strong>natus</strong></span> 
     </span>
    </p>
   </div>
   <div class='ocr_carea' id='block_1_67' title="bbox 2251 1539 3838 1610">
    <p class='ocr_par' dir='ltr' id='par_1_67' title="bbox 2251 1539 3838 1610">
     <span class='ocr_line' id='line_1_68' title="bbox 2251 1539 3838 1610; baseline 0.005 -17"><span class='ocrx_word' id='word_1_467' title='bbox 2251 1539 2306 1594; x_wconf 88' lang='lat' dir='ltr'><strong>in</strong></span> <span class='ocrx_word' id='word_1_468' title='bbox 2333 1540 2620 1610; x_wconf 83' lang='lat' dir='ltr'><strong>Aquitania</strong></span> <span class='ocrx_word' id='word_1_469' title='bbox 2667 1542 2900 1598; x_wconf 88' lang='lat' dir='ltr'><strong>secunda</strong></span> <span class='ocrx_word' id='word_1_470' title='bbox 2947 1545 3089 1599; x_wconf 91' lang='lat' dir='ltr'><strong>circa</strong></span> <span class='ocrx_word' id='word_1_471' title='bbox 3132 1559 3332 1600; x_wconf 91' lang='lat' dir='ltr'><strong>annum</strong></span> <span class='ocrx_word' id='word_1_472' title='bbox 3365 1545 3562 1601; x_wconf 87' lang='lat' dir='ltr'><strong>Christi</strong></span> <span class='ocrx_word' id='word_1_473' title='bbox 3590 1546 3719 1610; x_wconf 75' lang='lat'><strong>553,</strong></span> <span class='ocrx_word' id='word_1_474' title='bbox 3749 1555 3838 1602; x_wconf 84' lang='lat' dir='ltr'><strong>aut</strong></span> 
     </span>
    </p>
   </div>
   <div class='ocr_carea' id='block_1_68' title="bbox 2248 1633 3836 1708">
    <p class='ocr_par' dir='ltr' id='par_1_68' title="bbox 2248 1633 3836 1708">
     <span class='ocr_line' id='line_1_69' title="bbox 2248 1633 3836 1708; baseline 0.004 -21"><span class='ocrx_word' id='word_1_475' title='bbox 2248 1633 2569 1702; x_wconf 63' lang='lat' dir='ltr'><strong>Burdigalae,</strong></span> <span class='ocrx_word' id='word_1_476' title='bbox 2600 1644 2694 1690; x_wconf 91' lang='lat' dir='ltr'><strong>aut</strong></span> <span class='ocrx_word' id='word_1_477' title='bbox 2732 1652 2839 1691; x_wconf 91' lang='lat' dir='ltr'><strong>non</strong></span> <span class='ocrx_word' id='word_1_478' title='bbox 2868 1637 3055 1706; x_wconf 86' lang='lat' dir='ltr'><strong>procul</strong></span> <span class='ocrx_word' id='word_1_479' title='bbox 3091 1636 3158 1691; x_wconf 89' lang='lat' dir='ltr'><strong>ab</strong></span> <span class='ocrx_word' id='word_1_480' title='bbox 3185 1637 3301 1706; x_wconf 90' lang='lat' dir='ltr'><strong>ipsa</strong></span> <span class='ocrx_word' id='word_1_481' title='bbox 3331 1639 3383 1692; x_wconf 91' lang='lat' dir='ltr'><strong>in</strong></span> <span class='ocrx_word' id='word_1_482' title='bbox 3425 1638 3626 1708; x_wconf 90' lang='lat' dir='ltr'><strong>oppido</strong></span> <span class='ocrx_word' id='word_1_483' title='bbox 3667 1637 3836 1694; x_wconf 82' lang='lat' dir='ltr'><strong>Ebro-</strong></span> 
     </span>
    </p>
   </div>
   <div class='ocr_carea' id='block_1_69' title="bbox 2247 1725 3836 1798">
    <p class='ocr_par' dir='ltr' id='par_1_69' title="bbox 2247 1725 3836 1798">
     <span class='ocr_line' id='line_1_70' title="bbox 2247 1725 3836 1798; baseline 0.005 -20"><span class='ocrx_word' id='word_1_484' title='bbox 2247 1739 2425 1793; x_wconf 89' lang='lat' dir='ltr'><strong>mago,</strong></span> <span class='ocrx_word' id='word_1_485' title='bbox 2459 1726 2599 1781; x_wconf 88' lang='lat' dir='ltr'><strong>inter</strong></span> <span class='ocrx_word' id='word_1_486' title='bbox 2625 1725 2858 1795; x_wconf 88' lang='lat' dir='ltr'><strong>Burgum</strong></span> <span class='ocrx_word' id='word_1_487' title='bbox 2904 1736 2960 1782; x_wconf 92' lang='lat' dir='ltr'><strong>et</strong></span> <span class='ocrx_word' id='word_1_488' title='bbox 3005 1727 3267 1796; x_wconf 83' lang='lat' dir='ltr'><strong>Blaviam,</strong></span> <span class='ocrx_word' id='word_1_489' title='bbox 3295 1728 3586 1798; x_wconf 88' lang='lat' dir='ltr'><strong>discipulus</strong></span> <span class='ocrx_word' id='word_1_490' title='bbox 3614 1730 3836 1787; x_wconf 83' lang='lat' dir='ltr'><strong>Ausonii</strong></span> 
     </span>
    </p>
   </div>
   <div class='ocr_carea' id='block_1_70' title="bbox 2128 1799 3835 1887">
    <p class='ocr_par' dir='ltr' id='par_1_70' title="bbox 2128 1799 3835 1887">
     <span class='ocr_line' id='line_1_71' title="bbox 2128 1799 3835 1887; baseline 0.004 -18"><span class='ocrx_word' id='word_1_491' title='bbox 2128 1800 2145 1827; x_wconf 86' lang='grc'><strong><em>’</em></strong></span> <span class='ocrx_word' id='word_1_492' title='bbox 2179 1799 2228 1860; x_wconf 80' lang='grc' dir='ltr'><strong>Β</strong></span> <span class='ocrx_word' id='word_1_493' title='bbox 2254 1823 2448 1886; x_wconf 81' lang='lat' dir='ltr'><strong>poetae,</strong></span> <span class='ocrx_word' id='word_1_494' title='bbox 2473 1817 2811 1871; x_wconf 89' lang='lat' dir='ltr'><strong>consulatum</strong></span> <span class='ocrx_word' id='word_1_495' title='bbox 2835 1817 3019 1873; x_wconf 71' lang='lat' dir='ltr'><strong>Roma:</strong></span> <span class='ocrx_word' id='word_1_496' title='bbox 3046 1819 3275 1887; x_wconf 84' lang='lat' dir='ltr'><strong>gessisse</strong></span> <span class='ocrx_word' id='word_1_497' title='bbox 3313 1819 3507 1874; x_wconf 90' lang='lat' dir='ltr'><strong>dicitur</strong></span> <span class='ocrx_word' id='word_1_498' title='bbox 3535 1835 3680 1875; x_wconf 87' lang='lat' dir='ltr'><strong>anno</strong></span> <span class='ocrx_word' id='word_1_499' title='bbox 3709 1821 3835 1876; x_wconf 78' lang='lat'><strong>375.</strong></span> 
     </span>
    </p>
   </div>
   <div class='ocr_carea' id='block_1_71' title="bbox 2255 1905 3835 1982">
    <p class='ocr_par' dir='ltr' id='par_1_71' title="bbox 2255 1905 3835 1982">
     <span class='ocr_line' id='line_1_72' title="bbox 2255 1905 3835 1982; baseline 0.004 -22"><span class='ocrx_word' id='word_1_500' title='bbox 2255 1905 2393 1961; x_wconf 92' lang='lat' dir='ltr'><strong>Tum</strong></span> <span class='ocrx_word' id='word_1_501' title='bbox 2440 1907 2741 1978; x_wconf 84' lang='lat' dir='ltr'><strong>baptizatus</strong></span> <span class='ocrx_word' id='word_1_502' title='bbox 2785 1909 3083 1980; x_wconf 74' lang='lat' dir='ltr'><strong>Burdigala:</strong></span> <span class='ocrx_word' id='word_1_503' title='bbox 3111 1926 3141 1965; x_wconf 90' lang='lat' dir='ltr'><strong>a</strong></span> <span class='ocrx_word' id='word_1_504' title='bbox 3170 1921 3357 1968; x_wconf 61' lang='lat' dir='ltr'><strong>sancte</strong></span> <span class='ocrx_word' id='word_1_505' title='bbox 3401 1912 3666 1982; x_wconf 79' lang='lat' dir='ltr'><strong>Delphina</strong></span> <span class='ocrx_word' id='word_1_506' title='bbox 3693 1914 3835 1968; x_wconf 82' lang='lat' dir='ltr'><strong>urbis</strong></span> 
     </span>
    </p>
   </div>
   <div class='ocr_carea' id='block_1_72' title="bbox 2253 1997 3835 2074">
    <p class='ocr_par' dir='ltr' id='par_1_72' title="bbox 2253 1997 3835 2074">
     <span class='ocr_line' id='line_1_73' title="bbox 2253 1997 3835 2074; baseline 0.006 -24"><span class='ocrx_word' id='word_1_507' title='bbox 2253 1997 2398 2052; x_wconf 89' lang='lat' dir='ltr'><strong>illius</strong></span> <span class='ocrx_word' id='word_1_508' title='bbox 2422 1999 2696 2070; x_wconf 89' lang='lat' dir='ltr'><strong>episcopo,</strong></span> <span class='ocrx_word' id='word_1_509' title='bbox 2729 2002 2955 2056; x_wconf 89' lang='lat' dir='ltr'><strong>secessit</strong></span> <span class='ocrx_word' id='word_1_510' title='bbox 2981 2017 3101 2057; x_wconf 92' lang='lat' dir='ltr'><strong>cum</strong></span> <span class='ocrx_word' id='word_1_511' title='bbox 3134 2002 3390 2058; x_wconf 88' lang='lat' dir='ltr'><strong>Therasia</strong></span> <span class='ocrx_word' id='word_1_512' title='bbox 3438 2003 3670 2074; x_wconf 86' lang='lat' dir='ltr'><strong>conjuge</strong></span> <span class='ocrx_word' id='word_1_513' title='bbox 3707 2020 3835 2059; x_wconf 90' lang='lat' dir='ltr'><strong>san-</strong></span> 
     </span>
    </p>
   </div>
   <div class='ocr_carea' id='block_1_73' title="bbox 2252 2091 3836 2166">
    <p class='ocr_par' dir='ltr' id='par_1_73' title="bbox 2252 2091 3836 2166">
     <span class='ocr_line' id='line_1_74' title="bbox 2252 2091 3836 2166; baseline 0.004 -22"><span class='ocrx_word' id='word_1_514' title='bbox 2252 2091 2490 2146; x_wconf 80' lang='lat' dir='ltr'><strong>ctissima</strong></span> <span class='ocrx_word' id='word_1_515' title='bbox 2531 2092 2585 2146; x_wconf 90' lang='lat' dir='ltr'><strong>in</strong></span> <span class='ocrx_word' id='word_1_516' title='bbox 2612 2092 2825 2148; x_wconf 87' lang='lat' dir='ltr'><strong>deserta</strong></span> <span class='ocrx_word' id='word_1_517' title='bbox 2868 2092 3248 2166; x_wconf 85' lang='lat' dir='ltr'><strong>Pyrenaeorum</strong></span> <span class='ocrx_word' id='word_1_518' title='bbox 3274 2097 3537 2151; x_wconf 90' lang='lat' dir='ltr'><strong>montium</strong></span> <span class='ocrx_word' id='word_1_519' title='bbox 3567 2105 3624 2150; x_wconf 88' lang='lat' dir='ltr'><strong>et</strong></span> <span class='ocrx_word' id='word_1_520' title='bbox 3653 2096 3836 2151; x_wconf 54' lang='lat' dir='ltr'><strong>Darei.</strong></span> 
     </span>
    </p>
   </div>
   <div class='ocr_carea' id='block_1_74' title="bbox 2251 2185 3834 2259">
    <p class='ocr_par' dir='ltr' id='par_1_74' title="bbox 2251 2185 3834 2259">
     <span class='ocr_line' id='line_1_75' title="bbox 2251 2185 3834 2259; baseline 0.004 -23"><span class='ocrx_word' id='word_1_521' title='bbox 2251 2197 2522 2239; x_wconf 88' lang='lat' dir='ltr'><strong>nonenses</strong></span> <span class='ocrx_word' id='word_1_522' title='bbox 2567 2199 2829 2254; x_wconf 90' lang='lat' dir='ltr'><strong>campos:</strong></span> <span class='ocrx_word' id='word_1_523' title='bbox 2865 2185 3060 2242; x_wconf 90' lang='lat' dir='ltr'><strong>deinde</strong></span> <span class='ocrx_word' id='word_1_524' title='bbox 3110 2187 3391 2259; x_wconf 89' lang='lat' dir='ltr'><strong>presbyter</strong></span> <span class='ocrx_word' id='word_1_525' title='bbox 3435 2187 3504 2242; x_wconf 89' lang='lat' dir='ltr'><strong>ab</strong></span> <span class='ocrx_word' id='word_1_526' title='bbox 3551 2185 3834 2258; x_wconf 86' lang='lat' dir='ltr'><strong>Eulampio</strong></span> 
     </span>
    </p>
   </div>
   <div class='ocr_carea' id='block_1_75' title="bbox 2251 2264 3834 2354">
    <p class='ocr_par' dir='ltr' id='par_1_75' title="bbox 2251 2264 3834 2354">
     <span class='ocr_line' id='line_1_76' title="bbox 2251 2264 3834 2354; baseline 0.008 -26"><span class='ocrx_word' id='word_1_527' title='bbox 2251 2274 2384 2346; x_wconf 85' lang='lat' dir='ltr'><strong>[lege</strong></span> <span class='ocrx_word' id='word_1_528' title='bbox 2423 2275 2666 2348; x_wconf 91' lang='lat' dir='ltr'><strong>Lampio]</strong></span> <span class='ocrx_word' id='word_1_529' title='bbox 2697 2277 3078 2336; x_wconf 89' lang='lat' dir='ltr'><strong>Barcinonensi</strong></span> <span class='ocrx_word' id='word_1_530' title='bbox 3105 2282 3334 2351; x_wconf 67' lang='lat' dir='ltr'><strong>praesule</strong></span> <span class='ocrx_word' id='word_1_531' title='bbox 3362 2281 3640 2337; x_wconf 85' lang='lat' dir='ltr'><strong>ordinatus</strong></span> <span class='ocrx_word' id='word_1_532' title='bbox 3677 2264 3834 2354; x_wconf 52' lang='lat'><strong>126.</strong></span> 
     </span>
    </p>
   </div>
   <div class='ocr_carea' id='block_1_76' title="bbox 2250 2368 3834 2445">
    <p class='ocr_par' dir='ltr' id='par_1_76' title="bbox 2250 2368 3834 2445">
     <span class='ocr_line' id='line_1_77' title="bbox 2250 2368 3834 2445; baseline 0.004 -22"><span class='ocrx_word' id='word_1_533' title='bbox 2250 2368 2368 2438; x_wconf 89' lang='lat' dir='ltr'><strong>ipso</strong></span> <span class='ocrx_word' id='word_1_534' title='bbox 2400 2368 2573 2424; x_wconf 88' lang='lat' dir='ltr'><strong>Natali</strong></span> <span class='ocrx_word' id='word_1_535' title='bbox 2600 2368 2799 2426; x_wconf 89' lang='lat' dir='ltr'><strong>Christi</strong></span> <span class='ocrx_word' id='word_1_536' title='bbox 2833 2371 3066 2438; x_wconf 90' lang='lat' dir='ltr'><strong>Domini,</strong></span> <span class='ocrx_word' id='word_1_537' title='bbox 3097 2381 3212 2439; x_wconf 88' lang='lat' dir='ltr'><strong>seu,</strong></span> <span class='ocrx_word' id='word_1_538' title='bbox 3255 2384 3315 2428; x_wconf 93' lang='lat' dir='ltr'><strong>ut</strong></span> <span class='ocrx_word' id='word_1_539' title='bbox 3353 2373 3591 2444; x_wconf 66' lang='lat' dir='ltr'><strong>loduitui&#39;</strong></span> <span class='ocrx_word' id='word_1_540' title='bbox 3617 2377 3779 2445; x_wconf 90' lang='lat' dir='ltr'><strong>epist.</strong></span> <span class='ocrx_word' id='word_1_541' title='bbox 3802 2377 3834 2429; x_wconf 84' lang='lat'><strong><em>6</em></strong></span> 
     </span>
    </p>
   </div>
   <div class='ocr_carea' id='block_1_77' title="bbox 2253 2460 3833 2536">
    <p class='ocr_par' dir='ltr' id='par_1_77' title="bbox 2253 2460 3833 2536">
     <span class='ocr_line' id='line_1_78' title="bbox 2253 2460 3833 2536; baseline 0.003 -22"><span class='ocrx_word' id='word_1_542' title='bbox 2253 2460 2320 2514; x_wconf 90' lang='lat' dir='ltr'><strong>ad</strong></span> <span class='ocrx_word' id='word_1_543' title='bbox 2352 2460 2629 2527; x_wconf 88' lang='lat' dir='ltr'><strong>Severum,</strong></span> <span class='ocrx_word' id='word_1_544' title='bbox 2659 2463 2745 2516; x_wconf 88' lang='lat' dir='ltr'><strong>die</strong></span> <span class='ocrx_word' id='word_1_545' title='bbox 2771 2481 2870 2535; x_wconf 83' lang='lat' dir='ltr'><strong>quo</strong></span> <span class='ocrx_word' id='word_1_546' title='bbox 2918 2463 3056 2519; x_wconf 77' lang='lat' dir='ltr'><strong>Deus</strong></span> <span class='ocrx_word' id='word_1_547' title='bbox 3095 2467 3240 2519; x_wconf 80' lang='lat' dir='ltr'><strong>nasci</strong></span> <span class='ocrx_word' id='word_1_548' title='bbox 3265 2483 3419 2520; x_wconf 88' lang='lat' dir='ltr'><strong>carne</strong></span> <span class='ocrx_word' id='word_1_549' title='bbox 3465 2467 3709 2536; x_wconf 79' lang='lat' dir='ltr'><strong>dignatus</strong></span> <span class='ocrx_word' id='word_1_550' title='bbox 3738 2477 3833 2533; x_wconf 78' lang='lat' dir='ltr'><strong>est,</strong></span> 
     </span>
    </p>
   </div>
   <div class='ocr_carea' id='block_1_78' title="bbox 2251 2552 3834 2626">
    <p class='ocr_par' dir='ltr' id='par_1_78' title="bbox 2251 2552 3834 2626">
     <span class='ocr_line' id='line_1_79' title="bbox 2251 2552 3834 2626; baseline 0.004 -20"><span class='ocrx_word' id='word_1_551' title='bbox 2251 2559 2483 2607; x_wconf 73' lang='lat' dir='ltr'><strong>exeunte</strong></span> <span class='ocrx_word' id='word_1_552' title='bbox 2521 2554 2664 2608; x_wconf 86' lang='lat' dir='ltr'><strong>anno</strong></span> <span class='ocrx_word' id='word_1_553' title='bbox 2694 2553 2890 2610; x_wconf 89' lang='lat' dir='ltr'><strong>Christi</strong></span> <span class='ocrx_word' id='word_1_554' title='bbox 2936 2552 3060 2623; x_wconf 77' lang='lat'><strong>595,</strong></span> <span class='ocrx_word' id='word_1_555' title='bbox 3110 2571 3172 2611; x_wconf 89' lang='lat' dir='ltr'><strong>ea</strong></span> <span class='ocrx_word' id='word_1_556' title='bbox 3201 2565 3381 2611; x_wconf 87' lang='lat' dir='ltr'><strong>tamen</strong></span> <span class='ocrx_word' id='word_1_557' title='bbox 3410 2557 3548 2626; x_wconf 88' lang='lat' dir='ltr'><strong>lege,</strong></span> <span class='ocrx_word' id='word_1_558' title='bbox 3593 2566 3654 2612; x_wconf 90' lang='lat' dir='ltr'><strong>ut</strong></span> <span class='ocrx_word' id='word_1_559' title='bbox 3706 2559 3834 2612; x_wconf 91' lang='lat' dir='ltr'><strong>nulli</strong></span> 
     </span>
    </p>
   </div>
   <div class='ocr_carea' id='block_1_79' title="bbox 2249 2646 3832 2719">
    <p class='ocr_par' dir='ltr' id='par_1_79' title="bbox 2249 2646 3832 2719">
     <span class='ocr_line' id='line_1_80' title="bbox 2249 2646 3832 2719; baseline 0.003 -20"><span class='ocrx_word' id='word_1_560' title='bbox 2249 2646 2645 2715; x_wconf 76' lang='lat' dir='ltr'><strong>manciparetur</strong></span> <span class='ocrx_word' id='word_1_561' title='bbox 2665 2647 2931 2703; x_wconf 64' lang='lat' dir='ltr'><strong>Ecclesiae.</strong></span> <span class='ocrx_word' id='word_1_562' title='bbox 2951 2647 3129 2715; x_wconf 85' lang='lat' dir='ltr'><strong>Quare</strong></span> <span class='ocrx_word' id='word_1_563' title='bbox 3149 2648 3401 2719; x_wconf 84' lang='lat' dir='ltr'><strong>Hispania</strong></span> <span class='ocrx_word' id='word_1_564' title='bbox 3423 2650 3610 2704; x_wconf 89' lang='lat' dir='ltr'><strong>relicta</strong></span> <span class='ocrx_word' id='word_1_565' title='bbox 3625 2649 3832 2704; x_wconf 88' lang='lat' dir='ltr'><strong>Italiam</strong></span> 
     </span>
    </p>
   </div>
   <div class='ocr_carea' id='block_1_80' title="bbox 2247 2739 3834 2810">
    <p class='ocr_par' dir='ltr' id='par_1_80' title="bbox 2247 2739 3834 2810">
     <span class='ocr_line' id='line_1_81' title="bbox 2247 2739 3834 2810; baseline 0.003 -17"><span class='ocrx_word' id='word_1_566' title='bbox 2247 2739 2423 2808; x_wconf 88' lang='lat' dir='ltr'><strong>petiit,</strong></span> <span class='ocrx_word' id='word_1_567' title='bbox 2448 2755 2511 2794; x_wconf 91' lang='lat' dir='ltr'><strong>ac</strong></span> <span class='ocrx_word' id='word_1_568' title='bbox 2525 2739 2849 2806; x_wconf 84' lang='lat' dir='ltr'><strong>Mediolano,</strong></span> <span class='ocrx_word' id='word_1_569' title='bbox 2867 2741 2956 2796; x_wconf 92' lang='lat' dir='ltr'><strong>ubi</strong></span> <span class='ocrx_word' id='word_1_570' title='bbox 2980 2749 3010 2795; x_wconf 87' lang='lat' dir='ltr'><strong>a</strong></span> <span class='ocrx_word' id='word_1_571' title='bbox 3040 2751 3228 2797; x_wconf 88' lang='lat' dir='ltr'><strong>sancto</strong></span> <span class='ocrx_word' id='word_1_572' title='bbox 3255 2742 3540 2797; x_wconf 81' lang='lat' dir='ltr'><strong>Ambrosio</strong></span> <span class='ocrx_word' id='word_1_573' title='bbox 3558 2742 3834 2810; x_wconf 87' lang='lat' dir='ltr'><strong>benignis-</strong></span> 
     </span>
    </p>
   </div>
   <div class='ocr_carea' id='block_1_81' title="bbox 2249 2827 3833 2899">
    <p class='ocr_par' dir='ltr' id='par_1_81' title="bbox 2249 2827 3833 2899">
     <span class='ocr_line' id='line_1_82' title="bbox 2249 2827 3833 2899; baseline 0.003 -16"><span class='ocrx_word' id='word_1_574' title='bbox 2249 2829 2384 2884; x_wconf 87' lang='lat' dir='ltr'><strong>sime</strong></span> <span class='ocrx_word' id='word_1_575' title='bbox 2412 2838 2670 2899; x_wconf 77' lang='lat' dir='ltr'><strong>exceptds</strong></span> <span class='ocrx_word' id='word_1_576' title='bbox 2697 2829 2922 2885; x_wconf 86' lang='lat' dir='ltr'><strong>Romam</strong></span> <span class='ocrx_word' id='word_1_577' title='bbox 2953 2827 3222 2899; x_wconf 74' lang='lat' dir='ltr'><strong>ingressus</strong></span> <span class='ocrx_word' id='word_1_578' title='bbox 3259 2839 3341 2886; x_wconf 92' lang='lat' dir='ltr'><strong>est</strong></span> <span class='ocrx_word' id='word_1_579' title='bbox 3365 2832 3558 2888; x_wconf 91' lang='lat' dir='ltr'><strong>Siricio</strong></span> <span class='ocrx_word' id='word_1_580' title='bbox 3587 2831 3833 2888; x_wconf 82' lang='lat' dir='ltr'><strong>Romano</strong></span> 
     </span>
    </p>
   </div>
   <div class='ocr_carea' id='block_1_82' title="bbox 2245 2918 3826 2993">
    <p class='ocr_par' dir='ltr' id='par_1_82' title="bbox 2245 2918 3826 2993">
     <span class='ocr_line' id='line_1_83' title="bbox 2245 2918 3826 2993; baseline 0.001 -18"><span class='ocrx_word' id='word_1_581' title='bbox 2245 2918 2519 2990; x_wconf 87' lang='lat' dir='ltr'><strong>pontifice,</strong></span> <span class='ocrx_word' id='word_1_582' title='bbox 2553 2920 2693 2976; x_wconf 90' lang='lat' dir='ltr'><strong>unde</strong></span> <span class='ocrx_word' id='word_1_583' title='bbox 2724 2923 2884 2991; x_wconf 91' lang='lat' dir='ltr'><strong>paulo</strong></span> <span class='ocrx_word' id='word_1_584' title='bbox 2913 2930 3036 2992; x_wconf 91' lang='lat' dir='ltr'><strong>post</strong></span> <span class='ocrx_word' id='word_1_585' title='bbox 3063 2922 3254 2977; x_wconf 89' lang='lat' dir='ltr'><strong>Nolam</strong></span> <span class='ocrx_word' id='word_1_586' title='bbox 3291 2922 3441 2976; x_wconf 90' lang='lat' dir='ltr'><strong>venit</strong></span> <span class='ocrx_word' id='word_1_587' title='bbox 3479 2922 3548 2976; x_wconf 83' lang='lat' dir='ltr'><strong>ad</strong></span> <span class='ocrx_word' id='word_1_588' title='bbox 3581 2932 3826 2993; x_wconf 89' lang='lat' dir='ltr'><strong>optatum</strong></span> 
     </span>
    </p>
   </div>
   <div class='ocr_carea' id='block_1_83' title="bbox 2245 3012 3830 3084">
    <p class='ocr_par' dir='ltr' id='par_1_83' title="bbox 2245 3012 3830 3084">
     <span class='ocr_line' id='line_1_84' title="bbox 2245 3012 3830 3084; baseline 0.002 -18"><span class='ocrx_word' id='word_1_589' title='bbox 2245 3012 2500 3068; x_wconf 64' lang='lat' dir='ltr'><strong>Ecclesiae</strong></span> <span class='ocrx_word' id='word_1_590' title='bbox 2538 3014 2710 3069; x_wconf 90' lang='lat' dir='ltr'><strong>sancti</strong></span> <span class='ocrx_word' id='word_1_591' title='bbox 2761 3012 2953 3070; x_wconf 88' lang='lat' dir='ltr'><strong>Felicis</strong></span> <span class='ocrx_word' id='word_1_592' title='bbox 2997 3022 3248 3084; x_wconf 88' lang='lat' dir='ltr'><strong>portum,</strong></span> <span class='ocrx_word' id='word_1_593' title='bbox 3290 3014 3344 3068; x_wconf 88' lang='lat' dir='ltr'><strong>in</strong></span> <span class='ocrx_word' id='word_1_594' title='bbox 3373 3013 3524 3082; x_wconf 87' lang='lat' dir='ltr'><strong>cujus</strong></span> <span class='ocrx_word' id='word_1_595' title='bbox 3567 3014 3830 3069; x_wconf 88' lang='lat' dir='ltr'><strong>honorem</strong></span> 
     </span>
    </p>
   </div>
   <div class='ocr_carea' id='block_1_84' title="bbox 2246 3101 3831 3175">
    <p class='ocr_par' dir='ltr' id='par_1_84' title="bbox 2246 3101 3831 3175">
     <span class='ocr_line' id='line_1_85' title="bbox 2246 3101 3831 3175; baseline 0.001 -17"><span class='ocrx_word' id='word_1_596' title='bbox 2246 3105 2506 3174; x_wconf 89' lang='lat' dir='ltr'><strong>plurimos</strong></span> <span class='ocrx_word' id='word_1_597' title='bbox 2536 3101 2719 3160; x_wconf 69' lang='lat' dir='ltr'><strong>versus</strong></span> <span class='ocrx_word' id='word_1_598' title='bbox 2746 3104 2898 3159; x_wconf 87' lang='lat' dir='ltr'><strong>fudit.</strong></span> <span class='ocrx_word' id='word_1_599' title='bbox 2933 3104 3050 3172; x_wconf 90' lang='lat' dir='ltr'><strong>Quo</strong></span> <span class='ocrx_word' id='word_1_600' title='bbox 3072 3121 3214 3160; x_wconf 91' lang='lat' dir='ltr'><strong>anno</strong></span> <span class='ocrx_word' id='word_1_601' title='bbox 3241 3104 3413 3160; x_wconf 89' lang='lat' dir='ltr'><strong>factus</strong></span> <span class='ocrx_word' id='word_1_602' title='bbox 3439 3106 3508 3161; x_wconf 93' lang='lat' dir='ltr'><strong>sit</strong></span> <span class='ocrx_word' id='word_1_603' title='bbox 3537 3105 3687 3161; x_wconf 73' lang='lat' dir='ltr'><strong>Nola:</strong></span> <span class='ocrx_word' id='word_1_604' title='bbox 3719 3107 3831 3175; x_wconf 88' lang='lat' dir='ltr'><strong>epi-</strong></span> 
     </span>
    </p>
   </div>
   <div class='ocr_carea' id='block_1_85' title="bbox 2246 3192 3832 3268">
    <p class='ocr_par' dir='ltr' id='par_1_85' title="bbox 2246 3192 3832 3268">
     <span class='ocr_line' id='line_1_86' title="bbox 2246 3192 3832 3268; baseline 0.001 -15"><span class='ocrx_word' id='word_1_605' title='bbox 2246 3212 2444 3268; x_wconf 85' lang='lat' dir='ltr'><strong>scopus</strong></span> <span class='ocrx_word' id='word_1_606' title='bbox 2466 3214 2570 3252; x_wconf 91' lang='lat' dir='ltr'><strong>non</strong></span> <span class='ocrx_word' id='word_1_607' title='bbox 2601 3205 2835 3264; x_wconf 88' lang='lat' dir='ltr'><strong>constat,</strong></span> <span class='ocrx_word' id='word_1_608' title='bbox 2866 3207 3040 3268; x_wconf 65' lang='lat' dir='ltr'><strong>quote</strong></span> <span class='ocrx_word' id='word_1_609' title='bbox 3070 3199 3259 3254; x_wconf 90' lang='lat' dir='ltr'><strong>ductus</strong></span> <span class='ocrx_word' id='word_1_610' title='bbox 3284 3199 3355 3254; x_wconf 81' lang='lat' dir='ltr'><strong>sit</strong></span> <span class='ocrx_word' id='word_1_611' title='bbox 3393 3199 3445 3253; x_wconf 92' lang='lat' dir='ltr'><strong>in</strong></span> <span class='ocrx_word' id='word_1_612' title='bbox 3478 3192 3735 3262; x_wconf 87' lang='lat' dir='ltr'><strong>Africam,</strong></span> <span class='ocrx_word' id='word_1_613' title='bbox 3779 3208 3832 3254; x_wconf 83' lang='lat' dir='ltr'><strong>et</strong></span> 
     </span>
    </p>
   </div>
   <div class='ocr_carea' id='block_1_86' title="bbox 2246 3287 3833 3361">
    <p class='ocr_par' dir='ltr' id='par_1_86' title="bbox 2246 3287 3833 3361">
     <span class='ocr_line' id='line_1_87' title="bbox 2246 3287 3833 3361; baseline -0.001 -15"><span class='ocrx_word' id='word_1_614' title='bbox 2246 3291 2315 3346; x_wconf 89' lang='lat' dir='ltr'><strong>ad</strong></span> <span class='ocrx_word' id='word_1_615' title='bbox 2341 3305 2503 3360; x_wconf 89' lang='lat' dir='ltr'><strong>quem</strong></span> <span class='ocrx_word' id='word_1_616' title='bbox 2528 3289 2916 3346; x_wconf 85' lang='lat' dir='ltr'><strong>Wandalorum</strong></span> <span class='ocrx_word' id='word_1_617' title='bbox 2943 3290 3259 3361; x_wconf 90' lang='lat' dir='ltr'><strong>principem.</strong></span> <span class='ocrx_word' id='word_1_618' title='bbox 3291 3287 3408 3345; x_wconf 79' lang='lat' dir='ltr'><strong>Hoc</strong></span> <span class='ocrx_word' id='word_1_619' title='bbox 3433 3297 3664 3354; x_wconf 89' lang='lat' dir='ltr'><strong>certum,</strong></span> <span class='ocrx_word' id='word_1_620' title='bbox 3710 3290 3833 3344; x_wconf 88' lang='lat' dir='ltr'><strong>inde</strong></span> 
     </span>
    </p>
   </div>
   <div class='ocr_carea' id='block_1_87' title="bbox 2246 3377 3825 3445">
    <p class='ocr_par' dir='ltr' id='par_1_87' title="bbox 2246 3377 3825 3445">
     <span class='ocr_line' id='line_1_88' title="bbox 2246 3377 3825 3445; baseline -0.004 -7"><span class='ocrx_word' id='word_1_621' title='bbox 2246 3397 2524 3439; x_wconf 85' lang='lat' dir='ltr'><strong>reversum</strong></span> <span class='ocrx_word' id='word_1_622' title='bbox 2566 3382 2712 3436; x_wconf 80' lang='lat' dir='ltr'><strong>Nolae</strong></span> <span class='ocrx_word' id='word_1_623' title='bbox 2759 3382 2957 3437; x_wconf 87' lang='lat' dir='ltr'><strong>obiisse</strong></span> <span class='ocrx_word' id='word_1_624' title='bbox 2993 3381 3166 3436; x_wconf 82' lang='lat' dir='ltr'><strong>aetatis</strong></span> <span class='ocrx_word' id='word_1_625' title='bbox 3193 3396 3336 3436; x_wconf 90' lang='lat' dir='ltr'><strong>anno</strong></span> <span class='ocrx_word' id='word_1_626' title='bbox 3367 3379 3454 3445; x_wconf 88' lang='lat'><strong>78,</strong></span> <span class='ocrx_word' id='word_1_627' title='bbox 3486 3377 3689 3434; x_wconf 84' lang='lat' dir='ltr'><strong>Chi-isti</strong></span> <span class='ocrx_word' id='word_1_628' title='bbox 3728 3378 3825 3432; x_wconf 68' lang='grc'><strong>451</strong></span> 
     </span>
    </p>
   </div>
   <div class='ocr_carea' id='block_1_88' title="bbox 2245 3472 3832 3544">
    <p class='ocr_par' dir='ltr' id='par_1_88' title="bbox 2245 3472 3832 3544">
     <span class='ocr_line' id='line_1_89' title="bbox 2245 3472 3832 3544; baseline -0.005 -11"><span class='ocrx_word' id='word_1_629' title='bbox 2245 3477 2334 3533; x_wconf 89' lang='lat' dir='ltr'><strong>die</strong></span> <span class='ocrx_word' id='word_1_630' title='bbox 2361 3476 2432 3530; x_wconf 72' lang='lat'><strong>22</strong></span> <span class='ocrx_word' id='word_1_631' title='bbox 2456 3475 2618 3530; x_wconf 90' lang='lat' dir='ltr'><strong>Junii.</strong></span> <span class='ocrx_word' id='word_1_632' title='bbox 2641 3475 2716 3531; x_wconf 92' lang='lat' dir='ltr'><strong>De</strong></span> <span class='ocrx_word' id='word_1_633' title='bbox 2745 3491 2812 3530; x_wconf 93' lang='lat' dir='ltr'><strong>eo</strong></span> <span class='ocrx_word' id='word_1_634' title='bbox 2840 3474 2939 3530; x_wconf 88' lang='lat' dir='ltr'><strong>SS.</strong></span> <span class='ocrx_word' id='word_1_635' title='bbox 2971 3473 3300 3539; x_wconf 84' lang='lat' dir='ltr'><strong>Ambrosius,</strong></span> <span class='ocrx_word' id='word_1_636' title='bbox 3324 3472 3706 3544; x_wconf 73' lang='lat' dir='ltr'><strong>Hieronymus,</strong></span> <span class='ocrx_word' id='word_1_637' title='bbox 3731 3472 3832 3525; x_wconf 84' lang='lat' dir='ltr'><strong>Au-</strong></span> 
     </span>
    </p>
   </div>
   <div class='ocr_carea' id='block_1_89' title="bbox 2243 3563 3832 3637">
    <p class='ocr_par' dir='ltr' id='par_1_89' title="bbox 2243 3563 3832 3637">
     <span class='ocr_line' id='line_1_90' title="bbox 2243 3563 3832 3637; baseline -0.003 -15"><span class='ocrx_word' id='word_1_638' title='bbox 2243 3568 2508 3637; x_wconf 87' lang='lat' dir='ltr'><strong>gustinus,</strong></span> <span class='ocrx_word' id='word_1_639' title='bbox 2542 3576 2704 3636; x_wconf 90' lang='lat' dir='ltr'><strong>atque</strong></span> <span class='ocrx_word' id='word_1_640' title='bbox 2731 3565 3040 3635; x_wconf 83' lang='lat' dir='ltr'><strong>Gregorius,</strong></span> <span class='ocrx_word' id='word_1_641' title='bbox 3073 3566 3359 3630; x_wconf 87' lang='lat' dir='ltr'><strong>Ausonius,</strong></span> <span class='ocrx_word' id='word_1_642' title='bbox 3393 3563 3626 3619; x_wconf 80' lang='lat' dir='ltr'><strong>Severus</strong></span> <span class='ocrx_word' id='word_1_643' title='bbox 3651 3563 3832 3634; x_wconf 86' lang='lat' dir='ltr'><strong>Sulpi-</strong></span> 
     </span>
    </p>
   </div>
   <div class='ocr_carea' id='block_1_90' title="bbox 2245 3652 3828 3726">
    <p class='ocr_par' dir='ltr' id='par_1_90' title="bbox 2245 3652 3828 3726">
     <span class='ocr_line' id='line_1_91' title="bbox 2245 3652 3828 3726; baseline -0.003 -14"><span class='ocrx_word' id='word_1_644' title='bbox 2245 3659 2393 3726; x_wconf 91' lang='lat' dir='ltr'><strong>cius,</strong></span> <span class='ocrx_word' id='word_1_645' title='bbox 2437 3657 2770 3721; x_wconf 86' lang='lat' dir='ltr'><strong>Eucherius,</strong></span> <span class='ocrx_word' id='word_1_646' title='bbox 2832 3656 3094 3726; x_wconf 74' lang='lat' dir='ltr'><strong>Prosper,</strong></span> <span class='ocrx_word' id='word_1_647' title='bbox 3150 3655 3387 3722; x_wconf 82' lang='lat' dir='ltr'><strong>ldatius,</strong></span> <span class='ocrx_word' id='word_1_648' title='bbox 3436 3652 3828 3720; x_wconf 89' lang='lat' dir='ltr'><strong>Cassiodorus,</strong></span> 
     </span>
    </p>
   </div>
   <div class='ocr_carea' id='block_1_91' title="bbox 2244 3746 3831 3819">
    <p class='ocr_par' dir='ltr' id='par_1_91' title="bbox 2244 3746 3831 3819">
     <span class='ocr_line' id='line_1_92' title="bbox 2244 3746 3831 3819; baseline -0.003 -14"><span class='ocrx_word' id='word_1_649' title='bbox 2244 3749 2551 3805; x_wconf 89' lang='lat' dir='ltr'><strong>Gennadius</strong></span> <span class='ocrx_word' id='word_1_650' title='bbox 2579 3765 2696 3819; x_wconf 90' lang='lat' dir='ltr'><strong>cap.</strong></span> <span class='ocrx_word' id='word_1_651' title='bbox 2731 3748 2798 3802; x_wconf 79' lang='grc'>48</span> <span class='ocrx_word' id='word_1_652' title='bbox 2827 3748 3087 3816; x_wconf 88' lang='lat' dir='ltr'><strong>Catalogi,</strong></span> <span class='ocrx_word' id='word_1_653' title='bbox 3121 3747 3430 3816; x_wconf 90' lang='lat' dir='ltr'><strong>Sigebertus</strong></span> <span class='ocrx_word' id='word_1_654' title='bbox 3457 3761 3577 3816; x_wconf 91' lang='lat' dir='ltr'><strong>cap.</strong></span> <span class='ocrx_word' id='word_1_655' title='bbox 3616 3746 3708 3815; x_wconf 71' lang='lat' dir='ltr'><strong>l4,</strong></span> <span class='ocrx_word' id='word_1_656' title='bbox 3740 3747 3831 3815; x_wconf 91' lang='lat' dir='ltr'><strong>qui</strong></span> 
     </span>
    </p>
   </div>
   <div class='ocr_carea' id='block_1_92' title="bbox 2243 3839 3832 3911">
    <p class='ocr_par' dir='ltr' id='par_1_92' title="bbox 2243 3839 3832 3911">
     <span class='ocr_line' id='line_1_93' title="bbox 2243 3839 3832 3911; baseline -0.002 -14"><span class='ocrx_word' id='word_1_657' title='bbox 2243 3843 2352 3897; x_wconf 91' lang='lat' dir='ltr'><strong>duo</strong></span> <span class='ocrx_word' id='word_1_658' title='bbox 2382 3842 2850 3911; x_wconf 86' lang='lat' dir='ltr'><strong>asserit,~quorum</strong></span> <span class='ocrx_word' id='word_1_659' title='bbox 2879 3841 3072 3896; x_wconf 89' lang='lat' dir='ltr'><strong>saltem</strong></span> <span class='ocrx_word' id='word_1_660' title='bbox 3101 3841 3326 3895; x_wconf 89' lang='lat' dir='ltr'><strong>alterum</strong></span> <span class='ocrx_word' id='word_1_661' title='bbox 3366 3839 3560 3894; x_wconf 88' lang='lat' dir='ltr'><strong>falsum</strong></span> <span class='ocrx_word' id='word_1_662' title='bbox 3586 3849 3710 3906; x_wconf 88' lang='lat' dir='ltr'><strong>est,</strong></span> <span class='ocrx_word' id='word_1_663' title='bbox 3735 3841 3832 3895; x_wconf 80' lang='lat' dir='ltr'><strong>mi-</strong></span> 
     </span>
    </p>
   </div>
   <div class='ocr_carea' id='block_1_93' title="bbox 2243 3931 3832 4003">
    <p class='ocr_par' dir='ltr' id='par_1_93' title="bbox 2243 3931 3832 4003">
     <span class='ocr_line' id='line_1_94' title="bbox 2243 3931 3832 4003; baseline -0.003 -13"><span class='ocrx_word' id='word_1_664' title='bbox 2243 3936 2438 3990; x_wconf 91' lang='lat' dir='ltr'><strong>mirum</strong></span> <span class='ocrx_word' id='word_1_665' title='bbox 2469 3934 2534 3989; x_wconf 90' lang='lat' dir='ltr'><strong>ad</strong></span> <span class='ocrx_word' id='word_1_666' title='bbox 2557 3943 2801 3990; x_wconf 90' lang='lat' dir='ltr'><strong>sanctum</strong></span> <span class='ocrx_word' id='word_1_667' title='bbox 2832 3933 3182 4003; x_wconf 85' lang='lat' dir='ltr'><strong>Augustinum</strong></span> <span class='ocrx_word' id='word_1_668' title='bbox 3210 3933 3487 4003; x_wconf 87' lang='lat' dir='ltr'><strong>scripsisse</strong></span> <span class='ocrx_word' id='word_1_669' title='bbox 3508 3931 3693 3986; x_wconf 86' lang='lat' dir='ltr'><strong>Vitam</strong></span> <span class='ocrx_word' id='word_1_670' title='bbox 3713 3947 3832 3987; x_wconf 87' lang='lat' dir='ltr'><strong>san-</strong></span> 
     </span>
    </p>
   </div>
   <div class='ocr_carea' id='block_1_94' title="bbox 2244 4023 3832 4095">
    <p class='ocr_par' dir='ltr' id='par_1_94' title="bbox 2244 4023 3832 4095">
     <span class='ocr_line' id='line_1_95' title="bbox 2244 4023 3832 4095; baseline -0.003 -13"><span class='ocrx_word' id='word_1_671' title='bbox 2244 4028 2317 4082; x_wconf 90' lang='lat' dir='ltr'><strong>cti</strong></span> <span class='ocrx_word' id='word_1_672' title='bbox 2347 4026 2614 4081; x_wconf 87' lang='lat' dir='ltr'><strong>Ambrosii</strong></span> <span class='ocrx_word' id='word_1_673' title='bbox 2639 4026 3049 4081; x_wconf 88' lang='lat' dir='ltr'><strong>Mediolanensis</strong></span> <span class='ocrx_word' id='word_1_674' title='bbox 3069 4026 3325 4095; x_wconf 84' lang='lat' dir='ltr'><strong>episcopi.</strong></span> <span class='ocrx_word' id='word_1_675' title='bbox 3350 4023 3503 4092; x_wconf 86' lang='lat' dir='ltr'><strong>Quod</strong></span> <span class='ocrx_word' id='word_1_676' title='bbox 3523 4033 3658 4080; x_wconf 88' lang='lat' dir='ltr'><strong>vero</strong></span> <span class='ocrx_word' id='word_1_677' title='bbox 3682 4023 3832 4080; x_wconf 88' lang='lat' dir='ltr'><strong>addit</strong></span> 
     </span>
    </p>
   </div>
   <div class='ocr_carea' id='block_1_95' title="bbox 2243 4114 3832 4184">
    <p class='ocr_par' dir='ltr' id='par_1_95' title="bbox 2243 4114 3832 4184">
     <span class='ocr_line' id='line_1_96' title="bbox 2243 4114 3832 4184; baseline -0.004 -10"><span class='ocrx_word' id='word_1_678' title='bbox 2243 4119 2311 4175; x_wconf 90' lang='lat' dir='ltr'><strong>de</strong></span> <span class='ocrx_word' id='word_1_679' title='bbox 2338 4119 2458 4173; x_wconf 84' lang='lat' dir='ltr'><strong>Vita</strong></span> <span class='ocrx_word' id='word_1_680' title='bbox 2499 4119 2667 4174; x_wconf 88' lang='lat' dir='ltr'><strong>sancti</strong></span> <span class='ocrx_word' id='word_1_681' title='bbox 2709 4117 2899 4172; x_wconf 87' lang='lat' dir='ltr'><strong>Felicis</strong></span> <span class='ocrx_word' id='word_1_682' title='bbox 2927 4117 3117 4172; x_wconf 85' lang='lat' dir='ltr'><strong>Nolani</strong></span> <span class='ocrx_word' id='word_1_683' title='bbox 3147 4115 3389 4172; x_wconf 83' lang='lat' dir='ltr'><strong>versilice</strong></span> <span class='ocrx_word' id='word_1_684' title='bbox 3416 4116 3616 4184; x_wconf 89' lang='lat' dir='ltr'><strong>scripta</strong></span> <span class='ocrx_word' id='word_1_685' title='bbox 3635 4156 3650 4179; x_wconf 94' lang='lat'><strong>,</strong></span> <span class='ocrx_word' id='word_1_686' title='bbox 3682 4114 3737 4169; x_wconf 90' lang='lat' dir='ltr'><strong>id</strong></span> <span class='ocrx_word' id='word_1_687' title='bbox 3766 4114 3832 4169; x_wconf 93' lang='lat' dir='ltr'><strong>de</strong></span> 
     </span>
    </p>
   </div>
   <div class='ocr_carea' id='block_1_96' title="bbox 2241 4207 3829 4281">
    <p class='ocr_par' dir='ltr' id='par_1_96' title="bbox 2241 4207 3829 4281">
     <span class='ocr_line' id='line_1_97' title="bbox 2241 4207 3829 4281; baseline -0.003 -15"><span class='ocrx_word' id='word_1_688' title='bbox 2241 4211 2522 4266; x_wconf 84' lang='lat' dir='ltr'><strong>Natalibus</strong></span> <span class='ocrx_word' id='word_1_689' title='bbox 2551 4211 2718 4280; x_wconf 85' lang='lat' dir='ltr'><strong>accipi</strong></span> <span class='ocrx_word' id='word_1_690' title='bbox 2764 4219 2972 4281; x_wconf 87' lang='lat' dir='ltr'><strong>potest;</strong></span> <span class='ocrx_word' id='word_1_691' title='bbox 3014 4209 3281 4265; x_wconf 88' lang='lat' dir='ltr'><strong>Honorius</strong></span> <span class='ocrx_word' id='word_1_692' title='bbox 3307 4207 3829 4276; x_wconf 84' lang='lat' dir='ltr'><strong>Augustodunensis,</strong></span> 
     </span>
    </p>
   </div>
   <div class='ocr_carea' id='block_1_97' title="bbox 2242 4300 3830 4372">
    <p class='ocr_par' dir='ltr' id='par_1_97' title="bbox 2242 4300 3830 4372">
     <span class='ocr_line' id='line_1_98' title="bbox 2242 4300 3830 4372; baseline -0.002 -15"><span class='ocrx_word' id='word_1_693' title='bbox 2242 4311 2300 4357; x_wconf 87' lang='lat' dir='ltr'><strong>et</strong></span> <span class='ocrx_word' id='word_1_694' title='bbox 2328 4303 2448 4368; x_wconf 91' lang='lat' dir='ltr'><strong>alii;</strong></span> <span class='ocrx_word' id='word_1_695' title='bbox 2480 4303 2679 4372; x_wconf 90' lang='lat' dir='ltr'><strong>quique</strong></span> <span class='ocrx_word' id='word_1_696' title='bbox 2719 4304 2768 4357; x_wconf 91' lang='lat' dir='ltr'><strong>ei</strong></span> <span class='ocrx_word' id='word_1_697' title='bbox 2794 4303 3046 4358; x_wconf 89' lang='lat' dir='ltr'><strong>morienti</strong></span> <span class='ocrx_word' id='word_1_698' title='bbox 3076 4301 3244 4357; x_wconf 88' lang='lat' dir='ltr'><strong>adfuit</strong></span> <span class='ocrx_word' id='word_1_699' title='bbox 3289 4300 3695 4364; x_wconf 75' lang='lat' dir='ltr'><strong>Uranius,’licet</strong></span> <span class='ocrx_word' id='word_1_700' title='bbox 3726 4317 3830 4355; x_wconf 90' lang='lat' dir='ltr'><strong>non</strong></span> 
     </span>
    </p>
   </div>
   <div class='ocr_carea' id='block_1_98' title="bbox 2243 4391 3830 4462">
    <p class='ocr_par' dir='ltr' id='par_1_98' title="bbox 2243 4391 3830 4462">
     <span class='ocr_line' id='line_1_99' title="bbox 2243 4391 3830 4462; baseline 0.001 -17"><span class='ocrx_word' id='word_1_701' title='bbox 2243 4399 2356 4446; x_wconf 85' lang='lat' dir='ltr'><strong>tam</strong></span> <span class='ocrx_word' id='word_1_702' title='bbox 2396 4393 2571 4447; x_wconf 82' lang='lat' dir='ltr'><strong>Vitam</strong></span> <span class='ocrx_word' id='word_1_703' title='bbox 2603 4394 2692 4447; x_wconf 91' lang='lat' dir='ltr'><strong>ille</strong></span> <span class='ocrx_word' id='word_1_704' title='bbox 2731 4394 3037 4462; x_wconf 89' lang='lat' dir='ltr'><strong>scripserit,</strong></span> <span class='ocrx_word' id='word_1_705' title='bbox 3071 4409 3229 4462; x_wconf 90' lang='lat' dir='ltr'><strong>quam</strong></span> <span class='ocrx_word' id='word_1_706' title='bbox 3258 4393 3468 4447; x_wconf 86' lang='lat' dir='ltr'><strong>felicem</strong></span> <span class='ocrx_word' id='word_1_707' title='bbox 3501 4391 3567 4446; x_wconf 90' lang='lat' dir='ltr'><strong>ad</strong></span> <span class='ocrx_word' id='word_1_708' title='bbox 3601 4407 3830 4462; x_wconf 82' lang='lat' dir='ltr'><strong>superos</strong></span> 
     </span>
    </p>
   </div>
   <div class='ocr_carea' id='block_1_99' title="bbox 2242 4486 2548 4538">
    <p class='ocr_par' dir='ltr' id='par_1_99' title="bbox 2242 4486 2548 4538">
     <span class='ocr_line' id='line_1_100' title="bbox 2242 4486 2548 4538; baseline -0.007 0"><span class='ocrx_word' id='word_1_709' title='bbox 2242 4486 2548 4538; x_wconf 89' lang='lat' dir='ltr'><strong>transitum.</strong></span> 
     </span>
    </p>
   </div>
   <div class='ocr_carea' id='block_1_100' title="bbox 2239 4611 3824 4720">
    <p class='ocr_par' dir='ltr' id='par_1_100' title="bbox 2239 4611 3824 4720">
     <span class='ocr_line' id='line_1_101' title="bbox 2239 4611 3824 4720; baseline 0 -67"><span class='ocrx_word' id='word_1_710' title='bbox 2239 4613 2475 4653; x_wconf 74' lang='lat' dir='ltr'><strong>ISIDOIIUS</strong></span> <span class='ocrx_word' id='word_1_711' title='bbox 2504 4613 2729 4661; x_wconf 76' lang='lat' dir='ltr'><strong>HISPAI..,</strong></span> <span class='ocrx_word' id='word_1_712' title='bbox 2759 4615 2860 4653; x_wconf 86' lang='lat' dir='ltr'><strong>LIB.</strong></span> <span class='ocrx_word' id='word_1_713' title='bbox 2885 4615 2950 4652; x_wconf 83' lang='lat' dir='ltr'><strong>DE</strong></span> <span class='ocrx_word' id='word_1_714' title='bbox 2981 4613 3349 4720; x_wconf 55' lang='lat' dir='ltr'><strong>SCBl‘PTOBIBUS</strong></span> <span class='ocrx_word' id='word_1_715' title='bbox 3389 4611 3824 4653; x_wconf 77' lang='lat' dir='ltr'><strong>ECCLESIASTICIS-</strong></span> 
     </span>
     <span class='ocr_line' id='line_1_102' title="bbox 2249 4685 3129 4720; baseline 0 0"><span class='ocrx_word' id='word_1_716' title='bbox 2249 4691 2251 4694; x_wconf 81' lang='lat'><em>‘</em></span> <span class='ocrx_word' id='word_1_717' title='bbox 2929 4685 3046 4720; x_wconf 77' lang='lat' dir='ltr'><strong>CAP.</strong></span> <span class='ocrx_word' id='word_1_718' title='bbox 3117 4709 3129 4720; x_wconf 93' lang='lat'><strong>.</strong></span> 
     </span>
    </p>
   </div>
   <div class='ocr_carea' id='block_1_101' title="bbox 2929 4685 3129 4723">
    <p class='ocr_par' dir='ltr' id='par_1_101' title="bbox 2929 4685 3129 4723">
     <span class='ocr_line' id='line_1_103' title="bbox 2929 4685 3129 4723; baseline -0.015 0"><span class='ocrx_word' id='word_1_719' title='bbox 2929 4685 3046 4723; x_wconf 79' lang='lat' dir='ltr'><strong>CAP.</strong></span> <span class='ocrx_word' id='word_1_720' title='bbox 3077 4685 3129 4720; x_wconf 73' lang='lat'><strong>4-.</strong></span> 
     </span>
    </p>
   </div>
   <div class='ocr_carea' id='block_1_102' title="bbox 2238 4759 3241 4829">
    <p class='ocr_par' dir='ltr' id='par_1_102' title="bbox 2238 4759 3241 4829">
     <span class='ocr_line' id='line_1_104' title="bbox 2238 4759 3241 4829; baseline -0.002 -15"><span class='ocrx_word' id='word_1_721' title='bbox 2238 4762 2257 4829; x_wconf 59' lang='grc' dir='ltr'>ἐ</span> <span class='ocrx_word' id='word_1_722' title='bbox 2312 4759 2528 4816; x_wconf 91' lang='lat' dir='ltr'><strong>Obitum</strong></span> <span class='ocrx_word' id='word_1_723' title='bbox 2561 4760 2767 4815; x_wconf 86' lang='lat' dir='ltr'><strong>Paulini</strong></span> <span class='ocrx_word' id='word_1_724' title='bbox 2801 4759 3031 4816; x_wconf 90' lang='lat' dir='ltr'><strong>Uranius</strong></span> <span class='ocrx_word' id='word_1_725' title='bbox 3059 4761 3241 4816; x_wconf 90' lang='lat' dir='ltr'><strong>edidit.</strong></span> 
     </span>
    </p>
   </div>
   <div class='ocr_carea' id='block_1_103' title="bbox 2242 4890 3766 4943">
    <p class='ocr_par' dir='ltr' id='par_1_103' title="bbox 2242 4890 3766 4943">
     <span class='ocr_line' id='line_1_105' title="bbox 2242 4890 3766 4943; baseline -0.005 -8"><span class='ocrx_word' id='word_1_726' title='bbox 2242 4909 2253 4935; x_wconf 69' lang='grc' dir='ltr'>δ</span> <span class='ocrx_word' id='word_1_727' title='bbox 2317 4892 2539 4932; x_wconf 81' lang='lat' dir='ltr'><strong>URANIUS</strong></span> <span class='ocrx_word' id='word_1_728' title='bbox 2567 4893 2865 4932; x_wconf 78' lang='lat' dir='ltr'><strong>PRESBYTER</strong></span> <span class='ocrx_word' id='word_1_729' title='bbox 2885 4919 2900 4943; x_wconf 89' lang='lat'><strong>,</strong></span> <span class='ocrx_word' id='word_1_730' title='bbox 2929 4892 3096 4931; x_wconf 85' lang='lat' dir='ltr'><strong>EPIST.</strong></span> <span class='ocrx_word' id='word_1_731' title='bbox 3122 4893 3187 4930; x_wconf 90' lang='lat' dir='ltr'><strong>AD</strong></span> <span class='ocrx_word' id='word_1_732' title='bbox 3219 4891 3459 4930; x_wconf 74' lang='lat' dir='ltr'><strong>PACATUI</strong></span> <span class='ocrx_word' id='word_1_733' title='bbox 3488 4891 3554 4929; x_wconf 74' lang='lat' dir='ltr'><strong>DE</strong></span> <span class='ocrx_word' id='word_1_734' title='bbox 3601 4890 3766 4929; x_wconf 83' lang='lat' dir='ltr'><strong>OBITU</strong></span> 
     </span>
    </p>
   </div>
   <div class='ocr_carea' id='block_1_104' title="bbox 2647 4961 3417 5003">
    <p class='ocr_par' dir='ltr' id='par_1_104' title="bbox 2647 4961 3417 5003">
     <span class='ocr_line' id='line_1_106' title="bbox 2647 4961 3417 5003; baseline -0.006 0"><span class='ocrx_word' id='word_1_735' title='bbox 2647 4965 2692 5003; x_wconf 89' lang='lat' dir='ltr'><strong>S.</strong></span> <span class='ocrx_word' id='word_1_736' title='bbox 2719 4963 2923 5002; x_wconf 84' lang='lat' dir='ltr'><strong>PAULINI</strong></span> <span class='ocrx_word' id='word_1_737' title='bbox 2953 4963 3182 5002; x_wconf 84' lang='lat' dir='ltr'><strong>EPISCOPI</strong></span> <span class='ocrx_word' id='word_1_738' title='bbox 3209 4961 3417 5000; x_wconf 77' lang='lat' dir='ltr'><strong>NOLANI.</strong></span> 
     </span>
    </p>
   </div>
   <div class='ocr_carea' id='block_1_105' title="bbox 2315 5034 3823 5111">
    <p class='ocr_par' dir='ltr' id='par_1_105' title="bbox 2315 5034 3823 5111">
     <span class='ocr_line' id='line_1_107' title="bbox 2315 5034 3823 5111; baseline -0.003 -17"><span class='ocrx_word' id='word_1_739' title='bbox 2315 5041 2508 5111; x_wconf 85' lang='lat' dir='ltr'><strong>(Hanc</strong></span> <span class='ocrx_word' id='word_1_740' title='bbox 2537 5041 2819 5110; x_wconf 87' lang='lat' dir='ltr'><strong>epistolam</strong></span> <span class='ocrx_word' id='word_1_741' title='bbox 2850 5039 3032 5094; x_wconf 87' lang='lat' dir='ltr'><strong>Uranii</strong></span> <span class='ocrx_word' id='word_1_742' title='bbox 3066 5039 3328 5094; x_wconf 88' lang='lat' dir='ltr'><strong>edidimus</strong></span> <span class='ocrx_word' id='word_1_743' title='bbox 3367 5034 3693 5104; x_wconf 63' lang='lat' dir='ltr'><strong>Palrologia!</strong></span> <span class='ocrx_word' id='word_1_744' title='bbox 3735 5053 3823 5092; x_wconf 77' lang='lat' dir='ltr'><strong>no-</strong></span> 
     </span>
    </p>
   </div>
   <div class='ocr_carea' id='block_1_106' title="bbox 2237 5129 3358 5198">
    <p class='ocr_par' dir='ltr' id='par_1_106' title="bbox 2237 5129 3358 5198">
     <span class='ocr_line' id='line_1_108' title="bbox 2237 5129 3358 5198; baseline -0.007 -9"><span class='ocrx_word' id='word_1_745' title='bbox 2237 5141 2366 5190; x_wconf 76' lang='lat' dir='ltr'><strong>stra:</strong></span> <span class='ocrx_word' id='word_1_746' title='bbox 2394 5142 2542 5188; x_wconf 90' lang='lat' dir='ltr'><strong>tomo</strong></span> <span class='ocrx_word' id='word_1_747' title='bbox 2570 5131 2695 5196; x_wconf 79' lang='lat' dir='ltr'><strong>LIII,</strong></span> <span class='ocrx_word' id='word_1_748' title='bbox 2726 5131 2828 5187; x_wconf 91' lang='lat' dir='ltr'><strong>col.</strong></span> <span class='ocrx_word' id='word_1_749' title='bbox 2855 5130 2981 5196; x_wconf 78' lang='lat'><strong>859,</strong></span> <span class='ocrx_word' id='word_1_750' title='bbox 3007 5132 3096 5185; x_wconf 89' lang='lat' dir='ltr'><strong>ubi</strong></span> <span class='ocrx_word' id='word_1_751' title='bbox 3117 5129 3358 5198; x_wconf 85' lang='lat' dir='ltr'><strong>videsis.)</strong></span> 
     </span>
    </p>
   </div>
  </div>
