4056 6358
338 273 3575 330 Hm.

509 308 3548 355 Ἥ

1519 455 2275 571 OPEBUM
2323 449 2392 519 (Ἴ

910 663 1824 826 SANCTI
1937 673 2997 862 EAULINI

1653 929 1893 1008 PARS
1953 873 2278 1036 PliIOB.

1455 1231 2438 1362 EPISTOLZE.

807 1389 1136 1468 EPlS'l'OLA
1169 1413 1211 1437 ο·
1237 1413 1467 1468 PRIMA.

319 1502 364 1570 ι
380 1499 638 1578 Paulinus
651 1500 937 1578 Sulpicium
955 1504 1196 1578 Severum
1209 1506 1664 1578 Primutiacensem
1678 1507 1734 1559 in
1743 1506 1782 1578 Α
1791 1509 1898 1578 qui-

389 1573 534 1624 tania
561 1572 908 1644 presbyterum
946 1573 1178 1628 hortatur
1205 1593 1268 1630 ne
1313 1573 1375 1629 ob
1421 1593 1694 1644 pravorum
1731 1572 1896 1631 homi-

386 1658 521 1728 »παρ’
539 1640 952 1728 Obtrectationem
973 1645 1261 1698 institutum
1283 1640 1608 1728 perl‘ectionis
1631 1647 1891 1728 dimittat;

383 1711 612 1786 etillum
638 1712 705 1764 ad
729 1728 784 1765 se
809 1714 1050 1786 inritans,
1096 1711 1346 1786 quomodo
1374 1711 1482 1785 ipse
1522 1715 1813 1770 Barcinone
1838 1719 1894 1771 in

384 1779 647 1858 Hispania
673 1784 940 1858 repentina
1041 1779 1382 1858 multitudinis
1395 1779 1666 1858 correptus
1693 1786 1896 1858 presby-

381 1859 548 1903 teratu
569 1853 802 1924 initiatus
823 1853 889 1904 sit
910 1854 1118 1924 invitus,
1142 1857 1369 1922 exponit,
1393 1853 1714 1924 majestatem
1740 1853 1894 1912 simul

379 1923 610 1974 muneris
640 1921 779 1974 illius
806 1923 1081 1991 magniﬁce
1101 1921 1409 1978 describens.

377 2053 646 2111 PAULINUS
683 2073 870 2112 servus
895 2057 1090 2113 Christi
1120 2058 1246 2114 Jesu
1287 2058 1382 2128 (V.
1415 2070 1527 2115 not.
1571 2061 1647 2131 l),
1679 2060 1892 2118 διεγειιο

297 2146 588 2202 carissimo
631 2147 781 2202 fratri
821 2149 1112 2204 secundum
1142 2166 1477 2206 communem
1506 2149 1664 2206 ﬁdem
1696 2154 1746 2207 in
1778 2153 1889 2210 Deo

295 2235 484 2303 Patre,
517 2247 568 2294 et
597 2238 810 2296 Christo
835 2239 962 2296 Jesu
990 2243 1211 2296 salutari
1238 2251 1442 2309 nostro,
1465 2244 1710 2298 salutem.

377 2327 545 2393 Quam
574 2331 744 2385 dulcia
793 2333 1025 2403 faucibus
1053 2335 1179 2387 meis
1207 2335 1408 2404 eloquia
1455 2345 1561 2400 tua,
1589 2353 1742 2406 super
1789 2338 1890 2390 mel

294 2433 352 2479 et
374 2428 550 2497 fawm
577 2430 656 2482 ori
684 2446 794 2483 meo
815 2438 862 2485 ι.
893 2429 1047 2484 Sensi
1075 2430 1234 2500 plane
1275 2433 1426 2502 quasi
1454 2433 1704 2489 delibutis
1731 2435 1887 2490 melle

292 2520 574 2574 sermonis
601 2520 676 2574 tui
708 2522 1015 2590 praecordiis
1043 2533 1241 2577 sancta:
1268 2516 1556 2594 Scriptum
1573 2524 1748 2590 ﬁdem,
1781 2541 1884 2594 qua

287 2606 502 2662 dictum
544 2618 671 2664 est:
716 2610 1053 2683 Impinguant
1077 2631 1195 2668 ossa
1237 2630 1498 2667 sermones
1529 2613 1645 2667 boni
1677 2614 1736 2679 1³;
1778 2631 1887 2670 non

288 2699 485 2767 utique
513 2701 625 2755 hmo
645 2718 764 2757 ossa
784 2718 1010 2771 quorum
1037 2713 1302 2759 structura
1324 2722 1422 2759 nos
1444 2705 1494 2758 in
1524 2706 1768 2774 corporis
1791 2707 1887 2760 ha-

1926 1415 1978 1478 Α
2003 1417 2068 1472 lis
2108 1419 2416 1473 substantiae
2445 1421 2496 1490 3
2542 1421 2715 1491 pretio
2743 1423 2936 1479 malum
2966 1423 3339 1496 Christumque
3383 1444 3576 1485 merca-

1999 1514 2104 1572 tus,
2136 1524 2260 1562 vere
2282 1509 2569 1581 intelligens
2597 1530 2749 1584 super
2764 1531 2974 1584 egenum
2999 1523 3046 1568 et
3068 1533 3340 1585 pauperem
3360 1529 3405 1582 ο,
3421 1535 3576 1587 quem

1997 1600 2051 1655 in
2077 1599 2290 1655 Christo
2320 1617 2466 1667 esse,
2497 1610 2552 1656 et
2575 1604 2626 1658 in
2655 1621 2760 1674 quo
2785 1605 3084 1671 Christum,
3119 1617 3177 1662 ut
3223 1609 3335 1679 ipse
3363 1610 3575 1677 docuit,

1999 1693 2123 1760 tegi,
2156 1693 2321 1762 pasci,
2350 1692 2577 1748 fenerari
2603 1694 2893 1750 credidisti.

2065 1785 2118 1840 2.
2142 1785 2224 1840 Sit
2253 1786 2337 1842 hic
2361 1787 2488 1842 odor
2515 1789 2694 1842 mortis
2722 1791 2776 1843 in
2817 1783 3030 1844 mortem
3067 1792 3131 1844 iis
3172 1793 3260 1860 qui
3295 1805 3506 1863 pereunt
3526 1793 3574 1859 ά,

1993 1876 2187 1946 quibus
2211 1892 2338 1932 caro
2368 1886 2422 1933 et
2462 1894 2592 1934 crux
2620 1879 2715 1934 Dei
2743 1881 2848 1934 vivi
2889 1882 3112 1936 stultitia
3155 1883 3238 1937 vel
3267 1884 3572 1941 scandalum

1995 1980 2078 2026 est
2109 1979 2162 2035 ες
2193 1970 2316 2038 quia
2363 1971 2490 2040 ipsis
2514 1986 2642 2026 caro
2682 1980 2736 2026 et
2764 1956 2998 2041 sanguis,
3027 1975 3112 2029 cui
3141 1977 3400 2041 serviunt,
3423 1975 3573 2031 Chri~

1991 2070 2132 2118 stum
2152 2061 2332 2117 Jesum
2362 2062 2455 2118 Dei
2477 2079 2594 2118 esse
2623 2063 2813 2119 Filiqu
2843 2082 2948 2120 non
2979 2067 3181 2121 revelat
3214 2066 3266 2132 t;
3299 2067 3453 2122 nobis
3481 2084 3573 2123 au-

1991 2163 2100 2209 tem
2125 2155 2300 2210 carnis
2323 2163 2377 2210 et
2404 2158 2592 2211 mortis
2628 2156 2820 2211 divina:
2851 2157 2979 2211 ﬁdes
3001 2157 3135 2214 odor
3160 2159 3280 2213 vita:
3311 2159 3572 2214 efﬁciatur

1989 2247 2056 2301 ad
2087 2247 2269 2300 vitam.
2300 2245 2410 2302 Nec
2451 2255 2790 2315 moveantur,
2823 2248 2986 2303 frater
3012 2249 3374 2314 dilectissime,
3407 2250 3572 2320 pedes

1990 2338 2159 2393 nostri
2187 2354 2218 2392 a
2245 2339 2347 2393 viis
2378 2338 2587 2393 Domini
2619 2349 2670 2406 8,
2699 2349 2753 2393 et
2791 2341 3004 2395 tramite
3043 2341 3248 2397 itineris
3285 2343 3491 2410 angusti
3523 2340 3571 2406 δ,

1987 2430 2032 2485 si
2060 2445 2156 2484 nos
2193 2429 2454 2485 interdum
2487 2431 2706 2500 prolana
2736 2431 2819 2486 vel
2853 2432 3014 2486 stulta
3044 2435 3394 2502 quorumdam
3426 2451 3570 2490 secu~

1987 2520 2178 2574 larium
2199 2521 2364 2574 verba
2393 2518 2788 2574 circumlatient
2823 2539 2834 2573 :
2868 2522 3111 2577 instructi
3152 2526 3294 2578 enim
3321 2527 3452 2579 satis
3479 2541 3570 2594 per

1989 2625 2170 2665 sacras
2191 2609 2420 2663 Litteras
2449 2617 2502 2663 et
2525 2609 2592 2663 de
2622 2609 2750 2677 ipSis
2775 2619 2830 2663 et
2865 2610 2932 2663 dc
2956 2611 3112 2664 nobis
3150 2628 3350 2666 sumus.
3385 2612 3459 2666 De
3492 2614 3571 2668 his

1991 2699 2134 2754 enim
2162 2701 2351 2754 beatus
2379 2698 2666 2767 Apostolus
2697 2698 2850 2752 nobis
2878 2699 2970 2763 ait,
3005 2700 3126 2767 quia
3155 2701 3210 2753 in
3241 2700 3334 2754 hoc
3363 2700 3570 2754 labora-

283 2786 504 2845 bilitate
519 2793 1717 2864 compaginat,sedquibusintcriorishominis
1731 2796 1891 2852 ﬁrmi-
1918 2780 1965 2840 Β
1991 2806 2123 2856 mus.
2153 2798 2201 2842 et
2229 2789 2600 2852 maledicimur.
2630 2790 2872 2860 quoniam
2912 2805 3178 2860 speramus
3223 2791 3277 2844 in
3306 2789 3470 2844 Deum
3500 2794 3568 2845 vi-

283 2888 381 2934 tas
400 2882 737 2948 continetur;
759 2898 907 2952 spem
935 2885 1161 2948 scilicet,
1187 2892 1242 2939 et
1262 2883 1416 2938 ﬁdem
1441 2886 1479 2945 ¹,
1499 2892 1553 2939 et
1573 2885 1885 2954 caritatem;

284 2983 418 3036 quac
444 2979 569 3024 sunt
589 2979 644 3024 et
663 2971 867 3028 viscera
890 2977 941 3045 2
962 2974 1361 3039 misericordize,
1387 2983 1441 3028 et
1458 2991 1578 3030 ossa
1596 2976 1880 3044 patientiae,

279 3066 344 3113 et
373 3061 542 3115 totius
567 3063 1056 3118 membra'virtutis.
1081 3062 1204 3119 Hcce
1225 3072 1280 3118 tu
1306 3080 1446 3129 ossa,
1472 3072 1525 3118 et
1544 3065 1802 3131 membra,
1827 3075 1881 3121 et

279 3149 520 3216 viscera,
551 3152 755 3206 sanctis
782 3161 836 3206 et
863 3153 1000 3224 spei,
1031 3161 1086 3207 et
1117 3152 1256 3216 ﬁdei,
1283 3161 1338 3207 et
1365 3153 1605 3208 caritatis
1633 3153 1878 3224 alloquiis

279 3241 558 3311 opin‘lasti,
580 3245 772 3314 quibus
791 3254 842 3301 et
860 3245 980 3300 ﬁdei
1004 3255 1106 3300 tuae
1121 3261 1269 3316 spem
1291 3247 1343 3299 in
1362 3246 1588 3300 Domino
1614 3246 1871 3302 intentam

279 3340 338 3387 et
367 3334 483 3403 spei
527 3331 685 3390 ﬁdem
725 3336 778 3391 in
808 3336 1036 3392 Domino
1058 3339 1078 3368 ²
1107 3345 1441 3392 constantem
1463 3378 1477 3401 ,
1506 3345 1561 3391 et
1589 3337 1872 3407 plenitudi-

279 3440 406 3479 nem
435 3427 676 3483 caritatis
703 3430 758 3483 in
775 3427 1009 3494 Christo,
1039 3429 1177 3485 sicut
1205 3429 1371 3500 ipsius
1389 3443 1517 3496 erga
1544 3444 1644 3485 nos
1673 3429 1769 3484 Dei
1797 3430 1874 3486 di-

277 3513 572 3573 lectionem
617 3536 834 3576 manere
874 3520 1121 3584 docuisti,
1152 3537 1274 3577 cum
1313 3522 1548 3577 sollicito
1579 3529 1636 3576 et
1663 3522 1871 3591 optanti

278 3608 430 3674 mihi,
456 3625 634 3680 neque
663 3611 820 3668 aliter
845 3611 914 3667 de
941 3620 1016 3682 te,
1055 3613 1220 3667 immo
1250 3612 1318 3668 de
1343 3613 1454 3668 Deo
1475 3612 1747 3678 credenti,
1775 3612 1866 3681 qui

279 3705 333 3750 et
357 3699 409 3752 in
451 3700 672 3756 inﬁmis
700 3701 950 3758 virtutem
977 3718 1126 3757 suam
1157 3713 1412 3774 operatur
1437 3719 1502 3758 ac
1529 3702 1754 3773 perlicit,
1781 3703 1834 3757 in
1853 3735 1866 3746 -

281 3790 466 3846 dicasti
497 3789 840 3862 angmentum
861 3795 1165 3865 patrimonii
1188 3796 1240 3850 in
1262 3796 1585 3861 caelestibus,
1618 3794 1759 3864 quod
1785 3809 1867 3850 sa-

282 3879 502 3940 lubriter
528 3887 866 3957 praesentium
892 3902 1115 3942 onerum
1143 3885 1458 3942 decoctione
1481 3887 1672 3950 fecisti,
1701 3887 1862 3954 fragi-

442 4017 692 4100 Mpntrml
722 4033 985 4100 annonis.
1034 4016 1125 4100 De‘
1139 4025 1334 4100 nosti-1n
1380 4013 1594 4100 Paulini.
1619 4028 1861 4100 .operum

279 4084 528 4171 editionis
550 4090 898 4171 dispositione
927 4098 1086 4171 atque
1111 4086 1298 4171 habitu
1318 4085 1860 4171 tovppgraphiconop:
1885 4084 1931 4144 C

279 4158 418 4233 nulla
440 4151 651 4233 prmfari
662 4174 844 4233 operm
871 4151 1100 4233 pretium
1126 4163 1229 4233 est,
1248 4151 1514 4233 uthac
1539 4151 1858 4233 perlegenda

278 4223 647 4302 ﬁdelissimam!
662 4223 1030 4282 M‘uratoi'ianzn
1049 4226 1276 4302 quisque
1296 4223 1404 4302 sibi
1419 4223 1579 4302 veluti
1603 4223 1860 4302 suscitare

311 4298 447 4352 ossit
478 4291 792 4371 imaginem,
815 4312 939 4371 cum
969 4291 1272 4371 novferitiq
1298 4294 1488 4371 quibus
1518 4291 1857 4371 illustrissimi

301 4367 383 4421 liri
406 4363 648 4436 vestigiis
691 4367 1031 4433 haeserimus,
1063 4366 1117 4419 in
1165 4363 1356 4436 quibus
1383 4363 1544 4416 alium
1587 4363 1859 4414 inierimus

275 4438 536 4512 ordinem,
556 4433 812 4512 maxime:
840 4436 1099 4512 lectorum
1124 4433 1338 4488 utilitati
1381 4448 1584 4512 necnon
1615 4445 1856 4512 commo-

271 4505 424 4562 ditati
446 4508 808 4562 consulentes.
833 4505 962 4572 Qua:
989 4518 1118 4573 ergo
1138 4512 1430 4574 sequuntur
1453 4502 1858 4571 diligentissime

275 4577 604 4632 advertenda
624 4585 768 4631 sunt.

338 4645 396 4700 ln
427 4647 664 4702 editione
684 4646 1040 4700 Muratoriana
1079 4653 1309 4702 attatuor
1334 4643 1738 4698 adnotationum
1766 4657 1854 4697 se-

269 4717 379 4781 ries
423 4716 721 4784 habentur,
751 4731 943 4785 nempe
997 4716 1056 4767 l0
1085 4712 1366 4769 Citationes
1406 4715 1760 4785 variantesque
1789 4712 1856 4766 ad

273 4795 558 4856 utramque
583 4782 894 4855 paginarum
915 4801 1064 4856 oram
1091 4800 1121 4840 e
1141 4785 1359 4856 regione
1389 4790 1564 4836 textus
1585 4782 1867 4856 continens
1926 4833 1933 4842 ,

272 4863 350 4909 ter
371 4847 696 4924 descriptae?
726 4871 946 4925 quarum
975 4855 1110 4920 alia},
1142 4847 1234 4908 sed
1259 4847 1868 4925 perpaucaztastériscis‘

271 4922 579 4994 signantur;
608 4922 757 4991 alize,
777 4926 1025 4981 litterulis
1049 4922 1313 4979 distinctae
1340 4937 1477 4994 pene
1507 4922 1724 4994 inﬁnitae
1755 4938 1855 4975 nu-

271 4992 420 5065 mero
445 5004 592 5051 sunt.
625 4996 686 5049 2°
719 4994 875 5051 Nota:
914 4996 1264 5065 variantesque
1291 4992 1466 5065 textui
1498 4992 1854 5060 subjaccntes.

271 5064 331 5118 ὅσ
359 5065 518 5122 Nota
537 5077 588 5122 et
613 5067 987 5121 obseruationes
1012 5063 1270 5120 variorum
1298 5063 1367 5116 ad
1389 5063 1589 5117 calcem
1633 5077 1858 5130 operum

271 5135 322 5189 in
352 5153 519 5192 unum
561 5153 758 5206 corpus
805 5137 1038 5206 digesta;
1089 5135 1150 5187 4°
1189 5133 1464 5206 Variantes
1505 5135 1744 5186 lectiones
1795 5147 1860 5184 ex

268 5223 392 5282 mss.
425 5216 475 5262 et
493 5209 647 5282 editis
662 5203 984 5282 codd.,_qu:c
1020 5205 1162 5282 inter
1200 5203 1485 5282 indices-et
1519 5211 1677 5282 notas.
1699 5216 1860 5282 supra

268 5275 512 5334 laudatas
550 5279 728 5334 locum
751 5272 1048 5332 obtinuere.
1085 5275 1196 5344 Age
1224 5289 1366 5328 nunc
1396 5272 1538 5325 illam
1564 5272 1862 5326 ordinatio—-

1989 2890 2124 2947 vum,
2165 2883 2250 2952 qui
2275 2888 2350 2934 est
2378 2880 2517 2934 salus
2557 2881 2784 2933 omnium
2823 2879 3103 2945 hominum,
3136 2881 3360 2934 maxime
3391 2881 3410 2911 ³
3440 2882 3568 2951 ﬁde-

1986 2972 2151 3026 (iami
2190 2973 2318 3041 :qui
2373 2973 2596 3026 istorum
2645 2969 2838 3040 quibus
2886 2970 3148 3025 rationem
3194 2971 3274 3026 vis
3319 2970 3564 3037 reddere,

1982 3063 2142 3117 etiam
2165 3078 2263 3117 suo
2293 3062 2314 3092 ⁸
2338 3062 2391 3115 in
2418 3059 2718 3130 Evangeliis
2747 3075 2863 3128 ore,
2889 3071 2944 3114 et
2960 3075 3164 3115 venena
3187 3060 3240 3114 in
3262 3061 3564 3130 colloquiis,

1978 3164 2033 3211 et
2059 3156 2252 3211 merita
2280 3154 2527 3225 praedixit
2549 3155 2600 3208 in
2633 3154 2841 3222 penis:
2884 3152 2975 3207 Va:
2999 3155 3064 3208 iis
3093 3154 3113 3185 '
3133 3155 3216 3225 qui
3245 3154 3562 3208 scandaliza-

1977 3247 2141 3300 verint
2169 3261 2323 3299 unum
2345 3262 2412 3298 ea:
2442 3243 2656 3298 modicis
2681 3245 2794 3297 istis
2815 3247 2870 3296 in
2908 3259 2988 3296 me
3014 3242 3366 3297 credentibus!
3390 3241 3563 3313 Expe-

1977 3336 2051 3389 dit
2085 3336 2277 3390 ho‘mini
2305 3336 2383 3389 illi
2412 3344 2466 3387 ut
2487 3333 2829 3404 suspendatur
2851 3334 2986 3386 mola
3013 3334 3244 3387 asinaria
3270 3333 3400 3386 collo
3428 3335 3561 3404 ejus,

1974 3436 2023 3481 et
2050 3428 2399 3498 praecipitetur
2425 3427 2478 3478 in
2502 3424 2814 3496 profundum
2845 3426 3004 3476 maris
3031 3422 3077 3475 i.
3101 3422 3264 3475 Nobis
3293 3438 3422 3476 vero
3453 3423 3556 3475 ait:

1978 3518 2125 3572 Beati
2178 3518 2299 3571 estis
2344 3532 2458 3568 cum
2499 3514 2640 3568 vobis
2686 3513 2992 3567 maledicent
3021 3513 3266 3576 homines,
3301 3522 3350 3566 et
3394 3513 3559 3566 dicent

1975 3625 2126 3664 omne
2169 3607 2363 3660 malum
2410 3605 2676 3660 adversum
2719 3620 2826 3669 vos,
2858 3612 2908 3657 et
2951 3601 3330 3671 exprobrabant
3377 3619 3558 3657 nomen

1975 3716 2141 3754 nicum
2167 3707 2410 3767 tanquam
2448 3695 2673 3759 malum;
2703 3693 2918 3766 gaudete
2937 3704 2986 3748 et
3013 3693 3284 3759 exsultate,
3316 3695 3555 3765 quoniam

1972 3808 2161 3846 merces
2188 3798 2353 3844 vestra
2385 3789 2589 3857 copiosa
2619 3796 2694 3840 est
2719 3787 2771 3840 in
2795 3786 2933 3840 caelis
2964 3780 3011 3840 ι.
3061 3783 3216 3847 Haec,
3261 3785 3333 3838 mi
3371 3783 3552 3848 frater,

1969 3883 2181 3938 D‘omini
2208 3882 2373 3935 verba
2399 3879 2695 3933 retinentes
2724 3887 2778 3932 et
2806 3877 2859 3931 in
2887 3885 3126 3933 nostram
3169 3874 3325 3930 ﬁdem
3354 3873 3550 3930 conﬁr-

1968 4027 2091 4081 nem
2121 4024 2241 4063 cum
2269 4015 2450 4081 nostra
2483 4006 2888 4081 conferamusar
3080 4071 3094 4081 _
3314 4070 3362 4081 __
3390 4071 3422 4081 Α
3473 4073 3481 4081 ,

2036 4079 2316 4132 Lectorem
2347 4077 2506 4142 igitur
2534 4075 2698 4127 semel
2729 4074 2987 4142 monitum
3010 4071 3280 4142 volumus:
3308 4070 3362 4120 1⁸
3384 4071 3545 4142 Qu'd-

1967 4149 2094 4218 quid
2115 4147 2181 4200 ad
2197 4139 2422 4218 primam
2446 4142 2851 4218 adnotationum
2875 4140 3066 4218 seriem
3090 4139 3340 4218 pertinet,
3359 4141 3552 4218 partim

1967 4207 2019 4273 in
2049 4207 2363 4271 textu'intcr
2395 4212 2638 4276 uncinos,
2668 4209 2859 4278 partim
2889 4209 2987 4262 sub
3016 4213 3218 4278 textum
3256 4207 3550 4278 cum_litte-

1967 4289 2118 4348 rulis,
2151 4293 2209 4338 ut
2235 4290 2447 4345 vocant,
2471 4275 2834 4350 superioribus,
2858 4278 2940 4332 vel
2966 4277 3233 4350 asteriscis
3260 4275 3491 4350 praeﬁxis
3520 4293 3550 4331 a

1965 4343 2121 4414 nobis
2151 4355 2311 4409 fuisse
2340 4343 2663 4420 exseriptum
2683 4367 2696 4412 ;
2718 4343 2780 4401 2°
2805 4357 2962 4420 notas
2981 4347 3225 4402 secunda:
3247 4343 3404 4420 seriei
3435 4356 3550 4420 tex-

1967 4431 2045 4484 tui
2073 4426 2276 4497 pariter
2298 4418 2860 4497 _suppositas_._littcris
2887 4419 3040 4497 intra
3084 4418 3434 4497 parentheses
3464 4418 3548 4471 in-

1966 4488 2127 4554 clusis
2157 4488 2492 4566 prmsignari;
2519 4491 2579 4544 3°
2606 4488 2775 4544 Notas
2815 4499 2861 4566 e_t
2882 4489 3263 4566 obseruationes
3293 4489 3572 4566 uariorum-

1951 4557 2208 4625 ‘eamdein
2232 4557 2372 4634 apud
2399 4579 2498 4617 nos
2518 4575 2676 4630 quam
2709 4559 2848 4634 apud
2881 4558 3222 4634 Mairatorium
3253 4557 3323 4634 ad.
3346 4559 3546 4634 calcem

1964 4653 2187 4710 operum
2229 4627 2409 4710 sedem
2460 4627 2758 4710 occuparei
2803 4627 3186 4710 _4°7Ultimam
3219 4627 3448 4710 seriem,
3479 4627 3548 4682 ad

1963 4700 2123 4779 quam
2171 4705 2336 4779 ciﬁ‘ris
2383 4700 2752 4779 superioribus
2803 4700 2972 4779 lector
3017 4707 3336 4779 revocatur,
3394 4700 3477 4779 ita
3515 4712 3546 4750 a

1965 4767 2120 4834 nobis
2158 4776 2410 4846 partitam
2451 4767 2645 4838 fuisse,
2685 4770 3041 4846 utvariantes
3081 4783 3200 4836 qua:
3230 4767 3548 4846 .ad‘episto-

1967 4848 2046 4902 las
2089 4837 2208 4918 cuin
2238 4844 2496 4913 genuinas
2515 4837 2637 4918 tum
2676 4839 2862 4918 dubias
2861 4840 3156 4918 pertinent
3180 4837 3248 4891 ad
3277 4844 3545 4918 utrarum-

1965 4934 2070 4989 que
2109 4907 2637 4989 calcem__exscript{c
2683 4911 2807 4989 sint.
2859 4907 3062 4989 Similis
3115 4909 3173 4989 in,
3219 4907 3547 4962 variantibus

1966 4979 2275 5058 poematum
2297 4979 2643 5053 disponendis
2673 4979 2806 5035 ordo
2833 4987 3074 5035 servatus
3101 4987 3200 5036 est.

259 5425 262 5429 -
339 5396 366 5425 “
396 5387 538 5443 Psal.
570 5403 764 5452 cxvut,
808 5385 936 5439 105.
1011 5384 1037 5422 ιι
1066 5382 1226 5438 Prov.
1277 5399 1363 5452 xv,
1398 5381 1539 5452 5(7).”
1566 5394 1586 5420 τ
1624 5379 1764 5452 Psal.
1821 5395 1873 5452 xi

1976 5376 2232 5452 l;_M_at_th.
2275 5391 2398 5441 xxv,
2427 5374 2516 5452 d9.
2591 5371 2615 5452 fl
2646 5373 2691 5452 ll
2717 5373 2842 5452 Cor.
2881 5388 2936 5437 n,
2970 5369 3086 5452 lii.“
3133 5366 3360 5452 c'eror.
3389 5382 3424 5430 ι,
3454 5364 3541 5452 ἓξ.

275 5457 293 5494 ¹
326 5456 514 5513 Matth.
572 5475 679 5522 xw,
726 5451 811 5509 l7.
901 5453 1094 5508 BPsal.
1147 5469 1254 5516 xw,

277 5526 300 5565 κ
334 5527 522 5582 Matth.
561 5545 612 5592 v,
646 5527 732 5580 Η.

1436 5451 1461 5489 ιι
1491 5450 1680 5506 Matth.
1734 5466 1824 5518 vu,
1857 5435 1944 5503 η.
2001 5435 2038 5485 ’ί
2085 5446 2269 5502 lTim.
2320 5435 2510 5508 tv,10.
2589 5443 2604 5494 i
2643 5443 2833 5498 Matth.
2880 5435 3024 5502 xvtu,
3056 5439 3120 5501 li;
3167 5435 3294 5488 Luc.
3326 5453 3452 5504 xvu,
3489 5435 3542 5491 2.

340 5647 380 5664 ⁸·
413 5644 558 5698 Alias
596 5644 664 5708 6;
697 5657 818 5711 qum
856 5648 1031 5695 autem
1063 5639 1084 5692 l
1139 5645 1272 5700 erat,
1318 5655 1455 5692 nunc
1489 5635 1536 5690 5.
1571 5635 1780 5706 Scripta
1826 5635 2040 5691 ineunte
2083 5650 2222 5689 anno
2265 5631 2367 5692 594
2417 5631 2468 5684 in
2517 5625 2736 5681 exordio
2781 5619 3194 5691 presbyteratus,
3229 5620 3387 5690 paulo
3421 5625 3542 5675 ante

268 5715 486 5773 Pastlia.
