4056 6358
521 360 628 418 155

1636 358 1690 416 8.
1733 356 2006 416 PAULlNl
2042 355 2293 415 ΝοιΑιιι
2326 356 2637 418 εριεσορι

3686 366 3785 422 186

521 491 754 544 memur,
801 484 857 532 et
896 475 1181 548 opprobria
1227 472 1311 529 vel
1356 471 1478 528 odia
1525 470 1815 529 infidelium
1868 472 2104 541 negliga-
2129 472 2335 543 Aquio
2362 481 2455 531 tuo
2483 483 2644 543 atque
2688 482 3005 545 conspectu;
3037 482 3095 530 ut
3123 476 3168 533 si
3198 484 3288 531 tua
3328 476 3430 533 tide
3457 479 3635 533 sanari
3683 496 3786 535 non

524 585 642 624 mus
668 587 680 622 :
716 568 779 622 In
811 568 1027 622 tenebris
1056 568 1198 623 enim
1226 564 1493 619 ambulant
1524 575 1568 631 ⁸,
1597 565 1721 634 quia
1750 565 1826 636 (a)
1849 564 1929 619 sol
1949 565 2107 637 justi-
2202 571 2401 635 potest,
2431 570 2487 619 te
2512 563 2942 621 suainﬁdelitate
2968 581 3076 621 non
3098 568 3362 631 vulneret,

526 663 611 717 tia:
634 679 735 717 non
761 670 900 716 ortus
929 672 1002 715 est
1021 661 1095 714 eis
1115 659 1162 714 δ.
1190 659 1446 715 Venenum
1474 660 1713 730 aspidum
1733 669 1815 715 est
1838 658 1929 714 sub
1952 660 2104 713 labiis

524 771 699 808 eorum
729 764 773 819 ε,
798 752 939 822 quod
969 750 1133 807 inlicit
1173 756 1430 820 mentem,
1461 759 1516 806 et
1562 749 1793 805 animum
1833 748 2102 819 interﬁcit,

522 846 568 899 si
596 854 869 913 receptum
900 844 1117 897 auribus
1143 842 1197 896 in
1224 842 1389 897 corda
1415 843 1727 912 pervaserit.
1763 840 1866 896 Cor
1906 859 2102 911 eorum,

523 937 695 1005 inquit
740 935 1013 1005 Scriptura
1052 936 1251 998 divina,
1282 952 1469 989 vanum
1506 944 1599 1000 est,
1625 945 1673 989 et
1692 936 1981 1006 sepulcrum
2005 954 2103 1009 pa-

523 1038 633 1083 tens
654 1039 728 1083 est
747 1037 924 1101 guttur
949 1047 1127 1084 eorum
1155 1028 1202 1083 ἀ.
1228 1028 1522 1084 Caveamus
1546 1045 1575 1082 a
1607 1030 1866 1084 fermento
1893 1040 2101 1095 eorum,

523 1135 590 1173 ne
633 1129 798 1175 totam
827 1136 1058 1176 massam
1088 1129 1395 1189 corrumpat
1419 1130 1461 1172 θ.
1493 1118 1760 1187 Scriptum
1803 1128 1883 1173 est
1913 1119 2058 1173 enim
2088 1137 2101 1171 :

524 1208 647 1264 Non
677 1211 925 1265 habitabit
958 1212 1112 1281 juxta
1150 1221 1198 1265 te
1224 1213 1478 1282 malignus
1524 1210 1565 1265 ί.
1596 1209 1664 1264 Et
1699 1211 1889 1289 iterum
1922 1227 1934 1263 :
1978 1208 2105 1263 Cum

522 1311 703 1355 sancto
722 1312 929 1356 sanctus
953 1305 1075 1370 eris,
1107 1311 1154 1355 et
1182 1319 1295 1355 cum
1324 1319 1554 1372 perverso
1574 1303 1965 1369 perverteris‘ﬁ.
1990 1300 2057 1355 Et
2090 1319 2100 1353 :

524 1392 772 1448 Discedat
796 1394 859 1447 ab
898 1397 1165 1466 iniquitate
1200 1395 1284 1467 qui
1314 1395 1544 1448 nominat
1585 1410 1768 1448 nomen
1816 1391 2024 1447 Domini
2057 1392 2104 1447 η.

524 1472 769 1551 Obstrue,
794 1481 977 1551 frater,
1004 1493 1057 1540 et
1075 1486 1185 1556 sepi
1206 1503 1355 1540 aures
1379 1496 1493 1540 tuas
1514 1487 1678 1555 spinis
1700 1485 1714 1522 ἱ
1734 1485 1800 1539 ad
1825 1485 1988 1539 verba
2010 1499 2105 1540 eo-

522 1590 662 1643 rum,
692 1590 811 1645 qua:
831 1582 954 1630 sunt
982 1577 1147 1646 spinae
1169 1582 1222 1631 et
1244 1576 1452 1645 sagittae
1492 1575 1684 1641 zabuli,
1718 1576 1809 1645 qui
1836 1576 1893 1629 in
1919 1590 2105 1630 eorum

522 1667 835 1736 praecordiis
884 1667 1057 1723 latens
1090 1664 1373 1722 insidiatur
1395 1670 1449 1723 in
1472 1668 1668 1723 occulto
1696 1676 1752 1722 ut
1774 1670 1944 1738 rapiat
1972 1686 2103 1739 pau-

521 1772 694 1824 perem
726 1758 738 1805 i
765 1755 979 1820 Christi,
1005 1765 1059 1811 et
1085 1765 1311 1811 venetur
1324 1757 1553 1811 animam
1582 1756 1889 1811 Christiani.
1921 1756 2026 1813 Sed
2048 1760 2107 1811 in

524 1942 861 1999 convertetur,
893 1944 942 1989 et
964 1938 1199 1990 incident
1218 1939 1235 1966 ⁷
1262 1937 1315 1991 in
1348 1938 1545 2007 foveam
1570 1947 2023 2010 quamqoperantur
2050 1938 2098 1994 ³⁸.

593 2022 644 2077 5.
679 2021 754 2077 Tu
783 2034 974 2091 autem,
1008 2026 1157 2082 homo
1205 2025 1330 2093 Dei,
1364 2030 1484 2100 {age
1511 2008 1797 2095 abistis‘l;
1842 2026 2016 2100 neque
2044 2039 2102 2085 ut

521 2114 933 2184 sapientioribus
974 2118 1236 2172 rationem
1262 2119 1487 2174 reddere
1527 2119 1768 2187 labores,
1800 2136 1921 2175 eum
1962 2123 2103 2178 scias

523 2220 687 2275 penes
718 2212 769 2260 te
798 2208 1112 2277 principium
1136 2220 1253 2264 esse
1289 2207 1343 2279 4
1369 2210 1661 2279 sapientiae,
1693 2212 1784 2281 qui
1811 2212 1966 2267 times
1991 2213 2101 2267 Do—

522 2296 724 2355 minum
751 2304 810 2352 ω.
830 2297 885 2352 Si
914 2297 1131 2354 stultum
1162 2307 1350 2371 putant
1378 2315 1495 2356 esse
1522 2302 1665 2370 quod
1691 2304 1943 2371 gerimus,
1976 2318 2104 2371 gra-

523 2387 693 2441 tulare
714 2389 958 2443 conscius
980 2388 1072 2443 tibi
1094 2390 1214 2459 quia
1245 2404 1380 2462 Opus
1399 2390 1492 2445 Dei
1514 2398 1569 2445 et
1594 2388 1916 2461 praeceptum
1945 2394 2104 2448 Chri-

520 2477 588 2532 sti
616 2476 757 2546 geris
781 2495 794 2542 ;
829 2485 883 2534 et
908 2480 1252 2536 reminiscere
1288 2482 1542 2550 quoniam
1569 2484 1726 2537 stulta
1752 2485 1928 2538 mundi
1954 2486 2109 2554 elegit

519 2565 677 2634 Deus,
703 2579 759 2623 ut
776 2571 1060 2642 confundat
1087 2574 1343 2641 sapientia
1365 2580 1393 2610 π
1417 2590 1435 2628 :
1462 2582 1516 2628 et
1535 2575 1786 2643 quoniam
1812 2578 1948 2648 quod
1972 2580 2103 2632 stul-

522 2667 624 2713 tum
644 2671 719 2715 est
748 2660 863 2728 Dei,
896 2664 1179 2733 sapientius
1206 2674 1282 2719 est
1303 2665 1591 2721 hominibus
1616 2674 1658 2719 ο.
1684 2665 1901 2723 Talibus
1925 2676 2105 2724 autem

518 2752 657 2808 velle
681 2755 915 2824 purgari,
947 2757 1086 2811 idem
1116 2766 1199 2812 est
1226 2758 1369 2828 quod
1423 2775 1580 2828 posse
1607 2758 1879 2815 Christum
1932 2763 2105 2832 ipsum

518 2858 739 2911 negare,
767 2845 858 2915 qui
904 2846 1283 2903 erubescentes
1332 2864 1524 2903 nomen
1572 2864 1725 2905 suum
1774 2867 1955 2905 coram
2002 2853 2108 2908 hoc

518 2934 717 2988 mundo
742 2974 757 2999 ,
805 2934 1086 2992 erubescet
1130 2936 1357 2993 invicem
1414 2952 1596 2995 coram
1644 2939 1806 2996 Patre
1859 2942 2107 2998 confiteri

518 3036 646 3080 suos
680 3033 725 3079 Ρ.

587 3111 639 3166 4.
673 3108 753 3167 Tu
784 3112 943 3182 igitur
970 3112 1060 3184 qui
1102 3112 1333 3184 laboras,
1367 3126 1423 3173 ut
1460 3118 1681 3184 scribis,
1713 3124 1977 3178 rationem
2005 3138 2106 3194 pro

2280 653 2329 708 5.
2362 655 2443 731 Sit
2488 656 2616 711 licet
2660 655 2824 711 frater
2849 666 2905 712 et
2932 659 3132 713 amicus
3172 658 3410 727 junctior
3448 659 3542 714 tibi
3570 660 3790 714 dextera

2206 755 2321 814 tua,
2349 756 2403 805 et
2432 750 2607 804 carior
2654 750 2885 817 lumine;
2918 753 2961 806 si
3006 753 3214 809 alienus
3240 764 3322 808 est
3360 762 3415 808 et
3461 755 3709 810 inimicus
3740 759 3792 811 in

2208 840 2459 906 Christo,
2518 844 2585 895 sit
2631 840 2822 914 tibbut
2876 851 3156 897 extraneas
3195 854 3245 899 et
3290 854 3347 898 ut
3390 843 3693 913 publicanus
3746 855 3790 900 ³.

2210 931 2281 1001 (c)
2332 931 2651 988 Abscidatur
2680 941 2739 987 ut
2785 934 2987 988 inutilis
3021 935 3241 989 dextera
3284 951 3314 989 a
3346 951 3573 1006 corpore
3623 945 3714 991 tuo
3748 940 3792 1000 ',

2208 1026 2299 1095 qui
2325 1025 2421 1079 tibi
2450 1025 2504 1079 in
2527 1024 2725 1080 Christi
2755 1041 2982 1096 corpore
3010 1042 3116 1081 non
3140 1028 3405 1090 cohaeret;
3433 1036 3488 1081 et
3514 1036 3572 1081 ut
3598 1043 3795 1081 nocens

2208 1117 2395 1171 oculus
2423 1125 2659 1181 eruatur,
2700 1118 2790 1187 qui
2819 1133 3014 1186 corpus
3052 1126 3202 1172 tuum
3235 1127 3404 1173 totum
3451 1134 3547 1172 sua
3586 1119 3792 1189 macula

2207 1207 2293 1259 vel
2323 1207 2563 1261 caecitate
2592 1208 2960 1261 contenebrat.
2988 1206 3174 1261 Melius
3195 1218 3273 1261 est
3300 1210 3437 1261 enim
3456 1226 3615 1261 unum
3645 1226 3794 1262 mem-

2209 1294 2356 1350 brum
2385 1298 2549 1366 perire
2576 1311 2675 1366 pro
2722 1298 2885 1351 totius
2935 1297 3178 1365 corporis
3216 1298 3405 1359 salute,
3434 1316 3588 1368 quam
3639 1299 3793 1353 unius

2210 1387 2436 1442 membri
2470 1388 2647 1442 vitiosi
2680 1404 2883 1455 amore,
2907 1397 3067 1442 totum
3096 1405 3299 1458 corpus,
3326 1397 3384 1443 ut
3412 1390 3489 1442 ait
3515 1390 3791 1455 Dominus,

2208 1481 2287 1533 ire
2315 1479 2368 1533 in
2389 1481 2673 1549 gehennam
2697 1486 2746 1531 υ.
2780 1478 2889 1532 Nec
2911 1455 3196 1534 metuon'da
3219 1487 3305 1533 est
3324 1478 3546 1533 olletisio
3587 1480 3790 1543 talium,

2210 1584 2332 1639 quae
2358 1570 2573 1641 quidem
2600 1579 2656 1625 et
2700 1570 2933 1639 optanda
2974 1571 3129 1626 nobis
3172 1579 3273 1634 est,
3303 1572 3563 1640 quoniam
3587 1570 3656 1625 de
3694 1572 3793 1625 ho-

2212 1676 2330 1716 rum
2356 1664 2377 1695 θ
2406 1661 2708 1732 opprobriis
2744 1668 2906 1731 atque
2936 1661 3231 1715 maledictis
3261 1662 3496 1716 nascitur
3534 1661 3624 1714 illa
3655 1676 3790 1715 mer-

2211 1768 2323 1817 ces,
2353 1769 2515 1822 quam
2544 1755 2818 1822 copiosam
2849 1750 2987 1809 Deus
3034 1753 3279 1822 promisit
3308 1754 3359 1806 in
3400 1752 3550 1808 cmlis
3572 1761 3621 1807 ν.
3671 1750 3793 1806 Non

413 1878 421 1886 .
523 1852 677 1917 caput
716 1862 920 1912 eorum,
964 1845 1101 1901 sicut
1144 1846 1401 1915 scriptum
1433 1852 1542 1913 est,
1591 1848 1837 1918 iniquitas
1879 1848 2106 1918 ipsorum
2136 1844 2185 1904 B
2209 1856 2306 1913 est,
2331 1847 2519 1915 inquit,
2551 1846 2831 1916 discipulus
2850 1862 3006 1915 supra
3035 1848 3358 1917 magistrum,
3385 1864 3475 1899 nec
3501 1863 3675 1901 servm
3705 1863 3792 1902 su—

2206 1954 2303 2009 pra
2358 1938 2621 1993 dominum
2649 1955 2798 1993 suum
2832 1947 2878 1993 ι.
2912 1937 2997 2004 Et,
3038 1940 3082 1993 si
3115 1939 3546 2010 patremfamilias
3588 1940 3791 1993 Βράκ-

2206 2027 2303 2080 bub
2334 2028 2411 2099 (ά)
2458 2034 2776 2089 vocaverunt,
2820 2040 3011 2101 quanto
3055 2031 3223 2100 magis
3251 2026 3553 2084 domesticos
3580 2029 3695 2101 ejus
3732 2033 3791 2085 5!

2206 2118 2265 2172 Si
2291 2119 2575 2173 Dominum
2602 2118 2658 2173 et
2682 2120 2722 2151 ¹⁰
2743 2120 2931 2187 Deum,
2959 2132 3121 2189 quem
3137 2120 3428 2189 sequimur,
3454 2130 3791 2189 amaverunt,

2206 2218 2262 2267 et
2290 2225 2389 2265 nos
2413 2211 2707 2276 amabunt;
2736 2213 2783 2265 si
2810 2212 2959 2266 illum
2981 2214 3229 2281 persecuti
3249 2220 3389 2276 sunt,
3412 2221 3465 2266 et
3495 2229 3590 2268 nos
3618 2230 3786 2285 perse-

2208 2314 2445 2374 quentur.
2494 2300 2614 2367 Quo
2644 2303 2694 2371 5
2732 2300 2889 2355 nolis
2931 2300 3006 2370 (ε)
3048 2302 3273 2367 gratiam
3327 2302 3529 2367 mundi,
3563 2317 3685 2372 qua:
3713 2312 3792 2361 est

2208 2397 2390 2451 odium
2418 2394 2658 2450 Christi?
2698 2393 2761 2449 Si
2788 2394 2855 2448 ds
2878 2393 3093 2459 musto,
3140 2394 3332 2463 inquit,
3363 2396 3568 2462 essetis,
3596 2403 3791 2450 uiueret

2209 2487 2429 2541 Mundus
2450 2485 2591 2556 quod
2616 2493 2748 2539 esset
2783 2501 2933 2540 suum
2964 2494 3008 2538 ι.
3581 2489 3590 2497 ’

2280 2580 2333 2630 6.
2366 2576 2443 2629 Tu
2472 2589 2622 2645 ergo,
2653 2574 2745 2644 qui
2769 2575 3035 2631 rationem
3063 2577 3262 2647 qumris
3286 2576 3515 2632 reddere
3556 2578 3791 2633 homini-

2209 2668 2330 2732 bus,
2361 2676 2415 2721 et
2453 2668 2535 2721 his
2560 2659 2884 2731 inﬁdelibus,
2916 2667 3040 2721 vide
3077 2667 3206 2737 quid
3232 2665 3537 2731 desideres;
3562 2667 3792 2734 gratiam

2210 2760 2328 2814 sine
2355 2758 2519 2813 dubio
2555 2758 2852 2822 hominum,
2885 2757 2945 2811 id
2964 2766 3049 2812 est
3077 2757 3281 2825 mundi,
3326 2758 3410 2811 cui
3438 2757 3655 2826 placere
3685 2773 3792 2813 non

2208 2860 2386 2921 potes,
2417 2850 2521 2905 nisi
2547 2849 2765 2905 Christo
2792 2840 3049 2904 malueris
3079 2849 3383 2919 displicere.
3417 2849 3478 2904 Si
3514 2850 3677 2919 enim,
3708 2850 3791 2904 in-

2210 2943 2330 3010 quit
2355 2942 2441 3013 (θ’)
2461 2940 2772 3010 Apostolus,
2801 2939 3094 2994 hominibus
3132 2941 3385 3010 placerem
3403 2981 3421 3007 ,
3462 2938 3656 2995 Christi
3684 2957 3790 2995 ser-

2210 3050 2303 3091 uus
2329 3050 2433 3088 non
2470 3050 2634 3088 essent
2664 3042 2742 3087 “.
2777 3031 3318 3104 Displiceamus'ergo
3344 3032 3445 3096 his,
3477 3039 3533 3089 et
3556 3033 3790 3101 gratule-

2211 3138 2337 3181 mur
2360 3125 2548 3180 iisdem
2576 3139 2678 3178 nos
2701 3122 3005 3192 displicere,
3041 3122 3234 3192 quibus
3258 3130 3315 3177 et
3338 3122 3480 3178 Deus
3518 3121 3785 3194 displicet.

517 3220 638 3260 meo
667 3220 730 3264 ac
759 3211 852 3262 tuo
871 3204 1012 3261 facto
1033 3206 1275 3275 reddere,
1307 3210 1435 3280 quid
1463 3210 1643 3278 facies,
1674 3213 1720 3269 si
1748 3224 1855 3270 non
1876 3226 2101 3285 persua-
2127 3217 2173 3281 C
2206 3217 2325 3274 Non
2349 3217 2494 3273 enim
2526 3224 2787 3280 nostrum,
2805 3224 2862 3271 ut
2878 3215 3009 3282 seis,
3035 3215 3131 3273 sed
3155 3214 3369 3271 Domini
3397 3216 3567 3271 nostri
3597 3218 3630 3248 "
3663 3215 3789 3294 Jesu

517 3296 652 3351 seris
678 3296 980 3354 hominibus
1008 3314 1115 3355 non
1153 3299 1219 3356 ad
1260 3300 1667 3359 aediﬁcationem
1695 3320 1847 3361 suam
1865 3348 1879 3371 ,
1911 3308 2007 3362 sed
2033 3309 2100 3363 ad

517 3380 933 3446 destructionem
964 3394 1108 3447 tuam
1140 3398 1316 3448 tecum
1363 3392 1431 3449 de
1455 3406 1619 3466 opere
1657 3395 1753 3452 Dei
1783 3397 2103 3468 disputanti-

515 3476 646 3536 bus?
672 3478 788 3536 1am
817 3478 1122 3551 erubesces,
1146 3484 1366 3557 jamque
1385 3486 1638 3557 pallebis,
1665 3496 1721 3545 ut
1750 3502 1927 3546 causae
1948 3493 2101 3561 pejus

516 3570 588 3625 ris
612 3581 879 3641 assertor;
913 3580 967 3629 et
994 3584 1171 3632 motus
1196 3578 1361 3645 gradu
1393 3580 1414 3612 ⁸
1444 3580 1702 3637 titubabis
1727 3583 1780 3636 in
1810 3582 1893 3637 ria
1920 3583 2103 3639 Domi-

516 3662 588 3727 ni,
621 3670 676 3715 et
716 3660 783 3717 de
811 3666 949 3720 coelo
978 3666 1030 3721 in
1061 3672 1259 3723 terram
1301 3671 1576 3739 rel-aberis,
1607 3672 1651 3726 si
1681 3684 1801 3743 qua:
1828 3674 2105 3729 :cdilicasti

517 3750 764 3810 destruis.
796 3753 1017 3813 Multum
1042 3758 1283 3826 interest,
1307 3765 1524 3832 quinam
1558 3764 1631 3835 (b)
1664 3765 1749 3819 isti
1775 3765 1883 3820 sint
1911 3767 2105 3835 quibus

513 3844 654 3899 satio
679 3844 945 3903 reddenda
979 3850 1066 3905 sit.
1098 3849 1155 3906 Si
1180 3851 1418 3911 discendi
1461 3854 1637 3911 studio
1664 3855 1830 3919 venit,
1863 3862 1919 3911 et
1948 3858 2102 3925 igno-

517 3936 744 3992 rantiam
788 3937 1102 4009 conﬁtetur;
1143 3957 1335 4013 sparge
1384 3946 1436 4000 in
1483 3958 1605 4002 eum
1651 3960 1836 4003 semen
1873 3947 2018 4013 tldei,
2050 3958 2105 4004 et

514 4035 837 4099 pmceptum
858 4032 1032 4101 pande
1060 4034 1316 4090 divinum.
1348 4035 1409 4093 Si
1433 4039 1577 4108 Capit
1604 4039 1845 4107 verbum,
1876 4041 2104 4097 lucratus

514 4131 567 4171 es
588 4112 842 4176 Ecclesiae
869 4120 1087 4193 fratrem
1108 4134 1159 4190 «ι,
1185 4132 1237 4181 et
1260 4141 1417 4183 ovem
1461 4127 1694 4184 Christo.
1728 4129 1783 4185 Si
1824 4144 1954 4186 vero
1996 4146 2101 4187 non

513 4206 615 4262 erit
653 4224 846 4280 purum
896 4212 1024 4269 boni
1052 4212 1273 4274 seminis
1312 4232 1554 4290 germen,
1580 4231 1638 4278 et
1658 4236 1688 4275 a
1718 4230 1986 4279 nocturno
2007 4238 2102 4294 pa—

511 4298 840 4359 trisfamilias
866 4306 1101 4362 celestis
1141 4309 1358 4366 inimico
1382 4311 1586 4367 zizania
1617 4314 1973 4370 interserente
1996 4317 2104 4370 fru-

514 4390 707 4447 mentis
741 4400 788 4459 ν,
819 4408 1019 4452 noeens
1045 4409 1261 4467 gramen
1293 4408 1349 4454 et
1392 4401 1576 4457 infelix
1604 4417 1758 4471 seges
1792 4420 1827 4459 a
1864 4404 2105 4473 frugibus

513 4480 669 4538 bonis
692 4484 880 4541 messis
904 4491 1147 4557 tempore
1166 4490 1525 4560 segreganda;
1548 4506 1648 4547 nec
1666 4492 1875 4548 horreis
1900 4493 2101 4564 debita,

2204 3309 2425 3375 Christi,
2456 3310 2508 3363 id
2537 3316 2620 3363 est
2645 3308 3032 3377 armipotentis
3065 3298 3161 3362 Dei
3186 3323 3324 3376 opus
3346 3308 3400 3362 in
3422 3309 3581 3363 nobis
3609 3308 3783 3364 laces-

2204 3409 2359 3465 sunt;
2387 3414 2549 3468 quem
2579 3400 2631 3453 in
2658 3398 2771 3454 suis
2796 3399 3007 3453 actibus
3032 3402 3323 3468 spernunt,
3347 3398 3399 3452 in
3431 3400 3632 3454 nostris
3657 3415 3787 3468 ope-

2204 3493 2354 3546 ribus
2381 3491 2628 3555 oderunt,
2654 3504 2778 3545 sese
2805 3488 2998 3544 dicturi
3031 3506 3043 3541 :
3076 3487 3316 3553 Domino,
3345 3488 3553 3560 quando
3577 3499 3624 3544 te
3659 3490 3787 3545 vidi.

2205 3596 2325 3635 mus
2340 3581 2559 3647 udum,
2588 3589 2638 3634 et
2664 3595 2767 3634 non
2801 3580 3128 3635 vestivimus?
3155 3580 3479 3642 esurientem,
3503 3589 3552 3633 et
3574 3596 3679 3635 non
3707 3582 3784 3634 ci-

2206 3671 2476 3726 bavimus?
2493 3671 2779 3740 infirmum,
2802 3680 2851 3723 et
2870 3686 2973 3724 non
3002 3671 3314 3725 visitarimus
3334 3670 3389 3708 ιιι)
3408 3670 3431 3723 ?
3450 3668 3517 3725 Et
3538 3678 3668 3727 tunc
3690 3686 3786 3724 au-

2205 3763 2368 3818 dituri
2395 3779 2411 3815 ι
2442 3760 2525 3816 Ite
2544 3763 2601 3815 in
2637 3764 2811 3830 ignem
2830 3769 3078 3815 internum
3097 3802 3111 3827 ,
3131 3776 3280 3831 quem
3307 3762 3624 3829 praeparavit
3652 3758 3788 3815 Dens

2205 3855 2345 3923 patri
2367 3861 2532 3907 vestro
2560 3861 2612 3906 et
2632 3852 2831 3922 augetis
2849 3854 2962 3923 ejus
2988 3862 3075 3916 εο;
3104 3851 3356 3919 quoniam
3391 3865 3511 3919 quae
3542 3850 3787 3920 indigen-

2206 3946 2349 4000 tibus
2378 3959 2485 4000 non
2514 3943 2733 4007 faciunt,
2761 3943 2977 4000 Christo
3006 3954 3233 4012 negant;
3262 3943 3354 4013 qui
3384 3959 3497 3998 cum
3535 3943 3677 3999 dives
3704 3960 3787 3996 es-

2206 4045 2301 4102 set,
2320 4052 2514 4107 pauper
2543 4037 2709 4107 {actus
2728 4043 2823 4098 est,
2852 4042 2907 4085 ut
2933 4049 3025 4087 nos
3049 4050 3141 4085 sua
3164 4040 3467 4103 paupertate
3496 4032 3688 4086 ditaret
3707 4030 3786 4086 αδ.

2281 4127 2331 4181 7.
2382 4125 2653 4181 Fruuntur
2713 4125 2926 4180 interim
2950 4122 3345 4194 voluptatibus,
3396 4124 3786 4192 dignitatibus,

2206 4219 2401 4288 opibus
2426 4216 2559 4284 suis,
2589 4217 2633 4271 si
2663 4223 2842 4271 tamen
2889 4230 3076 4270 eorum
3117 4218 3242 4270 sunt
3269 4216 3347 4279 ⁸ο,
3380 4226 3514 4284 quas
3543 4214 3667 4271 istic
3695 4215 3788 4271 ha-

2205 4306 2335 4362 bere
2364 4307 2566 4361 malunt
2594 4306 2685 4361 ubi
2723 4319 2841 4361 esse
2868 4305 3179 4370 desinimus,
3210 4320 3373 4374 quam
3401 4305 3512 4361 illic
3550 4307 3643 4362 ubi
3670 4322 3788 4362 esse

2208 4399 2563 4471 persistimus.
2580 4395 2694 4456 Sibi
2719 4396 2951 4455 habeant
2977 4398 3315 4469 sapientiam,
3339 4397 3441 4453 sibi
3470 4398 3787 4455 felicitatem

2206 4507 2359 4547 suam
2391 4492 2585 4546 :llObti
2614 4492 2850 4560 inopiam
2889 4490 3149 4556 nostram,
3177 4497 3235 4544 ut
3264 4496 3474 4560 putant,
3508 4495 3563 4543 et
3607 4490 3787 4544 stulti-

514 4570 607 4625 sed
651 4575 899 4644 caminis,
928 4578 1127 4648 pabulo
1174 4581 1313 4649 ignis
1355 4581 1542 4636 interni
1592 4597 1778 4638 arsura
1825 4586 2098 4652 materies,
2129 4595 2179 4656 ι)
2204 4586 2334 4639 tiam
2374 4588 2613 4637 nostram
2659 4582 2982 4653 relinquant.
3034 4581 3112 4636 De
3138 4581 3306 4652 ipsius
3332 4581 3497 4636 etiam
3521 4619 3539 4646 ,
3582 4595 3746 4649 quem
3770 4620 3787 4647 ,

514 4662 622 4718 suis
649 4662 862 4720 interim
883 4668 1075 4724 crescit
1095 4670 1373 4736 incendiis,
1403 4672 1606 4740 refuge,
1626 4680 1683 4728 et
1709 4674 1909 4744 repelle
1928 4675 2098 4731 collo-

2207 4675 2311 4732 etsi
2342 4675 2547 4730 nomine
2578 4674 2918 4744 conﬁtentur,
2953 4681 3121 4728 tamen
3151 4681 3281 4729 actm
3295 4678 3505 4744 negant,
3542 4671 3789 4726 habentes

582 4801 611 4876 ἑ
641 4791 783 4876 Ρειιι.
817 4810 997 4876 suam,
1030 4798 1081 4853 5.
1157 4798 1429 4876 ﬁSap._v,
1451 4804 1513 4876 6;
1544 4800 1669 4876 Mal.
1692 4822 1762 4871 IV,
1794 4804 1849 4876 ἓ.
1928 4818 1951 4848 ο
1980 4805 2101 4863 Psal

2207 4825 2264 4876 ιι,
2295 4806 2353 4870 5.
2384 4815 2437 4862 et
2465 4822 2678 4872 cxxxrx,
2706 4805 2757 4861 4.
2831 4805 2859 4843 ⁸
2890 4803 3031 4876 Psal.
3066 4823 3118 4875 ν,
3158 4806 3245 4872 to,
3275 4816 3331 4862 et
3351 4822 3463 4873 xm,
3495 4808 3550 4876 ὅ.
3630 4818 3653 4846 ι’
3676 4807 3789 4876 Cas

515 4863 605 4947 lat.
635 4872 690 4932 ν,
736 4868 891 4947 εις-’1
906 4870 1034 4947 Cor.
1069 4883 1125 4947 γε
1293 4863 1313 4910 ἲ
1350 4863 1584 4947 Psalsv,
1614 4874 1668 4947 ρ.
1732 4863 1772 4947 γᾶ
1809 4874 1948 4947 Psal.
1991 4894 2097 4934 xvu

2207 4863 2269 4947 ;.'_
2315 4863 2413 4947 ιιῖιι
2434 4876 2573 4931 Tim.
2605 4863 2771 4947 ιι,ἶι9.
2857 4863 3391 4947 [Εοοιιάιηιιηεε.
3451 4863 3489 4928 ἰ
3529 4875 3672 4932 Ρεαι.
3708 4875 3786 4947 n‘,

514 4931 574 5015 θλ
731 4936 874 5015 ΡΞΧ
897 4937 1059 5015 Ῑιικὲἓ
1077 4931 1333 5015 “ab???”
1350 4944 1492 5015 1,19-
1566 4931 1593 4985 ί
1623 4942 1768 5001 Ρεείι·
1791 4931 1883 5014 νη.
1902 4931 2101 5004 τίθει-*λ

2225 4931 2269 4985 ἰ
2299 4948 2319 5003 l
2347 4931 2483 5002 Tim.
2514 4962 2588 5013 v1,
2609 4931 2709 5002 Π.
2790 4957 2824 4982 ἰι
2857 4931 2998 5001 Psal.
3031 4962 3118 5015 cx,
3153 4931 3436 5014 lO;'Prov.
3465 4964 3503 5010 ι,
3539 4931 3593 5011 Ίξ
3622 4931 3678 5003 et
3706 4931 3783 5012 ii:

513 5003 597 5059 10.
674 5013 702 5043 υ
730 5006 751 5061 Ι
780 5003 965 5075 (ἔοι-ξι,
989 5010 1077 5065 27.

1157 5022 1182 5049 °
1210 5014 1366 5079 ἰωὰ,
1390 5013 1479 5070 25.

512 5092 626 5143 xm,
656 5075 743 5132 25.

823 5089 843 5114 ⁸
868 5078 1057 5137 Matth.
1090 5102 1234 5148 xvm,
1274 5084 1359 5139 17.
1440 5088 1458 5122 ί
1494 5082 1625 5141 Ibid.
1658 5087 1710 5140 8.

1558 5028 1584 5066 P
1605 5016 1796 5072 Matth.
1822 5035 1876 5083 ι,
1907 5018 2006 5084 55;
2037 5019 2101 5074 ιι

1558 5087 1625 5141 id.
1658 5087 1710 5140 8.
1786 5097 1812 5123 υ
1836 5084 2023 5144 Matth.
2048 5104 2099 5144 v.

2207 5037 2269 5083 Ix,
2302 5017 2399 5083 26;
2430 5017 2593 5073 Marc.
2623 5035 2732 5082 vin,
2754 5014 2841 5071 ⁸58.
2917 5026 2943 5066 ιι
2974 5016 3159 5071 Matth.
3194 5032 3339 5083 xmt,
3364 5017 3451 5072 15.
3531 5028 3552 5056 τ
3584 5017 3784 5073 Matth.

2207 5133 2220 5144 .
2248 5089 2333 5144 50.
2415 5101 2429 5123 ν
2461 5087 2647 5142 Matth.
2681 5104 2731 5144 v.
2766 5086 2865 5144 l2:
2896 5085 3024 5141 Luc.
3058 5103 3127 5144 vi.
3152 5087 3243 5142 23.
3321 5098 3342 5123 π
3374 5086 3564 5142 Matth.
3597 5104 3650 5144 ι.
3676 5088 3784 5144 2i:

1786 5097 1812 5123 υ
1836 5097 2023 5145 Matth.
2048 5104 2099 5153 ν,
2132 5097 2220 5156 29,
2248 5097 2333 5145 50.

2415 5101 2429 5123 ν
2461 5087 2647 5142 Matth.
2681 5104 2731 5155 v,
2766 5086 2865 5151 l2;
2896 5085 3024 5141 Luc.
3058 5103 3127 5149 vi,
3152 5087 3243 5142 23.
3321 5098 3342 5123 π
3374 5086 3564 5142 Matth.
3597 5104 3650 5149 ι,
3676 5088 3785 5153 24;

510 5145 708 5226 Julian.
734 5164 843 5226 xm2
879 5150 1000 5226 16.__
1036 5164 1074 5226 ξς
1099 5145 1282 5226 Matth.
1317 5172 1369 5221 x,
1399 5154 1487 5211 25.
1531 5167 1588 5213 ,ι
1614 5155 1807 5211 Johan.
1841 5175 1928 5226 xv,
1954 5159 2040 5214 i9.
2086 5145 2098 5153 ’

2207 5145 2321 5215 Cal.
2356 5175 2393 5225 ι,
2444 5157 2529 5213 10.
2607 5157 2664 5197 δι’
2693 5145 2879 5223 llatth.
2930 5168 3053 5223 xxv,
3085 5145 3176 5226 ιιι,
3221 5167 3277 5213 et
3303 5172 3371 5212 οι
3409 5174 3463 5213 v.
3498 5158 3567 5212 57
3603 5145 3660 5213 et
3691 5145 3785 5214 38.

516 5228 566 5256 τε
598 5216 730 5273 lbid.
782 5219 869 5274 ιι.
947 5220 1003 5259 αα
1034 5222 1075 5277 ιι
1104 5224 1230 5280 Cor.
1261 5216 1369 5290 vni,
1414 5227 1465 5280 9.
1548 5236 1599 5265 ee
1631 5228 1759 5297 Sap.
1791 5216 1929 5294 11,6.

507 5329 655 5453 1..(ιι)
685 5329 762 5386 lta
790 5333 842 5387 in
872 5334 1053 5416 multis
1078 5312 1222 5389 libris
1246 5335 1345 5401 legi
1374 5337 1564 5418 asserit
1587 5336 1831 5393 Nobilius
1854 5340 1903 5393 in
1925 5341 2077 5395 scho-

530 5412 594 5453 ns
647 5401 713 5454 ad
753 5416 1055 5459 versuonem
1109 5404 1266 5459 LXX.
1292 5404 1385 5461 Sic
1432 5406 1625 5463 leuiter
1666 5410 1803 5463 apud
1833 5409 2077 5463 Auansti-

508 5420 594 5477 ms
647 5420 713 5482 an
753 5420 1055 5459 vcrsnonem
1109 5420 1266 5459 mu.
1293 5420 1385 5461 Sic
1432 5420 1625 5474 legitur
1666 5420 1803 5478 apud
1833 5420 2089 5478 Augusti-

507 5470 969 5598 :Lquzusgecuio
995 5475 1065 5530 de
1090 5474 1182 5531 lib.
1211 5476 1502 5531 Ismeniae.
1541 5476 1600 5557 lu
1628 5477 1872 5547 Vulgata,
1905 5480 1984 5535 sol
2007 5482 2089 5534 in-

577 5555 655 5661 t?)
684 5610 783 5661 Ed-
805 5585 1021 5661 .thnL-
1052 5618 1149 5661 ila
1168 5617 1235 5661 sit
1263 5617 1362 5661 cui-
1396 5617 1523 5661 “lim
1560 5619 1730 5661 lnotin
1771 5620 2088 5661 nnnninninr

508 5610 783 5736 vi
812 5615 1025 5688 Sobel»,
1052 5618 1149 5673 ius
1168 5617 1235 5672 sit
1263 5617 1363 5673 cui.
1396 5617 1523 5685 Quae
1560 5619 1730 5677 lectio
1771 5620 2088 5677 concinnior

580 5750 650 5821 (c)
671 5751 748 5810 Ita
778 5770 904 5813 mss.
934 5757 1143 5816 codices
1164 5768 1219 5816 et
1239 5775 1357 5816 eoa.
1393 5760 1550 5819 Rosv.
1589 5761 1690 5820 Alii
1713 5762 1833 5818 edd.
1866 5759 2085 5814 Abscin-

2192 5340 2364 5392 datur.
2381 5338 2524 5410 Vide
2542 5316 2941 5410 hdnotstionem
2966 5343 3204 5394 nostram
3232 5334 3300 5394 ad
3325 5337 3484 5410 epist.
3504 5332 3596 5405 25,
3619 5354 3675 5394 n.
3694 5339 3784 5396 ιι.

1953 5412 2090 5465 nsti-
2198 5419 2252 5462 et
2279 5410 2435 5472 epist.
2470 5409 2555 5472 ll,
2586 5425 2639 5462 n.
2678 5408 2726 5461 7.

2269 5476 2347 5548 (d)
2376 5479 2476 5549 Sic
2503 5492 2629 5549 mss.
2663 5477 2878 5549 codices
2906 5476 3036 5549 Reg.
3062 5487 3121 5537 et
3148 5476 3299 5536 Vieu.
3328 5476 3496 5545 Editi,
3513 5488 3779 5534 meme.

2271 5546 2341 5686 ἕρ)
2374 5546 2469 5601 Ms.
2504 5548 2673 5602 codex
2706 5546 2881 5614 Vien.,
2915 5546 3107 5622 gratia.

2295 5620 2345 5686 f)
2377 5616 2670 5686 Apostolus.
2725 5617 2871 5674 Hanc
2898 5637 3107 5686 vocem,
3146 5635 3265 5686 qua:
3309 5620 3450 5674 maxi

2295 5620 2345 5702 ί
2377 5616 2670 5689 Apostolus.
2689 5617 2871 5702 "lianc
2898 5616 3125 5702 ἔθραυε,
3146 5635 3265 5691 qua:
3309 5620 3544 5702 maxime
3568 5619 3786 5677 deside-

2196 5687 2436 5753 rabatur,
2459 5703 2522 5744 ex
2556 5704 2654 5743 ms.
2689 5687 2975 5748 Viennensi
3006 5687 3193 5749 codice
3220 5689 3604 5761 supplevimus.
