4056 6358
227 372 323 428 457
1646 368 1983 430 ειηετοιΑ
2017 371 2060 429 i.
3402 378 3508 438 158

225 492 444 560 speciem
496 492 704 562 pietatis
730 532 747 560 ,
796 493 1033 548 uirtutem
1088 492 1201 564 ejus
1257 488 1573 560 abnegantes
1627 495 1686 554 ις
1744 487 1811 543 de
1835 497 1890 558 Α
1917 497 2024 544 esto
2047 530 2063 555 ,
2113 490 2167 544 in
2207 489 2441 545 omnibus
2490 492 2702 562 labora,
2746 503 3002 550 certamen
3051 494 3238 549 bonum
3265 502 3405 548 certa
3439 497 3501 558 ",

226 581 413 650 ipsius,
447 583 684 662 inquam,
715 583 808 639 Dei
835 584 1005 640 nostri
1034 583 1215 639 verbis
1240 580 1581 652 prudentiam
1611 579 1732 644 sibi,
1765 581 1810 635 si

223 672 415 743 placet,
444 682 716 742 arrogent,
758 684 812 728 et
856 675 1136 730 stultitiam
1167 673 1322 728 nobis
1349 674 1696 743 exprobrent.
1722 672 1810 726 Ait

224 764 364 818 enim
411 763 668 820 Dominus
706 783 718 818 :
759 763 889 820 Filii
917 768 1072 838 hujus
1117 767 1277 820 seculi
1305 766 1642 835 sapientiores
1689 773 1810 819 sunt

219 853 348 930 ﬁliis
388 855 598 921 lucis”;
630 857 724 913 sed
766 857 962 928 adjecit
994 875 1007 913 :
1042 857 1109 914 In
1150 858 1246 913 hac
1290 859 1637 930 generatione.
1687 855 1808 912 Sint

214 945 618 1017 prudentiores,
649 949 773 1004 dum
798 967 905 1005 non
929 952 1036 1006 sint
1068 948 1158 1005 filii
1187 950 1339 1006 lucis.
1373 949 1492 1006 Sint
1517 952 1569 1004 in
1595 951 1692 1004 hac
1712 966 1805 1004 sua

221 1033 262 1067 “
277 1039 610 1107 generatione
627 1041 904 1109 sapientes,
925 1040 1052 1095 dum
1083 1041 1135 1096 in
1162 1041 1247 1095 illa
1270 1041 1678 1109 regeneratione
1703 1057 1803 1095 no-
1855 1039 1864 1046 ”

216 1136 326 1182 stra
350 1129 693 1185 inveniantur
721 1132 1002 1187 excordes.
1039 1128 1160 1186 Sint
1190 1149 1332 1188 nunc
1356 1132 1501 1187 beati
1526 1132 1608 1187 vel
1637 1131 1805 1199 magis

214 1217 494 1286 fortunati,
518 1236 617 1290 per
644 1221 822 1276 omnia
852 1239 1132 1293 prospera,
1160 1225 1235 1292 (ιι)
1267 1222 1574 1277 blandiente
1596 1222 1798 1285 seculo,

214 1309 548 1376 detinentes;
591 1313 839 1368 mollibus
870 1315 1194 1376 vestiantur,
1237 1315 1292 1367 in
1324 1313 1573 1368 domibus
1617 1327 1800 1380 regum

212 1399 318 1456 sint
353 1412 408 1468 c;
441 1401 567 1456 dum
615 1403 665 1457 in
696 1402 959 1458 laboribus
989 1405 1254 1459 hominum
1298 1420 1401 1457 non
1438 1405 1570 1471 sint,
1609 1413 1798 1457 etcum

213 1491 504 1547 hominibus
529 1511 632 1549 non
663 1495 988 1567 ﬂagellentur
1008 1496 1057 1550 ά.
1085 1495 1203 1551 Sint
1223 1495 1415 1550 divites
1445 1495 1647 1558 seculo,
1671 1495 1797 1564 quia

208 1592 336 1640 sunt
362 1593 582 1653 egentes
622 1581 754 1650 Dei;
795 1583 862 1640 de
891 1586 1086 1656 quibus
1115 1583 1374 1656 scriptum
1420 1592 1502 1638 est
1537 1603 1549 1636 :
1599 1583 1791 1637 Divites

208 1683 458 1744 eguerunt
490 1684 538 1728 et
567 1677 856 1730 esurierunt
887 1687 944 1742 e;
975 1673 1110 1731 sicut
1144 1673 1210 1731 de
1240 1675 1395 1730 nobis
1425 1673 1566 1730 illico
1611 1673 1793 1742 subje-

207 1771 354 1820 ctum
388 1785 401 1818 :
438 1763 763 1840 Inquirentes
793 1777 963 1822 autem
992 1767 1272 1823 Dominum
1301 1785 1406 1821 non
1439 1765 1511 1836 (ὁ)
1543 1766 1791 1836 deﬁcien-

204 1865 287 1911 tur
307 1858 452 1912 omni
479 1858 611 1915 bono
643 1858 685 1915 ί.

271 1956 326 2012 8.
364 1957 598 2036 Utinam,
625 1961 699 2016 mi
721 1960 906 2027 frater,
939 1961 1087 2030 digni
1116 1962 1412 2016 babeamur
1442 1962 1532 2031 qui
1563 1961 1790 2015 maledi-

201 2065 412 2116 camur,
436 2061 492 2106 et
520 2061 792 2116 notemur,
842 2062 898 2108 et
933 2062 1296 2119 conteramur,
1327 2061 1486 2122 atque
1512 2054 1676 2108 etiam
1705 2053 1789 2106 in-

199 2142 538 2198 terﬁciamur
564 2145 617 2199 in
648 2146 866 2202 nomine
893 2145 1020 2202 Jesu
1051 2146 1249 2200 Christi
1284 2155 1328 2208 8,
1363 2145 1487 2199 dum
1518 2161 1625 2200 non
1677 2146 1789 2215 ipse

197 2229 482 2288 occidatur
507 2234 755 2291 Christus
774 2237 828 2292 in
862 2239 1036 2292 nobis.
1069 2237 1204 2292 Tum
1233 2238 1448 2291 demum
1476 2254 1630 2308 super
1655 2239 1791 2306 aspi-

195 2323 311 2380 dem
337 2333 387 2378 et
409 2323 702 2383 basiliscum
733 2328 1112 2384 ambularemus
1131 2369 1148 2395 ,
1178 2339 1224 2384 et
1248 2331 1666 2385 eonculcaremus
1698 2348 1787 2383 ca-

195 2425 286 2485 put
305 2417 550 2472 draconis
574 2416 708 2489 ην.
729 2428 842 2476 not.
876 2419 966 2491 59)
997 2423 1224 2493 antiqui.
1259 2421 1364 2476 Sed
1395 2423 1571 2478 adhuc
1593 2424 1788 2488 amico,

195 2508 343 2575 quod
374 2509 528 2578 pejus
557 2518 659 2576 est,
693 2513 878 2568 seculo
921 2514 1198 2578 solvimur,
1229 2522 1285 2567 et
1319 2515 1372 2568 in
1400 2513 1617 2568 Christo
1659 2514 1791 2568 deli-

192 2600 408 2655 ciamur
438 2619 450 2654 :
482 2603 537 2673 6
564 2602 772 2658 laudari
813 2613 1019 2660 tantum
1061 2607 1114 2660 in
1147 2606 1362 2660 nomine
1402 2606 1571 2674 ipsius
1600 2622 1786 2659 aman-

193 2695 310 2758 tes,
338 2693 650 2748 contristari
690 2703 748 2750 et
800 2697 1062 2762 tribulari,
1107 2697 1250 2768 quod
1290 2705 1372 2751 est
1404 2697 1607 2760 utilius,
1638 2712 1792 2750 recu-

189 2789 402 2836 santes.
429 2782 700 2840 Memento
727 2799 954 2856 granum
983 2778 1206 2858 sinapis,
1239 2788 1308 2842 de
1334 2804 1445 2858 quo
1473 2789 1678 2842 semine
1700 2804 1789 2841 su-

189 2886 341 2937 mus,
372 2873 419 2926 si
466 2883 795 2941 conteratur,
827 2877 1053 2932 accendi
1091 2879 1293 2944 magis,
1342 2887 1397 2930 et
1428 2885 1541 2930 tum
1579 2877 1794 2932 demtun

186 2962 247 3018 in
283 2964 397 3016 vim
438 2980 591 3020 suam
639 2967 882 3023 excitari.
933 2968 1298 3035 Quamobrem
1336 2968 1596 3024 debemus
1641 2971 1793 3040 quasi

185 3061 413 3108 natura:
458 3064 658 3111 nostrae
687 3058 741 3112 in
783 3057 887 3115 hoc
915 3060 1268 3130 respondere,
1315 3070 1374 3116 ut
1408 3062 1651 3118 adversis
1678 3080 1793 3118 ser-

186 3145 454 3201 monibus
493 3149 710 3203 contriti
736 3189 750 3213 ,
798 3150 1204 3207 inardescamus
1244 3153 1310 3206 ad
1339 3153 1499 3207 iidem
1543 3171 1556 3206 :
1602 3160 1656 3207 et
1697 3169 1792 3209 eos

1915 597 2120 634 cursum
2153 598 2474 648 consumma,
2525 593 2583 638 ut
2610 583 3014 657 apprehendas,
3060 588 3116 643 in
3156 604 3264 657 quo
3308 604 3502 657 appre-

1911 671 2113 728 hensus
2139 689 2196 728 es
2233 692 2243 726 :
2277 674 2338 728 de
2369 685 2533 729 cetera
2580 689 2853 748 reponetur
2884 680 2974 734 tibi
3006 697 3200 735 corona
3233 681 3456 750 iustitia:
3478 720 3492 743 ,

1910 780 2064 834 quam
2115 767 2292 820 reddet
2332 767 2588 823 Dominus
2635 770 2691 823 in
2743 772 2836 825 illa
2883 772 2968 826 die
3016 774 3188 843 justus
3227 772 3397 826 Iudex
3436 775 3500 827 iis

1907 859 1993 928 qui
2015 857 2236 928 diligunt
2265 859 2536 914 adventum
2556 863 2689 932 ejus.
2713 861 2822 917 Eos
2848 873 3022 918 autem
3041 865 3212 918 devita
3241 866 3282 895 “
3302 867 3388 935 qui
3413 881 3500 918 sa-

1908 968 2032 1005 nam
2070 948 2359 1005 doctrinam
2403 969 2507 1007 non
2556 956 2842 1021 sustinent,
2881 956 3198 1026 voluptatum
3244 965 3497 1010 amatores

1907 1045 2074 1114 magis
2095 1061 2248 1114 quam
2270 1043 2368 1099 Dei
2396 1055 2456 1111 τη,
2486 1047 2536 1100 in
2567 1046 2720 1116 pejus
2763 1063 2980 1118 semper
3006 1049 3379 1119 proficientes;
3409 1065 3498 1104 se-

1906 1134 2166 1190 ducentes
2204 1143 2258 1190 et
2292 1137 2580 1200 seductos;
2612 1138 2859 1194 homines
2893 1147 3076 1194 mente
3104 1149 3408 1209 corruptos,
3442 1147 3496 1194 et

1907 1244 1940 1284 a
1969 1230 2194 1284 veritate
2215 1231 2442 1294 alienos,
2470 1239 2524 1285 et
2555 1232 2624 1286 ob
2670 1233 2774 1287 hoc
2803 1234 2976 1302 ipsum
3023 1232 3253 1287 traditos
3281 1233 3331 1284 in
3363 1248 3496 1286 con-

1905 1322 2266 1389 cupiscentias
2293 1322 2472 1377 cordis
2509 1325 2613 1391 sui,
2649 1326 2688 1355 ¹⁸
2735 1326 2786 1378 in
2838 1325 3088 1394 laqueum
3133 1333 3187 1377 et
3227 1324 3494 1378 desideria

1901 1413 2092 1478 multa,
2136 1429 2254 1481 quae
2282 1429 2311 1466 a
2340 1414 2442 1468 fide
2471 1415 2756 1483 naufragos
2784 1424 3034 1483 mergunt
3060 1416 3109 1469 in
3141 1416 3412 1468 interitum
3438 1421 3494 1468 et

1902 1505 2262 1575 perditionem
2293 1515 2317 1540 υ
2352 1525 2364 1558 :
2403 1508 2529 1574 quia
2580 1517 2886 1563 creaturam
2939 1507 3288 1577 praetulerunt
3331 1507 3493 1561 Crea-

1901 1597 2004 1651 tori
2039 1608 2086 1662 ο,
2116 1595 2165 1650 id
2201 1607 2304 1664 est,
2331 1601 2614 1653 simulacra
2651 1602 2898 1670 gentium,
2931 1617 3112 1653 aurum
3146 1610 3196 1653 et
3221 1609 3492 1669 argentum

1898 1699 1926 1740 P
1950 1688 2061 1744 Deo
2087 1690 2263 1743 carius
2293 1690 2571 1748 habentes.
2597 1701 2876 1746 servantes
2901 1692 3110 1746 animas
3143 1707 3268 1746 snas
3307 1692 3359 1744 in
3389 1692 3492 1746 hoc

1898 1781 2120 1845 mundo,
2144 1781 2432 1850 perdentes
2480 1783 2530 1835 in
2578 1782 2793 1836 Christo
2820 1793 2848 1832 (ι
2881 1800 2894 1835 :
2930 1782 3152 1835 Discede
3191 1784 3260 1835 ab
3303 1781 3489 1848 hujus-

1827 1865 1871 1924 Β
1898 1874 2046 1928 modi
2076 1885 2122 1939 τ,
2163 1883 2218 1928 et
2265 1876 2573 1945 prophanas
2607 1891 2800 1930 vocum
2847 1875 3116 1928 novitates
3162 1874 3372 1936 devita,
3422 1887 3490 1926 ne

1893 1967 2038 2021 circa
2065 1968 2392 2036 qumstiones
2420 1967 2591 2021 aniles
2616 1976 2673 2020 et
2698 1981 2866 2020 vanas
2889 2004 2902 2029 ,
2936 1974 3031 2018 aut
3079 1964 3269 2033 impias
3296 1965 3335 1994 "
3364 1980 3486 2017 ver—

1893 2057 2084 2112 borum
2126 2060 2524 2122 contentiones,
2579 2058 2806 2128 incipias
2848 2065 3134 2124 asgrotare,
3176 2063 3233 2109 et
3274 2054 3488 2123 pericli-

1895 2149 2025 2204 teris
2065 2167 2094 2204 a
2145 2149 2290 2203 falsis
2345 2151 2595 2204 fratribus
2623 2188 2638 2214 ,
2699 2158 2793 2203 aut
2853 2165 2882 2202 a
2947 2131 3171 2218 peﬁlitis
3231 2145 3487 2215 reproba-

1894 2240 2069 2310 tisque
2093 2241 2424 2309 sapientibus
2458 2250 2514 2305 ες
2547 2250 2601 2293 et
2629 2255 2816 2293 omnes
2835 2241 2872 2269 ’⁷
2905 2239 2996 2306 qui
3022 2237 3296 2300 videbunt,
3322 2235 3486 2290 insul-

1895 2339 2042 2390 tante
2088 2331 2182 2402 (V.
2230 2341 2343 2387 not.
2379 2330 2435 2400 9)
2484 2332 2697 2394 zabulo,
2737 2329 2954 2385 dicant:
2993 2328 3096 2381 Hic
3133 2329 3282 2382 homo
3337 2326 3484 2395 coepit

1894 2424 2176 2493 aediﬁcare,
2207 2433 2256 2476 et
2296 2440 2400 2476 non
2432 2424 2597 2492 potuit
2633 2438 2990 2475 consummare
3026 2424 3065 2472 ι.
3095 2418 3249 2485 Quod
3272 2419 3411 2472 absnt
3454 2432 3482 2469 a

1890 2514 2068 2578 nobis,
2094 2514 2185 2583 qui
2213 2530 2321 2567 non
2365 2515 2564 2568 nostris
2593 2514 2850 2582 operibus
2897 2521 2988 2566 aut
3009 2512 3228 2574 viribus,
3269 2511 3362 2564 sed
3404 2511 3484 2563 di-

1891 2609 2016 2662 vina
2043 2608 2244 2660 virtute
2272 2616 2328 2661 et
2374 2605 2741 2659 misericordia
2784 2604 2925 2667 freti,
2959 2620 3096 2670 opus
3143 2603 3484 2670 perfectionis

1894 2701 2136 2768 arripere
2172 2699 2286 2751 ausi
2315 2707 2518 2751 Sumus.
2563 2695 2762 2750 Potens
2800 2705 2886 2750 est
2909 2697 3038 2763 ipse,
3068 2696 3158 2762 qni
3188 2703 3272 2747 est
3309 2694 3484 2746 omni-

1894 2799 2109 2862 potens,
2156 2785 2415 2857 perficere
2443 2789 2495 2841 in
2529 2786 2684 2840 nobis
2726 2802 2862 2854 opus
2891 2786 3236 2855 perfectionis
3271 2800 3398 2849 sum,
3430 2793 3484 2838 et

1896 2881 2042 2949 quod
2066 2879 2291 2933 fundare
2312 2878 2424 2947 jam
2453 2894 2516 2932 ac
2544 2879 2728 2948 primis
2759 2877 3022 2931 machinis
3064 2876 3272 2943 erigere
3299 2874 3484 2942 digna-
3547 2903 3564 2912 ο

1899 2955 1986 3028 tus
2007 2982 2109 3032 est,
2139 2970 2251 3024 suis
2280 2977 2488 3024 struere
2517 2963 2566 3039 7
2591 2969 2873 3032 mensuris,
2905 2976 2959 3020 et
2987 2979 3360 3021 consummare
3402 2961 3483 3015 fa-

1895 3063 2055 3130 stigio
2089 3063 2252 3131 :quia
2301 3062 2415 3130 ipse
2457 3061 2687 3114 turbatis
2723 3060 2788 3113 ad
2815 3062 2855 3090 “'
2881 3059 3062 3128 operis
3109 3058 3258 3110 istius
3284 3055 3483 3109 molem

1895 3155 2059 3209 etiam
2091 3152 2350 3222 apostolis
2371 3152 2480 3206 suis
2504 3152 2755 3221 dignatus
2771 3162 2853 3206 est
2874 3149 3054 3204 dicere
3076 3149 3214 3219 apud
3240 3147 3483 3202 homines

192 3227 368 3304 ipsos,
402 3237 493 3306 qui
523 3253 625 3293 nos
674 3247 731 3293 ut
761 3241 1013 3296 minimos
1062 3243 1357 3306 hominum,
1392 3243 1600 3299 scilicet
1639 3248 1790 3313 quasi
1822 3235 1866 3296 C
1898 3245 2226 3315 impossibile
2273 3244 2375 3300 hoc
2402 3261 2539 3308 esse,
2595 3244 2688 3298 sed
2733 3260 2838 3297 non
2870 3243 3013 3313 apud
3061 3243 3228 3296 Deum
3251 3283 3264 3307 ,
3295 3241 3349 3295 in
3377 3254 3484 3309 quo

193 3344 420 3397 granum
451 3330 673 3400 sinapis,
701 3332 838 3402 quod
869 3333 1136 3386 minimum
1164 3344 1240 3387 est
1277 3336 1529 3389 sentinam
1576 3335 1618 3399 ί,
1644 3337 1789 3388 fran-

195 3433 326 3488 gere
379 3428 669 3484 conantur,
713 3421 786 3489 ῖς)
833 3437 1069 3479 oramus.
1119 3423 1177 3478 Si
1198 3439 1329 3480 vero
1365 3427 1400 3480 ii
1450 3427 1542 3496 qui
1593 3425 1789 3482 deforis

197 3511 342 3575 sunt,
377 3511 642 3566 rationem
667 3527 698 3566 a
729 3521 782 3566 te
811 3514 981 3569 sancti
1011 3516 1191 3585 operis
1213 3517 1512 3587 inquirunt,
1540 3526 1594 3572 et
1628 3535 1791 3573 vene-

197 3608 350 3656 natas
379 3601 446 3656 de
471 3600 635 3658 corde
667 3603 911 3674 viperino
941 3605 1150 3675 linguas
1179 3608 1231 3662 in
1253 3623 1348 3664 eor
1375 3618 1526 3664 tuum
1550 3611 1788 3676 vibrant;

203 3689 307 3748 noli
350 3693 478 3748 dare
527 3705 763 3751 sanctum
795 3696 1042 3764 canibus,
1074 3710 1122 3754 et
1160 3701 1475 3772 margaritas
1523 3711 1642 3757 tuas
1686 3721 1789 3757 non

202 3785 447 3854 proﬁcias
477 3798 598 3842 ante
621 3805 802 3858 porcos
829 3790 873 3846 i.
909 3789 1035 3854 Qua:
1054 3794 1189 3846 enim
1220 3810 1344 3863 pars
1360 3793 1507 3863 ﬁdeli
1537 3811 1647 3848 cum
1670 3796 1790 3865 inﬁ-

204 3875 339 3930 deli?
382 3893 495 3945 qui:
532 3880 752 3935 societas
801 3883 904 3936 luci
945 3883 1014 3937 ad
1060 3883 1336 3939 tenebras?
1374 3902 1490 3956 qua:
1527 3888 1790 3942 conventio

208 3965 396 4024 Christi
435 3972 502 4024 ad
531 3970 700 4027 Belial
725 3971 789 4028 l‘?

281 4077 330 4131 9.
376 4077 450 4134 Tu
481 4097 610 4136 vero
637 4085 791 4140 miles
817 4084 1016 4140 Christi
1042 4095 1281 4142 armatus
1305 4089 1374 4143 ab
1401 4089 1666 4158 Apostolo
1695 4107 1789 4159 ga-

206 4172 286 4227 lea
311 4173 518 4242 salutis,
548 4186 598 4231 et
628 4177 791 4232 lorica
805 4180 1030 4248 institit!
1049 4219 1064 4246 ,
1089 4188 1138 4233 et
1175 4189 1321 4235 scuto
1355 4182 1500 4249 ﬁdei,
1530 4191 1580 4234 et
1618 4182 1793 4251 gladio

209 4267 451 4333 veritatis,
477 4281 525 4322 et
554 4273 739 4326 virtute
770 4273 1001 4343 Spiritus
1030 4275 1200 4328 sancti
1232 4271 1276 4341 ',
1307 4280 1388 4328 sta
1421 4275 1472 4327 in
1500 4275 1664 4330 armis
1686 4290 1792 4329 om-

211 4355 425 4414 lestibns
453 4369 728 4430 constans,
760 4372 816 4418 et
843 4365 944 4418 tela
968 4367 1163 4419 inimici
1202 4365 1483 4419 candentia
1511 4365 1660 4421 fonte
1704 4382 1791 4420 sa-

209 4448 416 4516 Pientiaa
447 4460 503 4506 et
525 4450 740 4510 nomine
760 4469 912 4526 aqua:
947 4457 1000 4510 in
1033 4465 1088 4512 te
1106 4458 1336 4512 viventis
1360 4459 1649 4530 exstingue.
1689 4457 1791 4512 De-

207 4546 427 4610 positum
469 4547 691 4617 custodi,
722 4549 877 4619 ﬁdem
906 4563 1070 4616 serva,
1103 4552 1365 4622 justitiam
1394 4561 1613 4617 sectare,
1651 4553 1790 4605 cari-

211 4641 364 4692 tatem
400 4638 598 4696 Christi
641 4649 799 4706 tene,
859 4644 1166 4712 patientiam
1201 4644 1474 4709 inmolare,
1519 4660 1700 4698 exerce
1747 4652 1793 4696 te

213 4731 370 4800 ipsum
393 4732 463 4787 ad
486 4735 728 4804 pietatem
753 4750 869 4806 qua
897 4735 967 4787 ad
1013 4736 1192 4791 omnia
1220 4736 1361 4790 utilis
1388 4744 1466 4790 est
1517 4753 1536 4790 ι
1589 4737 1793 4791 sobrius

1824 4602 1871 4662 υ

1893 3337 2240 3394 credentibus
2266 3337 2396 3391 nihil
2427 3337 2759 3406 impossibile
2788 3345 2871 3390 est
2899 3346 2944 3388 υ.

1966 3451 2052 3505 i0.
2098 3451 2317 3514 Verum,
2351 3459 2411 3504 ut
2439 3451 2670 3504 invicem
2700 3451 2749 3502 in
2778 3449 2955 3501 verbis
2983 3447 3194 3500 Domini
3240 3443 3483 3497 console-

1892 3559 2037 3612 mur,
2066 3552 2122 3598 et
2151 3545 2404 3613 operibus
2437 3541 2810 3612 proﬁciamus,
2843 3540 2926 3592 exi
2955 3540 3016 3591 de
3049 3547 3187 3589 terra
3215 3535 3293 3604 (d)
3322 3544 3410 3586 tua
3437 3541 3486 3585 es

1894 3639 1958 3691 de
1986 3638 2297 3708 cognatione
2329 3646 2413 3687 tua
2436 3645 2484 3698 τ,
2531 3643 2588 3688 ιιι
2620 3632 2888 3686 Abraham
2921 3619 3059 3685 fideli
3110 3630 3346 3683 imitatus
3390 3642 3486 3680 ex—

1895 3745 2050 3784 cessu
2084 3731 2148 3793 ‘9,
2179 3728 2338 3781 beato
2369 3727 2595 3780 Abrahae
2622 3726 2742 3780 sinu
2770 3723 2960 3792 dignus
2982 3725 3055 3777 sis
3095 3716 3139 3775 '1.
3165 3721 3378 3774 Festina
3407 3735 3484 3772 νος

1895 3820 2012 3874 nire
2039 3818 2107 3872 ad
2134 3834 2254 3882 nos,
2283 3819 2338 3872 in
2365 3832 2654 3872 commune
2683 3815 3064 3884 compendium
3093 3822 3412 3881 accepturus
3432 3820 3486 3864 et

1896 3909 2122 3967 daturus
2157 3910 2279 3965 fidei
2311 3909 2708 3981 supplementa.
2739 3904 2854 3963 Hoc
2887 3907 3029 3963 enim
3061 3914 3339 3976 acceptum
3389 3921 3484 3959 co—

1894 4019 2010 4058 ram
2044 3999 2152 4056 Deo
2184 4021 2197 4054 :
2229 3999 2353 4071 quia
2392 4010 2447 4056 et
2479 3999 2553 4070 (e)
2599 4005 2762 4069 frater
2800 4001 3017 4069 fratrem
3046 3997 3300 4066 adiuuans
3341 3996 3488 4050 exal-

1899 4096 2088 4148 tabitur
2117 4102 2165 4145 Y.
2192 4092 2298 4146 Nos
2320 4091 2482 4144 modo
2514 4093 2564 4144 in
2589 4090 2992 4151 Barcinonensi,
3019 4095 3078 4140 ut
3101 4094 3227 4138 ante
3254 4086 3488 4152 scripse-

1900 4199 2012 4236 ram
2047 4179 2283 4251 (Excidit
2315 4182 2419 4233 Iiwc
2450 4179 2714 4246 epistola),
2735 4178 2952 4230 civitate
2984 4175 3345 4230 consistimus.
3362 4171 3488 4227 Post

1899 4273 2016 4326 illas
2047 4272 2255 4324 litteras
2281 4269 2477 4339 quibus
2497 4268 2856 4337 rescripsisti,
2885 4267 2972 4322 die
3003 4265 3238 4331 Domini,
3261 4280 3370 4335 quo
3399 4279 3488 4318 na-

1898 4365 1976 4419 sci
2005 4379 2169 4418 carne
2196 4362 2444 4432 dignatus
2474 4369 2576 4427 est,
2601 4360 2881 4432 repentina
2902 4401 2917 4427 ,
2949 4370 3006 4414 ut
3036 4361 3150 4430 ipse
3193 4357 3345 4414 testis
3385 4363 3486 4422 est,

1900 4454 1952 4509 vi
1981 4455 2338 4509 multitudinis
2362 4455 2458 4525 (V.
2485 4470 2572 4524 ep.
2605 4454 2659 4522 2,
2711 4469 2765 4508 ιι.
2797 4453 2854 4522 2,
2885 4463 2938 4508 et
2967 4470 3055 4524 ep.
3090 4453 3141 4517 '5,
3191 4469 3244 4507 ιι.
3289 4449 3368 4521 4),
3397 4448 3488 4506 sed

1899 4546 2058 4601 credo
2088 4547 2253 4615 ipsius
2282 4545 2640 4611 ordinatione,
2673 4554 2987 4616 correptus,
3030 4553 3086 4600 et
3112 4543 3487 4614 presbyteratu

1899 4639 2138 4694 initiatus
2165 4656 2304 4704 sum,
2339 4638 2530 4706 fateor,
2561 4640 2788 4703 invitus,
2828 4655 2936 4693 non
2967 4637 3179 4694 fastidio
3208 4636 3312 4691 ioci
3341 4636 3486 4705 (nam

1899 4741 2068 4789 testor
2095 4733 2290 4802 ipsum,
2341 4732 2468 4801 quia
2515 4740 2571 4787 et
2613 4731 2681 4787 ab
2719 4731 2900 4786 aeditui
2948 4730 3167 4786 nomine
3209 4735 3266 4783 et
3309 4725 3486 4782 officio

277 4922 302 4950 ι
333 4912 441 4969 Tit.
475 4931 513 4984 ι,
546 4913 652 4979 16;
685 4905 726 4967 ll
777 4913 915 4984 Tim.
950 4931 1025 4978 Ill,
1087 4911 1137 4968 5.
1215 4911 1243 4952 δ
1275 4912 1402 4984 Luc.
1455 4931 1566 4984 va,
1596 4914 1649 4969 8.
1712 4911 1795 4984 _e_l

1898 4910 1975 4964 th.
2011 4905 2188 4984 κιρ-ες
2221 4906 2349 4984 Luc.
2383 4922 2453 4984 vn
2477 4947 2490 4969 ,
2526 4903 2615 4958 23.
2642 4904 2715 4984 md
2753 4903 2889 4984 P_s_al.
2945 4920 3132 4984 Ηυξ...
3154 4901 3230 4984 5..
3290 4910 3312 4938 ε
3343 4897 3486 4952 Psal.

213 4995 394 5050 ssxm,
439 4984 525 5038 tt.

608 4984 772 5040 {See
810 4981 972 5038 Psalt.
1028 4984 1184 5038 Rmn.
1265 4993 1290 5030 σ
1317 4983 1435 5038 Act.
1460 5001 1513 5052 ν,
1543 4983 1629 5037 41.

215 5049 327 5122 49η
371 5049 390 5107 l
422 5054 610 5109 Matth.
659 5069 751 5122 vn,
781 5054 832 5108 θ.
911 5054 932 5091 ι
967 5053 1006 5107 ll
1053 5055 1178 5108 Cor.
1212 5071 1263 5107 vr
1288 5089 1303 5118 ,
1340 5055 1424 5107 i4.

214 5119 248 5177 ll
279 5120 416 5180 Tim.
451 5138 490 5193 t,
521 5123 616 5190 i4:
651 5113 801 5185 ibid.,
828 5137 882 5191 tt,
917 5125 1020 5188 22;
1051 5124 1069 5176 Ι
1103 5125 1239 5178 Tim.
1274 5113 1346 5184 Iv,
1377 5124 1441 5190 8;
1473 5125 1513 5179 ll
1537 5113 1676 5178 Tiin.
1714 5139 1787 5183 Iv.
1815 5121 1881 5186 5;
1914 5113 2064 5182 ibid.,
2112 5118 2174 5179 8;
2225 5115 2382 5178 ibid.,
2435 5133 2510 5179 ιιι,
2544 5116 2597 5170 4.
2674 5125 2701 5152 ι·
2732 5116 2749 5168 l
2775 5115 2911 5169 Tim.
2937 5131 3012 5179 vt,
3043 5113 3095 5167 9.

214 5191 290 5249 I5.
370 5203 397 5247 ρ
428 5194 568 5251 Psal.
599 5207 743 5252 csln.
779 5196 831 5249 4.
909 5208 934 5245 ιι
961 5193 1155 5251 Johan.
1191 5209 1282 5255 xu,
1313 5196 1399 5248 ‘35.
1479 5193 1497 5219 '
1526 5194 1546 5249 Ι
1579 5196 1715 5250 Tim.
1742 5210 1813 5257 vt,
1848 5192 1929 5244 ii.
2011 5203 2030 5226 ³
2066 5189 2108 5243 ll
2134 5189 2270 5243 Tim.
2305 5205 2359 5249 ιι,
2395 5186 2485 5251 95,
2589 5186 2608 5257 i
2645 5183 2852 5257 Tim.ii,
2886 5185 2940 5249 4,
2971 5194 3026 5240 et
3058 5197 3095 5238 tv

214 5191 290 5249 25.
370 5203 397 5247 ρ
428 5191 568 5251 Psal.
599 5207 743 5252 cstn.
779 5196 831 5249 4.
909 5208 934 5245 ιι
961 5193 1155 5251 Johan.
1191 5209 1282 5255 xu,
1313 5196 1399 5248 ‘25.

1712 4982 1735 5020 δ
1762 4981 1904 5037 Psal.
1935 4996 2018 5042 xc,
2055 4979 2139 5032 15.

1512 5054 1697 5124 ’ίΕρΙι
1732 5069 1795 5112 vr.

1897 5069 1943 5124 1;,
1972 5041 2199 5124 Thfs.
2228 5046 2388 5124 v.3;
2439 5045 2593 5124 Rom.
2651 5059 2747 5124 xv,_
2775 5044 2884 5124 Διῒ).
2967 5054 3004 5082 ιιι
3043 5044 3075 5124 i
3094 5042 3334 5124 Titn.nvt,
3386 5041 3486 5100 ειη

2225 4978 2240 5014 ⁵
2277 4977 2464 5029 Matth.
2495 4987 2607 5040 xm,
2641 4975 2742 5039 3i;
2775 4975 2938 5029 Marc.
2973 4989 3045 5040 tv,
3077 4972 3173 5035 ὄις
3213 4971 3340 5025 Luc.
3378 4986 3486 5031 snt,

3177 5123 3201 5147 ο
3234 5111 3388 5165 Rom.
3451 5125 3486 5168 ι,

2011 5203 2030 5226 ⁸
2053 5180 2108 5243 ἸΙ
2134 5189 2270 5243 Tim.
2305 5205 2359 5249 tt,
2395 5186 2485 5251 95,
2589 5186 2608 5240 i
2645 5183 2780 5241 Tim.
2816 5203 2852 5250 ι,
2886 5185 2940 5249 4,
2971 5194 3026 5240 et
3058 5197 3126 5244 Iv.
3161 5183 3222 5244 7;
3268 5180 3370 5251 Tit.
3411 5195 3486 5243 ιιι,

215 5247 288 5316 9ζ
340 5270 359 5304 ι
399 5247 827 5332 catasta."
861 5275 884 5300 ιι
917 5247 1244 5330 mining;
1272 5247 1397 5320 '26;
1443 5277 1468 5308 τ
1500 5247 1864 5331 euinci,
1909 5277 2019 5318 see.
2071 5258 2238 5326 LXX;
2279 5247 2398 5313 Act.
2435 5247 2549 5322 vn,
2591 5256 2644 5312 δ.
2726 5267 2748 5293 ι
2784 5247 2932 5312 Lac.
2961 5273 3068 5322 xvi,
3102 5255 3187 5308 se.
3267 5261 3292 5297 ›·
3325 5247 3484 5301 Prov.

214 5348 352 5405 Xvnl,
399 5337 486 5393 i9.

385 5483 486 5564 sis.
513 5487 693 5561 Vter...
725 5488 1036 5564 blandientis
1065 5493 1240 5564 seculi.

304 5555 354 5633 5)
388 5561 529 5621 Edit.
555 5555 705 5620 Grin.
736 5565 792 5620 et
829 5563 1150 5618 Psalterium
1197 5557 1379 5626 Rom"
1428 5561 1690 5633 deﬁcient.
1739 5559 1796 5615 in

214 5631 403 5708 ceteris
429 5636 727 5708 psalterils,
774 5635 827 5690 in
860 5633 1084 5708 vulgata
1107 5667 1121 5696 ,
1154 5635 1208 5686 in
1230 5645 1371 5687 vers.
1405 5631 1502 5687 lat.
1549 5631 1710 5700 LXX,
1743 5641 1794 5685 et

215 5709 348 5778 apud
369 5703 447 5763 8.·
464 5703 836 5778 Augustinum,
865 5707 1183 5778 minuentur.

282 5779 353 5854 (ε)
381 5778 480 5838 Ms.
510 5774 666 5836 Vien.
694 5786 748 5834 et
776 5777 902 5834 edit.
935 5774 1113 5846 ατη,
1143 5789 1397 5829 curemus.

2000 5488 2058 5559 ά)
2087 5486 2191 5559 Sic?
2208 5483 2501 5559 mss.‘Reg_.
2535 5492 2592 5538 et
2619 5481 2772 5537 Vien.
2807 5480 2973 5559 Abest
2999 5487 3087 5559 tua
3107 5476 3174 5559 ab
3201 5473 3377 5559 editis.

2000 5544 2053 5630 e)'
2073 5559 2150 5613 Ita
2182 5557 2308 5626 legit
2342 5544 2600 5630 Paulinus
2626 5552 2895 5630 noster
2923 5549 3092 5630 epist.
3128 5545 3181 5610 6,
3213 5544 3368 5630 n._§,
3396 5561 3482 5615 ep.

1905 5633 1954 5689 3.
1984 5616 2043 5685 \n:
2094 5629 2146 5697 5',
2187 5616 2261 5685 et"
2284 5643 2372 5698 ep.
2404 5626 2490 5698 40,
2522 5644 2577 5681 n.
2625 5625 2676 5690 5,
2719 5639 2782 5679 ac
2825 5622 2882 5676 S.
2935 5616 3234 5689 Cyprianus
3279 5616 3371 5674 lib.
3411 5633 3482 5688 tv,

1905 5705 2061 5771 priet.
2098 5703 2147 5760 2,
2174 5697 2489 5754 circamed.
