4056 6358
565 393 671 450 159

1697 403 1749 459 S.
1794 397 2063 455 PAULINI
2104 395 2348 452 NOLANI
2389 394 2688 451 EPISCOPI

3734 381 3848 446 £66

562 510 742 578 optavi
773 524 980 570 sacram
1011 516 1246 587 incipere
1295 517 1654 585 servitutem),
1697 518 1791 571 sed
1824 525 1880 571 ut
1908 517 2014 571 alio
2045 515 2142 569 de-
2169 515 2222 578 Δ
2248 529 2402 583 nues,
2433 514 2595 570 corde
2623 513 2807 578 crassi,
2837 527 2931 568 ore
2961 512 3147 583 jejuni,
3171 521 3244 580 et,
3273 513 3414 568 sicut
3441 513 3700 582 scriptum
3725 522 3845 579 est,

561 599 810 668 stinatus,
855 604 1002 672 alibi,
1053 615 1110 660 ut
1136 607 1242 661 scis
1288 616 1470 661 mente
1516 607 1846 676 compositus
1871 615 1924 662 et
1972 607 2144 670 ﬁxus.

565 704 763 745 novum
785 693 1221 766 insperatumque
1249 697 1504 766 placitum
1531 697 1722 752 divinae
1743 698 2034 754 voluntatis
2061 713 2150 751 ex-

564 787 709 862 pavi.
730 785 863 842 Data
891 788 1053 858 igitur
1080 790 1290 845 cervice
1319 791 1371 844 in
1395 791 1580 860 jugum
1611 789 1807 846 Christi
1837 791 1992 847 video
2034 806 2149 845 ma-

563 885 684 956 jora
711 900 797 938 me
818 883 1022 938 meritis
1043 893 1096 938 et
1121 879 1368 938 sensibus
1415 899 1578 954 opera
1627 892 1858 940 tractare
1891 904 1902 936 :
1929 883 2150 954 jamque

565 977 778 1033 arcanis
820 985 875 1031 et
921 977 1286 1047 penetralibus
1323 977 1417 1032 Dei
1463 978 1656 1032 summi
1687 987 1963 1048 receptum
1993 986 2048 1032 et
2076 977 2151 1030 in-
2174 1030 2188 1042 ,

564 1077 769 1126 sertum
799 1068 1198 1124 communicare
1247 1069 1504 1134 caelestia,
1553 1077 1606 1124 et
1653 1069 1762 1124 Deo
1792 1070 2012 1140 propius
2051 1067 2147 1122 ad-

565 1165 775 1217 motum
804 1163 856 1216 in
891 1161 1082 1232 Spiritu
1131 1162 1248 1231 ipso
1275 1162 1470 1216 Christi
1502 1171 1555 1216 et
1597 1177 1826 1231 corpore
1873 1171 1926 1215 et
1965 1162 2148 1231 splen-

565 1251 700 1307 dore
727 1251 949 1306 versari.
982 1251 1082 1304 Vix
1112 1251 1286 1306 adhuc
1329 1252 1656 1307 intellectum
1683 1267 1848 1307 sacra:
1872 1251 2028 1305 molis
2054 1266 2149 1306 ca-

565 1342 658 1412 pio
688 1342 883 1396 mentis
908 1343 1192 1410 angustiis,
1221 1351 1276 1397 et
1306 1359 1442 1398 onus
1489 1345 1726 1398 muneris
1754 1344 1860 1399 mei
1900 1345 2149 1399 conscius

567 1431 890 1487 inﬁrmitatis
929 1434 1215 1500 horresco;
1253 1435 1345 1489 sed
1388 1435 1432 1488 is
1465 1436 1556 1506 qui
1587 1437 1897 1506 sapientiam
1924 1437 2152 1505 parvulis

566 1525 740 1590 dedit,
774 1534 823 1579 et
845 1543 908 1580 ex
938 1544 1026 1580 ore
1053 1529 1336 1598 infantium
1362 1537 1514 1598 atque
1549 1529 1844 1582 lactentium
1879 1528 1925 1559 '°
1954 1529 2154 1598 perﬁcit

565 1615 771 1668 laudem
811 1617 908 1668 sibi
932 1625 977 1678 α,
1006 1625 1200 1686 potens
1221 1626 1303 1671 est
1328 1618 1378 1670 in
1404 1633 1487 1670 me
1508 1618 1668 1671 eliam
1691 1634 1826 1686 opus
1852 1635 2004 1672 suum
2028 1617 2151 1688 pcr-

566 1704 727 1760 ﬁcere
755 1713 809 1760 et
840 1723 1032 1761 munus
1082 1723 1295 1772 ornare,
1343 1715 1401 1761 ut
1444 1723 1502 1760 se
1529 1707 1746 1776 dignum
1777 1708 1955 1775 faciat,
1987 1724 2148 1778 quem

571 1798 638 1851 ab
664 1799 881 1866 indigno
903 1799 1134 1852 vocavit.
1169 1799 1317 1854 Scito
1359 1808 1538 1854 tamen
1568 1801 1678 1854 voti
1707 1802 2027 1868 communis,
2059 1817 2154 1856 eo-

2251 617 2450 661 ventres
2478 609 2616 678 pigri
2650 608 2713 660 εἳ
2748 605 2946 660 Verum
2995 606 3097 661 etsi
3126 606 3375 661 omnibus
3402 605 3566 660 rebus
3612 603 3846 659 inferio-

2251 712 2357 764 res,
2387 705 2568 751 tamen
2607 697 2802 753 caritas
2849 697 2964 752 sola
3010 713 3108 752 nos
3133 698 3287 753 vobis
3315 705 3532 767 praestat
3577 696 3844 766 aequales.

2254 789 2535 843 Dilectioni
2564 789 2705 843 enim
2727 805 2887 858 quam
2916 789 2968 843 in
2999 805 3096 844 nos
3115 789 3343 853 habetis,
3373 789 3486 859 pari
3516 796 3697 841 mente
3717 803 3847 842 cer-

2253 890 2428 936 tamus
2459 898 2475 937 :
2503 896 2622 951 quae
2646 881 2861 950 quidem
2890 883 3184 937 visceribus
3213 881 3411 936 nostris
3449 881 3631 947 insita,
3672 889 3724 934 et
3756 880 3845 932 af-

2254 972 2358 1028 ﬁxa
2390 973 2725 1044 prazcordiis,
2756 982 2811 1028 et
2843 974 3034 1028 anima:
3072 974 3172 1044 ipsi
3203 973 3468 1043 permixta
3517 981 3600 1027 est
3646 972 3843 1040 spiritu

2255 1064 2488 1132 Domini,
2519 1067 2604 1134 qui
2631 1064 2864 1120 habitare
2884 1067 3009 1138 facit
3032 1067 3181 1119 unius
3211 1066 3369 1118 moris
3397 1066 3448 1118 in
3479 1064 3631 1117 domo
3668 1061 3710 1127 ί,
3744 1063 3843 1131 qui

2253 1159 2535 1212 innumera
2583 1159 2913 1213 credentium
2952 1159 3116 1212 millia
3161 1173 3269 1212 uno
3317 1156 3480 1211 corde
3523 1157 3842 1221 connectit,

2254 1249 2378 1318 quia
2410 1264 2545 1303 unus
2574 1249 2748 1303 omnia
2777 1251 2830 1303 in
2870 1248 3105 1304 omnibus
3136 1248 3210 1320 (b)
3243 1247 3552 1318 adimpletur
3575 1258 3621 1302 8.

2325 1341 2380 1396 2.
2421 1341 2572 1396 Nunc
2619 1343 2744 1397 huic
2789 1341 3017 1396 Domino
3064 1341 3266 1412 placuit
3315 1341 3364 1394 in
3395 1356 3522 1394 vase
3551 1339 3703 1394 ﬁctili
3751 1353 3845 1407 po-

2257 1447 2386 1487 nere
2415 1433 2725 1488 thesaurum
2754 1449 2907 1487 suum
2925 1435 2970 1499 ιι,
2989 1433 3059 1504 (c)
3084 1433 3168 1504 qui
3194 1450 3274 1486 me
3295 1434 3487 1486 vocavit
3510 1449 3602 1501 per
3616 1432 3843 1502 gratiam

2257 1541 2404 1578 suam
2433 1523 2475 1590 ί,
2502 1527 2756 1578 suscitans
2783 1525 2847 1578 de
2877 1533 3012 1578 terra
3049 1527 3250 1592 inopem
3272 1566 3285 1590 ,
3319 1533 3367 1577 et
3401 1525 3463 1577 de
3495 1533 3721 1577 stercore
3742 1523 3843 1574 eri.

2258 1635 2382 1688 gens
2408 1636 2711 1690 pauperem,
2745 1630 2800 1672 ut
2840 1619 3114 1673 collocaret
3153 1637 3266 1673 cum
3309 1619 3625 1691 principibus
3667 1619 3843 1688 populi

2259 1711 2337 1762 sui
2372 1710 2416 1774 l,
2465 1717 2519 1763 et
2548 1709 2690 1762 inter
2731 1709 3039 1764 sacerdotes
3068 1710 3315 1764 indueret
3360 1711 3596 1764 salutare
3625 1708 3648 1745 ¹ί
3683 1712 3702 1740 ²
3731 1728 3742 1760 :
3787 1718 3842 1761 ut

2263 1797 2388 1852 dum
2419 1815 2577 1853 curro
2627 1801 2677 1853 in
2725 1800 2945 1854 odorem
2994 1809 3384 1868 unguentorum
3426 1799 3610 1868 ejusl,
3659 1800 3841 1854 ﬁerem

575 1886 696 1940 dem
726 1885 953 1942 Domino
983 1898 1288 1957 praestante,
1323 1889 1520 1946 salvam
1553 1905 1669 1944 esse
1698 1893 1958 1944 rationem
1988 1910 1999 1943 :
2031 1907 2152 1945 nam
2185 1897 2232 1957 B
2260 1898 2409 1958 gutta
2448 1890 2563 1958 ejus
2612 1893 2866 1958 unguenti
2909 1892 3046 1963 quod
3093 1892 3354 1945 descendit
3383 1893 3438 1944 in
3492 1890 3706 1944 barbam
3740 1893 3841 1943 Aa-

573 1993 637 2032 ea
666 1979 973 2034 conditione
1009 1979 1065 2033 in
1099 1980 1479 2036 Barcinonensi
1511 1983 1550 2012 "
1586 1981 1822 2036 Ecclesia
1854 1983 2154 2038 consecrari

569 2069 829 2126 adductus
857 2080 1082 2143 sumhut
1111 2071 1211 2140 ipsi
1241 2072 1478 2126 ecclesia:
1521 2089 1628 2127 non
1676 2073 1944 2140 alligarer,
1976 2073 2028 2126 in
2055 2072 2152 2143 (V.

574 2170 688 2216 not.
721 2162 777 2233 5)
806 2128 1162 2217 sacerdhtium
1217 2171 1421 2218 tantum
1471 2163 1701 2229 Domini,
1754 2179 1860 2218 non
1889 2165 2052 2218 etiam
2099 2165 2154 2219 in

569 2253 746 2309 locum
775 2255 1014 2310 ecclesite
1042 2255 1337 2310 dedicatus.

569 2355 599 2377 ι’
643 2347 730 2403 ll.
771 2347 910 2403 Veni
938 2348 1117 2416 igitur,
1146 2350 1192 2404 si
1221 2349 1417 2418 placet,
1452 2358 1577 2404 ante
1605 2348 1832 2418 Pascha,
1881 2349 2024 2420 quod
2052 2365 2157 2405 no-

570 2439 652 2496 bis
681 2439 917 2508 optatius
942 2448 1046 2506 est,
1077 2448 1135 2494 ut
1165 2455 1345 2496 sacras
1393 2439 1553 2494 ferias
1583 2457 1669 2495 me
1715 2444 1998 2496 sacerdote
2026 2457 2158 2496 con-

570 2529 813 2586 celebres
842 2547 854 2582 :
887 2530 1031 2600 quod
1061 2531 1105 2584 si
1131 2529 1242 2599 jam
1272 2531 1339 2585 ad
1368 2531 1572 2586 itineris
1601 2532 1896 2601 ingressum
1926 2531 2160 2602 prepitio

569 2619 681 2676 Deo
715 2622 797 2675 vis
825 2637 1128 2684 occurrere,
1179 2630 1303 2691 post
1354 2621 1556 2677 Pascha
1600 2624 1651 2676 in
1698 2625 1914 2678 nomine
1961 2621 2159 2677 Christi

567 2712 930 2782 proﬁciscere.
955 2712 1061 2768 Sed
1097 2713 1366 2768 credimus
1414 2715 1466 2768 in
1516 2714 1746 2770 Domino
1796 2725 1999 2782 nostro,
2033 2716 2156 2785 quia

569 2804 666 2858 tibi
714 2805 768 2858 in
815 2804 1135 2859 desiderium
1178 2806 1346 2859 nostri
1392 2806 1705 2875 ﬂagrantius
1746 2808 2046 2878 inspirabit,
2091 2823 2160 2862 ne

489 2909 500 2916 '
570 2894 708 2949 ultra
739 2893 942 2949 Pascha
976 2903 1216 2965 tempora
1244 2896 1310 2950 ad
1341 2913 1440 2952 nos
1471 2906 1558 2952 tua
1599 2899 1842 2968 proferre
1871 2902 2154 2968 sustineas.

573 2980 679 3040 Iter
708 2994 963 3054 quantum
993 2988 1061 3042 sit
1091 2997 1145 3042 et
1173 3004 1306 3057 puer
1338 2991 1708 3044 unanimitatis
1750 2999 1852 3044 tute
1880 2991 2155 3046 renuntia-

571 3073 673 3142 bit,
702 3077 795 3146 qui
837 3077 902 3132 ad
943 3093 1042 3133 nos
1070 3078 1136 3133 de
1167 3077 1264 3148 (V.
1293 3088 1404 3134 not.
1430 3078 1483 3151 4)
1530 3079 1764 3136 Elusone
1796 3083 1907 3152 (ιι),
1945 3091 2157 3150 octava,

572 3174 630 3220 ut
657 3169 906 3236 asseruit,
936 3169 1054 3224 luce
1083 3172 1327 3240 pervenit
1359 3189 1371 3222 :
1396 3179 1504 3224 tam
1535 3171 1712 3226 brevis
1741 3173 1883 3227 enim
1915 3182 1968 3227 et
1990 3173 2158 3229 facilis

2261 1998 2355 2034 ron
2378 1991 2436 2034 ιη.
2466 1979 2522 2034 1η
2547 1980 2698 2049 cujus
2717 1981 2877 2036 domo
2899 1982 3227 2036 domesticus
3257 1979 3371 2036 ﬁeri
3392 1990 3440 2045 ι’,
3465 1990 3520 2036 et
3549 1980 3843 2034 benedicere

2261 2071 2541 2126 Dominum
2586 2072 2650 2125 de
2688 2073 2914 2142 fontibus
2959 2072 3128 2126 Israel
3153 2082 3199 2140 τ’,
3232 2088 3351 2126 cum
3383 2087 3479 2142 pro
3527 2072 3840 2126 meritorum

2259 2182 2504 2221 meorum
2535 2167 2861 2221 conscientia
2891 2181 3226 2230 recusarem,
3261 2166 3345 2220 vel
3382 2166 3562 2234 potius
3595 2181 3700 2219 non
3752 2181 3840 2217 au-

2260 2258 2443 2312 derem
2475 2259 2733 2328 recipere,
2767 2275 2858 2328 ego
2893 2259 3096 2322 vermis,
3129 2265 3297 2311 etnon
3331 2257 3479 2310 homo
3507 2267 3529 2305 P
3549 2273 3563 2321 ;
3587 2256 3640 2309 vi
3669 2255 3840 2309 subita

2263 2348 2359 2418 (V.
2393 2364 2478 2418 ep.
2512 2348 2642 2423 l,n.
2682 2349 2788 2418 10),
2815 2349 3028 2410 invitus,
3061 2347 3202 2416 quod
3231 2346 3422 2413 fateor,
3455 2345 3769 2410 adstrictus,
3791 2352 3842 2398 et

2261 2441 2604 2496 multitudine
2635 2441 3001 2510 strangulante
3029 2439 3338 2509 compulsus
3361 2479 3376 2503 ,
3403 2438 3649 2507 quamvis
3680 2451 3838 2506 cupe-

2263 2549 2375 2589 rem
2423 2533 2643 2588 calicem
2695 2533 2866 2602 ipsum
2915 2547 2944 2585 a
2993 2547 3080 2585 me
3110 2531 3360 2594 transire,
3407 2538 3587 2583 tamen
3621 2541 3841 2582 necesse

2263 2625 2422 2679 habui
2453 2625 2632 2679 dicere
2661 2624 2890 2679 Domino
2917 2643 2927 2676 :
2969 2622 3156 2676 Verum
3197 2639 3298 2677 non
3330 2638 3441 2675 mea
3471 2620 3732 2685 voluntas,
3757 2619 3842 2672 sed

2265 2725 2351 2768 tua
2391 2717 2487 2786 ﬁat
2513 2726 2575 2782 <1;
2625 2731 2746 2770 cum
2803 2714 3098 2784 pnesertirn
3143 2714 3313 2782 ipsum
3355 2713 3419 2766 de
3458 2728 3515 2766 se
3561 2711 3836 2766 Dominum

2263 2806 2462 2862 dixisse
2490 2807 2723 2875 legerem
2757 2823 2770 2857 :
2796 2803 2966 2858 Filius
2993 2805 3213 2858 hominis
3241 2800 3507 2857 non'venit
3536 2803 3834 2867 ministrari,

2263 2899 2352 2953 sed
2381 2900 2680 2952 ministrare
2709 2909 2751 2950 τ.
2786 2896 3050 2950 Prmventi
3081 2896 3134 2965 9
3162 2897 3324 2964 igitur
3351 2911 3382 2949 a
3410 2893 3662 2958 Domino,
3687 2902 3738 2947 et
3758 2907 3837 2962 ap-

2265 2991 2516 3062 prehensi
2543 2992 2610 3045 ab
2639 3005 2704 3044 eo
2735 3004 2896 3058 quem
2945 2987 3171 3043 necdum
3211 2985 3692 3057 apprehendimus,
3747 2983 3836 3037 de-

2263 3086 2525 3140 servimus
2553 3083 2745 3138 altario
2777 3084 2796 3114 ³
2828 3082 2939 3147 Dei,
2973 3088 3028 3136 et
3074 3080 3272 3134 mensis
3319 3077 3648 3133 salutaribus
3689 3075 3835 3131 mini-

2263 3188 2498 3234 stramus
2522 3177 2632 3245 jam
2661 3177 2879 3232 nomine
2911 3173 3196 3242 olﬁcioque
3221 3173 3238 3244 (
3255 3173 3315 3226 V.
3345 3181 3458 3226 not.
3491 3169 3544 3240 5)
3575 3171 3831 3235 seniores,

573 3258 658 3312 Via
689 3269 788 3325 εει,
811 3263 867 3331 8
893 3268 951 3314 ιιι
997 3277 1098 3316 nec
1139 3262 1189 3315 in
1221 3261 1477 3333 Pyrenaeo
1527 3263 1691 3316 ardua
1719 3264 1809 3331 Sil,
1837 3264 1928 3333 (Illi
1953 3265 2158 3320 Narbo-
2186 3274 2231 3337 C
2263 3288 2427 3327 sensu
2456 3280 2633 3325 autem
2665 3269 2839 3323 adhuc
2871 3267 3100 3337 parvuli,
3123 3274 3177 3320 et
3197 3279 3444 3318 sermone
3474 3264 3736 3317 lactentes
3756 3272 3775 3297 -'
3796 3263 3833 3314 ⁵.

579 3352 734 3408 nensi
763 3352 829 3406 ad
860 3351 1140 3422 Hispanias
1167 3367 1327 3422 agger
1356 3357 1422 3423 “,
1453 3370 1648 3409 nomen
1679 3357 1847 3424 magis
1868 3372 2031 3426 quam
2068 3355 2158 3426 ju-

573 3457 703 3512 gum
753 3447 1083 3512 horrendus,
1127 3447 1427 3516 interjacet.
1465 3447 1659 3503 Verum
1699 3449 1826 3518 quid
1873 3450 1940 3504 de
1987 3451 2162 3520 spatio

573 3539 782 3608 agimus
807 3540 886 3593 "?
915 3541 957 3594 si
985 3556 1082 3595 nos
1111 3540 1404 3603 desideras,
1436 3542 1521 3595 via
1564 3541 1744 3597 brevis
1769 3551 1878 3608 est;
1913 3543 2091 3612 longa,
2117 3543 2161 3598 si

579 3630 823 3698 negligis.

1125 3723 1452 3779 EPISTOLA
1479 3728 1494 3745 ‘
1543 3726 1606 3779 ll.

579 3810 808 3888 Nuntiat
848 3815 1085 3888 Amantio
1125 3817 1445 3888 presbytero,
1482 3819 1567 3888 qui
1605 3825 1783 3882 postea
1820 3818 1872 3870 in
1904 3816 2165 3888 Burdega-

649 3884 776 3938 lcnsi
801 3887 1096 3957 episcopatu
1137 3884 1377 3939 successit
1409 3886 1469 3938 S.
1497 3884 1803 3957 Delphina,
1853 3904 1906 3941 se
1951 3884 2161 3940 inritum

647 3955 965 4008 sacerdotem
987 3965 1212 4009 creatum
1239 3973 1254 4008 :
1279 3965 1327 4008 et
1355 3955 1692 4027 sacerdotalis
1733 3959 1959 4011 muneris
1989 3967 2162 4027 partes

647 4027 997 4096 perstringens
1017 4043 1209 4100 ,AOpem
1248 4027 1359 4100 ejus
1389 4036 1436 4100 e_t
1466 4024 1742 4100 Delphini,
1782 4044 1872 4094 per
1900 4024 2025 4100 quos
2054 4027 2162 4082 Deo

647 4105 803 4148 natus
831 4107 960 4160 erat,
985 4098 1053 4150 ad
1081 4114 1169 4150 eas
1203 4097 1486 4167 explendas
1507 4098 1768 4167 implorat.

681 4207 908 4263 Domino
936 4209 1087 4263 fratri
1114 4209 1461 4265 dilectissimo
1490 4211 1735 4278 Amano.
1766 4209 2049 4268 quua'us.

648 4297 775 4354 Post
815 4309 1026 4370 tempus
1075 4304 1380 4370 accepimus
1422 4304 1437 4334 ¹
1491 4304 1697 4357 litteras
1739 4304 2038 4358 dilectionis
2067 4320 2153 4358 ve-

579 4400 737 4457 strm;
770 4393 862 4446 sed
891 4408 999 4460 quo
1024 4394 1223 4448 diutius
1247 4395 1579 4460 desideratte,
1613 4397 1717 4449 hoc
1746 4396 1951 4448 avidius
1991 4411 2020 4448 a
2061 4412 2161 4450 no-

579 4481 662 4536 bis
688 4491 948 4551 susccptm
976 4493 1101 4537 sunt
1135 4502 1147 4534 :
1179 4499 1302 4537 nam
1332 4492 1386 4538 et
1411 4501 1544 4555 aqua
1587 4485 1781 4554 frigida
1823 4487 2018 4538 sitienti
2049 4487 2186 4538 dul--

581 4570 789 4638 cior,'et
818 4575 1025 4626 nuntius
1055 4574 1219 4628 bonus
1247 4573 1310 4626 de
1332 4583 1471 4628 terra
1515 4575 1794 4645 longinqua
1831 4573 1856 4613 δ
1882 4575 2166 4643 jucundior

2333 3365 2385 3418 5.
2419 3363 2571 3430 Quod
2599 3361 2950 3415 ministerium
2996 3366 3054 3412 ut
3104 3359 3239 3411 bene
3280 3355 3600 3419 ministrent,
3628 3361 3682 3407 et
3713 3366 3838 3421 gra-

2263 3457 2390 3511 dum
2426 3455 2624 3509 bonum
2654 3452 2788 3507 mihi
2817 3451 3112 3520 acquiram,
3145 3455 3198 3502 et
3227 3447 3391 3501 sciam
3421 3445 3656 3514 qualiter
3683 3457 3840 3512 opor-

2264 3557 2377 3604 teat
2411 3562 2497 3602 me
2527 3546 2580 3600 in
2610 3546 2771 3599 domo
2801 3543 2894 3597 Dei
2923 3539 3250 3604 conversari,
3283 3547 3338 3592 et
3380 3544 3616 3591 tractare
3644 3541 3841 3606 myste-

2264 3645 2400 3698 rium
2430 3640 2665 3712 pietatis,
2693 3647 2748 3692 tu
2771 3637 2993 3690 Domine
3015 3632 3352 3696 venerabilis,
3387 3639 3440 3684 et
3469 3630 3657 3695 frater,
3693 3628 3769 3697 (Δ)
3796 3633 3846 3680 et

2266 3735 2490 3789 Domine
2520 3733 2574 3786 in
2596 3730 2811 3784 Christo
2835 3727 3007 3792 nobis,
3034 3741 3128 3780 ora
3152 3724 3434 3779 Dominum
3458 3722 3510 3775 in
3538 3719 3688 3776 omni
3710 3721 3846 3774 bono

2266 3826 2488 3880 divitem
2521 3826 2540 3859 ί
2575 3831 2633 3877 ιιι
2663 3821 2975 3874 abundemus
3004 3817 3134 3888 ﬁde,
3166 3825 3214 3870 et
3248 3830 3494 3878 sermone,
3525 3820 3572 3864 et
3612 3811 3847 3875 scientia,

2265 3931 2314 3975 et
2342 3920 2480 3975 omni
2501 3916 2863 3977 sollicitudine,
2890 3922 2936 3966 et
2961 3913 2980 3942 ⁸
3001 3913 3208 3981 insuper
3235 3917 3402 3962 vestra
3423 3908 3475 3960 in
3500 3923 3593 3958 nos
3613 3905 3847 3964 caritate,

2266 4023 2320 4067 ut
2339 4022 2386 4067 et
2407 4015 2459 4066 in
2485 4013 2578 4064 hac
2619 4010 2788 4082 gratia
2829 4006 3094 4059 abundetis
3115 4012 3162 4056 υ.
3189 4001 3452 4056 Praeterea
3481 4001 3591 4068 ipse
3613 3996 3850 4067 epistolis

2268 4108 2373 4161 tuis
2402 4121 2502 4160 nos
2531 4119 2671 4172 saepe
2703 4103 2904 4156 instrue
2934 4097 3250 4152 necessariis
3277 4092 3667 4164 supplementis
3695 4108 3706 4142 :
3732 4107 3852 4143 enu-

2269 4201 2421 4253 tritus
2450 4198 2593 4252 enim
2625 4191 2943 4248 sermonibus
2973 4189 3094 4260 ﬁdei
3125 4198 3173 4242 et
3205 4188 3352 4242 bonte
3400 4187 3672 4251 doctrinm,
3705 4199 3850 4255 quam

2267 4310 2296 4348 a
2327 4308 2493 4363 puero
2524 4291 2576 4344 in
2607 4287 2775 4343 sacris
2805 4283 3020 4339 Litteris
3039 4283 3337 4336 subsecutus
3358 4296 3410 4334 es
3433 4288 3480 4342 ν,
3506 4276 3742 4330 informa
3759 4289 3853 4328 nos

2268 4386 2332 4439 ad
2356 4385 2592 4452 regulam
2621 4379 2950 4441 directionis,
2982 4392 3142 4446 pasce
3170 4391 3268 4428 nos
3303 4372 3531 4443 spiritali
3560 4371 3687 4426 cibo
3719 4379 3770 4436 ι,
3801 4364 3849 4421 id

2269 4484 2352 4529 cst
2380 4474 2545 4527 verbo
2574 4471 2703 4538 Dei,
2733 4471 2823 4538 qui
2853 4478 2934 4524 est
2961 4482 3122 4523 verus
3158 4474 3213 4520 et
3237 4467 3424 4519 vivens
3450 4463 3606 4534 panis
3635 4472 3686 4526 θ’,
3721 4469 3774 4516 et
3803 4461 3852 4513 in

2269 4581 2377 4635 quo
2404 4563 2572 4630 magis
2600 4577 2759 4631 quam
2790 4563 2842 4615 in
2869 4575 3009 4630 pane
3035 4559 3233 4613 vivitur
3258 4568 3279 4594 ι
3308 4576 3321 4610 :
3346 4556 3598 4627 quoniam
3631 4554 3750 4623 ipse
3777 4558 3856 4606 est

581 4668 694 4724 est;
725 4662 796 4716 ita
825 4671 880 4718 et
908 4665 1172 4718 sermonis
1203 4665 1365 4719 vestri
1406 4642 1640 4719 suavitas
1665 4642 2012 4735 impinguavit
2041 4683 2161 4722 ossa
2194 4642 2244 4700 Ῑ)
2271 4675 2390 4715 esca
2417 4659 2683 4727 justorum
2723 4655 2814 4724 qui
2844 4670 2908 4708 ex
2941 4652 3043 4707 ﬁde
3070 4653 3258 4707 vivunt
3286 4661 3365 4704 ει.
3398 4649 3506 4704 Nec
3531 4649 3658 4702 hinc
3686 4646 3854 4714 negli—

581 4760 765 4807 nostra
793 4764 838 4821 °,
870 4763 924 4809 et
945 4755 1173 4808 animam
1199 4757 1503 4810 esurientem
1537 4758 1743 4811 satiavit
1769 4759 1914 4812 bonis
1945 4755 1992 4812 τ’.
2025 4758 2164 4826 Quid

584 4860 685 4900 nos
714 4845 907 4900 talibus
953 4846 1172 4916 dignum
1222 4846 1510 4904 reddemus
1556 4850 1805 4920 eloquiis,
1837 4851 2051 4919 ingenio
2091 4860 2170 4907 te-

653 4989 678 5018 ·
711 4980 853 5038 Psal.
888 4999 1032 5048 xvm,
1065 4984 1117 5051 8,
1144 4995 1198 5040 et
1222 5002 1329 5053 vm,
1356 4986 1406 5040 5.
1485 4986 1513 5024 δ
1538 4985 1698 5042 Prov.
1734 5003 1860 5050 xxv,
1911 4985 1999 5041 25.

581 5063 722 5124 van
749 5094 762 5116 ,
799 5053 850 5108 7.
928 5065 952 5102 8
983 5055 1117 5124 Eph.
1150 5074 1186 5120 ι,
1217 5056 1306 5110 25.
1385 5055 1411 5093 δ
1443 5056 1485 5111 ll
1516 5056 1641 5112 Cor.
1674 5074 1742 5122 iv,
1780 5057 1828 5110 7.

584 5132 621 5163 ρο
649 5121 736 5176 Ps.
757 5140 964 5197 cxxxu,
986 5121 1043 5197 2:
1118 5135 1143 5162 η
1173 5127 1307 5197 Eph.
1345 5146 1402 5196 ιι,
1433 5127 1518 5182 19.

912 5204 932 5232 τ
960 5196 1146 5250 Matth.
1172 5196 1262 5260 xx,
1296 5198 1383 5254 28.

820 5275 845 5303 ι
879 5266 1034 5321 Deut.
1070 5284 1176 5333 vin,
1209 5268 1262 5322 5.
1340 5280 1367 5318 γ
1389 5269 1579 5324 Matth.
1611 5286 1683 5337 IV,
1715 5268 1766 5322 4.

589 5208 715 5259 txu,
743 5192 830 5248 42.

583 5278 654 5328 LV,
688 5266 742 5318 6.

2081 4999 2102 5025 ε
2147 4986 2303 5041 Prov.
2355 5000 2443 5048 xv,
2490 4979 2576 5035 50.
2653 4977 2679 5016 ά
2710 4971 3104 5048 Psal._c_vr,_9.

1919 5057 1932 5094 ί
1965 5056 2084 5112 Gal.
2114 5055 2263 5125 1,15.

1599 5137 1622 5163 °
1648 5127 1733 5182 Ps.
1761 5144 1922 5195 vau,
1953 5129 2043 5181 27.,
2119 5122 2146 5177 ιι
2187 5127 2327 5181 Psal.
2366 5141 2472 5189 χιιι,
2507 5122 2557 5174 7.

1463 5207 1484 5233 ⁸
1518 5199 1538 5252 Ι
1567 5198 1691 5253 Cor.
1729 5215 1832 5264 xiv,
1866 5199 1963 5263 20;
2004 5199 2022 5252 l
2055 5199 2190 5252 Tim.
2239 5213 2316 5265 Ill,
2346 5195 2433 5249 l5.

1463 5271 1579 5323 ιιιιι.
1611 5286 1683 5323 ιν.
1715 5268 1766 5322 4.
1849 5279 1870 5306 ι
1904 5267 2033 5323 Luc.
2063 5286 2135 5323 iv.
2167 5269 2218 5322 4.
2298 5277 2354 5304 ει·
2384 5265 2433 5318 R

1948 5286 2033 5325 uc.
2063 5286 2135 5336 iv,
2167 5286 2218 5322 λι.

2271 4750 2482 4820 gentior
2523 4748 2596 4802 sis
2642 4747 2783 4800 circa
2829 4743 3243 4799 sollicitudinem
3295 4741 3648 4796 institutionis
3699 4753 3851 4800 mese,

2274 4845 2418 4917 quod
2463 4844 2582 4898 loco
2605 4839 2879 4902 Ecclesize,
2913 4854 3018 4892 non
3049 4845 3228 4892 tamen
3257 4850 3485 4905 corpore
3513 4847 3854 4904 separamur;

3187 4983 3210 5010 ε
3243 4971 3349 5027 Tit.
3401 4987 3451 5038 ι,
3500 4969 3584 5025 l2.
3669 4968 3854 5024 fPsal.

2869 5044 2890 5082 ¹ί
2922 5044 3064 5098 Psal.
3098 5060 3279 5110 cxxxl,
3323 5041 3410 5094 16.
3495 5041 3506 5078 ¹
3541 5041 3700 5096 Cant.
3730 5059 3765 5102 ι,
3805 5039 3854 5091 5.

2345 5055 2357 5105 i
2399 5053 2540 5106 Psal.
2582 5066 2706 5113 cxu,
2739 5049 2788 5099 '7.

2636 5132 2661 5168 «ι
2696 5111 2886 5172 Matth.
2924 5131 3043 5169 xxvi
3068 5156 3082 5178 ,
3126 5114 3222 5178 42;
3267 5113 3402 5166 Mar.
3433 5129 3541 5178 xrv,
3574 5111 3680 5170 56;
3728 5111 3853 5164 Luc.

2517 5195 2533 5229 ί
2570 5191 2728 5244 Rom.
2773 5185 2828 5252 x,
2860 5186 2947 5239 η.
3022 5184 3122 5237 ιε11
3151 5183 3277 5240 Cor.
3311 5199 3422 5246 VIII,
3471 5183 3523 5234 7.
3601 5192 3628 5219 τ
3662 5181 3681 5234 I
3716 5180 3851 5234 Tim.

2298 5261 2354 5304 δι·
2384 5265 2542 5319 Rom.
2573 5279 2609 5325 ι,
2644 5261 2728 5313 17.

658 5381 673 5397 ⁹
706 5378 851 5433 Alias
880 5379 981 5446 25;
1021 5395 1140 5450 qua:
1180 5389 1358 5436 autem
1403 5381 1439 5434 2
1480 5391 1614 5448 erat,
1647 5397 1790 5436 nunc
1812 5380 1899 5434 24.
1931 5380 2140 5452 Scripta
2173 5395 2314 5435 anno
2343 5375 2446 5432 594
2477 5375 2529 5429 in
2559 5370 2784 5428 exordio
2813 5369 3230 5440 presbyteratus,
3271 5364 3488 5421 circiter
3517 5360 3745 5416 Pascha.

659 5491 734 5564 (κα)
765 5492 861 5549 Ms.
894 5494 1075 5562 Vien.,
1107 5493 1367 5562 Clusione,
1389 5493 1663 5557 mendose.
1687 5509 1785 5564 pro
1815 5492 2081 5558 Elusione,
2113 5504 2171 5549 ut

517 5620 521 5624 _
589 5561 642 5614 in
672 5563 946 5635 Itinerario
969 5561 1368 5635 Burdegalensi.

666 5632 740 5701 (b)
767 5633 842 5687 Ita
874 5632 1196 5704 Vulgata’ét
1227 5652 1354 5692 mss.
1396 5633 1530 5702 Reg.
1583 5643 1638 5689 et
1667 5634 1848 5700 Vien.,
1903 5649 1930 5686 a
1979 5634 2170 5702 quibus

593 5703 744 5774 abest
759 5703 1012 5772 particula
1031 5707 1096 5762 Ut
1121 5707 1272 5762 initio
1297 5707 1502 5772 numeri
1524 5705 1816 5774 sequentis.
1835 5704 1972 5758 Editi
1987 5705 2166 5770 codd.,

593 5772 869 5847 adimplet;
901 5783 956 5829 et
987 5794 1130 5831 num.
1155 5793 1292 5847 seq.,
1330 5777 1395 5832 Ut
1423 5793 1579 5831 nunc.

665 5844 736 5912 (c)
763 5842 851 5900 Sic
881 5862 1006 5901 mss.
1032 5842 1258 5904 codices.
1283 5842 1456 5919 'Editi,
1490 5855 1743 5902 sanctum.

2351 5489 2427 5560 (d)
2458 5486 2535 5560 Ita
2565 5502 2690 5540 mss.
2728 5484 2858 5560 Reg.
2891 5490 2946 5560 et
2979 5481 3136 5560 Vien.
3167 5489 3224 5536 et
3251 5478 3380 5560 edit.
3423 5477 3580 5560 Bad.,
3613 5472 3854 5560 gravet

2277 5540 2463 5616 Sclio't.
2496 5558 2656 5612 Deest
2699 5564 2748 5628 et
2779 5540 3012 5628 ﬂamine
3040 5553 3093 5606 in
3140 5567 3239 5628 ms.
3272 5540 3428 5628 Vien.
3476 5557 3530 5628 et
3568 5540 3666 5628 'ed.’
3690 5542 3853 5628 _Gr_in.

2279 5614 2543 5692 Delerem,
2579 5625 2748 5695 inquit
2775 5623 3092 5689 Sacchinus,
3123 5622 3223 5676 nisi
3253 5618 3591 5695 tolerandum
3617 5614 3856 5695 videatur

2277 5681 2431 5770 quod
2449 5681 2696 5768 repetitio
2727 5695 2819 5750 ﬁat
2845 5710 2985 5750 novo
3028 5681 3206 5761 sensu,
3239 5699 3294 5748 et
3319 5689 3466 5760 prius
3504 5687 3770 5742 referatur
3794 5681 3856 5738 ad

2279 5769 2377 5824 viri
2407 5769 2735 5835 dignitatem.
2951 5824 2960 5837 ,
3003 5822 3006 5825 ,
3037 5819 3045 5826 .

3010 5865 3060 5926 ιε

3643 5955 3679 5964 -ι
