4056 6358
231 371 328 425 lli!

1619 373 1950 432 EPISTOLA
1986 377 2072 432 Ill.

3378 383 3482 439 162

222 500 356 538 unus
385 484 520 538 enim
550 481 708 547 Deus,
741 501 868 540 unus
896 497 944 540 et
982 489 1232 544 mediator
1259 488 1354 544 Dei
1383 498 1431 544 et
1459 489 1719 544 hominum
1750 497 1796 550 ⁸,
1828 493 1878 550 Α
1903 489 2057 545 nobis
2086 491 2386 547 sanctitatis
2415 498 2516 545 tuac
2545 491 2719 546 lucem
2747 494 3044 564 aﬁerentes,
3075 505 3133 551 ut
3161 497 3315 554 nobis
3337 499 3478 554 cari-

168 605 176 612 -
222 575 315 644 qui
345 583 430 628 est
477 573 722 629 Ecclesiae
768 585 963 646 caput:
998 579 1050 633 in
1078 595 1183 648 qua
1230 597 1350 635 cum
1400 597 1588 636 omnes
1633 596 1798 635 unum

222 665 392 720 simus
424 666 462 727 ⁸,
498 673 768 735 tamquam
799 669 851 721 in
882 685 986 723 una
1011 671 1170 726 domo
1200 673 1446 727 vivimus.
1472 673 1581 728 Nec
1609 689 1800 743 possu-

221 771 344 810 mus
387 756 564 810 dicere
595 773 692 811 nos
721 773 837 813 esse
866 760 980 814 sine
1007 763 1156 817 vobis
1185 779 1305 818 cum
1349 764 1505 818 unius
1534 766 1553 795 ⁷
1584 763 1802 834 spiritus

219 846 427 910 simus,
458 857 513 900 et
542 847 593 900 in
643 864 766 913 uno,
813 851 904 919 qui
933 859 1014 905 est
1061 869 1194 907 unus
1236 857 1278 920 ⁸,
1309 854 1632 908 habitemus.
1675 853 1799 909 ldeo

219 949 482 992 servantes
514 940 760 993 unitatem
790 942 998 1012 spiritus
1042 945 1095 997 in
1142 947 1498 1016 conjunctione
1533 946 1699 1014 pacis,
1745 953 1802 1000 ut

219 1046 380 1083 unum
427 1047 609 1100 corpus
637 1040 686 1085 et
711 1049 843 1086 unus
891 1036 1098 1104 spiritus
1143 1034 1190 1102 ιι,
1241 1044 1300 1091 ιιι
1343 1039 1526 1093 sociali
1572 1039 1800 1094 invicem

221 1121 470 1176 membro
497 1125 517 1154 θ
548 1122 702 1177 nobis
733 1123 808 1192 (a)
839 1125 1259 1195 collaboremus,
1310 1138 1367 1183 ut
1395 1145 1699 1185 crescamus
1745 1129 1800 1184 in

224 1211 370 1267 illius
409 1212 651 1282 corporis
679 1212 1085 1271 :ediﬁcationem
1119 1228 1162 1284 ο,
1192 1218 1346 1288 cujus
1373 1227 1536 1290 caput
1559 1219 1802 1275 Christus

221 1311 324 1358 εει.

287 1391 344 1448 ti.
375 1393 541 1464 lgitur
569 1396 694 1466 quia
721 1396 848 1452 facti
873 1412 1059 1453 sumus
1100 1398 1170 1459 de
1197 1399 1441 1454 hostibus
1481 1400 1650 1470 (forte
1676 1399 1800 1455 hos-

215 1487 452 1558 pitibus)
499 1489 675 1557 cives,
722 1489 789 1544 de
836 1490 1140 1561 longinquis
1182 1492 1411 1562 proximi
1440 1491 1488 1557 σ,
1516 1490 1583 1545 de
1611 1491 1801 1547 ovibus

215 1587 486 1648 pastores,
519 1588 571 1634 et
600 1581 760 1650 positi
788 1598 973 1637 sumus
1002 1582 1054 1636 in
1085 1582 1431 1637 fundamento
1461 1583 1504 1613 ¹⁰
1527 1582 1800 1652 apostolo-

215 1686 336 1724 rum
367 1679 422 1725 et
449 1673 864 1742 prophetarum,
902 1674 1108 1729 erudite
1153 1684 1208 1730 et
1251 1673 1561 1731 conﬁrmate
1607 1691 1800 1730 manus

217 1773 238 1797 ιε
271 1762 342 1816 ad
372 1762 663 1818 aediﬁcandi
690 1766 987 1829 scientiam,
1012 1775 1070 1820 ut
1092 1767 1165 1836 (ὁ)
1197 1767 1387 1837 lapide,
1409 1767 1502 1835 qui
1531 1768 1697 1837 factus
1724 1776 1800 1820 est

1905 586 2070 632 tatem
2102 589 2245 634 tuam
2274 597 2382 636 non
2411 596 2721 650 agnoscere,
2745 584 2840 638 sed
2862 601 3243 656 recognoscere
3269 589 3478 646 videre-

1903 686 2041 723 mur.
2076 672 2209 736 Quia
2239 672 2487 728 videlicet
2512 689 2578 728 ex
2601 675 2713 738 illo,
2735 677 2826 743 qui
2856 693 2954 731 nos
2981 679 3046 732 ab
3069 680 3273 747 origine
3294 681 3476 737 mundi

1904 759 2298 825 praedestinavit
2341 763 2441 817 sibi
2470 773 2537 828 ιι,
2585 766 2781 818 caritas
2827 767 2926 820 ista
2972 770 3241 836 manavit,
3288 771 3341 825 in
3369 788 3476 841 quo

1900 845 2026 901 facti
2047 865 2230 905 sumus
2257 861 2541 921 antequam
2568 855 2706 919 nati;
2739 857 2858 925 quia
2882 857 2986 924 ipse
3013 860 3131 927 fecit
3160 875 3270 922 nos,
3295 869 3343 912 et
3375 877 3475 914 non

1900 939 1998 1008 ipsi
2029 957 2122 994 nos
2149 950 2194 1006 ο,
2226 944 2316 1012 qui
2363 943 2491 998 fecit
2531 960 2650 1013 qua:
2698 944 2872 1000 futura
2917 955 3059 1000 sunt.
3114 946 3277 1016 Hujus
3321 949 3477 1016 igitur

1902 1034 2235 1102 praescientia
2263 1044 2317 1091 et
2345 1052 2508 1107 opere
2538 1036 2750 1092 formati
2777 1040 2830 1094 in
2858 1039 3260 1095 similitudinem
3293 1041 3479 1096 volun-

1906 1132 2093 1192 tatum,
2126 1136 2181 1181 et
2211 1129 2469 1183 unitatem
2497 1127 2638 1194 ﬁdei,
2686 1131 2769 1184 vel
2799 1131 3017 1184 unitatis
3062 1130 3240 1198 ﬁdem,
3272 1147 3477 1202 przeve-

1903 1216 2082 1272 niente
2112 1219 2358 1274 notitiam
2381 1221 2602 1276 caritate
2631 1222 2859 1275 connexi
2882 1237 3083 1285 sumus,
3130 1230 3186 1274 ut
3211 1237 3309 1275 nos
3339 1222 3476 1276 invi-

1902 1323 2020 1362 cem
2068 1317 2193 1363 ante
2240 1311 2546 1379 corporales
2600 1321 2919 1380 conspectus
2963 1312 3233 1366 revelante
3277 1310 3477 1381 Spiritu

1902 1413 2265 1453 nosceremus.
2295 1398 2638 1456 Gratulamur
2668 1403 2850 1472 itaque
2879 1411 2934 1456 et
2972 1403 3262 1472 gloriamur
3291 1403 3342 1455 in
3372 1402 3476 1456 Do-

1902 1487 2068 1553 mino,
2085 1489 2175 1558 qui
2206 1506 2341 1546 unus
2371 1499 2530 1560 atque
2550 1492 2688 1548 idem
2713 1494 2905 1562 ubique
2935 1502 3197 1562 terrarum
3225 1501 3478 1563 operatur

1903 1579 1956 1632 in
1985 1580 2096 1634 suis
2123 1579 2464 1635 dilectionem
2495 1599 2645 1637 suam
2673 1583 2874 1653 Spiritu
2902 1595 3108 1648 sancto,
3131 1599 3290 1653 quem
3318 1599 3477 1653 super

1901 1681 2115 1721 omnem
2144 1684 2360 1723 carnem
2407 1669 2590 1724 effudit
2617 1682 2663 1738 P,
2698 1672 2927 1727 ﬂuminis
2969 1674 3170 1743 impetu
3208 1672 3478 1728 laetiﬁcans

1904 1757 2173 1813 civitatem
2202 1775 2355 1814 suam
2385 1772 2430 1826 ει,
2459 1762 2510 1816 in
2539 1763 2689 1832 cujus
2719 1773 2771 1818 te
2799 1765 3001 1818 civibus
3030 1765 3100 1833 (c)
3130 1764 3476 1834 principalem

212 1859 265 1910 in
295 1865 455 1927 caput
497 1859 675 1930 anguli
711 1858 753 1926 τ,
793 1859 993 1914 discam
1034 1861 1292 1930 parietem
1342 1869 1626 1930 utrumque
1667 1876 1798 1914 con-

1904 1863 2023 1901 cum
2055 1848 2382 1918 principibus
2403 1853 2585 1921 populi
2607 1854 2686 1907 sui
2709 1854 2786 1923 (d)
2814 1853 2941 1909 sede
2965 1855 3259 1924 apostolica
3286 1855 3477 1910 merito

210 1956 456 2014 nectere,
484 1948 613 2002 etin
635 1949 890 2019 templum
913 1959 1153 2005 sanctum
1175 1960 1334 2021 atque
1359 1952 1411 2005 in
1437 1952 1799 2006 habitaculum

210 2037 330 2102 Dei,
357 2054 586 2108 corpora
607 2048 662 2094 et
689 2038 854 2095 corda
885 2040 986 2096 ﬁde
1007 2042 1260 2096 mundata
1285 2051 1597 2097 construere
1623 2052 1648 2089 8
1663 2059 1678 2108 ;
1703 2057 1801 2112 per

207 2144 366 2182 arma
392 2129 634 2198 Apostoli
663 2131 902 2200 potentia
933 2131 1042 2186 Deo
1065 2148 1281 2187 omnem
1307 2133 1597 2188 elationem
1627 2132 1800 2188 extol-

207 2218 418 2274 lentem
445 2236 503 2276 se
529 2221 786 2276 adversus
829 2223 1106 2276 scientiam
1149 2222 1242 2277 Dei
1283 2224 1548 2292 captivam
1579 2222 1796 2290 ducere,

103 2379 110 2382 _
206 2325 430 2374 omnem
460 2312 790 2368 intellectum
837 2313 906 2367 ad
955 2314 1307 2369 obediendum
1335 2314 1551 2370 Christo
1597 2315 1796 2385 perdu-

206 2417 337 2457 cere
364 2400 412 2468 ξι,
464 2405 826 2474 evangelicam
854 2406 1085 2461 securim
1113 2406 1365 2462 arborum
1393 2407 1662 2462 radicibus
1697 2407 1795 2461 ad-

205 2507 433 2548 movere
468 2492 517 2561 i;
549 2503 605 2550 et
631 2495 809 2564 gladio
835 2497 1054 2566 spiritus
1086 2500 1130 2562 1',
1176 2497 1230 2551 id
1276 2506 1376 2563 est,
1417 2499 1583 2553 verbo
1628 2500 1669 2529 “
1702 2499 1797 2552 Dei

205 2585 518 2642 interﬁcere
567 2596 880 2656 peccatores
908 2598 1063 2644 terra:
1103 2588 1159 2655 ¹ι;
1208 2598 1263 2644 et
1309 2598 1462 2644 scuto
1505 2587 1797 2644 Catholica:

205 2672 338 2730 ﬁdei
368 2678 548 2732 omnia
574 2677 753 2747 jacula
782 2679 1061 2734 candentia
1089 2681 1397 2750 nequissimi
1426 2683 1794 2748 exstinguere;

203 2777 260 2823 et
304 2772 606 2826 certamine
651 2773 948 2839 decertata,
981 2788 1245 2842 cursuque
1271 2773 1520 2837 decurso,
1556 2770 1657 2826 ﬁde
1683 2788 1799 2826 ser-

203 2871 335 2918 vata
394 2862 437 2929 ι,
485 2865 782 2920 ministerio
829 2867 1069 2936 impleto,
1118 2875 1434 2935 exspectare
1481 2866 1608 2920 illud
1654 2867 1798 2935 quod

201 2952 471 3007 Dominus
499 2955 556 3007 in
583 2955 676 3008 illa
705 2956 786 3009 die
821 2958 990 3025 justus
1026 2956 1188 3026 judex
1230 2956 1406 3010 reddet
1452 2957 1684 3011 omnibus
1711 2959 1799 3029 qui

205 3044 436 3114 diligunt
465 3045 737 3098 adventum
758 3047 868 3116 ejus
890 3057 948 3100 ιιι.
971 3046 1108 3115 Ergo
1137 3055 1196 3102 ut
1224 3056 1372 3101 tuum
1395 3064 1458 3102 ac
1487 3057 1662 3104 tecum
1681 3065 1798 3103 ma-

203 3142 438 3189 nentem
487 3137 802 3206 spiritaliter
847 3138 1030 3193 videns
1065 3141 1165 3210 ιο
1193 3155 1258 3194 ac
1303 3147 1520 3207 tenens,
1569 3139 1791 3206 instrue,

1903 1939 2188 1994 collocavit
2213 1951 2233 1978 ι’
2263 1959 2275 1994 :
2307 1958 2510 2013 nosque
2553 1947 2714 1999 etiam
2735 1989 2749 2014 ,
2779 1963 2915 2015 quos
2957 1948 3129 2002 erexit
3155 1948 3318 2004 elisos
3347 1959 3395 2017 ³,
3424 1959 3476 2006 et

1901 2029 1966 2085 de
1990 2038 2132 2084 terra
2164 2032 2350 2102 inopes
2379 2036 2667 2103 suscitavit,
2716 2037 2769 2090 in
2798 2045 2976 2092 vestra
3002 2037 3170 2092 voluit
3197 2046 3345 2094 sorte
3374 2053 3475 2093 nu-

1900 2124 2118 2178 merari.
2145 2123 2248 2178 Sed
2270 2127 2439 2195 magis
2467 2129 2794 2196 gratulamur
2823 2131 2875 2184 in
2904 2146 2970 2185 eo
2994 2129 3204 2186 Domini
3231 2148 3472 2201 munere,

1899 2228 2007 2283 quo
2028 2229 2125 2268 nos
2151 2215 2204 2269 in
2225 2217 2458 2286 pectoris
2479 2220 2556 2271 tui
2577 2219 2905 2275 habitatione
2926 2221 3233 2287 constituit;
3261 2239 3475 2294 quoque

1899 2307 1973 2361 ita
2000 2308 2295 2364 visceribus
2326 2310 2429 2364 tuis
2455 2310 2727 2365 insinuare
2753 2311 2998 2380 dignatus
3022 2319 3123 2379 est,
3157 2321 3215 2366 ut
3242 2314 3474 2383 peculia-

1897 2416 2012 2455 rem
2053 2401 2208 2456 nobis
2253 2402 2490 2457 caritatis
2538 2411 2641 2457 tuae
2689 2402 2937 2457 ﬁduciam
2982 2403 3342 2466 vendicemus,
3391 2403 3474 2458 his

1897 2489 2087 2546 ofﬁciis
2109 2500 2270 2561 atque
2291 2493 2600 2547 muneribus
2623 2495 2900 2562 provocati
2924 2497 2962 2560 ί,
2981 2503 3039 2549 ιιι
3058 2510 3158 2550 nos
3177 2493 3474 2550 difﬁdenter

1899 2588 1993 2634 aut
2020 2580 2211 2634 leviter
2241 2589 2293 2635 te
2321 2596 2500 2636 amare
2522 2598 2631 2636 non
2658 2582 2836 2636 liceat.

1971 2671 2022 2724 2.
2057 2672 2374 2740 Accepimus
2395 2673 2537 2726 enim
2559 2673 2763 2739 insigne
2785 2674 2868 2743 (ε)
2892 2674 3217 2743 pmcipuum
3235 2674 3475 2731 dilectio-

1901 2765 1984 2819 nis
2011 2772 2066 2818 et
2093 2764 2463 2818 sollicitudinis
2509 2772 2632 2829 tuae,
2682 2780 2816 2834 opus
2861 2765 3028 2819 sancti
3072 2773 3129 2820 et
3174 2766 3395 2835 perfecti
3423 2767 3475 2821 in

1902 2854 2129 2909 Domino
2157 2854 2369 2909 Christo
2413 2854 2513 2909 viri
2563 2853 2741 2909 fratris
2787 2855 2954 2909 nostri
3002 2856 3279 2924 Augustini
3327 2855 3476 2911 libris

1900 2946 2135 3014 quinque
2155 2945 2484 3009 confectum;
2507 2943 2651 3014 quod
2672 2944 2744 2998 ita
2767 2945 3022 2999 miramur
3041 2954 3201 3014 atque
3218 2945 3292 3015 (f)
3309 2947 3474 3016 suspi-

1900 3035 2088 3101 cimus,
2121 3043 2178 3088 ut
2204 3033 2402 3089 dictata
2437 3039 2532 3106 ιι
2567 3035 2820 3089 divinitus
2847 3036 3007 3090 verba
3036 3035 3339 3092 credamus.
3370 3037 3474 3094 lta-

1899 3142 2006 3197 que
2046 3125 2238 3180 tiducia
2269 3127 2288 3155 '
2317 3125 2666 3196 suscipienda:
2695 3127 2850 3181 nobis
2892 3127 3258 3183 unanimitatis
3288 3137 3391 3183 tua:
3421 3138 3475 3184 et

206 3229 358 3299 iuva,
390 3229 631 3293 hortare,
664 3229 935 3285 conﬁrma.
981 3231 1056 3285 De
1099 3232 1249 3286 vobis
1294 3231 1456 3295 enim,
1485 3238 1541 3285 et
1567 3245 1664 3300 per
1701 3245 1798 3286 vos
1825 3215 1871 3278 (ἶ
1901 3218 1968 3272 ad
1999 3218 2171 3288 ipsum
2198 3217 2430 3273 Scribere
2458 3218 2574 3272 “Si
2602 3233 2807 3287 δυωυδι
2836 3218 2958 3273 dum
2988 3236 3088 3275 ηοδ
3116 3220 3190 3274 illi
3216 3236 3311 3292 Per
3340 3229 3394 3277 ῑθ
3421 3231 3476 3278 ει

209 3321 326 3376 Deo
357 3328 514 3375 natus
560 3322 612 3374 in
655 3319 867 3376 Christo
913 3329 1088 3376 vestra
1131 3322 1466 3392 potissimum
1505 3338 1633 3377 cura
1675 3337 1798 3377 esse

211 3412 404 3476 debeo,
449 3411 574 3480 quia
603 3420 840 3466 vestrum
875 3413 915 3444 ¹¹
947 3412 1292 3481 opprobrium
1323 3411 1369 3466 si
1397 3412 1669 3480 indignus,
1702 3421 1795 3466 aut

214 3511 452 3559 vestrum
492 3502 743 3571 gaudium
787 3519 904 3571 ero,
935 3504 979 3558 si
1007 3519 1074 3558 ex
1101 3503 1360 3560 fructibus
1403 3505 1560 3559 bonis
1605 3514 1795 3559 vestrae

216 3595 424 3651 arboris
453 3610 634 3650 ramus
659 3611 778 3651 esse
806 3609 1113 3664 cognoscar.

767 3726 1098 3806 EPISTOLA
1129 3731 1144 3749 ·
1175 3728 1258 3782 ιιι.

226 3841 403 3912 Alypio
431 3843 669 3912 episc0po
696 3840 871 3895 stribit
894 3821 1116 3894 dc'libris
1139 3839 1414 3910 Augustini
1507 3854 1564 3892 os
1592 3854 1796 3907 recepe-

293 3921 400 3964 rat.
429 3928 683 3964 excusans
711 3911 844 3964 auod
874 3912 1034 3964 serius
1074 3911 1267 3963 miserit
1308 3909 1376 3961 ad
1405 3855 1549 3962 ἱιῖιῖηι
1590 3905 1798 3961 Eusebii

293 3921 400 3977 rat,
429 3928 683 3966 excusans
711 3921 844 3982 quod
874 3928 1034 3964 serius
1074 3921 1267 3963 miserit
1308 3921 1375 3961 aa
1405 3921 1549 3962 tuum
1590 3921 1800 3961 Lusetm

300 3981 566 4052 Chronica.
613 3980 762 4052 Cupit
807 3981 1007 4034 edoceri
1147 3995 1331 4052 genere
1359 3987 1408 4034 et
1427 3979 1536 4052 _tjita
1584 3978 1798 4046 Algpii:

297 4051 406 4172 (ipse
432 4053 653 4105 vicissim
684 4047 746 4105 de
772 4068 826 4105 se
857 4050 1104 4104 nonnulla
1129 4047 1385 4119 aperiens.
1417 4047 1618 4100 Panem
1645 4063 1802 4098 unum

333 4137 430 4176 ono
459 4123 634 4176 mittit.

298 4235 525 4291 Domino
577 4237 772 4291 merito
837 4232 1137 4288 honorabili
1189 4241 1244 4286 et
1297 4229 1608 4286 beatissimo
1665 4228 1804 4297 patri

232 4327 440 4394 Auno,
474 4326 738 4382 PAULINUS
766 4333 822 4380 et
849 4323 1116 4378 Tuerusu
1145 4330 1482 4392 peccatores.

298 4417 346 4470 l.
393 4417 521 4472 Haec
550 4424 631 4472 est
657 4431 783 4470 vera
831 4414 1062 4478 caritas,
1118 4413 1229 4467 haec
1279 4410 1516 4482 perfecta
1565 4409 1802 4477 dilectio,

232 4523 386 4579 quam
407 4508 507 4562 tibi
529 4507 672 4562 circa
697 4505 1054 4561 humilitatem
1076 4511 1316 4558 nostram
1347 4503 1524 4556 inesse
1549 4497 1799 4566 docuisti,

1897 3310 1965 3365 de
1993 3310 2257 3380 imperitia
2300 3309 2653 3377 excusandos,
2684 3318 2740 3365 et
2765 3310 2850 3380 ad
2879 3312 3158 3367 caritatem
3199 3327 3475 3368 commen-

1896 3401 2103 3457 dandos
2131 3402 2520 3473 prazsumimus,
2549 3402 2687 3456 sicut
2713 3410 2769 3456 et
2796 3403 3042 3457 omnibus
3077 3405 3306 3468 sanctis,
3338 3418 3475 3472 quo-

1897 3511 2015 3554 rum
2048 3510 2148 3549 nos
2171 3503 2226 3549 et
2253 3495 2555 3550 absentium
2597 3493 2787 3549 ciliciis
2814 3495 3077 3564 sospitare
3115 3495 3361 3563 dignatus
3388 3511 3475 3563 es;

1897 3585 2014 3656 pari
2043 3585 2230 3655 procul
2259 3585 2420 3639 dubio
2451 3594 2738 3639 curaturus
2762 3582 2976 3650 aﬁ'ectu,
3017 3592 3074 3639 ut
3102 3600 3198 3654 per
3223 3586 3477 3640 sanctita-

1903 3686 2009 3732 tem
2042 3684 2186 3731 tuam
2206 3676 2407 3730 nostris
2437 3675 2665 3730 invicem
2696 3675 2993 3730 salutentur
3021 3675 3309 3744 obsequiis,
3341 3685 3396 3732 et
3426 3677 3478 3732 in

1899 3769 2045 3824 clero
2073 3768 2370 3825 sanctitatis
2392 3774 2496 3822 tum
2517 3767 2764 3833 comites,
2794 3776 2848 3822 et
2877 3768 2930 3822 in
2978 3768 3318 3823 monasteriis
3359 3767 3478 3825 ﬁdei

1901 3877 1964 3918 ac
2009 3863 2219 3918 virtutis
2266 3870 2370 3916 tuae
2420 3862 2779 3916 aemulatores.
2833 3860 2966 3915 Nam
3019 3862 3119 3915 etsi
3174 3861 3227 3915 in
3273 3847 3480 3930 populis

1902 3970 1964 4008 ac
1985 3969 2145 4023 super
2167 3953 2420 4022 populum
2443 3966 2588 4021 agas,
2617 3967 2746 4006 oves
2767 3966 2976 4020 pascuae
2998 3951 3208 4005 Domini
3239 3952 3257 3986 ί
3294 3966 3483 4019 regens

1903 4044 2149 4101 sollicitis
2195 4043 2320 4111 vigil
2368 4052 2553 4112 pastor
2596 4041 2865 4106 excubiis,
2923 4051 3100 4095 tamen
3148 4041 3485 4095 abdicatione

1905 4133 2093 4196 seculi,
2123 4140 2178 4185 et
2207 4131 2419 4199 repulsa
2461 4131 2638 4183 carnis
2666 4144 2728 4181 ac
2757 4128 3056 4193 sanguinis,
3091 4127 3360 4180 desertum
3388 4129 3485 4182 tibi

1906 4223 2021 4290 ipse
2044 4220 2234 4284 fecisti,
2266 4225 2504 4274 secretus
2527 4233 2556 4270 a
2587 4217 2786 4280 multis,
2818 4224 3036 4270 vocatus
3067 4216 3117 4268 in
3140 4215 3344 4285 paucis.

1928 4317 1934 4325 '
1977 4311 2031 4366 5.
2075 4309 2216 4365 Sane
2271 4306 2472 4362 vicario
2527 4307 2858 4375 aliquatenus
2912 4319 3156 4369 munere,
3215 4304 3339 4360 licet
3394 4320 3488 4375 per

1908 4403 2087 4459 omnia
2114 4401 2205 4456 tibi
2236 4401 2427 4470 impar,
2459 4405 2517 4453 ut
2541 4397 2776 4467 jusseras
2795 4435 2808 4461 ,
2853 4395 3062 4466 providi
3102 4395 3246 4450 illam
3275 4393 3488 4451 Eusebii

1911 4493 2233 4552 venerabilis
2275 4491 2515 4562 episcopi
2546 4490 2621 4561 (g)
2654 4487 2999 4544 Caesariensis
3023 4487 3090 4543 de
3118 4487 3324 4543 cunctis
3349 4496 3488 4543 tem-

233 4568 442 4657 domine
470 4615 596 4656 vere
623 4607 824 4664 sancte,
869 4604 923 4651 et
951 4597 1142 4651 merito
1187 4594 1513 4658 beatissime,
1560 4608 1625 4648 ac
1667 4568 1886 4647 desi-D
1912 4587 2131 4659 poribus
2178 4583 2478 4640 historiam.
2527 4580 2633 4636 Sed
2684 4580 2737 4634 in
2785 4580 2889 4635 hoc
2934 4577 3032 4633 fuit
3086 4579 3488 4648 obtemperandi

237 4694 501 4749 derabilis.
555 4693 870 4764 Accepimus
917 4690 1059 4745 enim
1101 4705 1198 4759 per
1243 4685 1513 4742 hominem
1565 4694 1808 4742 nostrum

237 4783 499 4841 lulianum
528 4786 595 4840 de
620 4783 939 4851 Carthagine
961 4787 1320 4836 revertentem
1349 4778 1572 4846 litteras,
1604 4788 1808 4833 tantam

1915 4696 2084 4745 mora,
2128 4676 2273 4747 quod
2303 4675 2565 4729 instructu
2602 4680 2715 4739 tuo,
2759 4671 2883 4742 quia
2933 4671 3046 4741 ipse
3089 4685 3197 4725 non
3241 4669 3490 4726 haberem

1917 4777 2056 4830 hunc
2083 4769 2346 4832 codicem,
2371 4765 2555 4820 Romae
2576 4763 2751 4834 reperi
2779 4762 2917 4834 apud
2945 4771 3224 4832 parentem
3251 4770 3490 4818 nostrum

304 4909 329 4934 ι
358 4896 376 4950 l
407 4897 545 4951 Tim.
581 4913 640 4976 II,
662 4894 714 4948 5.
791 4893 816 4932 ι’
847 4892 1045 4962 Ephes.
1078 4907 1146 4954 IV,
1179 4888 1230 4941 5.
1312 4901 1332 4926 ο
1365 4887 1498 5009 Egh.
1532 4905 1600 4953 ιν,
1632 4887 1718 4942 l2.
1796 4901 1803 4926 ε

311 4985 326 5009 ι
377 4967 463 5009 1‘2,
547 4977 570 5009 ις
604 4966 737 5009 knh-
771 4981 822 5009 ιι-
856 4962 946 5009 2L
1024 4959 1047 4996 ἰ
1078 4959 1120 5009 ll
1148 4958 1274 5009 Cor.
1319 4975 1382 5009 x.
1451 4997 1464 5009 .
1548 4958 1562 4994 ί
1601 4958 1790 5009 Matth.

1904 4888 1983 4959 ph.
2010 4901 2067 4948 ιι,
2098 4881 2183 4934 17.
2262 4889 2285 4916 ο
2307 4877 2427 4932 lsai.
2462 4891 2620 4940 xxxv,
2653 4874 2704 4928 5.
2788 4872 2806 4911 ί
2840 4871 2980 4928 Psal.
3014 4890 3173 4936 cxvn,
3205 4872 3304 4954 22;
3336 4874 3487 4930 Matt.

1933 4956 2016 5009 l0.
2097 4955 2109 5002 t
2150 4949 2286 5009 Eph.
2317 4965 2388 5009 vr,
2421 4946 2505 4999 17.
2584 4944 2609 4982 ¹ί
2641 4941 2780 4998 Psal.
2814 4956 2877 5008 c,
2904 4943 2955 4996 8.
3042 4943 3055 4979 ¹
3091 4943 3134 4997 ll
3164 4942 3300 4998 Tim.
3333 4961 3403 5009 Iv,
3435 4946 3487 4998 7.

243 4984 345 5032 xxi,
377 4967 465 5020 42.
547 4977 570 5013 ε
602 4958 738 5035 Eph.
771 4981 824 5028 ιι,
856 4958 949 5035 21.
1075 4959 1120 5035 ll
1148 4958 1274 5012 Cor.
1307 4975 1382 5035 ‘x,

243 5045 277 5074 η
305 5027 460 5100 lbid.,
493 5037 546 5090 8.
622 5027 660 5072 δ’
676 5034 811 5104 Eph.
843 5050 888 5097 ι,
923 5031 993 5104 4)
1024 5029 1045 5083 l
1074 5027 1189 5104 Pet.
1224 5045 1271 5104 ι,
1299 5027 1352 5080 2.
1431 5027 1626 5104 °_Psal.
1662 5046 1783 5084 xcrx
1806 5067 1822 5096 ,
1855 5031 1906 5083 5.

246 5118 265 5143 ⁸
297 5097 624 5172 Ρεειιξειιν,
647 5106 698 5170 8,
722 5097 778 5159 et
801 5119 926 5178 cxu,
951 5103 1000 5154 7.
1083 5103 1099 5135 ⁸
1135 5097 1272 5154 Psal.
1299 5113 1438 5163 xcrx,
1465 5097 1517 5150 5.

1548 4958 1562 4994 ί
1589 4941 1790 5013 ’Μιιιιιι
1824 4941 1918 5025 ui:
1933 4941 2016 5010 10.
2097 4955 2109 5002 ι
2139 4949 2286 5025 Eph.
2307 4965 2388 5025 vi,
2421 4946 2505 4999 17.
2525 5014 2563 5025 ἢ
2584 4944 2609 4982 ¹ί
2629 4941 2780 5025 _Psal.
2814 4956 2843 4998 c
2862 4943 2955 5025 ,08.

3042 4943 3055 4979 ¹
3091 4943 3134 4997 ll
3164 4942 3300 4998 Tim.
3333 4961 3403 5011 Iv,
3435 4946 3487 4998 7.

1987 5037 2011 5075 ιι
2036 5022 2172 5078 Joel.
2197 5011 2263 5087 ἰι,
2301 5011 2390 5071 28.
2468 5027 2494 5066 ιι
2525 5014 2664 5071 Psal.
2712 5029 2829 5079 ην,
2872 5011 2923 5066 5.
3001 5025 3022 5052 π
3056 5012 3198 5070 Psal.
3239 5030 3381 5081 cxu,
3435 5015 3489 5068 8.

311 5232 326 5248 '
356 5229 504 5282 Alias
549 5225 644 5289 «id;
694 5238 811 5293 qua:
856 5227 1032 5276 autem
1061 5217 1095 5272 ’5
1124 5223 1260 5282 erat,
1293 5229 1436 5269 nunc
1461 5212 1549 5266 25.
1597 5212 1809 5284 Scripta
1836 5228 1978 5269 anno
2007 5208 2110 5264 596
2131 5208 2184 5262 in
2207 5215 2482 5260 autumno.

311 5319 384 5386 (a)
407 5317 534 5372 Mss.
561 5315 693 5386 Reg.
719 5320 773 5368 et
793 5311 944 5365 Vieu.
971 5307 1175 5386 et_.edit.
1200 5305 1375 5372 Grin.,
1398 5304 1808 5372 contaboremus,

245 5379 379 5459 quod
407 5386 576 5443 semel
605 5379 917 5459 observasse
942 5379 1184 5459 suﬁicint.
1348 5455 1357 5459 Δ
1442 5444 1454 5459 Ι
1486 5443 1498 5459 1
1573 5445 1582 5455 _

314 5458 384 5528 (ὁ)
418 5459 494 5512 lta
524 5472 624 5528 rns.
658 5455 808 5528 Vien.
838 5450 1015 5528 Ceteri
1043 5448 1272 5513 codices,
1303 5455 1358 5498 ut
1385 5444 1454 5498 ad
1479 5443 1718 5515 lapidem.

321 5522 388 5598 (c)
422 5528 518 5581 Ms.
556 5527 669 5593 Big.
704 5523 754 5598 1,
787 5522 1089 5598 principem.
1159 5588 1173 5598 .
1250 5585 1284 5598 υ
1466 5585 1481 5598 ⁸
1524 5594 1533 5598 Δ
1568 5584 1607 5598 ﬁ
1690 5585 1721 5598 Δ.

317 5584 390 5668 (άῇ
423 5598 576 5652 llunc
607 5584 838 5668 titulum,
860 5584 966 5668 quo
996 5589 1139 5668 solus
1159 5585 1321 5667 hodie
1348 5585 1541 5654 gaudet
1568 5584 1815 5668 Pontifex

254 5654 538 5731 Ro‘m'anus,
573 5654 970 5736 omnibusiolim
999 5657 1261 5736 episcopis
1289 5665 1627 5736 communem
1657 5654 1819 5736 inisse

255 5748 370 5793 ante
393 5726 708 5805 Gregorium
750 5733 857 5806 Vll,
892 5748 976 5784 an.
1023 5726 1200 5806 17975,“
1227 5742 1293 5806 ex
1336 5733 1577 5806 veterum
1607 5726 1818 5806 scriptis

254 5817 432 5862 notum
453 5794 553 5869 esi,
586 5816 639 5860 et
667 5794 931 5873 praecipue
961 5816 1025 5856 ex
1056 5797 1262 5852 Paulini
1291 5796 1456 5852 nostri
1486 5795 1724 5863 epistolis
1750 5794 1815 5849 ad

1922 5300 2289 5369 Augustinum,
2323 5295 2605 5355 Dellinum,
2638 5291 2905 5362 Alypium,
2936 5289 3245 5346 Victricium
3285 5296 3340 5344 et
3368 5287 3494 5342 Floc

1919 5371 2168 5426 rentium.

2019 5440 2076 5510 e)
2105 5437 2232 5510 Mss.
2265 5434 2297 5488 1
2328 5434 2570 5510 Vaticani
2597 5431 2803 5510 addunt
2827 5430 3259 5510 particulamhet.

2019 5442 2076 5510 e)
2109 5442 2232 5491 Mss.
2265 5442 2297 5488 4
2333 5442 2570 5488 Vaticani
2597 5442 2803 5487 addunt
2827 5442 3259 5510 particulamhet.

1996 5442 2072 5581 if)
2102 5507 2266 5581 [idem
2297 5521 2421 5559 mss.
2454 5501 2725 5581 codices
2755 5501 3019 5581 Vaticani,
3047 5505 3391 5581 sgscipimus.’
3411 5565 3444 5581 ν

1997 5512 2046 5581 (f
2102 5512 2266 5562 Iidem
2297 5521 2421 5559 mss.
2454 5512 2664 5558 codices
2692 5512 2725 5554 4
2760 5512 3019 5565 Vaticani,
3047 5512 3391 5578 suscipimus:
3434 5568 3444 5578 θ

1997 5512 2073 5652 (gi
2091 5578 2191 5652 Sic
2216 5585 2419 5652 mssa-et
2439 5574 2567 5628 editi
2596 5573 2826 5652 codices,
2852 5577 3059 5652 praeterw
3072 5566 3108 5618 2
3134 5566 3334 5652 B‘lg.”8l
3362 5565 3489 5652 edit.

1922 5637 2148 5716 Benedq
2180 5649 2231 5701 in
2261 5645 2453 5716 quibus
2482 5643 2733 5716 mendose
2757 5637 2973 5716 degitur
3020 5637 3494 5716 Constantinqpnli-

1923 5665 2148 5716 158080.,
2180 5665 2231 5701 lll
2261 5665 2280 5698 ί
2301 5665 2453 5700 1110118
2482 5665 2733 5697 uterumsc
2780 5665 2971 5709 lcgltut’
3020 5665 3494 5717 uquuunuuupu'u-

1922 5724 2032 5775 tani
2052 5763 2066 5788 ,
2099 5735 2218 5774 cum
2250 5665 2544 5788 Elusebium
2579 5711 2956 5788 Czesariensem
3002 5721 3313 5778 episcopum
3341 5709 3496 5778 bUJus

1921 5779 2171 5845 Chrdnici
2203 5795 2448 5840 antorem
2475 5779 2635 5834 fuisse
2660 5787 2883 5833 constet.
