4056 6358
511 433 610 491 res
1648 411 1703 467 s.
1744 365 2015 463 riuum
2052 398 2301 459 meum
2338 397 2644 455 EPISGOPI
3669 388 3772 444 ist

511 560 636 604 vere
663 539 1052 602 sanctissimum
1080 530 1431 591 Domnionem
1451 571 1466 596 ,
1508 525 1601 598 qui
1628 520 1977 596 proculdubio
2005 516 2083 591 (α)
2112 526 2163 584 Α
2187 510 2771 586 οοιιειιίσιιυε.Ὲῒο‹ῐιιίιι
2794 518 2884 604 tua
2906 508 3313 604 lumensemitis
3338 506 3356 547 τ
3382 507 3581 564 nostris
3595 514 3776 578 erunt,

512 600 753 712 animus
780 633 911 689 mihi
932 629 1105 702 paruit
1129 627 1183 681 in
1211 626 1316 682 hoc
1334 619 1620 685 beneﬂcio,
1646 617 1790 689 quod
1817 616 1913 672 tibi
1943 615 2093 671 dere-
2192 605 2393 712 ςιυιεο
2413 604 2785 712 ιξοςωωηξυω
2813 600 3228 712 ίωρεηειξεξιξιιτ
3249 606 3416 712 sapt}!
3451 608 3703 712 εοειωιιι
3729 608 3776 655 ε·

512 691 735 789 {ﬁmum
768 727 840 798 (ὁ)
868 691 1113 791 imam“.
1141 718 1527 775 verumtamen
1569 713 1698 783 quia
1745 722 1801 766 ει
1844 711 1962 764 ioca
2002 716 2094 798 ωε,
2192 695 2263 798 iit
2280 694 2617 798 acfmdetur
2637 692 2793 798 ildes,
2815 706 2938 747 cum
2966 691 3157 798 spiritu
3181 692 3291 747 oris
3312 692 3389 746 tui
3417 691 3603 747 cibum
3631 707 3783 746 men-

513 785 641 877 ιιιὶὴί
690 785 989 885 significare
1036 812 1285 879 dignatus
1323 821 1401 875 es,
1451 812 1510 859 ut
1561 805 1675 874 ipse
1720 800 1996 861 monuisti,
2030 797 2097 851 ad
2194 787 2547 885 tis'et‘l‘umen
2576 785 3155 885 animmfumserimns.

517 908 874 966 venerabilem
905 903 1110 958 socium
1137 898 1231 971 (V.
1259 906 1371 955 not.
1400 896 1455 968 6)
1486 906 1700 953 corona:
1728 899 1853 955 tuaa,
1887 896 2097 962 patrem

513 1008 750 1054 nostrum
782 994 1055 1049 Aurelium
1079 992 1154 1046 ita
1182 990 1506 1059 scripsimus,
1539 992 1598 1040 ιιι
1640 985 1684 1039 si
1714 998 1855 1041 nunc
1895 981 2100 1053 Hippo-

514 1091 729 1160 neregio
759 1088 1001 1156 (legeres,
1034 1086 1125 1140 illo
1152 1084 1248 1139 tibi
1272 1083 1479 1137 litteras
1504 1086 1719 1135 nostras
1754 1086 1808 1133 et
1838 1075 2097 1131 transcri-

515 1194 660 1255 ptain
708 1180 1033 1247 Carthagine
1080 1177 1443 1231 membranam
1499 1174 1713 1228 mittere
1764 1171 2094 1240 dignaretur.

518 1275 671 1344 Quod
702 1283 757 1328 et
784 1281 1001 1327 sanctos
1025 1271 1189 1336 viros,
1219 1282 1354 1337 quos
1378 1267 1448 1338 (ο)
1478 1265 1654 1321 indice
1682 1263 1923 1319 caritatis
1952 1262 2099 1333 ipso-

520 1382 638 1422 rum
666 1372 762 1423 tuo
785 1377 1031 1418 sermone
1067 1359 1432 1427 cognovimus,
1460 1354 1726 1413 Comitem
1756 1363 1811 1409 et
1836 1352 2101 1408 Evodium

523 1458 824 1528 rogavimus
871 1461 929 1507 ut
971 1452 1051 1522 (ά)
1093 1450 1394 1508 exscribere
1442 1447 1545 1519 ipsi
1594 1450 1863 1513 curarent,
1913 1460 1981 1500 ne
2016 1442 2103 1500 vel

523 1547 730 1620 parenti
761 1543 1043 1599 Domnlbni
1071 1541 1270 1596 diutius
1305 1539 1476 1596 codex
1505 1555 1633 1593 suns
1661 1536 1894 1606 deferet,
1924 1544 1979 1592 et
2008 1534 2102 1591 tibi

524 1639 863 1695 transmissus
889 1637 1009 1690 sine
1046 1634 1368 1690 necessitate
1394 1629 1705 1687 redhibendi
1734 1638 1994 1686 maneret.

590 1732 643 1785 4.
675 1728 993 1801 Speciaiiter
1020 1735 1202 1782 autem
1244 1724 1348 1779 hoc
1389 1739 1420 1778 a
1467 1731 1520 1778 te
1563 1730 1709 1795 peto,
1736 1720 1991 1793 quoniam
2018 1735 2106 1781 me

434 1868 443 1871 ι
527 1828 895 1883 immerentem
921 1831 976 1877 et
998 1819 1367 1891 inapinantem
1395 1831 1590 1888 magno
1626 1815 1702 1873 tui
1741 1832 1928 1875 amore
1954 1832 2105 1873 com-

2272 878 2325 933 6.
2358 879 2467 932 Pax
2496 887 2549 933 et
2562 878 2748 946 gratia
2772 874 2869 931 Dei
2896 884 3073 932 tecum
3090 915 3106 941 ,
3135 881 3191 930 et
3210 888 3411 931 corona
3436 874 3664 947 justitite
3689 873 3781 930 tibi

2197 977 2414 1026 maneat
2433 968 2489 1023 in
2507 967 2729 1035 dieillo,
2753 966 2990 1035 domine,
3012 973 3167 1038 pater
3188 965 3382 1021 merito
3417 964 3782 1034 dilectissime,

2199 1070 2256 1119 et
2280 1062 2621 1128 venerabilis,
2636 1068 2691 1116 et
2706 1059 3131 1130 exoptatissime.
3151 1057 3471 1116 Benedictos
3484 1058 3788 1113 sanctitatis

2200 1163 2307 1209 tum
2352 1152 2577 1209 comites
2622 1160 2677 1207 et
2713 1151 3053 1206 aemulatores
3092 1150 3148 1204 in
3191 1149 3449 1211 Domino,
3496 1148 3715 1215 fratres,
3744 1147 3790 1209 si

2200 1247 2504 1315 dignantur,
2530 1253 2745 1299 nostros
2765 1252 2873 1298 tam
2904 1243 2958 1298 in
2980 1241 3223 1299 ecclesiis
3246 1256 3407 1311 quam
3432 1242 3488 1296 in
3513 1250 3791 1297 monaste-

2201 1339 2328 1402 riis,
2360 1336 2697 1405 Carthagini,
2731 1335 3009 1404 Tbagastte
3039 1336 3081 1388 ⁸.
3123 1334 3521 1407 Hipponeregio
3558 1341 3618 1388 et
3666 1333 3792 1389 totis

2201 1428 2471 1501 parocbiis
2500 1428 2623 1492 tuis,
2655 1435 2816 1497 atque
2855 1425 3102 1481 omnibus
3137 1424 3367 1494 cognitis
3394 1424 3491 1480 tibi
3520 1439 3627 1499 per
3649 1423 3790 1480 Afri-

2205 1534 2325 1577 cam
2355 1520 2490 1576 locis
2511 1519 2739 1575 Domino
2767 1518 3033 1574 cathollee
3056 1517 3380 1585 servientes,
3404 1516 3577 1571 multo
3599 1514 3790 1572 allecto

2208 1616 2264 1668 et
2292 1612 2553 1682 obsequio
2580 1610 2797 1666 salutari
2828 1621 3097 1679 rogamus.
3129 1607 3186 1663 Si
3228 1606 3397 1680 ipsam
3425 1606 3792 1665 membranam

2206 1705 2378 1762 sancti
2433 1702 2744 1759 Domnionis
2783 1700 3075 1773 acceperis,
3121 1699 3496 1770 transcriptam
3523 1699 3683 1756 nobis
3709 1714 3793 1757 re—

2208 1798 2426 1853 mittere
2466 1795 2791 1865 dignaberis.
2825 1792 2890 1848 Et
2916 1794 3022 1849 hoc
3050 1804 3181 1862 rogo
3205 1792 3408 1851 scribas
3453 1790 3608 1859 mihi,
3639 1807 3802 1864 quem

529 1915 706 1989 plesti,
753 1922 811 1968 ιιι
838 1928 937 1987 pro
983 1884 1338 1967 hac'historia
1380 1884 1681 1980 temporum
1730 1909 1933 1971 referas
1976 1910 2107 1966 mihi

2223 1894 2465 1964 hymnum
2495 1903 2674 1943 meum
2699 1889 2769 1958 (e)
2794 1887 3139 1956 cognoveris.
3163 1884 3366 1979 Panem
3397 1902 3562 1942 unum
3592 1889 3790 1943 sancti-

531 2014 745 2064 omnem
774 2013 877 2060 tuan
904 2001 1207 2059 sanctitatis
1234 2000 1536 2069 historiam,
1566 2007 1624 2055 ut
1646 1998 1862 2073 (Virgil.
1888 1998 2105 2055 xEneid.

532 2099 643 2170 vni)
673 2099 763 2170 qui
795 2112 992 2169 genus,
1024 2093 1164 2153 unde
1192 2093 1265 2149 sis
1295 2092 1487 2161 domo;
1521 2101 1668 2147 tanto
1698 2101 1919 2148 vocatus
1947 2108 1978 2147 a
2009 2092 2115 2148 Do-

533 2192 699 2255 mino,
714 2190 907 2260 quibus
925 2186 1158 2243 exordiis
1178 2194 1484 2255 segregatus
1506 2185 1573 2241 ab
1595 2194 1750 2241 utero
1772 2186 1960 2243 matris
1985 2194 2111 2253 tum,

534 2284 600 2339 ad
616 2291 839 2338 matrem
854 2279 1082 2336 filiorum
1096 2277 1188 2333 Dei
1206 2276 1355 2351 prole
1373 2277 1661 2345 laetantem,
1682 2277 1923 2347 abjnrata
1938 2278 2120 2335 carnis

537 2385 593 2431 et
616 2374 891 2443 sanguinis
918 2373 1086 2443 stirpe
1135 2368 1437 2437 transieris,
1469 2379 1523 2425 et
1563 2370 1616 2425 in
1658 2384 1827 2439 genus
1857 2370 2037 2439 regale
2065 2377 2121 2427 et

539 2465 873 2526 sacerdotale
896 2465 968 2519 sis
998 2462 1301 2528 translatus,
1332 2462 1593 2519 edisseras
1613 2471 1659 2517 ⁸.
1680 2460 1833 2530 Quod
1862 2462 2004 2519 enim
2036 2463 2089 2516 in
2108 2494 2121 2503 -

540 2557 748 2622 dicasti,
774 2555 887 2626 jam
916 2554 983 2611 de
1017 2554 1330 2611 humilitatis
1355 2563 1549 2611 nostrae
1589 2556 1807 2613 nomine
1834 2555 1975 2626 apud
2004 2555 2119 2613 Me-

540 2650 811 2705 diolanum
859 2656 912 2702 te
959 2647 1226 2715 didicisse,
1277 2662 1397 2701 cum
1444 2646 1552 2702 illic
1602 2647 1917 2712 initiareris,
1949 2646 2123 2702 fateor

542 2740 804 2796 curiosius
832 2753 918 2792 me
950 2735 1083 2793 velle
1112 2737 1426 2794 condiscere
1447 2780 1462 2808 ,
1492 2746 1550 2810 ut
1579 2739 1725 2793 omni
1754 2746 1906 2810 parte
1937 2746 1988 2793 te
2017 2755 2121 2795 no-

544 2833 733 2898 verim,
783 2843 890 2905 quo
940 2829 1109 2899 magis
1154 2829 1413 2899 gratuler,
1460 2802 1563 2884 sia
1606 2829 1945 2901 suspiciendo
1990 2830 2121 2887 mihi

544 2932 697 2994 patre
719 2930 903 2978 nostro
928 2920 1229 2988 Ambrosio,
1253 2919 1339 2976 vel
1368 2918 1435 2975 ad
1465 2916 1621 2975 fidem
1650 2921 1901 2977 invitatus
1928 2936 2006 2987 es,
2042 2920 2124 2977 vel

546 3014 610 3069 ad
636 3012 993 3070 sacerdotium
1015 3019 1380 3076 consecratus,
1408 3018 1465 3064 ut
1487 3009 1735 3067 eumdem
1763 3011 1922 3066 ambo
1943 3011 2125 3077 videa-

545 3118 665 3160 mur
684 3103 883 3160 habere
906 3111 1167 3158 antorem.
1200 3100 1335 3157 Nam
1364 3113 1483 3169 ego,
1514 3099 1612 3155 etsi
1643 3115 1673 3154 a
1696 3099 1959 3170 Delphino
1987 3101 2125 3157 Bur-
2150 3130 2155 3136 -

546 3196 746 3268 degalm
774 3194 1100 3266 baptizatus,
1131 3182 1285 3267 12a
1315 3191 1537 3262 Lampio
1568 3191 1710 3261 apud
1738 3190 2075 3248 Barcilonem
2104 3191 2126 3223 ³

2213 1983 2309 2037 tati
2341 1988 2444 2035 tua:
2473 1980 2691 2037 unitatis
2718 1978 2888 2048 gratia
2919 1978 3177 2041 misimus,
3208 1967 3262 2034 in
3291 1992 3399 2047 quo
3434 1978 3597 2032 etiam
3626 1974 3797 2034 Trini-

2215 2074 2340 2128 tatis
2365 2071 2610 2127 soliditas
2630 2071 2957 2126 continetur.
2981 2068 3135 2126 Hunc
3159 2082 3352 2145 panem
3382 2067 3656 2138 eulogiam
3683 2082 3797 2125 esse

2213 2171 2273 2218 tu
2301 2161 2465 2219 facies
2492 2161 2804 2233 dignatione
2832 2160 3098 2219 sumendi.
3250 2221 3255 2225 ,

2258 2270 2261 2277 ’
2749 2273 3082 2331 EPISTULA
3123 2277 3150 2307 "
3178 2273 3271 2330 IV.

2224 2346 2323 2421 13
2345 2346 2630 2421 Augustino
2647 2345 3129 2421 scribit,_e.rquisiti_s
3147 2362 3259 2421 eum
3283 2343 3524 2421 laudibus
3542 2343 3800 2421 exornans

2287 2413 2383 2486 pro
2404 2413 2625 2489 quinque
2651 2417 2765 2487 ejus
2785 2413 3032 2489 adversus
3053 2413 3376 2489 apricitate:
3402 2414 3571 2489 fibris,
3592 2430 3723 2485 quo:
3742 2414 3803 2468 at

2290 2486 2478 2559 Alypio
2501 2486 2790 2557 acceperat.
2821 2486 3023 2543 Panem
3049 2487 3150 2557 ipsi
3178 2488 3314 2540 dono
3340 2488 3518 2540 nitus.

2223 2579 2452 2637 Domino
2502 2578 2657 2634 fratri
2700 2579 2958 2634 unanimo
3010 2590 3066 2634 et
3121 2580 3415 2634 venerabili
3473 2579 3802 2646 Auamma,

2511 2647 2776 2707 Pwuivus
2804 2658 2862 2705 et
2889 2648 3160 2706 Tumw
3192 2659 3523 2720 peccatores.

2296 2740 2348 2796 1.
2388 2740 2595 2797 Caritas
2642 2739 2833 2796 Christi
2884 2754 3002 2811 qua:
3042 2749 3188 2815 urget
3229 2738 3407 2809 nos“,
3453 2749 3513 2798 et
3560 2741 3809 2803 abiecta
3890 2730 3895 2737 ’

2223 2832 2349 2890 licet
2372 2846 2470 2907 per
2497 2832 2758 2891 unitatem
2808 2830 2931 2887 iidei
2958 2832 3178 2901 alligat,
3219 2832 3335 2902 ipsa
3374 2831 3623 2891 ﬁduciam
3664 2834 3734 2889 ad
3757 2843 3809 2895 te

2225 2924 2494 2983 scribendi
2519 2923 2723 2994 pudore
2747 2922 2974 2995 depulso
2998 2924 3264 2995 praestitit,
3292 2934 3452 2995 teque
3476 2940 3575 2995 per
3600 2926 3808 2985 litteras

2228 3024 2347 3071 tuas
2377 3016 2671 3073 visceribus
2700 3017 2836 3075 meis
2865 3016 3157 3083 intimavit,
3187 3031 3319 3087 quas
3349 3025 3403 3075 et
3436 3016 3506 3075 de
3528 3018 3811 3075 scholasti-

2228 3107 2306 3165 cis
2328 3105 2667 3163 facultatibus
2689 3106 2991 3172 afﬂuentes,
3024 3116 3080 3164 et
3107 3108 3176 3165 de
3203 3108 3509 3164 emicatibus
3532 3107 3669 3164 favis
3692 3108 3809 3165 dolo

2228 3216 2337 3267 ces,
2373 3209 2432 3259 ut
2459 3200 2650 3257 anima:
2678 3216 2810 3259 mea:
2831 3200 3100 3267 medicas,
3130 3209 3189 3258 et
3208 3202 3425 3257 altrices
3444 3242 3462 3268 ,
3492 3201 3548 3257 in
3576 3201 3811 3272 quinque

546 3290 602 3344 in
648 3287 901 3359 Hispania
942 3301 1042 3358 Per
1084 3285 1191 3339 Vim
1220 3280 1315 3355 (νο
1348 3299 1435 3354 ei"
1470 3281 1519 3347 ί·
1549 3300 1602 3339 η·
1644 3282 1739 3355 ίθ)
1786 3283 2126 3341 inﬂammati:
2149 3271 2198 3336 ο
2229 3293 2379 3349 libris
2408 3294 2621 3351 interim
2652 3301 2833 3359 teneo,
2866 3307 3002 3362 quos
3030 3308 3252 3348 munere
3278 3292 3548 3348 benedicti
3577 3271 3633 3347 et
3653 3306 3810 3347 vena-

547 3379 723 3435 subito
752 3377 921 3449 plebis
948 3385 1187 3432 sacratus
1214 3374 1344 3442 sim;
1369 3383 1550 3431 tamen
1598 3374 1866 3431 Ambrosii
1912 3391 2127 3446 semper

548 3477 601 3526 et
647 3469 935 3524 dilectione
979 3467 1045 3522 ad
1093 3464 1249 3522 ﬁdem
1278 3464 1568 3521 innutritus
1597 3482 1750 3536 sum,
1802 3474 1857 3523 et
1902 3482 2043 3523 nunc
2071 3468 2125 3525 in

548 3559 830 3618 sacerdotii
877 3559 1065 3614 ordine
1108 3554 1415 3615 confoveor.
1447 3554 1689 3627 Denique
1726 3573 1826 3613 suo
1863 3572 1950 3614 me
1980 3558 2126 3617 clero

549 3651 820 3707 vindicare
845 3650 866 3680 ⁸
885 3649 1071 3713 voluit,
1096 3656 1174 3715 ιιι,
1197 3648 1298 3705 etsi
1318 3647 1543 3704 diversis
1564 3647 1695 3705 locis
1716 3644 1931 3719 degam.
1960 3650 2127 3722 ipsius

549 3741 826 3814 presbyter
853 3756 1095 3797 censear.

617 3836 670 3892 5.
704 3835 811 3892 Sed
835 3833 903 3891 de
924 3850 1010 3891 me
1039 3850 1106 3889 ne
1133 3830 1260 3904 quid
1282 3834 1513 3903 ignores,
1537 3833 1676 3889 scias
1703 3832 2128 3904 antiquissimum

549 3939 889 4002 peccatorem
920 3944 1026 3983 non
1069 3927 1141 3981 ita
1169 3924 1296 3981 olim
1324 3922 1394 3980 de
1421 3924 1659 3981 tenebris
1687 3932 1742 3981 et
1768 3902 1956 3980 umbra
1984 3940 2130 3981 mor-

551 4023 619 4076 tis
648 4021 893 4077 eductum
922 4018 969 4086 ιτ,
994 4016 1240 4091 spiritum
1264 4032 1406 4073 aura:
1428 4016 1602 4074 vitalis
1621 4017 1892 4083 hausisse;
1925 4031 2025 4073 nec
2053 4016 2128 4073 ita

552 4112 677 4171 olim
708 4114 951 4187 posuisse
998 4113 1054 4165 in
1095 4119 1275 4166 aratro
1320 4125 1562 4177 manum,
1592 4116 1648 4163 et
1674 4124 1888 4165 crucem
1918 4106 2129 4166 Domini

551 4205 827 4262 sustulisse
859 4216 913 4272 ες
944 4218 1104 4274 quam
1134 4209 1193 4256 ut
1240 4202 1292 4256 in
1342 4188 1500 4256 linem
1554 4201 1790 4270 perferre
1832 4199 2128 4270 valeamus,

553 4298 882 4355 orationibus
912 4296 1018 4349 tuis
1046 4294 1377 4364 adjuvemur.
1408 4292 1843 4349 Accumulabitur
1869 4292 1985 4349 hinc
2011 4306 2129 4348 me-

555 4387 672 4443 ritis
700 4385 806 4441 tuis
832 4398 1055 4447 merces,
1080 4383 1127 4439 si
1146 4384 1451 4439 interventu
1478 4390 1572 4437 tuo
1595 4396 1760 4437 onera
1784 4389 1965 4437 nostra
1994 4380 2135 4439 rele-

556 4478 784 4533 vaveris.
835 4474 1062 4531 Sanctus
1108 4475 1253 4531 enim
1301 4475 1636 4529 laborantem
1684 4472 1957 4546 adjuvant,
2006 4475 2133 4543 quia

558 4569 771 4639 fratrem
800 4580 907 4621 non
943 4564 1200 4620 audemus
1220 4563 1428 4628 dicere,
1458 4561 1771 4617 exaltabiutr
1797 4564 1927 4618 sicut
1955 4564 2132 4619 ciuitas

559 4675 745 4730 magna
768 4655 815 4712 ἀ.
834 4656 900 4711 Ει
921 4666 979 4713 ιιι
996 4655 1211 4725 quidem
1231 4669 1393 4729 super
1411 4662 1648 4712 montem
1669 4655 1856 4711 civitas
1876 4655 2135 4715 aediﬁcata
2165 4639 2216 4701 Ῑ)

559 4767 650 4816 es,
680 4751 761 4806 vel
789 4763 1013 4805 accensa
1041 4761 1204 4818 super
1230 4745 1613 4804 candelabrum
1641 4747 1857 4803 lucerna
1886 4748 1939 4803 in
1966 4748 2134 4821 septi-

558 4843 717 4898 formi
746 4842 991 4898 claritate
1019 4850 1043 4878 °
1073 4840 1306 4896 colluces
1334 4839 1386 4904 ';
1416 4852 1518 4895 nos
1545 4839 1645 4894 sub
1674 4839 1857 4894 modio
1887 4847 2138 4909 peccato-

558 4946 676 4989 rum
704 4931 1064 4990 deiitescimus
1094 4949 1106 4985 :
1135 4929 1293 4987 visita
1344 4929 1538 4986 litteris
1582 4929 1709 4995 tuis,
1756 4937 1813 4984 et
1857 4930 2037 5001 profer
2083 4931 2138 4987 in

558 5024 732 5083 lucem
762 5025 818 5081 in
844 5039 953 5093 qua
981 5025 1096 5094 ipse
1122 5022 1372 5089 versaris.
1404 5033 1567 5093 super
1608 5035 1770 5078 aurea
1817 5022 2139 5081 candelabra

2228 3384 2412 3440 rabilis
2458 3385 2611 3441 nobis
2640 3384 2879 3457 episcopi
2912 3383 3081 3440 nostri
3113 3383 3285 3455 Alypii
3308 3423 3327 3449 ,
3368 3399 3476 3437 non
3504 3398 3606 3454 pro
3634 3391 3811 3439 nostra

2229 3474 2579 3533 instructione
2621 3480 2831 3529 tantum
2854 3515 2871 3541 ,
2898 3472 2992 3529 sed
3021 3472 3185 3529 etiam
3224 3487 3321 3544 pro
3349 3470 3604 3528 Ecclesia:
3629 3475 3646 3504 ¹
3676 3472 3811 3529 mul-

2230 3573 2402 3620 tarum
2433 3565 2642 3619 urbium
2674 3565 2900 3619 utilitate
2942 3565 3294 3635 suscepimus.
3345 3562 3457 3621 Hos
3484 3565 3649 3635 igitur
3676 3580 3813 3621 nunc

2229 3658 2394 3712 libros
2423 3657 2501 3728 (f)
2527 3656 2744 3711 lectioni
2786 3656 2959 3711 habeo
2982 3698 2997 3722 ,
3030 3656 3084 3710 in
3113 3657 3197 3710 his
3237 3671 3325 3711 me
3363 3656 3611 3721 oblecto,
3640 3656 3711 3711 de
3738 3656 3813 3710 his

2228 3749 2405 3804 cibum
2434 3749 2592 3817 capio
2616 3785 2631 3809 ,
2678 3762 2786 3801 non
2808 3745 2958 3801 illum
3001 3746 3093 3815 qui
3116 3745 3288 3816 perit,
3321 3745 3415 3801 sed
3439 3746 3533 3814 qui
3563 3754 3814 3815 operatur

2228 3839 2352 3894 viae
2392 3846 2611 3893 sterne
2652 3837 3010 3894 substantiam
3054 3835 3602 3907 perfidorum
3638 3835 3813 3905 i,qun

2230 3928 2651 3999 adcorporamur
2694 3928 2749 3983 in
2789 3926 3005 3984 Christo
3032 3927 3158 3982 Iesu
3186 3926 3416 3983 Domino
3442 3930 3666 3993 nostro;
3699 3942 3813 3983 cum

2231 4019 2361 4075 lides
2390 4027 2572 4075 nostra
2596 4060 2612 4085 ,
2659 4026 2779 4091 qua:
2826 4016 3115 4075 visibilium
3159 4019 3435 4089 negligens
3462 4016 3815 4077 invisibilibus

2231 4110 2403 4165 inhiat
2434 4110 2447 4160 i
2476 4150 2490 4175 ,
2522 4125 2620 4179 per
2659 4112 2937 4165 caritatem
2978 4110 3157 4164 omnia
3201 4109 3498 4165 secundum
3531 4110 3815 4165 veritatem

2230 4203 2615 4274 omnipotentis
2653 4201 2749 4257 Dei
2777 4202 3088 4257 credentem
3115 4242 3133 4269 ,
3173 4202 3365 4258 litteris
3391 4209 3449 4258 et
3481 4201 3751 4272 exemplis
3768 4198 3817 4252 il-

2229 4293 2427 4350 delium
2454 4295 2740 4350 roboratur
2766 4291 2812 4348 ιι.
2845 4291 2890 4349 Ο
2918 4309 3045 4351 vere
3072 4293 3152 4351 sal
3180 4302 3356 4361 terr-te,
3385 4307 3492 4364 quo
3521 4291 3821 4364 plmcordia

2231 4392 2437 4451 nostra,
2464 4400 2532 4439 ne
2557 4386 2767 4457 possint
2794 4384 2959 4441 seculi
2994 4400 3180 4443 errore
3217 4399 3528 4450 vanucere.
3559 4384 3819 4440 condim-

2232 4481 2321 4530 tur
2349 4473 2360 4511 ¹
2395 4473 2407 4525 !
2439 4472 2484 4529 Ο
2510 4474 2727 4530 lucerna
2762 4471 2922 4543 digne
2951 4489 3112 4546 supra
3156 4464 3537 4532 candelabrum
3566 4471 3821 4529 Ecclesia:

2233 4568 2412 4638 posita
2432 4574 2492 4634 ιη,
2522 4581 2640 4635 qum
2669 4567 2777 4622 late
2820 4566 3100 4625 catholicis
3145 4567 3370 4624 urbibus
3410 4565 3479 4621 de
3517 4560 3821 4639 septiformi

2239 4658 2436 4730 lychno
2464 4666 2672 4729 pastum
2701 4659 2824 4714 oleo
2852 4658 3048 4714 lmtiticc
3075 4658 3254 4713 lumen
3283 4656 3562 4714 eﬂ'undens
3580 4695 3595 4719 ,
3625 4657 3823 4712 densas

2240 4749 2366 4806 licet
2394 4750 2766 4805 haereticorum
2796 4750 3051 4819 caligines
3078 4748 3319 4811 discetis.
3342 4755 3397 4805 et
3417 4747 3592 4805 lucem
3622 4747 3822 4802 verita-

2236 4840 2306 4896 tis
2333 4856 2363 4894 a
2392 4836 2708 4896 confusione
2747 4841 3087 4897 tenebrarum
3128 4838 3417 4911 splendore
3457 4836 3682 4894 clariﬁci
3709 4852 3823 4892 ser-

2238 4933 2415 4990 monis
2436 4930 2700 4989 enubilas.
2868 4934 2874 4939 ’

2310 5021 2364 5077 2.
2404 5021 2586 5085 Vides.
2632 5021 2795 5078 frater
2823 5020 3075 5079 unanima
3096 5059 3115 5086 ,
3150 5018 3483 5078 admirabilis
3520 5019 3574 5075 in
3602 5018 3823 5075 Christo

629 5167 655 5196 ι
683 5157 704 5212 1
736 5155 851 5211 Pet.
876 5171 944 5221 ιι,
970 5155 1023 5209 9.
1099 5152 1133 5223 δ,
1156 5152 1297 5209 Psal.
1339 5170 1457 5217 ενι,
1492 5154 1581 5223 14.
1659 5164 1681 5193 ο
1714 5153 1949 5223 ΙΑιιαιχ,
1994 5152 2080 5207 62.

2223 5152 2374 5223 Prov.
2407 5169 2533 5207 xvm
2559 5192 2572 5219 ,
2604 5150 2686 5206 l9.
2768 5160 2790 5189 ε
2818 5148 2985 5223 Apoc.
3016 5168 3054 5219 ι,
3090 5146 3176 5206 i3.
3235 5144 3277 5223 ξ
3311 5147 3663 5223 Psal._cxvin,
3700 5144 3819 5223 ωδ.
3884 5164 3895 5223 ξ

559 5238 583 5276 ε
612 5227 801 5283 Matth.
826 5220 1044 5289 v1.17.
1126 5220 1149 5258 ιι
1178 5223 1222 5277 Π
1258 5223 1384 5280 Cor.
1428 5240 1481 5291 v,
1525 5222 1610 5278 14.
1693 5222 1936 5278 ίιοιιιη.
1980 5237 2052 5289 γι,
2102 5224 2122 5277 ‘i

2272 5226 2286 5274 ι
2325 5222 2365 5278 ΙΙ
2404 5222 2533 5279 Cor.
2562 5236 2634 5286 tv,
2668 5223 2754 5277 i8.

558 5305 597 5338 ιη
620 5298 811 5355 Matth.
840 5314 895 5364 v,
924 5294 1026 5362 15;
1056 5293 1220 5353 Herc.
1249 5309 1324 5362 tv,
1353 5292 1442 5351 Si.

2832 5214 3267 5287 neci-Lua
3372 5214 3820 5289 llattb.v,-l3.
3886 5214 3896 5227 θ

627 5438 659 5474 ⁸
686 5435 830 5492 Alias
856 5435 954 5502 ιη
982 5449 1106 5504 (μιν
1133 5439 1313 5490 suum
1335 5432 1372 5489 ι
1392 5439 1531 5497 erat,
1574 5406 1718 5487 nunc
1744 5429 1831 5486 23.
1869 5429 2081 5501 Scripta
2108 5445 2230 5486 cum
2258 5429 2552 5500 superiore,
2584 5443 2727 5485 anno
2753 5427 2858 5484 394
2885 5429 2939 5484 in
2969 5437 3245 5485 autumno.

632 5570 709 5710 ill
736 5562 1113 5710 ἕως

634 5630 709 5710 (ὁ)
738 5638 827 5695 Sic
852 5654 1004 5708 mss.,
1030 5634 1101 5693 {3
1129 5630 1391 5693 Gallicani
1418 5643 1473 5692 et
1500 5632 1535 5691 2
1560 5630 1696 5689 Vat.
1717 5632 1820 5688 Alii
1836 5630 1951 5689 duo

565 5708 704 5790 caui,
728 5706 1046 5790 iudiciali.“
1152 5786 1161 5790 Δ
1242 5772 1256 5790 .
1307 5772 1347 5790 ἡ
1469 5772 1485 5790 α
1579 5784 1589 5790 _
1626 5768 1663 5790 η
1712 5789 1719 5790 7
1846 5774 1856 5786 ε
1910 5771 1951 5790 μ

637 5768 703 5848 (ci
728 5768 883 5843 Mss,
908 5772 943 5833 2
972 5775 1083 5847 Big.
1114 5786 1168 5834 et
1195 5772 1279 5834 ed.
1307 5772 1506 5835 Bened.
1540 5784 1597 5834 et
1624 5768 1809 5841 Grav.,
1840 5771 2058 5830 indicet.

1242 5606 1255 5618 .
1286 5560 1387 5621 Alii
1415 5560 1657 5633 codices,
1687 5563 1988 5633 promptius.

1251 5634 1391 5693 icaui
1418 5643 1473 5692 et
1500 5632 1535 5691 2
1560 5630 1696 5689 νει.
1717 5632 1820 5688 ΔΙίί
1836 5630 1955 5689 ’άιιο
1982 5630 2136 5689 Vati-

2332 5562 2390 5627 d)
2418 5562 2584 5620 iidem
2606 5561 2845 5627 codices,
2875 5564 2984 5617 hac
3005 5561 3244 5618 scribere.

2332 5563 2373 5618 ὁ
2418 5563 2584 5620 iidem
2606 5563 2845 5627 codices,
2875 5564 2984 5617 hac
3005 5563 3167 5618 scribe

2312 5563 2390 5775 ξιξ
2416 5627 2542 5689 Mss.
2575 5630 2679 5687 duo
2700 5630 2844 5715 Dig,
2876 5634 3167 5715 agnoueris.

2338 5703 2366 5775 f
2428 5700 2528 5760 Ms.
2558 5698 2698 5773 Big.,
2727 5719 2777 5758 tn
2800 5704 3039 5759 lectione.

2338 5698 2390 5776 ί)
2428 5700 2528 5760 Ms.
2558 5698 2698 5773 Big.,
2727 5698 3039 5759 in'tecn'm.
