4056 6358
235 390 338 449 165

1628 354 1955 453 mare“
1995 392 2080 449 iv.

1926 306 2037 323 --"‘
2132 304 2265 331 "*3"
2284 321 2299 329 ε

234 502 918 575 Dominmasusctpiende,
954 519 1117 578 quam
1144 506 1479 565 familiariter
1501 509 1813 577 agnoverim
1840 516 1891 583 Α
1918 520 2011 561 es:
2041 504 2089 562 si
2115 505 2480 563 maturitatem
2502 505 2703 578 ingenii
2723 508 2801 565 tui
2821 501 2876 565 et
2894 502 3349 591 grassabamur
3366 517 3499 574 mihi

237 603 308 658 te,
331 602 535 663 quanto
560 594 791 650 admirer
807 604 1047 666 stupore,
1063 611 1227 666 quam
1239 612 1434 667 magno
1448 613 1633 655 amore
1658 615 1780 655 com
1792 630 1811 643 σ

234 686 461 757 plectar,
470 686 811 755 quiquotidie
831 688 1100 757 colloquio
1121 689 1421 745 litterarum
1442 694 1650 747 tuarum
1665 689 1812 747 fruor

236 787 294 837 et
314 779 429 833 oris
448 778 523 832 tui
550 778 741 846 spiritu
766 794 975 835 vescor.
993 778 1064 835 0s
1078 780 1387 849 enimjuum
1410 778 1637 841 ﬁstulam
1659 794 1811 850 aquae

232 870 435 925 vinei
464 883 657 924 venam
674 868 834 927 fontis
860 871 1046 927 externi
1060 872 1258 952 merito
1281 871 1529 938 dixerim,
1543 871 1666 943 quia
1692 873 1810 943 [oua

226 963 311 1033 la)
339 963 394 1021 in
424 970 476 1019 te
503 977 652 1033 acuta
666 962 901 1018 salientia
941 965 997 1019 in
1035 965 1190 1019 vitam
1237 974 1487 1023 internum
1514 975 1541 1005 ι
1568 963 1812 1022 Christus

228 1052 452 1108 allectus
477 1061 578 1107 est.
591 1051 757 1121 Cujus
780 1053 1047 1109 desiderio
1061 1054 1230 1109 sitivit
1255 1055 1310 1110 in
1326 1063 1380 1109 te
1394 1055 1572 1111 anima
1598 1070 1736 1121 mea,
1757 1062 1812 1110 et

228 1145 474 1209 ubertate
504 1145 579 1203 tui
608 1143 840 1201 ﬂuminis
872 1145 1123 1200 inebriari
1150 1156 1293 1200 terra
1331 1161 1455 1207 mea
1479 1146 1807 1216 concupivit.

226 1236 461 1305 ideoque
504 1251 628 1291 cum
676 1235 780 1291 boc
808 1235 883 1306 (ὁ)
912 1234 1280 1297 Peutateucho
1301 1245 1393 1295 tuo
1422 1245 1611 1295 contra
1640 1236 1811 1293 Mani-

229 1328 408 1384 cbzcos
453 1342 541 1382 me
581 1328 711 1391 satis
756 1329 1082 1395 ariuaveris,
1130 1330 1181 1385 si
1220 1345 1327 1399 qua
1357 1330 1410 1384 in
1438 1329 1573 1387 alios
1599 1343 1814 1398 quoque

220 1417 414 1473 hostes
456 1416 740 1475 catholicae
787 1415 910 1475 ﬁdei
956 1418 1249 1479 munimina
1288 1420 1654 1489 comparasti,
1708 1418 1814 1490 14

224 1507 353 1577 quia
380 1507 553 1565 hostis
580 1516 784 1575 noster,
812 1508 896 1561 cui
929 1508 1071 1563 mille
1092 1508 1312 1563 nocendi
1332 1518 1470 1563 artes
1497 1508 1713 1579 (Virgil.
1740 1524 1811 1567 vn

216 1598 471 1667 aEneidq
502 1616 547 1655 υ.
575 1598 723 1669 554),
775 1608 881 1653 tam
924 1600 1086 1655 variis
1130 1602 1515 1671 expugnandus
1555 1611 1639 1656 est
1668 1602 1807 1668 telis,

214 1705 386 1760 quam
414 1699 687 1760 oppugnat
712 1691 945 1757 insidiis;
975 1706 1155 1761 quaeso
1180 1706 1431 1762 promere
1466 1691 1595 1747 mihi
1622 1692 1691 1747 de
1720 1708 1808 1747 ar-

212 1781 580 1841 mamentario
610 1789 731 1848 tuo,
759 1789 815 1837 et
841 1780 1085 1836 conferre
1113 1797 1219 1835 non
1250 1783 1455 1837 abnuas
1480 1797 1627 1837 arma
1652 1781 1811 1851 justi—

1915 611 1976 653 es
2001 614 2015 650 :
2044 597 2146 653 etsi
2171 596 2311 655 torte
2337 597 2410 654 sis
2436 614 2551 656 :cvo
2571 600 2773 670 iunior,
2812 601 2938 671 quia
2969 608 3021 657 te
3043 602 3110 663 ad
3133 605 3493 662 maturitatem

1904 686 2093 743 meriti
2119 694 2174 741 et
2205 686 2281 759 (g)
2305 688 2567 745 honorem
2593 690 2864 745 seniorum
2893 691 3145 763 provexit
3170 704 3225 748 et
3241 693 3496 763 juvenem

1908 791 2051 853 cana
2076 778 2379 849 prudentia.
2422 777 2566 835 Fove
2595 780 2759 850 igitur
2800 790 2855 836 et
2895 784 3191 839 corrobora
3219 800 3304 840 me
3332 786 3385 839 in
3406 802 3495 842 sa-

1913 868 2020 924 cris
2047 866 2237 927 litteris
2264 875 2319 923 et
2345 869 2674 939 spiritalibus
2698 870 2917 939 studiis,
2964 880 3234 945 tempore,
3275 883 3333 930 ut
3364 875 3494 942 dixi,

1912 966 2219 1026 recentem;
2268 968 2324 1015 et
2366 960 2437 1017 ob
2483 963 2587 1018 hoc
2633 972 2757 1032 post
2804 963 2963 1034 longa
3011 964 3345 1033 discrimina,
3376 977 3498 1038 post

1911 1054 2083 1137 multa
2111 1055 2413 1126 naufragia,
2445 1072 2545 1112 usu
2566 1056 2785 1122 rudem,
2821 1057 3039 1113 vixdum
3071 1074 3101 1112 a
3132 1057 3381 1116 ﬂuctibus
3408 1075 3496 1115 εει

1915 1144 2023 1203 culi
2048 1155 2410 1214 emergentem
2437 1189 2453 1215 ,
2483 1155 2540 1202 tu
2561 1187 2578 1214 ,
2624 1148 2715 1219 qui
2738 1148 2850 1219 jam
2878 1148 3048 1207 solido
3083 1149 3263 1206 littore
3291 1153 3496 1208 consti—

1915 1239 2027 1294 tisti
2057 1277 2073 1303 ,
2103 1241 2121 1270 ’
2147 1247 2264 1299 tuto
2291 1239 2312 1270 ³
2337 1240 2529 1311 excipe
2572 1239 2692 1297 sinu
2715 1280 2732 1308 ,
2782 1248 2839 1297 ut
2867 1241 2920 1297 in
2949 1249 3108 1312 portu
3136 1242 3156 1272 ⁸
3186 1243 3403 1310 salutis,
3452 1244 3497 1299 si

1914 1329 2131 1400 dignum
2178 1339 2372 1405 putas,
2421 1330 2622 1402 pariter
2666 1332 2994 1401 navigemus.
3054 1333 3261 1390 interea
3303 1351 3391 1391 me
3430 1335 3497 1391 de

1911 1421 2166 1495 periculis
2195 1423 2315 1477 vita:
2341 1422 2499 1478 istius
2524 1431 2579 1479 et
2604 1423 2867 1494 profundo
2902 1434 3243 1497 peccatorum
3268 1427 3497 1484 evadere
3558 1424 3563 1429 ’

1914 1512 2196 1582 nitentem,
2242 1514 2341 1586 15
2371 1514 2706 1570 orationibus
2737 1515 2841 1570 tuis
2879 1522 3147 1585 tamquam
3175 1517 3352 1573 tabula
3381 1534 3498 1576 sus-

1915 1602 2056 1667 tine;
2110 1609 2167 1657 ut
2212 1601 2280 1657 de
2324 1602 2430 1658 hoc
2476 1604 2676 1659 mundo
2712 1604 2866 1672 quasi
2896 1603 2965 1661 de
3008 1607 3279 1675 naulragio
3324 1608 3498 1665 nudus

1913 1692 2157 1747 evadam.

1984 1780 2037 1836 «i.
2078 1781 2284 1837 Idcirco
2311 1782 2454 1838 enim
2483 1781 2664 1837 levare
2693 1781 2714 1812 '
2742 1796 2829 1835 me
2857 1780 3098 1847 sarcinis,
3124 1792 3177 1837 et
3206 1784 3495 1841 vestimen-

224 1874 333 1928 tiaa.
396 1870 527 1927 Sum
553 1873 697 1928 enim
725 1872 1061 1953 laboriosus,
1098 1873 1259 1931 etiam
1302 1889 1446 1929 nunc
1481 1873 1578 1930 sub
1614 1889 1809 1945 magno
1840 1890 1888 1953 Β
1916 1871 1982 1927 tis
2030 1872 2377 1929 onerantibus
2425 1886 2626 1927 exuere
2692 1871 2910 1938 curavi,
2962 1880 3019 1926 ut
3065 1874 3326 1928 undosum
3372 1875 3495 1944 hoc,

220 1964 293 2034 (c)
322 1964 528 2018 honore
561 1970 845 2034 peccator;
886 1952 1174 2019 veteranus
1220 1964 1272 2018 in
1301 1979 1528 2020 numero
1558 1952 1851 2035 peccath
1912 1960 2056 2033 quod
2099 1963 2237 2017 inter
2283 1978 2383 2016 nos
2429 1971 2483 2016 et
2530 1961 2696 2016 Deum
2740 1963 2978 2030 peccatis
3034 1962 3495 2020 interlatrantlbus

218 2054 474 2123 rum,sed
501 2062 703 2110 aeterno
721 2054 854 2123 [legi
883 2070 1053 2111 novus
1080 2055 1409 2125 incorporea:
1440 2064 1558 2127 tyro
1583 2057 1803 2113 militiae.

217 2147 553 2218 Sapientiam
592 2148 777 2203 mundi
824 2148 989 2203 miser
1021 2149 1299 2219 hucusque
1327 2149 1550 2204 miratus
1583 2166 1724 2218 sum,
1756 2158 1811 2204 et

217 2253 319 2308 per
348 2238 565 2293 inutiles
602 2238 811 2294 litteras
851 2238 1302 2311 reprobatamque
1328 2238 1667 2309 prudentiam
1696 2240 1808 2296 Deo

210 2330 416 2385 stultus
442 2339 498 2384 et
523 2340 700 2386 mutus
729 2330 803 2386 fui
829 2330 878 2387 ι’.
904 2329 1195 2402 Postquam
1222 2330 1499 2387 inveteravi
1530 2334 1667 2387 inter
1698 2335 1805 2389 ini-

214 2423 380 2475 micos
410 2438 547 2477 meos
573 2434 619 2487 ο,
651 2432 706 2477 et
747 2421 941 2478 evanui
971 2422 1026 2477 in
1052 2422 1466 2491 cogitationibus
1495 2423 1647 2487 meis,
1680 2419 1706 2459 ἀ
1736 2423 1809 2477 le-

214 2512 330 2565 vari
377 2514 551 2567 οσιιιοε
598 2530 736 2568 meos
769 2514 826 2567 in
858 2523 1056 2568 monia
1080 2523 1124 2579 ο,
1153 2513 1223 2569 ad
1247 2521 1519 2584 praecepta
1547 2512 1725 2581 chis,
1756 2522 1812 2568 et

212 2602 405 2669 gratia:
442 2603 581 2659 dona
610 2604 944 2675 suspiciens,
975 2605 1112 2659 unde
1147 2605 1274 2663 mihi
1315 2605 1565 2659 milium
1599 2606 1734 2659 venit
1777 2623 1811 2658 a

209 2695 465 2763 Domino,
489 2698 581 2766 qui
605 2713 718 2753 non
759 2698 1052 2753 secimdum
1090 2697 1400 2765 iniquitates
1440 2695 1810 2761 retribueus‘,

208 2787 540 2843 illuminavit
564 2805 770 2847 crocum
797 2799 843 2856 ε,
874 2790 1033 2845 solvit
1061 2788 1425 2858 compeditum
1446 2831 1463 2856 ,
1510 2788 1814 2844 humiliavit

194 2887 464 2949 erectum
492 2882 652 2946 male,
678 2888 741 2935 ut
767 2881 998 2948 erigeret
1023 2880 1361 2939 humiliatum
1389 2879 1496 2949 pie.

291 2972 350 3025 ’5.
392 2972 603 3041 Sequor
631 2973 795 3041 igitur
822 2989 930 3028 non
957 2973 1127 3043 aequis
1155 2972 1331 3028 adhuc
1353 2971 1599 3042 passibus
1618 2983 1812 3039 magna

198 3064 490 3132 justorum
519 3063 764 3131 vestigia.
782 3062 826 3117 si
841 3064 1038 3132 possim
1050 3063 1380 3118 orationibus
1408 3062 1600 3119 vestris
1616 3076 1811 3131 appre-

186 3152 464 3226 hendere
487 3191 502 3218 ,
558 3153 611 3207 in
659 3168 772 3221 quo
818 3153 915 3208 Dei
960 3154 1395 3210 miserationibus
1445 3153 1809 3223 apprehensus

1909 2060 2145 2123 separat,
2178 2052 2457 2122 praesentis
2488 2051 2606 2106 vita:
2629 2051 2842 2121 salum,
2893 2052 3040 2107 omni
3079 2055 3274 2109 amictu
3299 2057 3495 2122 carnis,

1910 2152 1964 2196 et
1989 2157 2117 2197 cura
2143 2142 2248 2197 diei
2276 2141 2551 2211 sequentis
2580 2140 2624 2211 ί,
2649 2141 2871 2212 jubente
2900 2150 2955 2199 et
2986 2142 3063 2215 (Ιι)
3089 2144 3313 2214 juvante
3338 2146 3495 2203 Chri-

1910 2248 2017 2307 sto,
2036 2239 2314 2309 expeditus
2338 2245 2568 2292 cnatem.
2588 2236 2771 2307 Neque
2785 2238 2836 2293 id
2851 2237 3137 2309 perfecisse
3153 2256 3238 2296 me
3263 2241 3494 2311 glorior:

1910 2331 2054 2401 quod
2070 2331 2169 2385 etsi
2189 2330 2407 2399 gloriari
2430 2344 2667 2399 possem,
2690 2329 2743 2384 in
2769 2327 2992 2384 Domino
3013 2331 3300 2399 gloriareri
3317 2374 3331 2398 ,
3346 2332 3497 2402 cujus

1911 2433 1985 2476 est
2013 2423 2271 2492 perlicere
2289 2460 2304 2485 ,
2333 2422 2476 2490 quod
2506 2422 2661 2476 nobis
2690 2421 2903 2491 adjacet
2931 2422 3064 2478 velle
3095 2421 3139 2477 ⁵⁸.
3171 2422 3277 2479 Sed
3306 2440 3496 2481 concu~

1909 2515 2067 2585 piscit
2096 2515 2270 2571 adhuc
2298 2515 2477 2571 anima
2501 2529 2621 2569 mea
2648 2514 2957 2571 desiderare
2977 2516 3178 2585 judicia
3210 2517 3419 2573 Domini
3451 2519 3496 2574 ι.

1916 2608 2046 2661 Vide
2095 2606 2315 2677 quando
2337 2613 2654 2674 assequatur
2674 2607 2755 2676 (ἱ)
2784 2605 2982 2663 eﬂectu
3014 2606 3111 2662 Dei
3145 2610 3498 2678 voluntatem,

1912 2699 2004 2768 qui
2028 2700 2203 2755 adhuc
2239 2699 2414 2768 ipsum
2440 2697 2753 2753 desiderare
2781 2698 3071 2753 desiderat.
3134 2698 3289 2767 Quod
3330 2702 3384 2757 in
3412 2717 3499 2777 me

1916 2797 2094 2842 tamen
2124 2796 2210 2842 est
2228 2827 2243 2851 ,
2288 2786 2453 2841 dilexi
2482 2788 2733 2841 decorem
2772 2786 2962 2842 domuis
2984 2798 3217 2855 sancte;
3249 2798 3305 2845 et
3328 2805 3498 2860 quan-

1902 2887 2029 2932 tum
2060 2878 2111 2931 in
2140 2892 2226 2932 me
2254 2876 2377 2940 fuit,
2410 2878 2676 2944 elegerant
2705 2877 2944 2946 abjectus
2968 2893 3090 2934 esse
3118 2880 3171 2934 in
3196 2879 3360 2936 domo
3386 2881 3497 2938 Doo

1914 2968 2044 3023 mini
2075 2978 2131 3020 "'.
2154 2964 2267 3043 Sed
2298 2965 2380 3019 cui
2405 2964 2599 3034 placuit
2628 2981 2896 3037 segregare
2920 2984 3003 3020 me
3028 2967 3091 3020 ab
3130 2976 3274 3022 utero
3314 2972 3497 3026 matris

1906 3075 2039 3113 mea:
2064 3066 2115 3124 ε,
2145 3054 2205 3112 et'
2225 3055 2293 3110 ab
2322 3055 2554 3109 amicitia
2583 3056 2761 3109 carnis
2783 3064 2839 3110 et
2862 3058 3135 3125 sanguinis
3176 3059 3241 3113 ad
3270 3061 3496 3130 gratiam

1909 3164 2059 3206 suam
2088 3147 2303 3202 trahere
2321 3186 2335 3211 ,
2370 3145 2546 3201 eidem
2574 3145 2772 3215 placuit
2806 3145 3021 3217 inopem
3048 3163 3137 3204 me
3165 3152 3341 3207 omnis
3363 3152 3496 3210 boni

190 3258 359 3315 sum.
390 3240 540 3311 Rege
565 3256 695 3309 ergo
726 3244 1002 3312 parvulum
1032 3245 1086 3299 in
1109 3251 1249 3297 terra
1269 3250 1588 3313 reptantem,
1622 3250 1677 3297 et
1704 3241 1809 3298 tuis
1828 3247 1882 3317 ς
1914 3241 2090 3296 meriti
2119 3239 2380 3294 suscitare
2409 3238 2475 3292 de
2501 3246 2674 3303 terra,
2717 3245 2774 3292 et
2798 3238 2869 3294 de
2896 3238 3016 3295 lacu
3046 3240 3401 3310 miseriarum,
3432 3260 3496 3300 ac

202 3333 494 3405 gressibus
520 3332 727 3403 ingredi
756 3334 910 3389 doce.
950 3334 1086 3389 Nolo
1114 3336 1255 3389 enim
1288 3334 1366 3405 (ά)
1396 3349 1483 3389 me
1512 3334 1807 3405 corporalis

210 3433 373 3480 ortus
392 3424 563 3494 magis
585 3439 747 3493 quam
767 3424 1022 3496 spiritalis
1041 3434 1261 3483 exortus
1283 3432 1442 3481 actate
1463 3424 1800 3491 consideres:

212 3514 419 3585 quippe
444 3525 574 3568 tetas
601 3514 733 3569 mibi
762 3514 1053 3579 secundum
1086 3530 1301 3571 carnem
1331 3530 1393 3571 ea
1411 3515 1522 3587 jam
1552 3528 1667 3581 est,
1699 3531 1805 3586 qua

214 3606 318 3662 fuit
342 3607 435 3680 ille
461 3607 532 3661 ab
558 3608 821 3677 apostolis
863 3608 918 3663 in
966 3617 1125 3677 porta
1171 3607 1429 3679 Speciosa
1468 3609 1618 3663 verbi
1648 3615 1806 3679 pote-

215 3706 359 3753 state
400 3705 622 3754 sanatus
650 3695 716 3766 II;
772 3699 825 3753 in
872 3700 1137 3759 natalibus
1180 3708 1357 3755 autem
1390 3703 1612 3768 animae,
1666 3700 1808 3755 illius

219 3789 396 3849 adhuc
425 3790 556 3846 mibi
586 3800 797 3861 tempus
825 3791 1057 3847 infantia:
1077 3801 1177 3859 est,
1209 3810 1327 3865 qua:
1350 3795 1625 3851 intentatis
1651 3793 1809 3850 Chri-

216 3887 307 3936 sto
330 3881 637 3937 vulneribus
665 3882 956 3948 immolata,
988 3882 1149 3951 digno
1178 3886 1434 3954 sanguine
1462 3885 1596 3953 Agni
1628 3886 1698 3956 (ε)
1728 3886 1807 3941 vi-

209 3970 443 4048 .ctimam
487 3974 871 4043 praecucurrit,
924 3981 981 4029 et
1026 3975 1358 4031 Dominicam
1384 3977 1679 4047 auspicata
1725 3984 1810 4033 est

227 4061 547 4131 passionem.
604 4062 778 4139 Atque
806 4064 928 4118 ideo
958 4072 1015 4119 ut
1043 4066 1297 4123 infantem
1320 4067 1494 4121 adhuc
1522 4069 1687 4123 verbo
1713 4068 1809 4123 Dei

208 4160 280 4229 et
300 4154 526 4224 spiritali
554 4162 713 4211 aetate
744 4156 1028 4211 lactentem
1052 4157 1252 4221 educa,
1288 4160 1463 4215 verbis
1492 4158 1628 4223 tuis,
1676 4160 1809 4213 ube-

224 4244 370 4301 ribus
399 4244 523 4300 lidei
547 4287 561 4311 ,
605 4246 688 4320 (ί)
720 4246 994 4316 sapientia:
1023 4248 1179 4319 (forte
1202 4247 1360 4318 spei),
1412 4247 1651 4303 caritatis
1676 4289 1692 4314 ,
1722 4249 1805 4302 in-

224 4337 483 4395 hiantem.
544 4338 604 4395 Si
651 4339 886 4397 oflicium
933 4355 1218 4396 commune
1239 4338 1570 4424 .consideras
1597 4382 1613 4411 ,
1642 4339 1808 4396 frater

1910 3334 1978 3390 de
2001 3332 2114 3388 luto
2141 3330 2286 3388 necis
2315 3331 2543 3388 educere
2560 3371 2576 3398 ,
2618 3338 2677 3397 ut
2716 3330 3009 3387 collocaret
3037 3347 3123 3388 me
3150 3349 3271 3389 cum
3299 3336 3496 3405 prind-

1909 3424 2065 3495 pibus
2091 3424 2276 3495 populi
2303 3423 2386 3478 sui
2418 3431 2465 3487 ο,
2497 3429 2552 3477 et
2580 3429 2788 3492 partem
2817 3435 2992 3476 meam
3018 3422 3073 3478 in
3106 3430 3197 3478 tua
3224 3434 3371 3481 sorte
3399 3442 3496 3495 po-

1909 3522 2084 3584 neret,
2112 3522 2172 3570 ut
2202 3524 2256 3571 te
2281 3522 2573 3586 praestante
2597 3512 2825 3578 meritis,
2855 3512 3034 3570 officio
3055 3515 3294 3572 sociatus
3318 3531 3496 3587 aequa-

1909 3622 2017 3663 rer.

1982 3696 2036 3752 5.
2078 3695 2463 3751 Praesumtione
2486 3695 2645 3765 igitur
2669 3710 2779 3752 non
2807 3710 2952 3765 mea,
2974 3696 3071 3752 sed
3094 3696 3295 3768 placito
3321 3708 3378 3755 et
3401 3717 3493 3757 or-

1912 3788 2187 3844 dinatione
2252 3785 2508 3855 Domini,
2572 3786 2926 3844 fraternitatis
2983 3796 3087 3844 tute
3141 3790 3271 3847 mihi
3322 3791 3497 3850 fmdus

1914 3896 2207 3951 usurpans,
2241 3888 2391 3935 tanto
2428 3879 2675 3950 indignus
2702 3883 2909 3938 honore
2937 3898 3023 3937 me
3049 3882 3261 3953 dignor,
3291 3886 3414 3957 quia
3444 3895 3497 3942 te

1908 3988 2007 4043 pro
2032 3981 2117 4026 tua
2147 3972 2431 4026 sanctitate
2451 3980 2603 4027 certo
2631 3972 2767 4039 scio,
2795 3988 2919 4028 nam
2946 3974 3176 4029 veritate
3210 3975 3296 4046 (j)
3328 3978 3493 4046 sapis,

1910 4082 2017 4120 non
2049 4062 2155 4118 alta
2176 4077 2396 4132 sapere,
2418 4062 2511 4116 sed
2540 4063 2829 4119 humilibus
2853 4077 3153 4131 congruere
3186 4074 3229 4116 ιο.
3264 4062 3498 4135 Ideoque

1911 4162 2122 4226 promte
2150 4160 2206 4206 et
2227 4152 2412 4205 intime
2455 4160 2795 4220 recepturum
2837 4167 2997 4221 spero
3023 4152 3300 4206 caritatem
3326 4153 3498 4207 humi-

1912 4243 2076 4299 litatis
2121 4247 2356 4293 nostra}:
2389 4253 2550 4307 quam
2597 4237 2813 4309 quidem
2854 4237 2968 4310 jam
3016 4238 3285 4311 recepisse
3317 4248 3370 4295 te
3401 4258 3498 4312 per

1910 4332 2280 4391 beatissimum
2326 4327 2659 4386 sacerdotem
2712 4328 2999 4402 Alypium,
3038 4328 3163 4401 quia
3218 4327 3485 4401 dignatur,
3566 4354 3569 4357 ν

293 4482 317 4508 ο
349 4469 507 4525 Joan.
544 4485 614 4535 iv,
643 4468 729 4522 ﬂ.
804 4468 832 4508 δ
865 4468 1020 4523 Rom.
1062 4485 1101 4535 ι,
1156 4422 1257 4522 η.
1319 4478 1343 4509 ο
1374 4466 1515 4523 Psal.
1540 4484 1610 4534 vr,
1639 4466 1694 4523 8.
1770 4469 1798 4509 ά

1911 4481 1988 4522 ιιι.
2020 4479 2066 4528 ι,
2097 4460 2188 4535 Si.
2267 4470 2291 4535 ξ
2320 4459 2709 4535 Ιέιιιζςιι.ι.λ1ἑ
2747 4459 2799 4535 _‘
2830 4460 2972 4517 Psal.
3005 4478 3095 4535 cn,
3124 4462 3211 4535 £0.
3287 4474 3316 4514 ε
3345 4464 3487 4523 Psal.

224 4556 379 4608 chv,
402 4538 473 4610 A8.
548 4539 571 4576 ιι
603 4539 721 4597 Act.
743 4556 815 4606 iv,
842 4539 933 4604 ιιι,
952 4540 1149 4610 dicitur
1176 4539 1704 4610 annorumgamplius
1730 4554 1890 4610 quam
1915 4535 2008 4610 ω.

2092 4532 2107 4570 i
2136 4531 2324 4603 Matth.
2348 4548 2429 4603 vi,
2456 4529 2542 4587 54.
2568 4599 2600 4603 _
2626 4533 2639 4582 ἐ
2665 4531 2710 4603 Π
2737 4530 2866 4588 Cor.
2904 4544 2964 4603 ξ,
2997 4533 3115 4603 l7._
3161 4533 3183 4573 ι
3214 4535 3370 4593 Rom.
3402 4555 3491 4603 vn,

229 4610 312 4669 18.
364 4599 414 4647 ἰ
449 4609 592 4665 Psal.
637 4599 816 4674 cxvut,
864 4599 947 4667 lii.
1026 4616 1061 4645 ’τι
1093 4609 1235 4665 Psal.
1285 4626 1411 4674 xxv.
1442 4607 1507 4676 8;
1537 4599 1625 4665 Ps.
1654 4599 1810 4665 Lxx'n

1911 4607 1992 4661 ll.
2068 4611 2096 4640 ιι
2126 4601 2245 4659 Gal.
2277 4618 2313 4669 ι,
2346 4601 2432 4656 15.
2512 4610 2536 4637 ο
2567 4599 2711 4657 Psal.
2742 4618 2866 4670 exn,
2898 4599 2955 4657 8.
3030 4616 3055 4652 ι»
3087 4601 3242 4659 Rom.
3278 4624 3375 4675 ιιι,
3406 4599 3491 4663 16.

315 4745 373 4815 α)
411 4742 502 4798 Sic
526 4757 655 4797 mss.
690 4740 839 4796 ﬂet
865 4742 992 4798 edit.
1025 4739 1223 4796 Bened.
1255 4740 1328 4795 At
1351 4740 1483 4799 editi
1515 4755 1636 4795 cum
1670 4756 1798 4796 mss.
1828 4751 1885 4813 ι)

227 4814 379 4975 31:1:
386 4823 690 4958 .l’Zrml‘ianc
716 4917 932 4975 vocem
981 4899 1233 4975 Paulinus
1278 4900 1535 4975 designat_
1568 4900 1805 4969 quinque

412 4974 474 5029 8.
505 4973 785 5041 Augustini
806 4980 991 5027 contra
1020 4969 1371 5041 Ianlchmos:
1394 4970 1539 5039 quod
1561 4979 1712 5041 patet
1738 4985 1807 5041 ex

229 5044 462 5112 ejusdem
490 5039 649 5112 epist.
690 5061 743 5096 ιι.
776 5042 828 5107 l,
859 5057 927 5096 ex
965 5042 1121 5111 epist.
1149 5042 1200 5095 6.
1232 5056 1285 5093 ιι.
1315 5039 1368 5105 2,
1400 5047 1456 5094 et
1489 5042 1644 5110 epist.
1676 5039 1711 5094 5
1739 5039 1807 5094 ad

229 5114 497 5186 Alypium.
528 5129 583 5166 ιι.
615 5112 668 5167 2.

296 5210 367 5281 (c)
408 5209 647 5281 ltapmss.
698 5216 902 5275 septem
948 5213 1002 5259 et
1050 5204 1192 5281 edit,
1225 5202 1426 5281 liened.
1466 5212 1520 5281 et
1547 5202 1707 5281 Rosv.
1737 5202 1806 5256 At

387 5278 610 5335 codices
637 5273 868 5345 quatuor
894 5285 949 5331 et
976 5283 1082 5330 tres
1108 5274 1262 5345 editi,
1278 5290 1451 5345 onere.
1466 5273 1537 5345 Et
1545 5273 1804 5345 quadrat,

230 5349 399 5419 inquit
423 5340 740 5419 Saccbiniis,
769 5360 890 5419 cum
914 5344 1178 5419 s_entemia
1208 5343 1501 5419 Evangelii,
1531 5340 1630 5409 Qui
1657 5341 1804 5419 labo-

231 5414 354 5474 ratis
394 5428 442 5473 et
486 5418 688 5473 onerati
712 5416 853 5470 eatis.
916 5415 1115 5471 Tamen
1161 5424 1213 5468 et
1262 5415 1382 5469 libri
1428 5423 1483 5468 et
1528 5414 1806 5469 sententia:

231 5499 483 5546 venustas
524 5488 717 5544 suadet
760 5486 932 5552 magis
974 5485 1190 5555 laetiore,
1236 5485 1364 5555 quia
1409 5498 1467 5539 se
1510 5481 1649 5539 infra
1686 5501 1742 5538 ιι.
1772 5482 1807 5536 5

233 5562 600 5632 presbyterum
644 5555 946 5626 proﬁtetur,
987 5564 1042 5609 et
1070 5554 1244 5622 addit,
1262 5554 1417 5613 'tanto
1442 5555 1685 5624 indignus
1709 5555 1804 5608 lio-

231 5648 372 5686 IOI’B.
956 5649 973 5661 '

302 5724 376 5790 (d)
418 5720 511 5776 Sic
538 5734 687 5790 mss.,
715 5717 929 5772 codices
963 5715 1225 5781 Vaticani,
1272 5715 1384 5769 Bia.
1425 5716 1556 5780 duo,
1586 5723 1643 5771 et
1664 5716 1798 5771 edit.

238 5794 430 5848 Bened.
466 5789 627 5855 Editi,
659 5789 715 5841 in
730 5804 813 5842 ine
836 5795 1058 5842 atatem.

1978 4736 1998 4806 (
2015 4735 2063 4805 e)
2103 4734 2230 4789 Mss.
2256 4733 2288 4787 ι
2319 4732 2577 4799 Vaticani,
2608 4735 2833 4790 victima.
2871 4734 2990 4792 Non
3019 4735 3335 4807 displiceat,
3365 4741 3411 4797 si
3432 4751 3492 4799 et

1907 4809 2065 4880 digna
2086 4806 2312 4880 legatur.
2332 4874 2365 4880 __
2398 4876 2406 4880 _
2824 4874 2856 4880 _
2931 4832 2937 4838 -

1982 4873 2057 4947 (f)
2098 4874 2175 4928 ιω
2206 4876 2256 4928 in
2284 4874 2439 4947 editis
2462 4882 2515 4929 et
2542 4874 2957 4947 mss.omnib_us.
2989 4873 3224 4933 Pronum
3247 4878 3345 4935 fuit
3369 4897 3492 4938 cum

1906 4945 2174 5004 Sacchino
2220 4945 2527 5014 emendare,
2576 4946 2707 5014 spei,
2749 4945 2895 5014 quod
2937 4946 3215 5014 legendum
3260 4953 3495 5008 ostendit

1913 4963 2174 5004 Daccntno
2220 4963 2505 5000 eiiienuare
2637 4963 2685 4999 et
2749 4963 2895 5014 quoa
2937 4963 3215 5014 tegendum
3260 4963 3489 5008 ostendit

1913 5025 2025 5071 tum
2056 5030 2164 5087 res,
2197 5022 2308 5069 tum
2330 4987 2559 5087 epistoia
2576 4963 2655 5067 3P7
2771 5015 3083 5085 Augustini,
3113 5033 3217 5087 qua
3245 5018 3372 5077 huic
3402 5038 3489 5076 re-

1913 5031 2025 5071 turn
2056 5031 2164 5081 res,
2197 5031 2308 5069 tum
2330 5031 2559 5139 epistola
2586 5031 2650 5067 ιι
2680 5031 2740 5070 δ.
2771 5031 3083 5085 Augusuni,
3113 5033 3217 5087 qua

1912 5086 2182 5212 spogdfns
2202 5124 2216 5149 ,
2284 5099 2347 5139 ea
2387 5100 2578 5153 emque
2639 5084 2805 5140 verba
2868 5102 3129 5156 usurpans
3181 5105 3234 5143 ιι.

1912 5173 2014 5212 seri
2056 5171 2071 5208 ι
2101 5194 2115 5207 .

1910 5173 1998 5213 801⁸
2000 5171 2115 5212 ιυιι.

1985 5222 2208 5298 (g)_Sic.
2237 5239 2362 5298 mss.
2395 5222 2501 5278 duo
2528 5222 2771 5278 Vaticani
2799 5232 2854 5298 et
2880 5222 3189 5294 Bigotianns
3217 5227 3350 5281 unus
3371 5242 3491 5281 cum

3283 5088 3339 5155 5,
3382 5093 3491 5159 spei

1894 5294 2050 5355 .edii’.
2072 5294 2272 5349 Bened.
2305 5294 2376 5348 At
2396 5308 2523 5349 mss.
2554 5308 2770 5359 novem,
2800 5296 2996 5350 tortore
3010 5300 3289 5351 seniorum.

1985 5366 2062 5437 (Ιι)
2101 5365 2192 5419 Sic
2222 5371 2330 5419 tres
2352 5374 2479 5437 mss.
2510 5363 2725 5437 codices
2749 5365 2863 5437 Big.
2892 5365 3065 5437 Ε(ιίιίζ
3081 5366 3376 5437 “Mante.

1985 5434 2002 5502 (
2017 5436 2065 5506 ἱ)
2106 5437 2244 5489 Ante
2270 5442 2391 5506 erat
2426 5435 2479 5488 in
2508 5434 2715 5506 _editis,
2760 5434 3003 5506 effectum
3022 5434 3126 5506 Dei
3147 5434 3484 5506 uoluntatem.

1912 5502 2195 5569 Ifsslduo,
2224 5504 2460 5573 eiectum
2493 5502 2590 5558 Dei
2625 5502 2900 5558 om.
2931 5504 3034 5573 Alii
3060 5504 3197 5569 duo,
3252 5504 3488 5573 effectum

1912 5577 2009 5630 Dei
2031 5572 2356 5630 voluntatem.
2402 5573 2549 5629 Unus
2573 5589 2604 5628 e
2633 5574 2928 5639 Vaticanis,
2964 5572 3147 5642 effectu
3185 5573 3283 5627 Dei
3309 5575 3488 5630 rotun-

1912 5657 2083 5701 tatem.
2117 5644 2269 5699 Hunc
2295 5645 2587 5712 sequimur.

1982 5718 2038 5789 (j
2051 5715 2197 5789 tsi“
2226 5711 2625 5789 9"'9"7daVi"‘“§
2654 5728 2721 5766 ex
2739 5724 2882 5789 .‘PF’S'
2918 5711 3085 5789 "ibus
3114 5712 3404 5787 Bigotianis
3430 5725 3487 5774 et

1911 5779 2275 5842 ediiIBened.
2308 5784 2445 5837 Ante
2472 5780 2666 5837 eratin
2686 5779 2865 5845 editis,
2898 5779 3183 5841 veritam,
