  <div class='ocr_page' id='page_1' title='image "/cluster/home/n/w/nwhite01/storage/ocr_20150623/61/hvd.32044004824777/089.png"; bbox 0 0 4056 6358; ppageno 0'>
   <div class='ocr_carea' id='block_1_1' title="bbox 549 395 646 482">
    <p class='ocr_par' dir='ltr' id='par_1_1' title="bbox 549 395 646 482">
     <span class='ocr_line' id='line_1_1' title="bbox 549 395 646 482; baseline 0.01 -1"><span class='ocrx_word' id='word_1_1' title='bbox 549 395 646 482; x_wconf 70' lang='grc'><strong>167</strong></span> 
     </span>
    </p>
   </div>
   <div class='ocr_carea' id='block_1_2' title="bbox 1660 342 2656 459">
    <p class='ocr_par' dir='ltr' id='par_1_2' title="bbox 1660 342 2656 459">
     <span class='ocr_line' id='line_1_2' title="bbox 1660 342 2656 459; baseline -0.012 0"><span class='ocrx_word' id='word_1_2' title='bbox 1660 405 1714 459; x_wconf 88' lang='lat' dir='ltr'><strong>s.</strong></span> <span class='ocrx_word' id='word_1_3' title='bbox 1758 384 2042 457; x_wconf 75' lang='lat' dir='ltr'><strong>PAULINI</strong></span> <span class='ocrx_word' id='word_1_4' title='bbox 2068 342 2316 452; x_wconf 63' lang='grc' dir='ltr'><strong>μοι.Αὼ</strong></span> <span class='ocrx_word' id='word_1_5' title='bbox 2354 384 2656 450; x_wconf 84' lang='lat' dir='ltr'><strong>EPISCOPI</strong></span> 
     </span>
    </p>
   </div>
   <div class='ocr_carea' id='block_1_3' title="bbox 3711 387 3827 446">
    <p class='ocr_par' dir='ltr' id='par_1_3' title="bbox 3711 387 3827 446">
     <span class='ocr_line' id='line_1_3' title="bbox 3711 387 3827 446; baseline 0.034 -4"><span class='ocrx_word' id='word_1_6' title='bbox 3711 387 3827 446; x_wconf 80' lang='grc'><strong>168</strong></span> 
     </span>
    </p>
   </div>
   <div class='ocr_carea' id='block_1_4' title="bbox 553 503 3830 617">
    <p class='ocr_par' dir='ltr' id='par_1_4' title="bbox 553 503 3830 617">
     <span class='ocr_line' id='line_1_4' title="bbox 553 503 3830 617; baseline -0.01 -23"><span class='ocrx_word' id='word_1_7' title='bbox 553 551 762 617; x_wconf 82' lang='lat' dir='ltr'><strong>patrem</strong></span> <span class='ocrx_word' id='word_1_8' title='bbox 790 544 1032 592; x_wconf 90' lang='lat' dir='ltr'><strong>nostrum</strong></span> <span class='ocrx_word' id='word_1_9' title='bbox 1057 575 1073 602; x_wconf 92' lang='lat'><strong>,</strong></span> <span class='ocrx_word' id='word_1_10' title='bbox 1117 527 1346 586; x_wconf 90' lang='lat' dir='ltr'><strong>conlido.</strong></span> <span class='ocrx_word' id='word_1_11' title='bbox 1386 525 1435 578; x_wconf 86' lang='lat' dir='ltr'><strong>Is</strong></span> <span class='ocrx_word' id='word_1_12' title='bbox 1464 524 1604 578; x_wconf 89' lang='lat' dir='ltr'><strong>enim</strong></span> <span class='ocrx_word' id='word_1_13' title='bbox 1641 522 1757 576; x_wconf 86' lang='lat' dir='ltr'><strong>sine</strong></span> <span class='ocrx_word' id='word_1_14' title='bbox 1785 519 1949 574; x_wconf 89' lang='lat' dir='ltr'><strong>dubio</strong></span> <span class='ocrx_word' id='word_1_15' title='bbox 1976 518 2043 572; x_wconf 92' lang='lat' dir='ltr'><strong>de</strong></span> <span class='ocrx_word' id='word_1_16' title='bbox 2071 531 2130 571; x_wconf 88' lang='lat' dir='ltr'><strong>se</strong></span> <span class='ocrx_word' id='word_1_17' title='bbox 2160 520 2207 577; x_wconf 81' lang='grc' dir='ltr'><strong>Λ</strong></span> <span class='ocrx_word' id='word_1_18' title='bbox 2235 513 2470 583; x_wconf 88' lang='lat' dir='ltr'><strong>perfecta</strong></span> <span class='ocrx_word' id='word_1_19' title='bbox 2516 510 2821 580; x_wconf 83' lang='lat' dir='ltr'><strong>proximum</strong></span> <span class='ocrx_word' id='word_1_20' title='bbox 2869 509 2924 563; x_wconf 91' lang='lat' dir='ltr'><strong>in</strong></span> <span class='ocrx_word' id='word_1_21' title='bbox 2978 507 3196 562; x_wconf 90' lang='lat' dir='ltr'><strong>Christo</strong></span> <span class='ocrx_word' id='word_1_22' title='bbox 3222 549 3237 574; x_wconf 93' lang='lat'><strong>,</strong></span> <span class='ocrx_word' id='word_1_23' title='bbox 3307 505 3394 560; x_wconf 86' lang='lat' dir='ltr'><strong>vel</strong></span> <span class='ocrx_word' id='word_1_24' title='bbox 3440 503 3716 559; x_wconf 77' lang='lat' dir='ltr'><strong>Christum</strong></span> <span class='ocrx_word' id='word_1_25' title='bbox 3765 507 3830 560; x_wconf 83' lang='lat' dir='ltr'><strong>in</strong></span> 
     </span>
     <span class='ocr_line' id='line_1_5' title="bbox 1713 596 3826 617; baseline -0.007 12"><span class='ocrx_word' id='word_1_26' title='bbox 1713 612 1724 617; x_wconf 81' lang='grc'><strong><em>-</em></strong></span> <span class='ocrx_word' id='word_1_27' title='bbox 1756 612 1767 617; x_wconf 62' lang='grc'><strong>⁸</strong></span> <span class='ocrx_word' id='word_1_28' title='bbox 1804 604 1807 606; x_wconf 83' lang='grc'><em>’</em></span> <span class='ocrx_word' id='word_1_29' title='bbox 2377 604 2387 615; x_wconf 77' lang='grc' dir='ltr'>ι</span> <span class='ocrx_word' id='word_1_30' title='bbox 2541 601 2652 617; x_wconf 44' lang='lat' dir='ltr'><strong>III.“</strong></span> <span class='ocrx_word' id='word_1_31' title='bbox 2707 601 2790 617; x_wconf 66' lang='lat' dir='ltr'><strong>,.-l,</strong></span> <span class='ocrx_word' id='word_1_32' title='bbox 2846 615 2862 617; x_wconf 83' lang='lat'>_</span> <span class='ocrx_word' id='word_1_33' title='bbox 2945 598 3244 617; x_wconf 34' lang='lat' dir='ltr'><strong>n_g;!._-_lg_</strong></span> <span class='ocrx_word' id='word_1_34' title='bbox 3285 598 3298 617; x_wconf 75' lang='grc' dir='ltr'>ι</span> <span class='ocrx_word' id='word_1_35' title='bbox 3339 596 3471 617; x_wconf 58' lang='grc' dir='ltr'><em>,,,ε,,,</em></span> <span class='ocrx_word' id='word_1_36' title='bbox 3519 597 3826 617; x_wconf 51' lang='lat' dir='ltr'><strong>AA__A|3L___</strong></span> 
     </span>
    </p>
   </div>
   <div class='ocr_carea' id='block_1_5' title="bbox 555 604 2133 698">
    <p class='ocr_par' dir='ltr' id='par_1_5' title="bbox 555 604 2133 698">
     <span class='ocr_line' id='line_1_6' title="bbox 555 604 2133 698; baseline -0.018 -9"><span class='ocrx_word' id='word_1_37' title='bbox 555 604 649 690; x_wconf 71' lang='lat' dir='ltr'><strong>tibi</strong></span> <span class='ocrx_word' id='word_1_38' title='bbox 680 629 984 698; x_wconf 80' lang='lat' dir='ltr'><strong>exemplum</strong></span> <span class='ocrx_word' id='word_1_39' title='bbox 1033 619 1256 693; x_wconf 69' lang='lat' dir='ltr'><strong>pmbuit</strong></span> <span class='ocrx_word' id='word_1_40' title='bbox 1301 632 1401 671; x_wconf 91' lang='lat' dir='ltr'><strong>nos</strong></span> <span class='ocrx_word' id='word_1_41' title='bbox 1445 624 1569 669; x_wconf 91' lang='lat' dir='ltr'><strong>ante</strong></span> <span class='ocrx_word' id='word_1_42' title='bbox 1615 604 1860 668; x_wconf 75' lang='lat' dir='ltr'><strong>notitiam</strong></span> <span class='ocrx_word' id='word_1_43' title='bbox 1889 617 1944 664; x_wconf 91' lang='lat' dir='ltr'><strong>et</strong></span> <span class='ocrx_word' id='word_1_44' title='bbox 1971 621 2133 678; x_wconf 82' lang='lat' dir='ltr'><strong>supra</strong></span> 
     </span>
    </p>
   </div>
   <div class='ocr_carea' id='block_1_6' title="bbox 556 699 2135 783">
    <p class='ocr_par' dir='ltr' id='par_1_6' title="bbox 556 699 2135 783">
     <span class='ocr_line' id='line_1_7' title="bbox 556 699 2135 783; baseline -0.017 -4"><span class='ocrx_word' id='word_1_45' title='bbox 556 724 806 778; x_wconf 87' lang='lat' dir='ltr'><strong>meritum</strong></span> <span class='ocrx_word' id='word_1_46' title='bbox 835 713 1104 783; x_wconf 81' lang='lat' dir='ltr'><strong>diligendi,</strong></span> <span class='ocrx_word' id='word_1_47' title='bbox 1129 711 1221 780; x_wconf 91' lang='lat' dir='ltr'><strong>qui</strong></span> <span class='ocrx_word' id='word_1_48' title='bbox 1251 708 1556 777; x_wconf 86' lang='lat' dir='ltr'><strong>incognitos</strong></span> <span class='ocrx_word' id='word_1_49' title='bbox 1579 706 1679 763; x_wconf 90' lang='lat' dir='ltr'><strong>sibi</strong></span> <span class='ocrx_word' id='word_1_50' title='bbox 1702 720 1818 770; x_wconf 88' lang='lat' dir='ltr'><strong>nos,</strong></span> <span class='ocrx_word' id='word_1_51' title='bbox 1844 709 1899 758; x_wconf 90' lang='lat' dir='ltr'><strong>et</strong></span> <span class='ocrx_word' id='word_1_52' title='bbox 1925 699 2135 769; x_wconf 90' lang='lat' dir='ltr'><strong>longin-</strong></span> 
     </span>
    </p>
   </div>
   <div class='ocr_carea' id='block_1_7' title="bbox 557 791 2139 886">
    <p class='ocr_par' dir='ltr' id='par_1_7' title="bbox 557 791 2139 886">
     <span class='ocr_line' id='line_1_8' title="bbox 557 791 2139 886; baseline -0.017 -15"><span class='ocrx_word' id='word_1_53' title='bbox 557 833 659 886; x_wconf 89' lang='lat' dir='ltr'><strong>qua</strong></span> <span class='ocrx_word' id='word_1_54' title='bbox 707 812 806 868; x_wconf 91' lang='lat' dir='ltr'><strong>soli</strong></span> <span class='ocrx_word' id='word_1_55' title='bbox 835 809 919 864; x_wconf 91' lang='lat' dir='ltr'><strong>vel</strong></span> <span class='ocrx_word' id='word_1_56' title='bbox 960 806 1058 861; x_wconf 89' lang='lat' dir='ltr'><strong>sali</strong></span> <span class='ocrx_word' id='word_1_57' title='bbox 1089 806 1109 835; x_wconf 86' lang='grc'>⁶</span> <span class='ocrx_word' id='word_1_58' title='bbox 1135 801 1536 871; x_wconf 78' lang='lat' dir='ltr'><strong>intercapedine</strong></span> <span class='ocrx_word' id='word_1_59' title='bbox 1564 800 1896 869; x_wconf 89' lang='lat' dir='ltr'><strong>disparatos,</strong></span> <span class='ocrx_word' id='word_1_60' title='bbox 1948 791 2139 863; x_wconf 86' lang='lat' dir='ltr'><strong>spiritu</strong></span> 
     </span>
    </p>
   </div>
   <div class='ocr_carea' id='block_1_8' title="bbox 557 884 2138 966">
    <p class='ocr_par' dir='ltr' id='par_1_8' title="bbox 557 884 2138 966">
     <span class='ocr_line' id='line_1_9' title="bbox 557 884 2138 966; baseline -0.015 -4"><span class='ocrx_word' id='word_1_61' title='bbox 557 884 695 962; x_wconf 76' lang='lat' dir='ltr'><strong>vera:</strong></span> <span class='ocrx_word' id='word_1_62' title='bbox 724 908 743 937; x_wconf 85' lang='grc'><strong>⁷</strong></span> <span class='ocrx_word' id='word_1_63' title='bbox 772 900 1075 958; x_wconf 84' lang='lat' dir='ltr'><strong>dilectionis</strong></span> <span class='ocrx_word' id='word_1_64' title='bbox 1098 939 1113 965; x_wconf 91' lang='lat'><strong>,</strong></span> <span class='ocrx_word' id='word_1_65' title='bbox 1163 897 1254 966; x_wconf 88' lang='lat' dir='ltr'><strong>qui</strong></span> <span class='ocrx_word' id='word_1_66' title='bbox 1281 894 1477 964; x_wconf 90' lang='lat' dir='ltr'><strong>ubique</strong></span> <span class='ocrx_word' id='word_1_67' title='bbox 1505 901 1560 948; x_wconf 93' lang='lat' dir='ltr'><strong>et</strong></span> <span class='ocrx_word' id='word_1_68' title='bbox 1590 897 1855 963; x_wconf 85' lang='lat' dir='ltr'><strong>penetrat,</strong></span> <span class='ocrx_word' id='word_1_69' title='bbox 1882 896 1938 943; x_wconf 89' lang='lat' dir='ltr'><strong>et</strong></span> <span class='ocrx_word' id='word_1_70' title='bbox 1963 884 2138 942; x_wconf 74' lang='lat' dir='ltr'><strong>effun-</strong></span> 
     </span>
    </p>
   </div>
   <div class='ocr_carea' id='block_1_9' title="bbox 557 979 2138 1062">
    <p class='ocr_par' dir='ltr' id='par_1_9' title="bbox 557 979 2138 1062">
     <span class='ocr_line' id='line_1_10' title="bbox 557 979 2138 1062; baseline -0.013 -10"><span class='ocrx_word' id='word_1_71' title='bbox 557 998 717 1062; x_wconf 89' lang='lat' dir='ltr'><strong>ditur,</strong></span> <span class='ocrx_word' id='word_1_72' title='bbox 749 1005 804 1050; x_wconf 91' lang='lat' dir='ltr'><strong>et</strong></span> <span class='ocrx_word' id='word_1_73' title='bbox 831 993 1014 1048; x_wconf 88' lang='lat' dir='ltr'><strong>videre</strong></span> <span class='ocrx_word' id='word_1_74' title='bbox 1042 988 1312 1058; x_wconf 88' lang='lat' dir='ltr'><strong>diligendo</strong></span> <span class='ocrx_word' id='word_1_75' title='bbox 1340 986 1517 1057; x_wconf 89' lang='lat' dir='ltr'><strong>potuit</strong></span> <span class='ocrx_word' id='word_1_76' title='bbox 1537 1027 1550 1051; x_wconf 95' lang='lat'><strong>,</strong></span> <span class='ocrx_word' id='word_1_77' title='bbox 1582 992 1637 1039; x_wconf 90' lang='lat' dir='ltr'><strong>et</strong></span> <span class='ocrx_word' id='word_1_78' title='bbox 1657 979 1982 1050; x_wconf 91' lang='lat' dir='ltr'><strong>alloquendo</strong></span> <span class='ocrx_word' id='word_1_79' title='bbox 2007 993 2138 1048; x_wconf 85' lang='lat' dir='ltr'><strong>per-</strong></span> 
     </span>
    </p>
   </div>
   <div class='ocr_carea' id='block_1_10' title="bbox 560 1072 2142 1156">
    <p class='ocr_par' dir='ltr' id='par_1_10' title="bbox 560 1072 2142 1156">
     <span class='ocr_line' id='line_1_11' title="bbox 560 1072 2142 1156; baseline -0.015 -13"><span class='ocrx_word' id='word_1_80' title='bbox 560 1090 786 1156; x_wconf 85' lang='lat' dir='ltr'><strong>tingere.</strong></span> <span class='ocrx_word' id='word_1_81' title='bbox 834 1084 932 1138; x_wconf 88' lang='lat' dir='ltr'><strong>IIic</strong></span> <span class='ocrx_word' id='word_1_82' title='bbox 969 1082 1123 1137; x_wconf 89' lang='lat' dir='ltr'><strong>nobis</strong></span> <span class='ocrx_word' id='word_1_83' title='bbox 1151 1080 1322 1150; x_wconf 92' lang='lat' dir='ltr'><strong>prima</strong></span> <span class='ocrx_word' id='word_1_84' title='bbox 1351 1075 1574 1131; x_wconf 77' lang='lat' dir='ltr'><strong>affectus</strong></span> <span class='ocrx_word' id='word_1_85' title='bbox 1594 1073 1677 1128; x_wconf 90' lang='lat' dir='ltr'><strong>sui</strong></span> <span class='ocrx_word' id='word_1_86' title='bbox 1701 1072 2023 1127; x_wconf 88' lang='lat' dir='ltr'><strong>documenta</strong></span> <span class='ocrx_word' id='word_1_87' title='bbox 2042 1107 2056 1132; x_wconf 96' lang='lat'><strong>,</strong></span> <span class='ocrx_word' id='word_1_88' title='bbox 2086 1074 2142 1122; x_wconf 90' lang='lat' dir='ltr'><strong>et</strong></span> 
     </span>
    </p>
   </div>
   <div class='ocr_carea' id='block_1_11' title="bbox 559 1161 2141 1242">
    <p class='ocr_par' dir='ltr' id='par_1_11' title="bbox 559 1161 2141 1242">
     <span class='ocr_line' id='line_1_12' title="bbox 559 1161 2141 1242; baseline -0.015 -8"><span class='ocrx_word' id='word_1_89' title='bbox 559 1178 800 1236; x_wconf 86' lang='lat' dir='ltr'><strong>caritatis</strong></span> <span class='ocrx_word' id='word_1_90' title='bbox 848 1183 953 1229; x_wconf 61' lang='lat' dir='ltr'><strong>tua:</strong></span> <span class='ocrx_word' id='word_1_91' title='bbox 997 1173 1225 1242; x_wconf 81' lang='lat' dir='ltr'><strong>pignora</strong></span> <span class='ocrx_word' id='word_1_92' title='bbox 1264 1169 1319 1223; x_wconf 92' lang='lat' dir='ltr'><strong>in</strong></span> <span class='ocrx_word' id='word_1_93' title='bbox 1359 1165 1667 1236; x_wconf 89' lang='lat' dir='ltr'><strong>supradicto</strong></span> <span class='ocrx_word' id='word_1_94' title='bbox 1712 1161 1790 1233; x_wconf 93' lang='lat' dir='ltr'><strong>(a)</strong></span> <span class='ocrx_word' id='word_1_95' title='bbox 1832 1161 1994 1229; x_wconf 84' lang='lat' dir='ltr'><strong>digno</strong></span> <span class='ocrx_word' id='word_1_96' title='bbox 2023 1173 2141 1212; x_wconf 90' lang='lat' dir='ltr'><strong>mu-</strong></span> 
     </span>
    </p>
   </div>
   <div class='ocr_carea' id='block_1_12' title="bbox 564 1249 2145 1327">
    <p class='ocr_par' dir='ltr' id='par_1_12' title="bbox 564 1249 2145 1327">
     <span class='ocr_line' id='line_1_13' title="bbox 564 1249 2145 1327; baseline -0.013 -4"><span class='ocrx_word' id='word_1_97' title='bbox 564 1285 693 1323; x_wconf 85' lang='lat' dir='ltr'><strong>nere</strong></span> <span class='ocrx_word' id='word_1_98' title='bbox 721 1267 978 1321; x_wconf 91' lang='lat' dir='ltr'><strong>librorum</strong></span> <span class='ocrx_word' id='word_1_99' title='bbox 1007 1261 1174 1316; x_wconf 83' lang='lat' dir='ltr'><strong>dedit.</strong></span> <span class='ocrx_word' id='word_1_100' title='bbox 1216 1258 1284 1312; x_wconf 89' lang='lat' dir='ltr'><strong>Et</strong></span> <span class='ocrx_word' id='word_1_101' title='bbox 1310 1264 1510 1327; x_wconf 90' lang='lat' dir='ltr'><strong>quanto</strong></span> <span class='ocrx_word' id='word_1_102' title='bbox 1536 1254 1738 1310; x_wconf 85' lang='lat' dir='ltr'><strong>studuit</strong></span> <span class='ocrx_word' id='word_1_103' title='bbox 1766 1249 2055 1321; x_wconf 90' lang='lat' dir='ltr'><strong>impendio,</strong></span> <span class='ocrx_word' id='word_1_104' title='bbox 2087 1257 2145 1304; x_wconf 90' lang='lat' dir='ltr'><strong>ut</strong></span> 
     </span>
    </p>
   </div>
   <div class='ocr_carea' id='block_1_13' title="bbox 566 1341 2143 1420">
    <p class='ocr_par' dir='ltr' id='par_1_13' title="bbox 566 1341 2143 1420">
     <span class='ocr_line' id='line_1_14' title="bbox 566 1341 2143 1420; baseline -0.013 -4"><span class='ocrx_word' id='word_1_105' title='bbox 566 1359 906 1416; x_wconf 82' lang='lat' dir='ltr'><strong>sanctitatem</strong></span> <span class='ocrx_word' id='word_1_106' title='bbox 938 1363 1083 1410; x_wconf 88' lang='lat' dir='ltr'><strong>tuam</strong></span> <span class='ocrx_word' id='word_1_107' title='bbox 1113 1369 1219 1407; x_wconf 92' lang='lat' dir='ltr'><strong>non</strong></span> <span class='ocrx_word' id='word_1_108' title='bbox 1245 1351 1409 1420; x_wconf 88' lang='lat' dir='ltr'><strong>ipsius</strong></span> <span class='ocrx_word' id='word_1_109' title='bbox 1437 1356 1644 1403; x_wconf 87' lang='lat' dir='ltr'><strong>tantum</strong></span> <span class='ocrx_word' id='word_1_110' title='bbox 1665 1345 1870 1412; x_wconf 80' lang='lat' dir='ltr'><strong>verbis,</strong></span> <span class='ocrx_word' id='word_1_111' title='bbox 1901 1342 1998 1399; x_wconf 87' lang='lat' dir='ltr'><strong>sed</strong></span> <span class='ocrx_word' id='word_1_112' title='bbox 2025 1341 2143 1412; x_wconf 87' lang='lat' dir='ltr'><strong>ple-</strong></span> 
     </span>
    </p>
   </div>
   <div class='ocr_carea' id='block_1_14' title="bbox 566 1440 2146 1517">
    <p class='ocr_par' dir='ltr' id='par_1_14' title="bbox 566 1440 2146 1517">
     <span class='ocr_line' id='line_1_15' title="bbox 566 1440 2146 1517; baseline -0.011 -11"><span class='ocrx_word' id='word_1_113' title='bbox 566 1453 686 1506; x_wconf 91' lang='lat' dir='ltr'><strong>nius</strong></span> <span class='ocrx_word' id='word_1_114' title='bbox 731 1447 1036 1517; x_wconf 85' lang='lat' dir='ltr'><strong>eloquentia</strong></span> <span class='ocrx_word' id='word_1_115' title='bbox 1087 1452 1142 1498; x_wconf 93' lang='lat' dir='ltr'><strong>et</strong></span> <span class='ocrx_word' id='word_1_116' title='bbox 1184 1443 1286 1497; x_wconf 85' lang='lat' dir='ltr'><strong>ﬁde</strong></span> <span class='ocrx_word' id='word_1_117' title='bbox 1314 1452 1405 1496; x_wconf 89' lang='lat' dir='ltr'><strong>tua</strong></span> <span class='ocrx_word' id='word_1_118' title='bbox 1432 1440 1702 1510; x_wconf 81' lang='lat' dir='ltr'><strong>cognitam</strong></span> <span class='ocrx_word' id='word_1_119' title='bbox 1729 1453 1837 1492; x_wconf 93' lang='lat' dir='ltr'><strong>non</strong></span> <span class='ocrx_word' id='word_1_120' title='bbox 1869 1449 2146 1506; x_wconf 88' lang='lat' dir='ltr'><strong>possemus</strong></span> 
     </span>
    </p>
   </div>
   <div class='ocr_carea' id='block_1_15' title="bbox 565 1527 2148 1603">
    <p class='ocr_par' dir='ltr' id='par_1_15' title="bbox 565 1527 2148 1603">
     <span class='ocr_line' id='line_1_16' title="bbox 565 1527 2148 1603; baseline -0.009 -7"><span class='ocrx_word' id='word_1_121' title='bbox 565 1555 749 1596; x_wconf 90' lang='lat' dir='ltr'><strong>amare</strong></span> <span class='ocrx_word' id='word_1_122' title='bbox 787 1536 1148 1599; x_wconf 86' lang='lat' dir='ltr'><strong>mediocriter,</strong></span> <span class='ocrx_word' id='word_1_123' title='bbox 1198 1542 1477 1603; x_wconf 87' lang='lat' dir='ltr'><strong>tantopere</strong></span> <span class='ocrx_word' id='word_1_124' title='bbox 1511 1545 1728 1585; x_wconf 90' lang='lat' dir='ltr'><strong>curasse</strong></span> <span class='ocrx_word' id='word_1_125' title='bbox 1757 1527 2001 1583; x_wconf 88' lang='lat' dir='ltr'><strong>eumdem</strong></span> <span class='ocrx_word' id='word_1_126' title='bbox 2032 1541 2148 1582; x_wconf 84' lang='lat' dir='ltr'><strong>cre-</strong></span> 
     </span>
    </p>
   </div>
   <div class='ocr_carea' id='block_1_16' title="bbox 564 1608 2148 1698">
    <p class='ocr_par' dir='ltr' id='par_1_16' title="bbox 564 1608 2148 1698">
     <span class='ocr_line' id='line_1_17' title="bbox 564 1608 2148 1698; baseline -0.01 -11"><span class='ocrx_word' id='word_1_127' title='bbox 564 1633 736 1688; x_wconf 91' lang='lat' dir='ltr'><strong>dimus</strong></span> <span class='ocrx_word' id='word_1_128' title='bbox 763 1673 778 1698; x_wconf 93' lang='lat'><strong>,</strong></span> <span class='ocrx_word' id='word_1_129' title='bbox 825 1639 884 1683; x_wconf 94' lang='lat' dir='ltr'><strong>ut</strong></span> <span class='ocrx_word' id='word_1_130' title='bbox 930 1644 1029 1683; x_wconf 91' lang='lat' dir='ltr'><strong>nos</strong></span> <span class='ocrx_word' id='word_1_131' title='bbox 1068 1626 1303 1681; x_wconf 85' lang='lat' dir='ltr'><strong>vicissim</strong></span> <span class='ocrx_word' id='word_1_132' title='bbox 1344 1608 1510 1694; x_wconf 51' lang='lat' dir='ltr'><strong>ip&#39;sius</strong></span> <span class='ocrx_word' id='word_1_133' title='bbox 1536 1621 1835 1677; x_wconf 88' lang='lat' dir='ltr'><strong>imitatione</strong></span> <span class='ocrx_word' id='word_1_134' title='bbox 1862 1619 2148 1690; x_wconf 89' lang='lat' dir='ltr'><strong>plurimum</strong></span> 
     </span>
    </p>
   </div>
   <div class='ocr_carea' id='block_1_17' title="bbox 565 1715 2151 1793">
    <p class='ocr_par' dir='ltr' id='par_1_17' title="bbox 565 1715 2151 1793">
     <span class='ocr_line' id='line_1_18' title="bbox 565 1715 2151 1793; baseline -0.009 -15"><span class='ocrx_word' id='word_1_135' title='bbox 565 1724 771 1793; x_wconf 77' lang='lat' dir='ltr'><strong>diligas.</strong></span> <span class='ocrx_word' id='word_1_136' title='bbox 831 1720 1015 1775; x_wconf 87' lang='lat' dir='ltr'><strong>Gratia</strong></span> <span class='ocrx_word' id='word_1_137' title='bbox 1047 1719 1139 1773; x_wconf 91' lang='lat' dir='ltr'><strong>Dei</strong></span> <span class='ocrx_word' id='word_1_138' title='bbox 1167 1725 1371 1782; x_wconf 89' lang='lat' dir='ltr'><strong>tecum,</strong></span> <span class='ocrx_word' id='word_1_139' title='bbox 1404 1723 1464 1770; x_wconf 92' lang='lat' dir='ltr'><strong>ut</strong></span> <span class='ocrx_word' id='word_1_140' title='bbox 1504 1722 1616 1779; x_wconf 91' lang='lat' dir='ltr'><strong>est,</strong></span> <span class='ocrx_word' id='word_1_141' title='bbox 1668 1715 1722 1768; x_wconf 92' lang='lat' dir='ltr'><strong>in</strong></span> <span class='ocrx_word' id='word_1_142' title='bbox 1749 1721 2008 1767; x_wconf 83' lang='lat' dir='ltr'><strong>aeternum</strong></span> <span class='ocrx_word' id='word_1_143' title='bbox 2036 1725 2151 1765; x_wconf 88' lang='lat' dir='ltr'><strong>ma-</strong></span> 
     </span>
    </p>
   </div>
   <div class='ocr_carea' id='block_1_18' title="bbox 567 1802 2146 1882">
    <p class='ocr_par' dir='ltr' id='par_1_18' title="bbox 567 1802 2146 1882">
     <span class='ocr_line' id='line_1_19' title="bbox 567 1802 2146 1882; baseline -0.009 -12"><span class='ocrx_word' id='word_1_144' title='bbox 567 1822 710 1879; x_wconf 88' lang='lat' dir='ltr'><strong>neat,</strong></span> <span class='ocrx_word' id='word_1_145' title='bbox 743 1821 1016 1882; x_wconf 87' lang='lat' dir='ltr'><strong>optamus,</strong></span> <span class='ocrx_word' id='word_1_146' title='bbox 1062 1808 1228 1862; x_wconf 85' lang='lat' dir='ltr'><strong>frater</strong></span> <span class='ocrx_word' id='word_1_147' title='bbox 1277 1808 1328 1860; x_wconf 93' lang='lat' dir='ltr'><strong>in</strong></span> <span class='ocrx_word' id='word_1_148' title='bbox 1374 1804 1590 1860; x_wconf 87' lang='lat' dir='ltr'><strong>Christo</strong></span> <span class='ocrx_word' id='word_1_149' title='bbox 1619 1803 1846 1858; x_wconf 90' lang='lat' dir='ltr'><strong>Domino</strong></span> <span class='ocrx_word' id='word_1_150' title='bbox 1877 1802 2146 1866; x_wconf 89' lang='lat' dir='ltr'><strong>unanime,</strong></span> 
     </span>
    </p>
   </div>
   <div class='ocr_carea' id='block_1_19' title="bbox 2235 596 3832 676">
    <p class='ocr_par' dir='ltr' id='par_1_19' title="bbox 2235 596 3832 676">
     <span class='ocr_line' id='line_1_20' title="bbox 2235 596 3832 676; baseline -0.004 -17"><span class='ocrx_word' id='word_1_151' title='bbox 2235 604 2483 676; x_wconf 82' lang='lat' dir='ltr'><strong>proximo</strong></span> <span class='ocrx_word' id='word_1_152' title='bbox 2524 601 2886 669; x_wconf 72' lang='lat' dir='ltr'><strong>diligentibus.</strong></span> <span class='ocrx_word' id='word_1_153' title='bbox 2945 598 3251 670; x_wconf 90' lang='lat' dir='ltr'><strong>Spiritualia</strong></span> <span class='ocrx_word' id='word_1_154' title='bbox 3285 598 3302 628; x_wconf 84' lang='grc'>¹</span> <span class='ocrx_word' id='word_1_155' title='bbox 3331 596 3475 651; x_wconf 90' lang='lat' dir='ltr'><strong>enim</strong></span> <span class='ocrx_word' id='word_1_156' title='bbox 3514 597 3832 653; x_wconf 87' lang='lat' dir='ltr'><strong>carnalibus</strong></span> 
     </span>
    </p>
   </div>
   <div class='ocr_carea' id='block_1_20' title="bbox 2239 681 3827 763">
    <p class='ocr_par' dir='ltr' id='par_1_20' title="bbox 2239 681 3827 763">
     <span class='ocr_line' id='line_1_21' title="bbox 2239 681 3827 763; baseline -0.004 -12"><span class='ocrx_word' id='word_1_157' title='bbox 2239 698 2510 752; x_wconf 87' lang='lat' dir='ltr'><strong>intuentes</strong></span> <span class='ocrx_word' id='word_1_158' title='bbox 2535 681 2561 759; x_wconf 75' lang='grc'><strong>,’</strong></span> <span class='ocrx_word' id='word_1_159' title='bbox 2593 693 2748 750; x_wconf 79' lang='lat' dir='ltr'><strong>facile</strong></span> <span class='ocrx_word' id='word_1_160' title='bbox 2777 693 3075 761; x_wconf 77' lang='lat' dir='ltr'><strong>colligimus</strong></span> <span class='ocrx_word' id='word_1_161' title='bbox 3103 707 3171 746; x_wconf 82' lang='lat' dir='ltr'><strong>ex</strong></span> <span class='ocrx_word' id='word_1_162' title='bbox 3197 691 3486 747; x_wconf 86' lang='lat' dir='ltr'><strong>dilectione</strong></span> <span class='ocrx_word' id='word_1_163' title='bbox 3507 692 3827 763; x_wconf 80' lang='lat' dir='ltr'><strong>perSpicua,</strong></span> 
     </span>
    </p>
   </div>
   <div class='ocr_carea' id='block_1_21' title="bbox 2238 782 3826 858">
    <p class='ocr_par' dir='ltr' id='par_1_21' title="bbox 2238 782 3826 858">
     <span class='ocr_line' id='line_1_22' title="bbox 2238 782 3826 858; baseline -0.003 -17"><span class='ocrx_word' id='word_1_164' title='bbox 2238 801 2398 856; x_wconf 89' lang='lat' dir='ltr'><strong>quam</strong></span> <span class='ocrx_word' id='word_1_165' title='bbox 2426 785 2608 851; x_wconf 90' lang='lat' dir='ltr'><strong>fratri,</strong></span> <span class='ocrx_word' id='word_1_166' title='bbox 2641 799 2799 853; x_wconf 87' lang='lat' dir='ltr'><strong>quem</strong></span> <span class='ocrx_word' id='word_1_167' title='bbox 2841 783 3016 851; x_wconf 85' lang='lat' dir='ltr'><strong>vides,</strong></span> <span class='ocrx_word' id='word_1_168' title='bbox 3047 782 3294 848; x_wconf 83' lang='lat' dir='ltr'><strong>exhibes,</strong></span> <span class='ocrx_word' id='word_1_169' title='bbox 3347 783 3622 858; x_wconf 65' lang='lat' dir='ltr'><strong>caelestem</strong></span> <span class='ocrx_word' id='word_1_170' title='bbox 3651 783 3826 848; x_wconf 86' lang='lat' dir='ltr'><strong>illam,</strong></span> 
     </span>
    </p>
   </div>
   <div class='ocr_carea' id='block_1_22' title="bbox 2242 874 3832 947">
    <p class='ocr_par' dir='ltr' id='par_1_22' title="bbox 2242 874 3832 947">
     <span class='ocr_line' id='line_1_23' title="bbox 2242 874 3832 947; baseline 0 -18"><span class='ocrx_word' id='word_1_171' title='bbox 2242 877 2472 943; x_wconf 79' lang='lat' dir='ltr'><strong>fidelem,</strong></span> <span class='ocrx_word' id='word_1_172' title='bbox 2504 884 2664 947; x_wconf 92' lang='lat' dir='ltr'><strong>atque</strong></span> <span class='ocrx_word' id='word_1_173' title='bbox 2689 875 3009 946; x_wconf 84' lang='lat' dir='ltr'><strong>perfectam,</strong></span> <span class='ocrx_word' id='word_1_174' title='bbox 3036 889 3142 944; x_wconf 90' lang='lat' dir='ltr'><strong>qua</strong></span> <span class='ocrx_word' id='word_1_175' title='bbox 3180 874 3372 938; x_wconf 88' lang='lat' dir='ltr'><strong>Deum,</strong></span> <span class='ocrx_word' id='word_1_176' title='bbox 3412 888 3575 943; x_wconf 87' lang='lat' dir='ltr'><strong>quem</strong></span> <span class='ocrx_word' id='word_1_177' title='bbox 3605 891 3716 929; x_wconf 91' lang='lat' dir='ltr'><strong>non</strong></span> <span class='ocrx_word' id='word_1_178' title='bbox 3743 875 3832 929; x_wconf 87' lang='lat' dir='ltr'><strong>vi-</strong></span> 
     </span>
    </p>
   </div>
   <div class='ocr_carea' id='block_1_23' title="bbox 2240 963 3832 1038">
    <p class='ocr_par' dir='ltr' id='par_1_23' title="bbox 2240 963 3832 1038">
     <span class='ocr_line' id='line_1_24' title="bbox 2240 963 3832 1038; baseline -0.003 -14"><span class='ocrx_word' id='word_1_179' title='bbox 2240 969 2358 1036; x_wconf 88' lang='lat' dir='ltr'><strong>des,</strong></span> <span class='ocrx_word' id='word_1_180' title='bbox 2382 968 2575 1038; x_wconf 78' lang='lat' dir='ltr'><strong>diligis.</strong></span> <span class='ocrx_word' id='word_1_181' title='bbox 2636 966 2789 1034; x_wconf 82' lang='lat' dir='ltr'><strong>Quod</strong></span> <span class='ocrx_word' id='word_1_182' title='bbox 2818 966 3110 1036; x_wconf 89' lang='lat' dir='ltr'><strong>probamus</strong></span> <span class='ocrx_word' id='word_1_183' title='bbox 3139 964 3444 1019; x_wconf 87' lang='lat' dir='ltr'><strong>obedientia</strong></span> <span class='ocrx_word' id='word_1_184' title='bbox 3467 963 3612 1030; x_wconf 78' lang='lat' dir='ltr'><strong>fidei,</strong></span> <span class='ocrx_word' id='word_1_185' title='bbox 3645 965 3690 1019; x_wconf 89' lang='lat' dir='ltr'><strong>si</strong></span> <span class='ocrx_word' id='word_1_186' title='bbox 3718 967 3832 1020; x_wconf 90' lang='lat' dir='ltr'><strong>sci-</strong></span> 
     </span>
    </p>
   </div>
   <div class='ocr_carea' id='block_1_24' title="bbox 2242 1054 3834 1126">
    <p class='ocr_par' dir='ltr' id='par_1_24' title="bbox 2242 1054 3834 1126">
     <span class='ocr_line' id='line_1_25' title="bbox 2242 1054 3834 1126; baseline -0.001 -13"><span class='ocrx_word' id='word_1_187' title='bbox 2242 1059 2370 1115; x_wconf 91' lang='lat' dir='ltr'><strong>licet</strong></span> <span class='ocrx_word' id='word_1_188' title='bbox 2391 1059 2620 1113; x_wconf 91' lang='lat' dir='ltr'><strong>invicem</strong></span> <span class='ocrx_word' id='word_1_189' title='bbox 2650 1056 2922 1124; x_wconf 88' lang='lat' dir='ltr'><strong>diligendo</strong></span> <span class='ocrx_word' id='word_1_190' title='bbox 2961 1054 2987 1094; x_wconf 72' lang='lat' dir='ltr'><strong>b</strong></span> <span class='ocrx_word' id='word_1_191' title='bbox 3011 1095 3026 1121; x_wconf 93' lang='lat'><strong>,</strong></span> <span class='ocrx_word' id='word_1_192' title='bbox 3070 1055 3358 1126; x_wconf 88' lang='lat' dir='ltr'><strong>probemus</strong></span> <span class='ocrx_word' id='word_1_193' title='bbox 3403 1071 3532 1120; x_wconf 92' lang='lat' dir='ltr'><strong>nos,</strong></span> <span class='ocrx_word' id='word_1_194' title='bbox 3586 1056 3725 1111; x_wconf 88' lang='lat' dir='ltr'><strong>sicut</strong></span> <span class='ocrx_word' id='word_1_195' title='bbox 3767 1063 3834 1112; x_wconf 88' lang='lat' dir='ltr'><strong>tu</strong></span> 
     </span>
    </p>
   </div>
   <div class='ocr_carea' id='block_1_25' title="bbox 2246 1146 3836 1221">
    <p class='ocr_par' dir='ltr' id='par_1_25' title="bbox 2246 1146 3836 1221">
     <span class='ocr_line' id='line_1_26' title="bbox 2246 1146 3836 1221; baseline -0.003 -16"><span class='ocrx_word' id='word_1_196' title='bbox 2246 1151 2471 1221; x_wconf 89' lang='lat' dir='ltr'><strong>probas,</strong></span> <span class='ocrx_word' id='word_1_197' title='bbox 2497 1149 2636 1205; x_wconf 87' lang='lat' dir='ltr'><strong>illius</strong></span> <span class='ocrx_word' id='word_1_198' title='bbox 2663 1148 2904 1218; x_wconf 84' lang='lat' dir='ltr'><strong>magistri</strong></span> <span class='ocrx_word' id='word_1_199' title='bbox 2935 1162 3054 1202; x_wconf 88' lang='lat' dir='ltr'><strong>esse</strong></span> <span class='ocrx_word' id='word_1_200' title='bbox 3089 1146 3413 1217; x_wconf 90' lang='lat' dir='ltr'><strong>discipulos,</strong></span> <span class='ocrx_word' id='word_1_201' title='bbox 3445 1147 3538 1215; x_wconf 89' lang='lat' dir='ltr'><strong>qui</strong></span> <span class='ocrx_word' id='word_1_202' title='bbox 3571 1163 3730 1217; x_wconf 84' lang='lat' dir='ltr'><strong>usque</strong></span> <span class='ocrx_word' id='word_1_203' title='bbox 3758 1148 3836 1201; x_wconf 84' lang='lat' dir='ltr'><strong>ad</strong></span> 
     </span>
    </p>
   </div>
   <div class='ocr_carea' id='block_1_26' title="bbox 2246 1239 3836 1313">
    <p class='ocr_par' dir='ltr' id='par_1_26' title="bbox 2246 1239 3836 1313">
     <span class='ocr_line' id='line_1_27' title="bbox 2246 1239 3836 1313; baseline -0.001 -18"><span class='ocrx_word' id='word_1_204' title='bbox 2246 1243 2401 1313; x_wconf 74' lang='lat' dir='ltr'><strong>ﬁnem</strong></span> <span class='ocrx_word' id='word_1_205' title='bbox 2441 1241 2623 1294; x_wconf 78' lang='lat' dir='ltr'><strong>dilexit</strong></span> <span class='ocrx_word' id='word_1_206' title='bbox 2647 1256 2767 1294; x_wconf 91' lang='lat' dir='ltr'><strong>suos</strong></span> <span class='ocrx_word' id='word_1_207' title='bbox 2790 1280 2804 1306; x_wconf 91' lang='lat'><strong>,</strong></span> <span class='ocrx_word' id='word_1_208' title='bbox 2836 1249 2886 1292; x_wconf 88' lang='lat' dir='ltr'><strong>et</strong></span> <span class='ocrx_word' id='word_1_209' title='bbox 2915 1239 3142 1292; x_wconf 82' lang='lat' dir='ltr'><strong>animam</strong></span> <span class='ocrx_word' id='word_1_210' title='bbox 3161 1254 3308 1291; x_wconf 82' lang='lat' dir='ltr'><strong>suam</strong></span> <span class='ocrx_word' id='word_1_211' title='bbox 3329 1240 3348 1268; x_wconf 77' lang='lat'><strong>’</strong></span> <span class='ocrx_word' id='word_1_212' title='bbox 3375 1255 3467 1306; x_wconf 89' lang='lat' dir='ltr'><strong>pro</strong></span> <span class='ocrx_word' id='word_1_213' title='bbox 3497 1240 3678 1293; x_wconf 79' lang='lat' dir='ltr'><strong>amicis</strong></span> <span class='ocrx_word' id='word_1_214' title='bbox 3717 1240 3836 1293; x_wconf 76' lang='lat' dir='ltr'><strong>suis</strong></span> 
     </span>
    </p>
   </div>
   <div class='ocr_carea' id='block_1_27' title="bbox 2247 1331 3432 1404">
    <p class='ocr_par' dir='ltr' id='par_1_27' title="bbox 2247 1331 3432 1404">
     <span class='ocr_line' id='line_1_28' title="bbox 2247 1331 3432 1404; baseline -0.003 -16"><span class='ocrx_word' id='word_1_215' title='bbox 2247 1335 2417 1404; x_wconf 81' lang='lat' dir='ltr'><strong>posuit</strong></span> <span class='ocrx_word' id='word_1_216' title='bbox 2449 1345 2470 1372; x_wconf 76' lang='grc' dir='ltr'><strong>ε</strong></span> <span class='ocrx_word' id='word_1_217' title='bbox 2503 1341 2770 1404; x_wconf 87' lang='lat' dir='ltr'><strong>potestate</strong></span> <span class='ocrx_word' id='word_1_218' title='bbox 2794 1332 2982 1388; x_wconf 86' lang='lat' dir='ltr'><strong>eadem</strong></span> <span class='ocrx_word' id='word_1_219' title='bbox 3010 1346 3116 1401; x_wconf 90' lang='lat' dir='ltr'><strong>qua</strong></span> <span class='ocrx_word' id='word_1_220' title='bbox 3137 1338 3193 1385; x_wconf 91' lang='lat' dir='ltr'><strong>et</strong></span> <span class='ocrx_word' id='word_1_221' title='bbox 3225 1331 3432 1386; x_wconf 88' lang='lat' dir='ltr'><strong>sumsit.</strong></span> 
     </span>
    </p>
   </div>
   <div class='ocr_carea' id='block_1_28' title="bbox 2318 1421 3832 1494">
    <p class='ocr_par' dir='ltr' id='par_1_28' title="bbox 2318 1421 3832 1494">
     <span class='ocr_line' id='line_1_29' title="bbox 2318 1421 3832 1494; baseline -0.001 -16"><span class='ocrx_word' id='word_1_222' title='bbox 2318 1423 2371 1478; x_wconf 75' lang='grc'><strong>2.</strong></span> <span class='ocrx_word' id='word_1_223' title='bbox 2401 1423 2546 1494; x_wconf 80' lang='lat' dir='ltr'><strong>Ergo</strong></span> <span class='ocrx_word' id='word_1_224' title='bbox 2569 1424 2687 1490; x_wconf 90' lang='lat' dir='ltr'><strong>tibi,</strong></span> <span class='ocrx_word' id='word_1_225' title='bbox 2713 1422 2878 1478; x_wconf 81' lang='lat' dir='ltr'><strong>frater</strong></span> <span class='ocrx_word' id='word_1_226' title='bbox 2903 1437 3030 1477; x_wconf 86' lang='lat' dir='ltr'><strong>vere</strong></span> <span class='ocrx_word' id='word_1_227' title='bbox 3051 1421 3408 1488; x_wconf 82' lang='lat' dir='ltr'><strong>sanctissime,</strong></span> <span class='ocrx_word' id='word_1_228' title='bbox 3431 1430 3489 1476; x_wconf 91' lang='lat' dir='ltr'><strong>et</strong></span> <span class='ocrx_word' id='word_1_229' title='bbox 3507 1422 3702 1477; x_wconf 90' lang='lat' dir='ltr'><strong>merito</strong></span> <span class='ocrx_word' id='word_1_230' title='bbox 3731 1422 3832 1478; x_wconf 87' lang='lat' dir='ltr'><strong>be-</strong></span> 
     </span>
    </p>
   </div>
   <div class='ocr_carea' id='block_1_29' title="bbox 2250 1512 3834 1586">
    <p class='ocr_par' dir='ltr' id='par_1_29' title="bbox 2250 1512 3834 1586">
     <span class='ocr_line' id='line_1_30' title="bbox 2250 1512 3834 1586; baseline -0.002 -12"><span class='ocrx_word' id='word_1_231' title='bbox 2250 1519 2462 1574; x_wconf 90' lang='lat' dir='ltr'><strong>nedicte</strong></span> <span class='ocrx_word' id='word_1_232' title='bbox 2485 1559 2500 1584; x_wconf 93' lang='lat'><strong>,</strong></span> <span class='ocrx_word' id='word_1_233' title='bbox 2551 1519 2604 1572; x_wconf 94' lang='lat' dir='ltr'><strong>in</strong></span> <span class='ocrx_word' id='word_1_234' title='bbox 2634 1517 2853 1586; x_wconf 87' lang='lat' dir='ltr'><strong>regione</strong></span> <span class='ocrx_word' id='word_1_235' title='bbox 2883 1516 3126 1570; x_wconf 91' lang='lat' dir='ltr'><strong>vivorum</strong></span> <span class='ocrx_word' id='word_1_236' title='bbox 3168 1529 3329 1585; x_wconf 89' lang='lat' dir='ltr'><strong>supra</strong></span> <span class='ocrx_word' id='word_1_237' title='bbox 3365 1514 3606 1582; x_wconf 85' lang='lat' dir='ltr'><strong>reginam</strong></span> <span class='ocrx_word' id='word_1_238' title='bbox 3645 1512 3834 1571; x_wconf 81' lang='lat' dir='ltr'><strong>Austri</strong></span> 
     </span>
    </p>
   </div>
   <div class='ocr_carea' id='block_1_30' title="bbox 2256 1604 3836 1677">
    <p class='ocr_par' dir='ltr' id='par_1_30' title="bbox 2256 1604 3836 1677">
     <span class='ocr_line' id='line_1_31' title="bbox 2256 1604 3836 1677; baseline -0.001 -13"><span class='ocrx_word' id='word_1_239' title='bbox 2256 1612 2410 1666; x_wconf 92' lang='lat' dir='ltr'><strong>locus</strong></span> <span class='ocrx_word' id='word_1_240' title='bbox 2437 1618 2492 1665; x_wconf 92' lang='lat' dir='ltr'><strong>et</strong></span> <span class='ocrx_word' id='word_1_241' title='bbox 2526 1623 2736 1664; x_wconf 86' lang='lat' dir='ltr'><strong>merces</strong></span> <span class='ocrx_word' id='word_1_242' title='bbox 2761 1608 2865 1663; x_wconf 91' lang='lat' dir='ltr'><strong>erit</strong></span> <span class='ocrx_word' id='word_1_243' title='bbox 2885 1604 2934 1660; x_wconf 74' lang='grc' dir='ltr'><strong>ά.</strong></span> <span class='ocrx_word' id='word_1_244' title='bbox 2988 1607 3080 1660; x_wconf 92' lang='lat' dir='ltr'><strong>Illa</strong></span> <span class='ocrx_word' id='word_1_245' title='bbox 3109 1606 3253 1660; x_wconf 91' lang='lat' dir='ltr'><strong>enim</strong></span> <span class='ocrx_word' id='word_1_246' title='bbox 3275 1607 3546 1676; x_wconf 80' lang='lat' dir='ltr'><strong>peccatrix</strong></span> <span class='ocrx_word' id='word_1_247' title='bbox 3571 1645 3586 1669; x_wconf 92' lang='lat'><strong>,</strong></span> <span class='ocrx_word' id='word_1_248' title='bbox 3641 1615 3836 1677; x_wconf 79' lang='lat' dir='ltr'><strong>utpote</strong></span> 
     </span>
    </p>
   </div>
   <div class='ocr_carea' id='block_1_31' title="bbox 2253 1697 3836 1771">
    <p class='ocr_par' dir='ltr' id='par_1_31' title="bbox 2253 1697 3836 1771">
     <span class='ocr_line' id='line_1_32' title="bbox 2253 1697 3836 1771; baseline -0.003 -14"><span class='ocrx_word' id='word_1_249' title='bbox 2253 1703 2429 1758; x_wconf 89' lang='lat' dir='ltr'><strong>adhuc</strong></span> <span class='ocrx_word' id='word_1_250' title='bbox 2470 1702 2865 1756; x_wconf 87' lang='lat' dir='ltr'><strong>invisitatarum</strong></span> <span class='ocrx_word' id='word_1_251' title='bbox 2900 1698 2978 1771; x_wconf 80' lang='grc' dir='ltr'><strong>(ά)</strong></span> <span class='ocrx_word' id='word_1_252' title='bbox 3018 1714 3048 1752; x_wconf 93' lang='lat' dir='ltr'><strong>a</strong></span> <span class='ocrx_word' id='word_1_253' title='bbox 3087 1697 3199 1752; x_wconf 89' lang='lat' dir='ltr'><strong>Deo</strong></span> <span class='ocrx_word' id='word_1_254' title='bbox 3227 1697 3466 1766; x_wconf 88' lang='lat' dir='ltr'><strong>gentium</strong></span> <span class='ocrx_word' id='word_1_255' title='bbox 3495 1698 3640 1752; x_wconf 85' lang='lat' dir='ltr'><strong>socia</strong></span> <span class='ocrx_word' id='word_1_256' title='bbox 3663 1737 3679 1762; x_wconf 96' lang='lat'><strong>,</strong></span> <span class='ocrx_word' id='word_1_257' title='bbox 3715 1697 3836 1766; x_wconf 86' lang='lat' dir='ltr'><strong>jam</strong></span> 
     </span>
    </p>
   </div>
   <div class='ocr_carea' id='block_1_32' title="bbox 2254 1788 3836 1860">
    <p class='ocr_par' dir='ltr' id='par_1_32' title="bbox 2254 1788 3836 1860">
     <span class='ocr_line' id='line_1_33' title="bbox 2254 1788 3836 1860; baseline -0.002 -13"><span class='ocrx_word' id='word_1_258' title='bbox 2254 1802 2433 1849; x_wconf 90' lang='lat' dir='ltr'><strong>tamen</strong></span> <span class='ocrx_word' id='word_1_259' title='bbox 2465 1791 2845 1847; x_wconf 87' lang='lat' dir='ltr'><strong>visitandarum</strong></span> <span class='ocrx_word' id='word_1_260' title='bbox 2876 1789 3071 1860; x_wconf 80' lang='lat' dir='ltr'><strong>praevia</strong></span> <span class='ocrx_word' id='word_1_261' title='bbox 3097 1831 3112 1856; x_wconf 93' lang='lat'><strong>,</strong></span> <span class='ocrx_word' id='word_1_262' title='bbox 3163 1804 3269 1843; x_wconf 91' lang='lat' dir='ltr'><strong>non</strong></span> <span class='ocrx_word' id='word_1_263' title='bbox 3298 1788 3506 1842; x_wconf 89' lang='lat' dir='ltr'><strong>habens</strong></span> <span class='ocrx_word' id='word_1_264' title='bbox 3542 1789 3716 1858; x_wconf 85' lang='lat' dir='ltr'><strong>legem</strong></span> <span class='ocrx_word' id='word_1_265' title='bbox 3743 1789 3836 1844; x_wconf 87' lang='lat' dir='ltr'><strong>Iit-</strong></span> 
     </span>
    </p>
   </div>
   <div class='ocr_carea' id='block_1_33' title="bbox 567 1879 3835 1972">
    <p class='ocr_par' dir='ltr' id='par_1_33' title="bbox 567 1879 3835 1972">
     <span class='ocr_line' id='line_1_34' title="bbox 567 1879 3835 1972; baseline -0.009 -9"><span class='ocrx_word' id='word_1_266' title='bbox 567 1879 889 1962; x_wconf 82' lang='lat' dir='ltr'><strong>venerabilis</strong></span> <span class='ocrx_word' id='word_1_267' title='bbox 915 1947 928 1972; x_wconf 93' lang='lat'><strong>,</strong></span> <span class='ocrx_word' id='word_1_268' title='bbox 980 1899 1488 1956; x_wconf 82' lang='lat' dir='ltr'><strong>desiderantissime.</strong></span> <span class='ocrx_word' id='word_1_269' title='bbox 1549 1896 1738 1950; x_wconf 90' lang='lat' dir='ltr'><strong>Totam</strong></span> <span class='ocrx_word' id='word_1_270' title='bbox 1773 1895 1874 1965; x_wconf 77' lang='lat'><strong>16</strong></span> <span class='ocrx_word' id='word_1_271' title='bbox 1910 1893 2146 1960; x_wconf 89' lang='lat' dir='ltr'><strong>domum,</strong></span> <span class='ocrx_word' id='word_1_272' title='bbox 2179 1892 2228 1953; x_wconf 86' lang='lat' dir='ltr'><strong>B</strong></span> <span class='ocrx_word' id='word_1_273' title='bbox 2255 1895 2383 1942; x_wconf 64' lang='lat' dir='ltr'><strong>tera:</strong></span> <span class='ocrx_word' id='word_1_274' title='bbox 2403 1928 2418 1953; x_wconf 94' lang='lat'><strong>,</strong></span> <span class='ocrx_word' id='word_1_275' title='bbox 2451 1885 2541 1939; x_wconf 87' lang='lat' dir='ltr'><strong>sed</strong></span> <span class='ocrx_word' id='word_1_276' title='bbox 2570 1885 2770 1938; x_wconf 85' lang='lat' dir='ltr'><strong>habens</strong></span> <span class='ocrx_word' id='word_1_277' title='bbox 2799 1882 2957 1937; x_wconf 81' lang='lat' dir='ltr'><strong>fidem</strong></span> <span class='ocrx_word' id='word_1_278' title='bbox 2985 1881 3116 1958; x_wconf 71' lang='lat' dir='ltr'><strong>legis</strong></span> <span class='ocrx_word' id='word_1_279' title='bbox 3145 1880 3200 1933; x_wconf 88' lang='lat' dir='ltr'><strong>in</strong></span> <span class='ocrx_word' id='word_1_280' title='bbox 3227 1879 3417 1933; x_wconf 85' lang='lat' dir='ltr'><strong>tabulis</strong></span> <span class='ocrx_word' id='word_1_281' title='bbox 3444 1879 3615 1934; x_wconf 78' lang='lat' dir='ltr'><strong>cordis</strong></span> <span class='ocrx_word' id='word_1_282' title='bbox 3644 1896 3835 1933; x_wconf 86' lang='lat' dir='ltr'><strong>carna-</strong></span> 
     </span>
    </p>
   </div>
   <div class='ocr_carea' id='block_1_34' title="bbox 573 1986 2148 2060">
    <p class='ocr_par' dir='ltr' id='par_1_34' title="bbox 573 1986 2148 2060">
     <span class='ocr_line' id='line_1_35' title="bbox 573 1986 2148 2060; baseline -0.011 -6"><span class='ocrx_word' id='word_1_283' title='bbox 573 2007 628 2054; x_wconf 90' lang='lat' dir='ltr'><strong>et</strong></span> <span class='ocrx_word' id='word_1_284' title='bbox 652 2013 864 2053; x_wconf 90' lang='lat' dir='ltr'><strong>omnem</strong></span> <span class='ocrx_word' id='word_1_285' title='bbox 895 1995 1143 2050; x_wconf 90' lang='lat' dir='ltr'><strong>comitem</strong></span> <span class='ocrx_word' id='word_1_286' title='bbox 1170 2035 1184 2060; x_wconf 94' lang='lat'><strong>,</strong></span> <span class='ocrx_word' id='word_1_287' title='bbox 1215 2003 1269 2047; x_wconf 89' lang='lat' dir='ltr'><strong>et</strong></span> <span class='ocrx_word' id='word_1_288' title='bbox 1295 1991 1661 2045; x_wconf 65' lang='lat' dir='ltr'><strong>aamulatorem</strong></span> <span class='ocrx_word' id='word_1_289' title='bbox 1689 1988 1741 2041; x_wconf 92' lang='lat' dir='ltr'><strong>in</strong></span> <span class='ocrx_word' id='word_1_290' title='bbox 1771 1986 1996 2041; x_wconf 89' lang='lat' dir='ltr'><strong>Domino</strong></span> <span class='ocrx_word' id='word_1_291' title='bbox 2023 2001 2148 2039; x_wconf 86' lang='lat' dir='ltr'><strong>san-</strong></span> 
     </span>
    </p>
   </div>
   <div class='ocr_carea' id='block_1_35' title="bbox 569 2079 2149 2158">
    <p class='ocr_par' dir='ltr' id='par_1_35' title="bbox 569 2079 2149 2158">
     <span class='ocr_line' id='line_1_36' title="bbox 569 2079 2149 2158; baseline -0.009 -12"><span class='ocrx_word' id='word_1_292' title='bbox 569 2091 768 2148; x_wconf 89' lang='lat' dir='ltr'><strong>ctitatis</strong></span> <span class='ocrx_word' id='word_1_293' title='bbox 799 2098 918 2152; x_wconf 64' lang='lat' dir='ltr'><strong>tum,</strong></span> <span class='ocrx_word' id='word_1_294' title='bbox 943 2087 1172 2158; x_wconf 92' lang='lat' dir='ltr'><strong>plurimo</strong></span> <span class='ocrx_word' id='word_1_295' title='bbox 1196 2083 1544 2138; x_wconf 85' lang='lat' dir='ltr'><strong>fraternitatis</strong></span> <span class='ocrx_word' id='word_1_296' title='bbox 1570 2081 1835 2134; x_wconf 73' lang='lat' dir='ltr'><strong>unanima:</strong></span> <span class='ocrx_word' id='word_1_297' title='bbox 1858 2079 2149 2133; x_wconf 91' lang='lat' dir='ltr'><strong>salutamus</strong></span> 
     </span>
    </p>
   </div>
   <div class='ocr_carea' id='block_1_36' title="bbox 569 2167 2147 2249">
    <p class='ocr_par' dir='ltr' id='par_1_36' title="bbox 569 2167 2147 2249">
     <span class='ocr_line' id='line_1_37' title="bbox 569 2167 2147 2249; baseline -0.01 -13"><span class='ocrx_word' id='word_1_298' title='bbox 569 2181 781 2237; x_wconf 78' lang='lat' dir='ltr'><strong>affectu.</strong></span> <span class='ocrx_word' id='word_1_299' title='bbox 817 2179 910 2249; x_wconf 85' lang='lat' dir='ltr'><strong>(V.</strong></span> <span class='ocrx_word' id='word_1_300' title='bbox 945 2186 1058 2233; x_wconf 89' lang='lat' dir='ltr'><strong>not.</strong></span> <span class='ocrx_word' id='word_1_301' title='bbox 1092 2175 1146 2244; x_wconf 94' lang='lat'><strong>8)</strong></span> <span class='ocrx_word' id='word_1_302' title='bbox 1187 2176 1386 2229; x_wconf 89' lang='lat' dir='ltr'><strong>Panem</strong></span> <span class='ocrx_word' id='word_1_303' title='bbox 1426 2188 1591 2228; x_wconf 90' lang='lat' dir='ltr'><strong>unum</strong></span> <span class='ocrx_word' id='word_1_304' title='bbox 1618 2214 1633 2239; x_wconf 96' lang='lat'><strong>,</strong></span> <span class='ocrx_word' id='word_1_305' title='bbox 1671 2185 1830 2240; x_wconf 90' lang='lat' dir='ltr'><strong>quem</strong></span> <span class='ocrx_word' id='word_1_306' title='bbox 1879 2167 2147 2223; x_wconf 88' lang='lat' dir='ltr'><strong>unanimi-</strong></span> 
     </span>
    </p>
   </div>
   <div class='ocr_carea' id='block_1_37' title="bbox 569 2258 2152 2330">
    <p class='ocr_par' dir='ltr' id='par_1_37' title="bbox 569 2258 2152 2330">
     <span class='ocr_line' id='line_1_38' title="bbox 569 2258 2152 2330; baseline -0.009 -4"><span class='ocrx_word' id='word_1_307' title='bbox 569 2273 694 2328; x_wconf 89' lang='lat' dir='ltr'><strong>tatis</strong></span> <span class='ocrx_word' id='word_1_308' title='bbox 724 2271 918 2326; x_wconf 87' lang='lat' dir='ltr'><strong>indicio</strong></span> <span class='ocrx_word' id='word_1_309' title='bbox 941 2269 1182 2323; x_wconf 89' lang='lat' dir='ltr'><strong>misimus</strong></span> <span class='ocrx_word' id='word_1_310' title='bbox 1209 2264 1419 2322; x_wconf 88' lang='lat' dir='ltr'><strong>caritati</strong></span> <span class='ocrx_word' id='word_1_311' title='bbox 1453 2272 1573 2326; x_wconf 73' lang='lat' dir='ltr'><strong>tute,</strong></span> <span class='ocrx_word' id='word_1_312' title='bbox 1607 2275 1858 2330; x_wconf 87' lang='lat' dir='ltr'><strong>rogamus</strong></span> <span class='ocrx_word' id='word_1_313' title='bbox 1887 2258 2152 2329; x_wconf 87' lang='lat' dir='ltr'><strong>accipien-</strong></span> 
     </span>
    </p>
   </div>
   <div class='ocr_carea' id='block_1_38' title="bbox 571 2360 973 2418">
    <p class='ocr_par' dir='ltr' id='par_1_38' title="bbox 571 2360 973 2418">
     <span class='ocr_line' id='line_1_39' title="bbox 571 2360 973 2418; baseline -0.017 1"><span class='ocrx_word' id='word_1_314' title='bbox 571 2363 640 2418; x_wconf 84' lang='lat' dir='ltr'><strong>do</strong></span> <span class='ocrx_word' id='word_1_315' title='bbox 668 2360 973 2417; x_wconf 86' lang='lat' dir='ltr'><strong>benedicas.</strong></span> 
     </span>
    </p>
   </div>
   <div class='ocr_carea' id='block_1_39' title="bbox 856 2474 1895 2581">
    <p class='ocr_par' dir='ltr' id='par_1_39' title="bbox 856 2474 1895 2581">
     <span class='ocr_line' id='line_1_40' title="bbox 856 2474 1895 2581; baseline -0.012 -8"><span class='ocrx_word' id='word_1_316' title='bbox 856 2513 1220 2572; x_wconf 79' lang='lat' dir='ltr'><strong>EPISTULA</strong></span> <span class='ocrx_word' id='word_1_317' title='bbox 1249 2511 1476 2567; x_wconf 84' lang='lat' dir='ltr'><strong><em>XXVII</em></strong></span> <span class='ocrx_word' id='word_1_318' title='bbox 1508 2511 1612 2581; x_wconf 84' lang='lat' dir='ltr'><strong>(At.</strong></span> <span class='ocrx_word' id='word_1_319' title='bbox 1646 2474 1895 2578; x_wconf 77' lang='lat' dir='ltr'><strong>XXXII)</strong></span> 
     </span>
    </p>
   </div>
   <div class='ocr_carea' id='block_1_40' title="bbox 1023 2617 1705 2663">
    <p class='ocr_par' dir='ltr' id='par_1_40' title="bbox 1023 2617 1705 2663">
     <span class='ocr_line' id='line_1_41' title="bbox 1023 2617 1705 2663; baseline -0.01 -1"><span class='ocrx_word' id='word_1_320' title='bbox 1023 2622 1300 2663; x_wconf 74' lang='lat' dir='ltr'><strong>AUGUSTINI</strong></span> <span class='ocrx_word' id='word_1_321' title='bbox 1329 2621 1394 2658; x_wconf 76' lang='lat' dir='ltr'><strong>AD</strong></span> <span class='ocrx_word' id='word_1_322' title='bbox 1422 2617 1705 2657; x_wconf 73' lang='grc' dir='ltr'><strong>ΡΑυιιΝυκ.</strong></span> 
     </span>
    </p>
   </div>
   <div class='ocr_carea' id='block_1_41' title="bbox 573 2711 2149 2791">
    <p class='ocr_par' dir='ltr' id='par_1_41' title="bbox 573 2711 2149 2791">
     <span class='ocr_line' id='line_1_42' title="bbox 573 2711 2149 2791; baseline -0.008 -17"><span class='ocrx_word' id='word_1_323' title='bbox 573 2720 880 2791; x_wconf 75' lang='lat' dir='ltr'><strong>Augustinus</strong></span> <span class='ocrx_word' id='word_1_324' title='bbox 925 2717 1171 2791; x_wconf 79' lang='lat' dir='ltr'><strong>Paulino,</strong></span> <span class='ocrx_word' id='word_1_325' title='bbox 1205 2714 1517 2784; x_wconf 86' lang='lat' dir='ltr'><strong>amplectens</strong></span> <span class='ocrx_word' id='word_1_326' title='bbox 1553 2712 1691 2765; x_wconf 84' lang='lat' dir='ltr'><strong>illius</strong></span> <span class='ocrx_word' id='word_1_327' title='bbox 1731 2711 2149 2791; x_wconf 60' lang='lat' dir='ltr'><strong>benevolentiam,</strong></span> 
     </span>
    </p>
   </div>
   <div class='ocr_carea' id='block_1_42' title="bbox 639 2779 2153 2846">
    <p class='ocr_par' dir='ltr' id='par_1_42' title="bbox 639 2779 2153 2846">
     <span class='ocr_line' id='line_1_43' title="bbox 639 2779 2153 2846; baseline -0.007 -3"><span class='ocrx_word' id='word_1_328' title='bbox 639 2779 689 2843; x_wconf 74' lang='grc' dir='ltr'><strong>ἕι</strong></span> <span class='ocrx_word' id='word_1_329' title='bbox 716 2799 945 2843; x_wconf 86' lang='lat' dir='ltr'><strong>mutuum</strong></span> <span class='ocrx_word' id='word_1_330' title='bbox 980 2779 1253 2840; x_wconf 83' lang='lat' dir='ltr'><strong>declarans</strong></span> <span class='ocrx_word' id='word_1_331' title='bbox 1284 2779 1545 2846; x_wconf 76' lang='lat' dir='ltr'><strong>amorem;</strong></span> <span class='ocrx_word' id='word_1_332' title='bbox 1591 2782 1838 2835; x_wconf 87' lang='lat' dir='ltr'><strong>nonnulla</strong></span> <span class='ocrx_word' id='word_1_333' title='bbox 1866 2781 1928 2834; x_wconf 89' lang='lat' dir='ltr'><strong>de</strong></span> <span class='ocrx_word' id='word_1_334' title='bbox 1960 2779 2153 2834; x_wconf 82' lang='lat' dir='ltr'><strong>Roma-</strong></span> 
     </span>
    </p>
   </div>
   <div class='ocr_carea' id='block_1_43' title="bbox 643 2850 2152 2926">
    <p class='ocr_par' dir='ltr' id='par_1_43' title="bbox 643 2850 2152 2926">
     <span class='ocr_line' id='line_1_44' title="bbox 643 2850 2152 2926; baseline -0.007 -14"><span class='ocrx_word' id='word_1_335' title='bbox 643 2861 799 2912; x_wconf 85' lang='lat' dir='ltr'><strong>niano</strong></span> <span class='ocrx_word' id='word_1_336' title='bbox 838 2868 886 2911; x_wconf 90' lang='lat' dir='ltr'><strong>et</strong></span> <span class='ocrx_word' id='word_1_337' title='bbox 932 2857 1136 2926; x_wconf 81' lang='lat' dir='ltr'><strong>Alypio,</strong></span> <span class='ocrx_word' id='word_1_338' title='bbox 1185 2870 1382 2926; x_wconf 79' lang='lat' dir='ltr'><strong>necnon</strong></span> <span class='ocrx_word' id='word_1_339' title='bbox 1428 2854 1491 2906; x_wconf 87' lang='lat' dir='ltr'><strong>de</strong></span> <span class='ocrx_word' id='word_1_340' title='bbox 1536 2851 1794 2916; x_wconf 82' lang='lat' dir='ltr'><strong>Licentia,</strong></span> <span class='ocrx_word' id='word_1_341' title='bbox 1827 2851 1973 2926; x_wconf 77' lang='lat' dir='ltr'><strong>cujus</strong></span> <span class='ocrx_word' id='word_1_342' title='bbox 2008 2850 2152 2905; x_wconf 58' lang='lat' dir='ltr'><strong>artati</strong></span> 
     </span>
    </p>
   </div>
   <div class='ocr_carea' id='block_1_44' title="bbox 644 2921 1938 2996">
    <p class='ocr_par' dir='ltr' id='par_1_44' title="bbox 644 2921 1938 2996">
     <span class='ocr_line' id='line_1_45' title="bbox 644 2921 1938 2996; baseline -0.008 -14"><span class='ocrx_word' id='word_1_343' title='bbox 644 2926 912 2992; x_wconf 79' lang='lat' dir='ltr'><strong>metuebat,</strong></span> <span class='ocrx_word' id='word_1_344' title='bbox 946 2921 1251 2996; x_wconf 68' lang='lat' dir='ltr'><strong>neuergeret</strong></span> <span class='ocrx_word' id='word_1_345' title='bbox 1282 2923 1350 2976; x_wconf 90' lang='lat' dir='ltr'><strong>ad</strong></span> <span class='ocrx_word' id='word_1_346' title='bbox 1379 2939 1438 2976; x_wconf 90' lang='lat' dir='ltr'><strong>ea</strong></span> <span class='ocrx_word' id='word_1_347' title='bbox 1468 2938 1580 2994; x_wconf 74' lang='lat' dir='ltr'><strong>qua:</strong></span> <span class='ocrx_word' id='word_1_348' title='bbox 1599 2931 1717 2975; x_wconf 88' lang='lat' dir='ltr'><strong>sunt</strong></span> <span class='ocrx_word' id='word_1_349' title='bbox 1742 2921 1938 2975; x_wconf 83' lang='lat' dir='ltr'><strong>mundi.</strong></span> 
     </span>
    </p>
   </div>
   <div class='ocr_carea' id='block_1_45' title="bbox 579 3015 2156 3109">
    <p class='ocr_par' dir='ltr' id='par_1_45' title="bbox 579 3015 2156 3109">
     <span class='ocr_line' id='line_1_46' title="bbox 579 3015 2156 3109; baseline -0.006 -15"><span class='ocrx_word' id='word_1_350' title='bbox 579 3038 737 3109; x_wconf 79' lang='lat' dir='ltr'><strong>(Vide</strong></span> <span class='ocrx_word' id='word_1_351' title='bbox 759 3037 898 3091; x_wconf 90' lang='lat' dir='ltr'><strong>hanc</strong></span> <span class='ocrx_word' id='word_1_352' title='bbox 923 3034 1207 3103; x_wconf 86' lang='lat' dir='ltr'><strong>epistolam</strong></span> <span class='ocrx_word' id='word_1_353' title='bbox 1229 3034 1368 3086; x_wconf 88' lang='lat' dir='ltr'><strong>inter</strong></span> <span class='ocrx_word' id='word_1_354' title='bbox 1383 3030 1793 3099; x_wconf 86' lang='lat' dir='ltr'><strong>Augustinianas</strong></span> <span class='ocrx_word' id='word_1_355' title='bbox 1809 3015 1906 3084; x_wconf 63' lang='lat' dir='ltr'><strong>sub</strong></span> <span class='ocrx_word' id='word_1_356' title='bbox 1933 3045 2156 3085; x_wconf 91' lang='lat' dir='ltr'><strong>numero</strong></span> 
     </span>
    </p>
   </div>
   <div class='ocr_carea' id='block_1_46' title="bbox 663 3119 2084 3194">
    <p class='ocr_par' dir='ltr' id='par_1_46' title="bbox 663 3119 2084 3194">
     <span class='ocr_line' id='line_1_47' title="bbox 663 3119 2084 3194; baseline -0.006 -12"><span class='ocrx_word' id='word_1_357' title='bbox 663 3128 751 3194; x_wconf 77' lang='lat'><strong>27,</strong></span> <span class='ocrx_word' id='word_1_358' title='bbox 786 3135 932 3182; x_wconf 80' lang='lat' dir='ltr'><strong>tonio</strong></span> <span class='ocrx_word' id='word_1_359' title='bbox 959 3123 1176 3178; x_wconf 80' lang='lat' dir='ltr'><strong>XXXIII</strong></span> <span class='ocrx_word' id='word_1_360' title='bbox 1210 3131 1408 3177; x_wconf 65' lang='lat' dir='ltr'><strong>nostra:</strong></span> <span class='ocrx_word' id='word_1_361' title='bbox 1435 3120 1770 3187; x_wconf 66' lang='lat' dir='ltr'><strong>Patrologiac,</strong></span> <span class='ocrx_word' id='word_1_362' title='bbox 1799 3120 1902 3175; x_wconf 91' lang='lat' dir='ltr'><strong>col.</strong></span> <span class='ocrx_word' id='word_1_363' title='bbox 1937 3119 2084 3189; x_wconf 83' lang='grc'><strong>107.)</strong></span> 
     </span>
    </p>
   </div>
   <div class='ocr_carea' id='block_1_47' title="bbox 1124 3261 1592 3318">
    <p class='ocr_par' dir='ltr' id='par_1_47' title="bbox 1124 3261 1592 3318">
     <span class='ocr_line' id='line_1_48' title="bbox 1124 3261 1592 3318; baseline -0.004 -1"><span class='ocrx_word' id='word_1_364' title='bbox 1124 3261 1452 3318; x_wconf 86' lang='lat' dir='ltr'><strong>EPISTOLA</strong></span> <span class='ocrx_word' id='word_1_365' title='bbox 1483 3265 1499 3282; x_wconf 79' lang='lat'><strong><em>‘</em></strong></span> <span class='ocrx_word' id='word_1_366' title='bbox 1527 3262 1592 3316; x_wconf 75' lang='grc' dir='ltr'><strong>γ.</strong></span> 
     </span>
    </p>
   </div>
   <div class='ocr_carea' id='block_1_48' title="bbox 576 3354 2153 3433">
    <p class='ocr_par' dir='ltr' id='par_1_48' title="bbox 576 3354 2153 3433">
     <span class='ocr_line' id='line_1_49' title="bbox 576 3354 2153 3433; baseline -0.005 -18"><span class='ocrx_word' id='word_1_367' title='bbox 576 3362 681 3433; x_wconf 71' lang='lat'><strong>20</strong></span> <span class='ocrx_word' id='word_1_368' title='bbox 726 3359 980 3414; x_wconf 86' lang='lat' dir='ltr'><strong>Paulinus</strong></span> <span class='ocrx_word' id='word_1_369' title='bbox 1014 3357 1259 3433; x_wconf 59' lang='lat' dir='ltr'><strong>Severum</strong></span> <span class='ocrx_word' id='word_1_370' title='bbox 1297 3356 1477 3433; x_wconf 73' lang='lat' dir='ltr'><strong>laudat</strong></span> <span class='ocrx_word' id='word_1_371' title='bbox 1503 3363 1616 3433; x_wconf 72' lang='lat' dir='ltr'><strong>,_e_t</strong></span> <span class='ocrx_word' id='word_1_372' title='bbox 1665 3354 1862 3433; x_wconf 69' lang='lat' dir='ltr'><strong>majore</strong></span> <span class='ocrx_word' id='word_1_373' title='bbox 1903 3354 2153 3433; x_wconf 72' lang='lat' dir='ltr'><strong>miraculo</strong></span> 
     </span>
    </p>
   </div>
   <div class='ocr_carea' id='block_1_49' title="bbox 649 3423 2154 3486">
    <p class='ocr_par' dir='ltr' id='par_1_49' title="bbox 649 3423 2154 3486">
     <span class='ocr_line' id='line_1_50' title="bbox 649 3423 2154 3486; baseline -0.007 0"><span class='ocrx_word' id='word_1_374' title='bbox 649 3423 944 3486; x_wconf 64' lang='lat' dir='ltr'><strong>conversum</strong></span> <span class='ocrx_word' id='word_1_375' title='bbox 969 3429 1038 3483; x_wconf 85' lang='lat' dir='ltr'><strong>ad</strong></span> <span class='ocrx_word' id='word_1_376' title='bbox 1062 3427 1226 3481; x_wconf 90' lang='lat' dir='ltr'><strong>Deum</strong></span> <span class='ocrx_word' id='word_1_377' title='bbox 1256 3425 1713 3481; x_wconf 74' lang='lat' dir='ltr'><strong>ostettdit.Deinde</strong></span> <span class='ocrx_word' id='word_1_378' title='bbox 1741 3423 1977 3478; x_wconf 77' lang='lat' dir='ltr'><strong>hortatur</strong></span> <span class='ocrx_word' id='word_1_379' title='bbox 2002 3433 2059 3476; x_wconf 88' lang='lat' dir='ltr'><strong>ut</strong></span> <span class='ocrx_word' id='word_1_380' title='bbox 2086 3423 2154 3477; x_wconf 88' lang='lat' dir='ltr'><strong>ad</strong></span> 
     </span>
    </p>
   </div>
   <div class='ocr_carea' id='block_1_50' title="bbox 645 3494 2152 3569">
    <p class='ocr_par' dir='ltr' id='par_1_50' title="bbox 645 3494 2152 3569">
     <span class='ocr_line' id='line_1_51' title="bbox 645 3494 2152 3569; baseline -0.006 -12"><span class='ocrx_word' id='word_1_381' title='bbox 645 3519 709 3557; x_wconf 80' lang='lat' dir='ltr'><strong>se&#39;</strong></span> <span class='ocrx_word' id='word_1_382' title='bbox 732 3502 936 3566; x_wconf 83' lang='lat' dir='ltr'><strong>veniat,</strong></span> <span class='ocrx_word' id='word_1_383' title='bbox 987 3499 1240 3569; x_wconf 77' lang='lat' dir='ltr'><strong>mittitque</strong></span> <span class='ocrx_word' id='word_1_384' title='bbox 1281 3513 1466 3569; x_wconf 76' lang='lat' dir='ltr'><strong>panem</strong></span> <span class='ocrx_word' id='word_1_385' title='bbox 1502 3514 1562 3550; x_wconf 88' lang='lat' dir='ltr'><strong>ac</strong></span> <span class='ocrx_word' id='word_1_386' title='bbox 1606 3495 1822 3550; x_wconf 73' lang='lat' dir='ltr'><strong>buxeam</strong></span> <span class='ocrx_word' id='word_1_387' title='bbox 1863 3494 2152 3563; x_wconf 86' lang='lat' dir='ltr'><strong>scutellam,</strong></span> 
     </span>
    </p>
   </div>
   <div class='ocr_carea' id='block_1_51' title="bbox 646 3567 1478 3638">
    <p class='ocr_par' dir='ltr' id='par_1_51' title="bbox 646 3567 1478 3638">
     <span class='ocr_line' id='line_1_52' title="bbox 646 3567 1478 3638; baseline -0.006 -13"><span class='ocrx_word' id='word_1_388' title='bbox 646 3581 875 3626; x_wconf 89' lang='lat' dir='ltr'><strong>mutuum</strong></span> <span class='ocrx_word' id='word_1_389' title='bbox 903 3571 1145 3623; x_wconf 73' lang='lat' dir='ltr'><strong>amicitia:</strong></span> <span class='ocrx_word' id='word_1_390' title='bbox 1158 3567 1478 3638; x_wconf 78' lang='lat' dir='ltr'><strong>symbolum.</strong></span> 
     </span>
    </p>
   </div>
   <div class='ocr_carea' id='block_1_52' title="bbox 649 3679 1450 3749">
    <p class='ocr_par' dir='ltr' id='par_1_52' title="bbox 649 3679 1450 3749">
     <span class='ocr_line' id='line_1_53' title="bbox 649 3679 1450 3749; baseline -0.007 -13"><span class='ocrx_word' id='word_1_391' title='bbox 649 3681 861 3736; x_wconf 67' lang='lat' dir='ltr'><strong>Savano</strong></span> <span class='ocrx_word' id='word_1_392' title='bbox 890 3680 1041 3734; x_wconf 85' lang='lat' dir='ltr'><strong>fratri</strong></span> <span class='ocrx_word' id='word_1_393' title='bbox 1065 3679 1329 3734; x_wconf 76' lang='lat' dir='ltr'><strong>PAULINUS</strong></span> <span class='ocrx_word' id='word_1_394' title='bbox 1354 3679 1450 3749; x_wconf 77' lang='grc' dir='ltr'><strong>(ὁ).</strong></span> 
     </span>
    </p>
   </div>
   <div class='ocr_carea' id='block_1_53' title="bbox 653 3816 2156 3888">
    <p class='ocr_par' dir='ltr' id='par_1_53' title="bbox 653 3816 2156 3888">
     <span class='ocr_line' id='line_1_54' title="bbox 653 3816 2156 3888; baseline 0 -14"><span class='ocrx_word' id='word_1_395' title='bbox 653 3822 701 3876; x_wconf 87' lang='grc'><strong>1.</strong></span> <span class='ocrx_word' id='word_1_396' title='bbox 733 3819 800 3874; x_wconf 85' lang='grc' dir='ltr'><strong>Ει</strong></span> <span class='ocrx_word' id='word_1_397' title='bbox 819 3818 1184 3874; x_wconf 78' lang='lat' dir='ltr'><strong>excusandum</strong></span> <span class='ocrx_word' id='word_1_398' title='bbox 1203 3817 1422 3888; x_wconf 86' lang='lat' dir='ltr'><strong>putasti,</strong></span> <span class='ocrx_word' id='word_1_399' title='bbox 1438 3816 1600 3871; x_wconf 89' lang='lat' dir='ltr'><strong>frater</strong></span> <span class='ocrx_word' id='word_1_400' title='bbox 1623 3817 1984 3884; x_wconf 87' lang='lat' dir='ltr'><strong>dilectissime,</strong></span> <span class='ocrx_word' id='word_1_401' title='bbox 2012 3819 2156 3888; x_wconf 90' lang='lat' dir='ltr'><strong>quod</strong></span> 
     </span>
    </p>
   </div>
   <div class='ocr_carea' id='block_1_54' title="bbox 579 3909 2156 3980">
    <p class='ocr_par' dir='ltr' id='par_1_54' title="bbox 579 3909 2156 3980">
     <span class='ocr_line' id='line_1_55' title="bbox 579 3909 2156 3980; baseline -0.002 -13"><span class='ocrx_word' id='word_1_402' title='bbox 579 3913 644 3967; x_wconf 90' lang='lat' dir='ltr'><strong>ad</strong></span> <span class='ocrx_word' id='word_1_403' title='bbox 684 3921 786 3968; x_wconf 83' lang='lat' dir='ltr'><strong>nos</strong></span> <span class='ocrx_word' id='word_1_404' title='bbox 833 3926 941 3965; x_wconf 90' lang='lat' dir='ltr'><strong>non</strong></span> <span class='ocrx_word' id='word_1_405' title='bbox 986 3910 1101 3980; x_wconf 90' lang='lat' dir='ltr'><strong>ipse</strong></span> <span class='ocrx_word' id='word_1_406' title='bbox 1145 3910 1418 3973; x_wconf 87' lang='lat' dir='ltr'><strong>venisses,</strong></span> <span class='ocrx_word' id='word_1_407' title='bbox 1471 3909 1765 3964; x_wconf 89' lang='lat' dir='ltr'><strong>secundum</strong></span> <span class='ocrx_word' id='word_1_408' title='bbox 1813 3911 2156 3979; x_wconf 90' lang='lat' dir='ltr'><strong>sponsionem</strong></span> 
     </span>
    </p>
   </div>
   <div class='ocr_carea' id='block_1_55' title="bbox 578 4000 2157 4073">
    <p class='ocr_par' dir='ltr' id='par_1_55' title="bbox 578 4000 2157 4073">
     <span class='ocr_line' id='line_1_56' title="bbox 578 4000 2157 4073; baseline -0.001 -15"><span class='ocrx_word' id='word_1_409' title='bbox 578 4014 742 4071; x_wconf 90' lang='lat' dir='ltr'><strong>tuam,</strong></span> <span class='ocrx_word' id='word_1_410' title='bbox 775 4002 1340 4072; x_wconf 80' lang='lat' dir='ltr'><strong>exspectationemque</strong></span> <span class='ocrx_word' id='word_1_411' title='bbox 1369 4002 1654 4056; x_wconf 87' lang='lat' dir='ltr'><strong>nostram?</strong></span> <span class='ocrx_word' id='word_1_412' title='bbox 1686 4000 1766 4056; x_wconf 90' lang='lat' dir='ltr'><strong>Tu</strong></span> <span class='ocrx_word' id='word_1_413' title='bbox 1793 4017 1923 4056; x_wconf 90' lang='lat' dir='ltr'><strong>vero</strong></span> <span class='ocrx_word' id='word_1_414' title='bbox 1944 4003 2157 4073; x_wconf 89' lang='lat' dir='ltr'><strong>potiore</strong></span> 
     </span>
    </p>
   </div>
   <div class='ocr_carea' id='block_1_56' title="bbox 577 4092 2154 4166">
    <p class='ocr_par' dir='ltr' id='par_1_56' title="bbox 577 4092 2154 4166">
     <span class='ocr_line' id='line_1_57' title="bbox 577 4092 2154 4166; baseline -0.001 -16"><span class='ocrx_word' id='word_1_415' title='bbox 577 4095 653 4150; x_wconf 90' lang='lat' dir='ltr'><strong>tui</strong></span> <span class='ocrx_word' id='word_1_416' title='bbox 681 4102 832 4166; x_wconf 87' lang='lat' dir='ltr'><strong>parte</strong></span> <span class='ocrx_word' id='word_1_417' title='bbox 864 4093 934 4164; x_wconf 79' lang='grc' dir='ltr'><strong>(ε)</strong></span> <span class='ocrx_word' id='word_1_418' title='bbox 965 4108 1129 4162; x_wconf 91' lang='lat' dir='ltr'><strong>quam</strong></span> <span class='ocrx_word' id='word_1_419' title='bbox 1153 4092 1444 4158; x_wconf 88' lang='lat' dir='ltr'><strong>manseris,</strong></span> <span class='ocrx_word' id='word_1_420' title='bbox 1492 4093 1609 4147; x_wconf 91' lang='lat' dir='ltr'><strong>solo</strong></span> <span class='ocrx_word' id='word_1_421' title='bbox 1635 4108 1864 4163; x_wconf 89' lang='lat' dir='ltr'><strong>corpore</strong></span> <span class='ocrx_word' id='word_1_422' title='bbox 1893 4093 2037 4148; x_wconf 92' lang='lat' dir='ltr'><strong>domi</strong></span> <span class='ocrx_word' id='word_1_423' title='bbox 2064 4109 2154 4149; x_wconf 85' lang='lat' dir='ltr'><strong>re-</strong></span> 
     </span>
    </p>
   </div>
   <div class='ocr_carea' id='block_1_57' title="bbox 509 4185 2155 4255">
    <p class='ocr_par' dir='ltr' id='par_1_57' title="bbox 509 4185 2155 4255">
     <span class='ocr_line' id='line_1_58' title="bbox 509 4185 2155 4255; baseline 0.001 -13"><span class='ocrx_word' id='word_1_424' title='bbox 509 4205 511 4207; x_wconf 66' lang='lat'><em>&#39;</em></span> <span class='ocrx_word' id='word_1_425' title='bbox 575 4187 755 4243; x_wconf 84' lang='lat' dir='ltr'><strong>sidens</strong></span> <span class='ocrx_word' id='word_1_426' title='bbox 777 4227 792 4252; x_wconf 93' lang='lat'><strong>,</strong></span> <span class='ocrx_word' id='word_1_427' title='bbox 825 4187 1098 4242; x_wconf 82' lang='lat' dir='ltr'><strong>voluntate</strong></span> <span class='ocrx_word' id='word_1_428' title='bbox 1126 4185 1194 4240; x_wconf 90' lang='lat' dir='ltr'><strong>ad</strong></span> <span class='ocrx_word' id='word_1_429' title='bbox 1217 4201 1348 4252; x_wconf 88' lang='lat' dir='ltr'><strong>nos,</strong></span> <span class='ocrx_word' id='word_1_430' title='bbox 1381 4195 1436 4240; x_wconf 90' lang='lat' dir='ltr'><strong>et</strong></span> <span class='ocrx_word' id='word_1_431' title='bbox 1458 4186 1649 4255; x_wconf 90' lang='lat' dir='ltr'><strong>spiritu</strong></span> <span class='ocrx_word' id='word_1_432' title='bbox 1677 4195 1732 4241; x_wconf 92' lang='lat' dir='ltr'><strong>et</strong></span> <span class='ocrx_word' id='word_1_433' title='bbox 1752 4202 2035 4254; x_wconf 87' lang='lat' dir='ltr'><strong>sermone,</strong></span> <span class='ocrx_word' id='word_1_434' title='bbox 2062 4205 2155 4244; x_wconf 86' lang='lat' dir='ltr'><strong>ve-</strong></span> 
     </span>
    </p>
   </div>
   <div class='ocr_carea' id='block_1_58' title="bbox 576 4279 2156 4350">
    <p class='ocr_par' dir='ltr' id='par_1_58' title="bbox 576 4279 2156 4350">
     <span class='ocr_line' id='line_1_59' title="bbox 576 4279 2156 4350; baseline 0.003 -16"><span class='ocrx_word' id='word_1_435' title='bbox 576 4282 738 4336; x_wconf 90' lang='lat' dir='ltr'><strong>nisti:</strong></span> <span class='ocrx_word' id='word_1_436' title='bbox 790 4295 1112 4349; x_wconf 91' lang='lat' dir='ltr'><strong>quamquam</strong></span> <span class='ocrx_word' id='word_1_437' title='bbox 1159 4295 1228 4334; x_wconf 90' lang='lat' dir='ltr'><strong>ne</strong></span> <span class='ocrx_word' id='word_1_438' title='bbox 1276 4279 1629 4349; x_wconf 87' lang='lat' dir='ltr'><strong>corporaliter</strong></span> <span class='ocrx_word' id='word_1_439' title='bbox 1679 4280 1894 4348; x_wconf 90' lang='lat' dir='ltr'><strong>quidem</strong></span> <span class='ocrx_word' id='word_1_440' title='bbox 1942 4282 2156 4350; x_wconf 85' lang='lat' dir='ltr'><strong>penitus</strong></span> 
     </span>
    </p>
   </div>
   <div class='ocr_carea' id='block_1_59' title="bbox 578 4369 2154 4438">
    <p class='ocr_par' dir='ltr' id='par_1_59' title="bbox 578 4369 2154 4438">
     <span class='ocr_line' id='line_1_60' title="bbox 578 4369 2154 4438; baseline 0.001 -13"><span class='ocrx_word' id='word_1_441' title='bbox 578 4371 830 4432; x_wconf 87' lang='lat' dir='ltr'><strong>abfueris,</strong></span> <span class='ocrx_word' id='word_1_442' title='bbox 859 4370 1074 4438; x_wconf 88' lang='lat' dir='ltr'><strong>quando</strong></span> <span class='ocrx_word' id='word_1_443' title='bbox 1104 4370 1157 4421; x_wconf 92' lang='lat' dir='ltr'><strong>in</strong></span> <span class='ocrx_word' id='word_1_444' title='bbox 1186 4371 1367 4437; x_wconf 90' lang='lat' dir='ltr'><strong>pueris</strong></span> <span class='ocrx_word' id='word_1_445' title='bbox 1390 4370 1494 4422; x_wconf 91' lang='lat' dir='ltr'><strong>tuis</strong></span> <span class='ocrx_word' id='word_1_446' title='bbox 1512 4376 1698 4422; x_wconf 90' lang='lat' dir='ltr'><strong>sancta</strong></span> <span class='ocrx_word' id='word_1_447' title='bbox 1727 4370 1781 4423; x_wconf 91' lang='lat' dir='ltr'><strong>in</strong></span> <span class='ocrx_word' id='word_1_448' title='bbox 1805 4369 2032 4425; x_wconf 88' lang='lat' dir='ltr'><strong>Domino</strong></span> <span class='ocrx_word' id='word_1_449' title='bbox 2060 4371 2154 4426; x_wconf 87' lang='lat' dir='ltr'><strong>tibi</strong></span> 
     </span>
    </p>
   </div>
   <div class='ocr_carea' id='block_1_60' title="bbox 579 4458 2157 4528">
    <p class='ocr_par' dir='ltr' id='par_1_60' title="bbox 579 4458 2157 4528">
     <span class='ocr_line' id='line_1_61' title="bbox 579 4458 2157 4528; baseline 0.001 -13"><span class='ocrx_word' id='word_1_450' title='bbox 579 4462 833 4516; x_wconf 79' lang='lat' dir='ltr'><strong>servitute</strong></span> <span class='ocrx_word' id='word_1_451' title='bbox 856 4461 1133 4526; x_wconf 80' lang='lat' dir='ltr'><strong>connexis,</strong></span> <span class='ocrx_word' id='word_1_452' title='bbox 1187 4461 1430 4528; x_wconf 88' lang='lat' dir='ltr'><strong>corporis</strong></span> <span class='ocrx_word' id='word_1_453' title='bbox 1459 4458 1531 4512; x_wconf 90' lang='lat' dir='ltr'><strong>ad</strong></span> <span class='ocrx_word' id='word_1_454' title='bbox 1561 4475 1659 4513; x_wconf 92' lang='lat' dir='ltr'><strong>nos</strong></span> <span class='ocrx_word' id='word_1_455' title='bbox 1689 4461 1764 4512; x_wconf 92' lang='lat' dir='ltr'><strong>tui</strong></span> <span class='ocrx_word' id='word_1_456' title='bbox 1794 4462 2034 4515; x_wconf 90' lang='lat' dir='ltr'><strong>membra</strong></span> <span class='ocrx_word' id='word_1_457' title='bbox 2062 4475 2157 4516; x_wconf 85' lang='lat' dir='ltr'><strong>ve-</strong></span> 
     </span>
    </p>
   </div>
   <div class='ocr_carea' id='block_1_61' title="bbox 580 4539 2155 4618">
    <p class='ocr_par' dir='ltr' id='par_1_61' title="bbox 580 4539 2155 4618">
     <span class='ocr_line' id='line_1_62' title="bbox 580 4539 2155 4618; baseline 0 -12"><span class='ocrx_word' id='word_1_458' title='bbox 580 4559 792 4606; x_wconf 90' lang='lat' dir='ltr'><strong>nerunt.</strong></span> <span class='ocrx_word' id='word_1_459' title='bbox 855 4539 1214 4616; x_wconf 79' lang='lat' dir='ltr'><strong>Quamobrem</strong></span> <span class='ocrx_word' id='word_1_460' title='bbox 1240 4591 1254 4615; x_wconf 96' lang='lat'><strong>,</strong></span> <span class='ocrx_word' id='word_1_461' title='bbox 1301 4549 1466 4602; x_wconf 87' lang='lat' dir='ltr'><strong>frater</strong></span> <span class='ocrx_word' id='word_1_462' title='bbox 1515 4565 1642 4603; x_wconf 88' lang='lat' dir='ltr'><strong>vere</strong></span> <span class='ocrx_word' id='word_1_463' title='bbox 1689 4559 1872 4605; x_wconf 87' lang='lat' dir='ltr'><strong>sancte</strong></span> <span class='ocrx_word' id='word_1_464' title='bbox 1898 4592 1914 4618; x_wconf 92' lang='lat'><strong>,</strong></span> <span class='ocrx_word' id='word_1_465' title='bbox 1961 4552 2155 4606; x_wconf 83' lang='lat' dir='ltr'><strong>merito</strong></span> 
     </span>
    </p>
   </div>
   <div class='ocr_carea' id='block_1_62' title="bbox 2251 1970 3835 2044">
    <p class='ocr_par' dir='ltr' id='par_1_62' title="bbox 2251 1970 3835 2044">
     <span class='ocr_line' id='line_1_63' title="bbox 2251 1970 3835 2044; baseline -0.003 -14"><span class='ocrx_word' id='word_1_466' title='bbox 2251 1976 2384 2030; x_wconf 83' lang='lat' dir='ltr'><strong>tibus</strong></span> <span class='ocrx_word' id='word_1_467' title='bbox 2409 1976 2597 2044; x_wconf 86' lang='lat' dir='ltr'><strong>spiritu</strong></span> <span class='ocrx_word' id='word_1_468' title='bbox 2626 1973 2836 2030; x_wconf 91' lang='lat' dir='ltr'><strong>consilii</strong></span> <span class='ocrx_word' id='word_1_469' title='bbox 2857 1982 2911 2026; x_wconf 91' lang='lat' dir='ltr'><strong>et</strong></span> <span class='ocrx_word' id='word_1_470' title='bbox 2939 1970 3152 2041; x_wconf 89' lang='lat' dir='ltr'><strong>pietatis</strong></span> <span class='ocrx_word' id='word_1_471' title='bbox 3182 1970 3424 2037; x_wconf 88' lang='lat' dir='ltr'><strong>incisam,</strong></span> <span class='ocrx_word' id='word_1_472' title='bbox 3450 1970 3693 2025; x_wconf 89' lang='lat' dir='ltr'><strong>utilitatis</strong></span> <span class='ocrx_word' id='word_1_473' title='bbox 3721 1985 3835 2026; x_wconf 78' lang='lat' dir='ltr'><strong>sua:</strong></span> 
     </span>
    </p>
   </div>
   <div class='ocr_carea' id='block_1_63' title="bbox 2251 2061 3836 2135">
    <p class='ocr_par' dir='ltr' id='par_1_63' title="bbox 2251 2061 3836 2135">
     <span class='ocr_line' id='line_1_64' title="bbox 2251 2061 3836 2135; baseline -0.004 -12"><span class='ocrx_word' id='word_1_474' title='bbox 2251 2085 2408 2123; x_wconf 81' lang='lat' dir='ltr'><strong>causa</strong></span> <span class='ocrx_word' id='word_1_475' title='bbox 2428 2110 2442 2135; x_wconf 92' lang='lat'><strong>,</strong></span> <span class='ocrx_word' id='word_1_476' title='bbox 2493 2076 2547 2122; x_wconf 92' lang='lat' dir='ltr'><strong>et</strong></span> <span class='ocrx_word' id='word_1_477' title='bbox 2591 2066 2766 2134; x_wconf 90' lang='lat' dir='ltr'><strong>magni</strong></span> <span class='ocrx_word' id='word_1_478' title='bbox 2806 2080 2871 2120; x_wconf 90' lang='lat' dir='ltr'><strong>ac</strong></span> <span class='ocrx_word' id='word_1_479' title='bbox 2895 2063 3144 2118; x_wconf 86' lang='lat' dir='ltr'><strong>salutaris</strong></span> <span class='ocrx_word' id='word_1_480' title='bbox 3171 2062 3302 2116; x_wconf 92' lang='lat' dir='ltr'><strong>lucri</strong></span> <span class='ocrx_word' id='word_1_481' title='bbox 3323 2061 3500 2116; x_wconf 86' lang='lat' dir='ltr'><strong>studio</strong></span> <span class='ocrx_word' id='word_1_482' title='bbox 3520 2104 3536 2129; x_wconf 92' lang='lat'><strong>,</strong></span> <span class='ocrx_word' id='word_1_483' title='bbox 3567 2063 3734 2116; x_wconf 91' lang='lat' dir='ltr'><strong>tantis</strong></span> <span class='ocrx_word' id='word_1_484' title='bbox 3763 2062 3836 2117; x_wconf 84' lang='lat' dir='ltr'><strong>ab</strong></span> 
     </span>
    </p>
   </div>
   <div class='ocr_carea' id='block_1_64' title="bbox 2251 2154 3837 2224">
    <p class='ocr_par' dir='ltr' id='par_1_64' title="bbox 2251 2154 3837 2224">
     <span class='ocr_line' id='line_1_65' title="bbox 2251 2154 3837 2224; baseline -0.003 -10"><span class='ocrx_word' id='word_1_485' title='bbox 2251 2159 2541 2215; x_wconf 89' lang='lat' dir='ltr'><strong>intervallis</strong></span> <span class='ocrx_word' id='word_1_486' title='bbox 2563 2159 2734 2213; x_wconf 92' lang='lat' dir='ltr'><strong>ultimi</strong></span> <span class='ocrx_word' id='word_1_487' title='bbox 2754 2158 2900 2212; x_wconf 91' lang='lat' dir='ltr'><strong>orbis</strong></span> <span class='ocrx_word' id='word_1_488' title='bbox 2927 2157 3121 2219; x_wconf 80' lang='lat' dir='ltr'><strong>excita,</strong></span> <span class='ocrx_word' id='word_1_489' title='bbox 3144 2154 3380 2209; x_wconf 88' lang='lat' dir='ltr'><strong>divinam</strong></span> <span class='ocrx_word' id='word_1_490' title='bbox 3404 2154 3590 2209; x_wconf 87' lang='lat' dir='ltr'><strong>audire</strong></span> <span class='ocrx_word' id='word_1_491' title='bbox 3618 2156 3837 2224; x_wconf 76' lang='lat' dir='ltr'><strong>sapien-</strong></span> 
     </span>
    </p>
   </div>
   <div class='ocr_carea' id='block_1_65' title="bbox 2253 2247 3836 2326">
    <p class='ocr_par' dir='ltr' id='par_1_65' title="bbox 2253 2247 3836 2326">
     <span class='ocr_line' id='line_1_66' title="bbox 2253 2247 3836 2326; baseline -0.004 -18"><span class='ocrx_word' id='word_1_492' title='bbox 2253 2255 2382 2308; x_wconf 89' lang='lat' dir='ltr'><strong>tiam</strong></span> <span class='ocrx_word' id='word_1_493' title='bbox 2412 2253 2752 2326; x_wconf 84' lang='lat' dir='ltr'><strong>concupivit;</strong></span> <span class='ocrx_word' id='word_1_494' title='bbox 2784 2261 2863 2318; x_wconf 89' lang='lat' dir='ltr'><strong>ut,</strong></span> <span class='ocrx_word' id='word_1_495' title='bbox 2893 2249 3037 2320; x_wconf 92' lang='lat' dir='ltr'><strong>quod</strong></span> <span class='ocrx_word' id='word_1_496' title='bbox 3068 2263 3174 2303; x_wconf 91' lang='lat' dir='ltr'><strong>non</strong></span> <span class='ocrx_word' id='word_1_497' title='bbox 3219 2247 3470 2312; x_wconf 84' lang='lat' dir='ltr'><strong>habebat,</strong></span> <span class='ocrx_word' id='word_1_498' title='bbox 3525 2248 3836 2317; x_wconf 88' lang='lat' dir='ltr'><strong>acciperet,</strong></span> 
     </span>
    </p>
   </div>
   <div class='ocr_carea' id='block_1_66' title="bbox 2253 2336 3838 2412">
    <p class='ocr_par' dir='ltr' id='par_1_66' title="bbox 2253 2336 3838 2412">
     <span class='ocr_line' id='line_1_67' title="bbox 2253 2336 3838 2412; baseline -0.005 -10"><span class='ocrx_word' id='word_1_499' title='bbox 2253 2355 2306 2402; x_wconf 89' lang='lat' dir='ltr'><strong>et</strong></span> <span class='ocrx_word' id='word_1_500' title='bbox 2335 2347 2508 2400; x_wconf 91' lang='lat' dir='ltr'><strong>lucem</strong></span> <span class='ocrx_word' id='word_1_501' title='bbox 2530 2345 2799 2408; x_wconf 65' lang='lat' dir='ltr'><strong>scientiae,</strong></span> <span class='ocrx_word' id='word_1_502' title='bbox 2832 2358 2936 2412; x_wconf 91' lang='lat' dir='ltr'><strong>qua</strong></span> <span class='ocrx_word' id='word_1_503' title='bbox 2967 2340 3214 2404; x_wconf 76' lang='lat' dir='ltr'><strong>carebat,</strong></span> <span class='ocrx_word' id='word_1_504' title='bbox 3243 2339 3502 2393; x_wconf 87' lang='lat' dir='ltr'><strong>hauriret.</strong></span> <span class='ocrx_word' id='word_1_505' title='bbox 3557 2336 3674 2392; x_wconf 82' lang='lat' dir='ltr'><strong>Jam</strong></span> <span class='ocrx_word' id='word_1_506' title='bbox 3705 2348 3838 2394; x_wconf 87' lang='lat' dir='ltr'><strong>tunc</strong></span> 
     </span>
    </p>
   </div>
   <div class='ocr_carea' id='block_1_67' title="bbox 2254 2429 3836 2507">
    <p class='ocr_par' dir='ltr' id='par_1_67' title="bbox 2254 2429 3836 2507">
     <span class='ocr_line' id='line_1_68' title="bbox 2254 2429 3836 2507; baseline -0.005 -14"><span class='ocrx_word' id='word_1_507' title='bbox 2254 2438 2457 2493; x_wconf 92' lang='lat' dir='ltr'><strong>scilicet</strong></span> <span class='ocrx_word' id='word_1_508' title='bbox 2484 2430 2744 2507; x_wconf 89' lang='lat' dir='ltr'><strong>sponsum</strong></span> <span class='ocrx_word' id='word_1_509' title='bbox 2789 2448 2944 2488; x_wconf 90' lang='lat' dir='ltr'><strong>suum</strong></span> <span class='ocrx_word' id='word_1_510' title='bbox 2975 2439 3199 2486; x_wconf 89' lang='lat' dir='ltr'><strong>ventura</strong></span> <span class='ocrx_word' id='word_1_511' title='bbox 3245 2429 3312 2483; x_wconf 89' lang='lat' dir='ltr'><strong>de</strong></span> <span class='ocrx_word' id='word_1_512' title='bbox 3359 2429 3604 2498; x_wconf 88' lang='lat' dir='ltr'><strong>gentibus</strong></span> <span class='ocrx_word' id='word_1_513' title='bbox 3646 2430 3836 2499; x_wconf 79' lang='lat' dir='ltr'><strong>regina</strong></span> 
     </span>
    </p>
   </div>
   <div class='ocr_carea' id='block_1_68' title="bbox 2254 2518 3838 2593">
    <p class='ocr_par' dir='ltr' id='par_1_68' title="bbox 2254 2518 3838 2593">
     <span class='ocr_line' id='line_1_69' title="bbox 2254 2518 3838 2593; baseline -0.006 -7"><span class='ocrx_word' id='word_1_514' title='bbox 2254 2529 2591 2593; x_wconf 90' lang='lat' dir='ltr'><strong>desiderans,</strong></span> <span class='ocrx_word' id='word_1_515' title='bbox 2633 2527 2686 2580; x_wconf 94' lang='lat' dir='ltr'><strong>in</strong></span> <span class='ocrx_word' id='word_1_516' title='bbox 2713 2525 2937 2580; x_wconf 90' lang='lat' dir='ltr'><strong>odorem</strong></span> <span class='ocrx_word' id='word_1_517' title='bbox 2964 2523 3218 2592; x_wconf 90' lang='lat' dir='ltr'><strong>spirantis</strong></span> <span class='ocrx_word' id='word_1_518' title='bbox 3245 2520 3352 2576; x_wconf 90' lang='lat' dir='ltr'><strong>Iat&#39;e</strong></span> <span class='ocrx_word' id='word_1_519' title='bbox 3377 2537 3407 2574; x_wconf 92' lang='lat' dir='ltr'><strong>a</strong></span> <span class='ocrx_word' id='word_1_520' title='bbox 3435 2518 3703 2590; x_wconf 87' lang='lat' dir='ltr'><strong>Propheta</strong></span> <span class='ocrx_word' id='word_1_521' title='bbox 3737 2537 3838 2577; x_wconf 89' lang='lat' dir='ltr'><strong>suo</strong></span> 
     </span>
    </p>
   </div>
   <div class='ocr_carea' id='block_1_69' title="bbox 2254 2611 3836 2679">
    <p class='ocr_par' dir='ltr' id='par_1_69' title="bbox 2254 2611 3836 2679">
     <span class='ocr_line' id='line_1_70' title="bbox 2254 2611 3836 2679; baseline -0.007 -3"><span class='ocrx_word' id='word_1_522' title='bbox 2254 2619 2451 2676; x_wconf 89' lang='lat' dir='ltr'><strong>Christi</strong></span> <span class='ocrx_word' id='word_1_523' title='bbox 2499 2617 2882 2672; x_wconf 78' lang='lat' dir='ltr'><strong>circumamicta</strong></span> <span class='ocrx_word' id='word_1_524' title='bbox 2927 2614 3174 2668; x_wconf 83' lang='lat' dir='ltr'><strong>varietate</strong></span> <span class='ocrx_word' id='word_1_525' title='bbox 3221 2613 3276 2665; x_wconf 88' lang='lat' dir='ltr'><strong>in</strong></span> <span class='ocrx_word' id='word_1_526' title='bbox 3324 2612 3506 2665; x_wconf 83' lang='lat' dir='ltr'><strong>vestitu</strong></span> <span class='ocrx_word' id='word_1_527' title='bbox 3560 2611 3836 2679; x_wconf 88' lang='lat' dir='ltr'><strong>deaurato,</strong></span> 
     </span>
    </p>
   </div>
   <div class='ocr_carea' id='block_1_70' title="bbox 2256 2702 3838 2784">
    <p class='ocr_par' dir='ltr' id='par_1_70' title="bbox 2256 2702 3838 2784">
     <span class='ocr_line' id='line_1_71' title="bbox 2256 2702 3838 2784; baseline -0.008 -14"><span class='ocrx_word' id='word_1_528' title='bbox 2256 2722 2310 2770; x_wconf 87' lang='lat' dir='ltr'><strong>et</strong></span> <span class='ocrx_word' id='word_1_529' title='bbox 2330 2711 2514 2784; x_wconf 89' lang='lat' dir='ltr'><strong>populi</strong></span> <span class='ocrx_word' id='word_1_530' title='bbox 2535 2720 2589 2766; x_wconf 90' lang='lat' dir='ltr'><strong>et</strong></span> <span class='ocrx_word' id='word_1_531' title='bbox 2607 2716 2846 2780; x_wconf 81' lang='lat' dir='ltr'><strong>paterna:</strong></span> <span class='ocrx_word' id='word_1_532' title='bbox 2869 2706 3061 2761; x_wconf 89' lang='lat' dir='ltr'><strong>domus</strong></span> <span class='ocrx_word' id='word_1_533' title='bbox 3087 2704 3273 2769; x_wconf 90' lang='lat' dir='ltr'><strong>oblita,</strong></span> <span class='ocrx_word' id='word_1_534' title='bbox 3297 2702 3579 2758; x_wconf 88' lang='lat' dir='ltr'><strong>currebat:</strong></span> <span class='ocrx_word' id='word_1_535' title='bbox 3605 2703 3838 2759; x_wconf 81' lang='lat' dir='ltr'><strong>barbara</strong></span> 
     </span>
    </p>
   </div>
   <div class='ocr_carea' id='block_1_71' title="bbox 2258 2793 3840 2869">
    <p class='ocr_par' dir='ltr' id='par_1_71' title="bbox 2258 2793 3840 2869">
     <span class='ocr_line' id='line_1_72' title="bbox 2258 2793 3840 2869; baseline -0.007 -8"><span class='ocrx_word' id='word_1_536' title='bbox 2258 2806 2502 2869; x_wconf 90' lang='lat' dir='ltr'><strong>natione,</strong></span> <span class='ocrx_word' id='word_1_537' title='bbox 2533 2817 2640 2857; x_wconf 90' lang='lat' dir='ltr'><strong>non</strong></span> <span class='ocrx_word' id='word_1_538' title='bbox 2664 2800 2841 2854; x_wconf 88' lang='lat' dir='ltr'><strong>animo</strong></span> <span class='ocrx_word' id='word_1_539' title='bbox 2867 2814 2882 2863; x_wconf 85' lang='lat'><strong>;</strong></span> <span class='ocrx_word' id='word_1_540' title='bbox 2931 2807 2986 2851; x_wconf 93' lang='lat' dir='ltr'><strong>et</strong></span> <span class='ocrx_word' id='word_1_541' title='bbox 3013 2796 3066 2848; x_wconf 91' lang='lat' dir='ltr'><strong>in</strong></span> <span class='ocrx_word' id='word_1_542' title='bbox 3094 2802 3280 2865; x_wconf 84' lang='lat' dir='ltr'><strong>aperto</strong></span> <span class='ocrx_word' id='word_1_543' title='bbox 3308 2793 3616 2863; x_wconf 85' lang='lat' dir='ltr'><strong>peregrina,</strong></span> <span class='ocrx_word' id='word_1_544' title='bbox 3656 2795 3755 2850; x_wconf 86' lang='lat' dir='ltr'><strong>sed</strong></span> <span class='ocrx_word' id='word_1_545' title='bbox 3785 2795 3840 2850; x_wconf 88' lang='lat' dir='ltr'><strong>in</strong></span> 
     </span>
    </p>
   </div>
   <div class='ocr_carea' id='block_1_72' title="bbox 2186 2879 3840 2963">
    <p class='ocr_par' dir='ltr' id='par_1_72' title="bbox 2186 2879 3840 2963">
     <span class='ocr_line' id='line_1_73' title="bbox 2186 2879 3840 2963; baseline -0.011 0"><span class='ocrx_word' id='word_1_546' title='bbox 2186 2957 2192 2963; x_wconf 89' lang='lat'><strong>.</strong></span> <span class='ocrx_word' id='word_1_547' title='bbox 2257 2902 2467 2958; x_wconf 85' lang='lat' dir='ltr'><strong>occulto</strong></span> <span class='ocrx_word' id='word_1_548' title='bbox 2499 2897 2681 2952; x_wconf 67' lang='lat' dir='ltr'><strong>Judma</strong></span> <span class='ocrx_word' id='word_1_549' title='bbox 2703 2935 2718 2960; x_wconf 92' lang='lat'><strong>,</strong></span> <span class='ocrx_word' id='word_1_550' title='bbox 2748 2899 3055 2948; x_wconf 92' lang='lat' dir='ltr'><strong>sanctorum</strong></span> <span class='ocrx_word' id='word_1_551' title='bbox 3087 2888 3202 2944; x_wconf 84' lang='lat' dir='ltr'><strong>ﬁeri</strong></span> <span class='ocrx_word' id='word_1_552' title='bbox 3229 2888 3360 2943; x_wconf 90' lang='lat' dir='ltr'><strong>civis</strong></span> <span class='ocrx_word' id='word_1_553' title='bbox 3386 2888 3625 2957; x_wconf 80' lang='lat' dir='ltr'><strong>optabat.</strong></span> <span class='ocrx_word' id='word_1_554' title='bbox 3683 2879 3840 2944; x_wconf 84' lang='lat' dir='ltr'><strong>Unde</strong></span> 
     </span>
    </p>
   </div>
   <div class='ocr_carea' id='block_1_73' title="bbox 2259 2979 3835 3059">
    <p class='ocr_par' dir='ltr' id='par_1_73' title="bbox 2259 2979 3835 3059">
     <span class='ocr_line' id='line_1_74' title="bbox 2259 2979 3835 3059; baseline -0.01 -11"><span class='ocrx_word' id='word_1_555' title='bbox 2259 3009 2366 3048; x_wconf 90' lang='lat' dir='ltr'><strong>non</strong></span> <span class='ocrx_word' id='word_1_556' title='bbox 2392 2992 2566 3047; x_wconf 87' lang='lat' dir='ltr'><strong>solum</strong></span> <span class='ocrx_word' id='word_1_557' title='bbox 2596 2991 2699 3059; x_wconf 75' lang='lat'><strong>21</strong></span> <span class='ocrx_word' id='word_1_558' title='bbox 2730 2984 2934 3040; x_wconf 80' lang='lat' dir='ltr'><strong>caelesti</strong></span> <span class='ocrx_word' id='word_1_559' title='bbox 2965 2981 3182 3052; x_wconf 64' lang='lat' dir='ltr'><strong>prazmio</strong></span> <span class='ocrx_word' id='word_1_560' title='bbox 3210 2979 3620 3036; x_wconf 90' lang='lat' dir='ltr'><strong>resurrectionis</strong></span> <span class='ocrx_word' id='word_1_561' title='bbox 3641 2979 3835 3044; x_wconf 65' lang='lat' dir='ltr'><strong>beatae,</strong></span> 
     </span>
    </p>
   </div>
   <div class='ocr_carea' id='block_1_74' title="bbox 2261 3070 3838 3151">
    <p class='ocr_par' dir='ltr' id='par_1_74' title="bbox 2261 3070 3838 3151">
     <span class='ocr_line' id='line_1_75' title="bbox 2261 3070 3838 3151; baseline -0.007 -11"><span class='ocrx_word' id='word_1_562' title='bbox 2261 3084 2356 3140; x_wconf 91' lang='lat' dir='ltr'><strong>sed</strong></span> <span class='ocrx_word' id='word_1_563' title='bbox 2381 3084 2542 3139; x_wconf 90' lang='lat' dir='ltr'><strong>etiam</strong></span> <span class='ocrx_word' id='word_1_564' title='bbox 2570 3085 2838 3151; x_wconf 89' lang='lat' dir='ltr'><strong>potestate</strong></span> <span class='ocrx_word' id='word_1_565' title='bbox 2866 3075 3230 3146; x_wconf 87' lang='lat' dir='ltr'><strong>apostolorum</strong></span> <span class='ocrx_word' id='word_1_566' title='bbox 3260 3072 3327 3127; x_wconf 92' lang='lat' dir='ltr'><strong>de</strong></span> <span class='ocrx_word' id='word_1_567' title='bbox 3353 3070 3552 3126; x_wconf 69' lang='lat' dir='ltr'><strong>Iudaeis</strong></span> <span class='ocrx_word' id='word_1_568' title='bbox 3580 3071 3838 3129; x_wconf 86' lang='lat' dir='ltr'><strong>adulteris</strong></span> 
     </span>
    </p>
   </div>
   <div class='ocr_carea' id='block_1_75' title="bbox 2258 3166 3839 3254">
    <p class='ocr_par' dir='ltr' id='par_1_75' title="bbox 2258 3166 3839 3254">
     <span class='ocr_line' id='line_1_76' title="bbox 2258 3166 3839 3254; baseline -0.012 -17"><span class='ocrx_word' id='word_1_569' title='bbox 2258 3175 2533 3254; x_wconf 73' lang='lat' dir='ltr'><strong>iudicandi</strong></span> <span class='ocrx_word' id='word_1_570' title='bbox 2554 3215 2569 3241; x_wconf 93' lang='lat'><strong>,</strong></span> <span class='ocrx_word' id='word_1_571' title='bbox 2628 3173 2793 3243; x_wconf 90' lang='lat' dir='ltr'><strong>ipsius</strong></span> <span class='ocrx_word' id='word_1_572' title='bbox 2821 3184 2915 3224; x_wconf 89' lang='lat' dir='ltr'><strong>ore</strong></span> <span class='ocrx_word' id='word_1_573' title='bbox 2940 3167 3141 3222; x_wconf 73' lang='lat' dir='ltr'><strong>Iudicis</strong></span> <span class='ocrx_word' id='word_1_574' title='bbox 3182 3166 3340 3236; x_wconf 87' lang='lat' dir='ltr'><strong>digna</strong></span> <span class='ocrx_word' id='word_1_575' title='bbox 3369 3173 3618 3221; x_wconf 90' lang='lat' dir='ltr'><strong>censetur</strong></span> <span class='ocrx_word' id='word_1_576' title='bbox 3645 3183 3658 3218; x_wconf 93' lang='lat'><strong>:</strong></span> <span class='ocrx_word' id='word_1_577' title='bbox 3711 3167 3839 3236; x_wconf 91' lang='lat' dir='ltr'><strong>quia</strong></span> 
     </span>
    </p>
   </div>
   <div class='ocr_carea' id='block_1_76' title="bbox 2175 3257 3840 3336">
    <p class='ocr_par' dir='ltr' id='par_1_76' title="bbox 2175 3257 3840 3336">
     <span class='ocr_line' id='line_1_77' title="bbox 2175 3257 3840 3336; baseline -0.013 -3"><span class='ocrx_word' id='word_1_578' title='bbox 2175 3266 2222 3331; x_wconf 87' lang='lat' dir='ltr'><strong>C</strong></span> <span class='ocrx_word' id='word_1_579' title='bbox 2253 3276 2523 3332; x_wconf 87' lang='lat' dir='ltr'><strong>Christum</strong></span> <span class='ocrx_word' id='word_1_580' title='bbox 2560 3266 2613 3320; x_wconf 91' lang='lat' dir='ltr'><strong>in</strong></span> <span class='ocrx_word' id='word_1_581' title='bbox 2645 3265 2712 3336; x_wconf 89' lang='lat' dir='ltr'><strong>(e)</strong></span> <span class='ocrx_word' id='word_1_582' title='bbox 2743 3260 3034 3317; x_wconf 87' lang='lat' dir='ltr'><strong>Solomone</strong></span> <span class='ocrx_word' id='word_1_583' title='bbox 3087 3257 3277 3312; x_wconf 82' lang='lat' dir='ltr'><strong>mirata</strong></span> <span class='ocrx_word' id='word_1_584' title='bbox 3307 3267 3330 3294; x_wconf 77' lang='grc' dir='ltr'><strong>ο</strong></span> <span class='ocrx_word' id='word_1_585' title='bbox 3353 3298 3368 3323; x_wconf 94' lang='grc'><strong><em>,</em></strong></span> <span class='ocrx_word' id='word_1_586' title='bbox 3401 3273 3585 3312; x_wconf 90' lang='lat' dir='ltr'><strong>verum</strong></span> <span class='ocrx_word' id='word_1_587' title='bbox 3639 3258 3840 3326; x_wconf 71' lang='lat' dir='ltr'><strong>regina:</strong></span> 
     </span>
    </p>
   </div>
   <div class='ocr_carea' id='block_1_77' title="bbox 2259 3347 3838 3425">
    <p class='ocr_par' dir='ltr' id='par_1_77' title="bbox 2259 3347 3838 3425">
     <span class='ocr_line' id='line_1_78' title="bbox 2259 3347 3838 3425; baseline -0.012 -2"><span class='ocrx_word' id='word_1_588' title='bbox 2259 3363 2492 3425; x_wconf 71' lang='lat' dir='ltr'><strong>cmlestis</strong></span> <span class='ocrx_word' id='word_1_589' title='bbox 2530 3356 2779 3412; x_wconf 81' lang='lat' dir='ltr'><strong>aﬂ‘ectum</strong></span> <span class='ocrx_word' id='word_1_590' title='bbox 2809 3353 2863 3407; x_wconf 90' lang='lat' dir='ltr'><strong>in</strong></span> <span class='ocrx_word' id='word_1_591' title='bbox 2897 3350 3129 3420; x_wconf 88' lang='lat' dir='ltr'><strong>imagine</strong></span> <span class='ocrx_word' id='word_1_592' title='bbox 3169 3349 3393 3419; x_wconf 78' lang='lat' dir='ltr'><strong>mystica</strong></span> <span class='ocrx_word' id='word_1_593' title='bbox 3421 3347 3676 3404; x_wconf 76' lang='lat' dir='ltr'><strong>Ecclesiae</strong></span> <span class='ocrx_word' id='word_1_594' title='bbox 3703 3364 3838 3417; x_wconf 89' lang='lat' dir='ltr'><strong>pro-</strong></span> 
     </span>
    </p>
   </div>
   <div class='ocr_carea' id='block_1_78' title="bbox 2257 3441 3839 3521">
    <p class='ocr_par' dir='ltr' id='par_1_78' title="bbox 2257 3441 3839 3521">
     <span class='ocr_line' id='line_1_79' title="bbox 2257 3441 3839 3521; baseline -0.026 -4"><span class='ocrx_word' id='word_1_595' title='bbox 2257 3455 2490 3516; x_wconf 91' lang='lat' dir='ltr'><strong>videntis</strong></span> <span class='ocrx_word' id='word_1_596' title='bbox 2519 3450 2853 3521; x_wconf 89' lang='lat' dir='ltr'><strong>impleverat.</strong></span> <span class='ocrx_word' id='word_1_597' title='bbox 2905 3444 3047 3512; x_wconf 86' lang='lat' dir='ltr'><strong>Ergo</strong></span> <span class='ocrx_word' id='word_1_598' title='bbox 3090 3443 3136 3497; x_wconf 88' lang='lat' dir='ltr'><strong>si</strong></span> <span class='ocrx_word' id='word_1_599' title='bbox 3174 3443 3318 3497; x_wconf 90' lang='lat' dir='ltr'><strong>illam</strong></span> <span class='ocrx_word' id='word_1_600' title='bbox 3356 3443 3411 3496; x_wconf 91' lang='lat' dir='ltr'><strong>in</strong></span> <span class='ocrx_word' id='word_1_601' title='bbox 3452 3441 3631 3498; x_wconf 83' lang='lat' dir='ltr'><strong>futuro</strong></span> <span class='ocrx_word' id='word_1_602' title='bbox 3657 3441 3839 3497; x_wconf 58' lang='lat' dir='ltr'><strong>divina</strong></span> 
     </span>
    </p>
   </div>
   <div class='ocr_carea' id='block_1_79' title="bbox 2257 3533 3838 3607">
    <p class='ocr_par' dir='ltr' id='par_1_79' title="bbox 2257 3533 3838 3607">
     <span class='ocr_line' id='line_1_80' title="bbox 2257 3533 3838 3607; baseline -0.011 0"><span class='ocrx_word' id='word_1_603' title='bbox 2257 3545 2622 3607; x_wconf 87' lang='lat' dir='ltr'><strong>remuneratio</strong></span> <span class='ocrx_word' id='word_1_604' title='bbox 2659 3546 2884 3605; x_wconf 90' lang='lat' dir='ltr'><strong>manet,</strong></span> <span class='ocrx_word' id='word_1_605' title='bbox 2934 3550 3057 3591; x_wconf 89' lang='lat' dir='ltr'><strong>cum</strong></span> <span class='ocrx_word' id='word_1_606' title='bbox 3095 3543 3274 3589; x_wconf 88' lang='lat' dir='ltr'><strong>tamen</strong></span> <span class='ocrx_word' id='word_1_607' title='bbox 3315 3541 3372 3588; x_wconf 90' lang='lat' dir='ltr'><strong>et</strong></span> <span class='ocrx_word' id='word_1_608' title='bbox 3417 3533 3532 3604; x_wconf 92' lang='lat' dir='ltr'><strong>ipsa</strong></span> <span class='ocrx_word' id='word_1_609' title='bbox 3580 3533 3701 3589; x_wconf 90' lang='lat' dir='ltr'><strong>istic</strong></span> <span class='ocrx_word' id='word_1_610' title='bbox 3746 3533 3838 3589; x_wconf 83' lang='lat' dir='ltr'><strong>illo</strong></span> 
     </span>
    </p>
   </div>
   <div class='ocr_carea' id='block_1_80' title="bbox 2257 3621 3841 3710">
    <p class='ocr_par' dir='ltr' id='par_1_80' title="bbox 2257 3621 3841 3710">
     <span class='ocr_line' id='line_1_81' title="bbox 2257 3621 3841 3710; baseline -0.011 -14"><span class='ocrx_word' id='word_1_611' title='bbox 2257 3653 2472 3710; x_wconf 90' lang='lat' dir='ltr'><strong>quoque</strong></span> <span class='ocrx_word' id='word_1_612' title='bbox 2501 3644 2745 3703; x_wconf 90' lang='lat' dir='ltr'><strong>tempore</strong></span> <span class='ocrx_word' id='word_1_613' title='bbox 2769 3641 2960 3696; x_wconf 88' lang='lat' dir='ltr'><strong>magna</strong></span> <span class='ocrx_word' id='word_1_614' title='bbox 2981 3641 3048 3680; x_wconf 82' lang='lat' dir='ltr'><strong>ex</strong></span> <span class='ocrx_word' id='word_1_615' title='bbox 3072 3632 3225 3694; x_wconf 89' lang='lat' dir='ltr'><strong>parte</strong></span> <span class='ocrx_word' id='word_1_616' title='bbox 3251 3623 3515 3693; x_wconf 89' lang='lat' dir='ltr'><strong>receperit</strong></span> <span class='ocrx_word' id='word_1_617' title='bbox 3533 3621 3841 3679; x_wconf 86' lang='lat' dir='ltr'><strong>mercedem</strong></span> 
     </span>
    </p>
   </div>
   <div class='ocr_carea' id='block_1_81' title="bbox 2257 3715 3840 3799">
    <p class='ocr_par' dir='ltr' id='par_1_81' title="bbox 2257 3715 3840 3799">
     <span class='ocr_line' id='line_1_82' title="bbox 2257 3715 3840 3799; baseline -0.01 -13"><span class='ocrx_word' id='word_1_618' title='bbox 2257 3745 2409 3786; x_wconf 90' lang='lat' dir='ltr'><strong>suam</strong></span> <span class='ocrx_word' id='word_1_619' title='bbox 2435 3728 2502 3799; x_wconf 75' lang='lat' dir='ltr'><strong>(f)</strong></span> <span class='ocrx_word' id='word_1_620' title='bbox 2532 3721 2828 3793; x_wconf 90' lang='lat' dir='ltr'><strong>compotita</strong></span> <span class='ocrx_word' id='word_1_621' title='bbox 2869 3716 3232 3773; x_wconf 90' lang='lat' dir='ltr'><strong>desideratum</strong></span> <span class='ocrx_word' id='word_1_622' title='bbox 3279 3715 3551 3784; x_wconf 72' lang='lat' dir='ltr'><strong>sapientia:</strong></span> <span class='ocrx_word' id='word_1_623' title='bbox 3600 3715 3840 3770; x_wconf 84' lang='lat' dir='ltr'><strong>ccelestis</strong></span> 
     </span>
    </p>
   </div>
   <div class='ocr_carea' id='block_1_82' title="bbox 2258 3807 3840 3886">
    <p class='ocr_par' dir='ltr' id='par_1_82' title="bbox 2258 3807 3840 3886">
     <span class='ocr_line' id='line_1_83' title="bbox 2258 3807 3840 3886; baseline -0.011 -7"><span class='ocrx_word' id='word_1_624' title='bbox 2258 3823 2536 3885; x_wconf 90' lang='lat' dir='ltr'><strong>auditum;</strong></span> <span class='ocrx_word' id='word_1_625' title='bbox 2592 3832 2710 3886; x_wconf 74' lang='lat' dir='ltr'><strong>quae</strong></span> <span class='ocrx_word' id='word_1_626' title='bbox 2759 3812 2972 3868; x_wconf 90' lang='lat' dir='ltr'><strong>tandem</strong></span> <span class='ocrx_word' id='word_1_627' title='bbox 3022 3808 3243 3881; x_wconf 62' lang='lat' dir='ltr'><strong>praemia</strong></span> <span class='ocrx_word' id='word_1_628' title='bbox 3304 3808 3670 3880; x_wconf 89' lang='lat' dir='ltr'><strong>rependentur</strong></span> <span class='ocrx_word' id='word_1_629' title='bbox 3716 3807 3840 3876; x_wconf 85' lang='lat' dir='ltr'><strong>tibi,</strong></span> 
     </span>
    </p>
   </div>
   <div class='ocr_carea' id='block_1_83' title="bbox 2257 3899 3840 3985">
    <p class='ocr_par' dir='ltr' id='par_1_83' title="bbox 2257 3899 3840 3985">
     <span class='ocr_line' id='line_1_84' title="bbox 2257 3899 3840 3985; baseline -0.009 -16"><span class='ocrx_word' id='word_1_630' title='bbox 2257 3914 2349 3985; x_wconf 92' lang='lat' dir='ltr'><strong>qui</strong></span> <span class='ocrx_word' id='word_1_631' title='bbox 2379 3928 2463 3966; x_wconf 90' lang='lat' dir='ltr'><strong>me</strong></span> <span class='ocrx_word' id='word_1_632' title='bbox 2492 3910 2608 3980; x_wconf 88' lang='lat' dir='ltr'><strong>pari</strong></span> <span class='ocrx_word' id='word_1_633' title='bbox 2636 3905 2806 3974; x_wconf 88' lang='lat' dir='ltr'><strong>gratia</strong></span> <span class='ocrx_word' id='word_1_634' title='bbox 2835 3947 2848 3972; x_wconf 89' lang='lat'><strong>,</strong></span> <span class='ocrx_word' id='word_1_635' title='bbox 2897 3910 2953 3957; x_wconf 88' lang='lat' dir='ltr'><strong>et</strong></span> <span class='ocrx_word' id='word_1_636' title='bbox 2981 3900 3186 3969; x_wconf 87' lang='lat' dir='ltr'><strong>majore</strong></span> <span class='ocrx_word' id='word_1_637' title='bbox 3224 3914 3386 3968; x_wconf 83' lang='lat' dir='ltr'><strong>opera</strong></span> <span class='ocrx_word' id='word_1_638' title='bbox 3412 3941 3428 3966; x_wconf 91' lang='lat'><strong>,</strong></span> <span class='ocrx_word' id='word_1_639' title='bbox 3475 3899 3602 3968; x_wconf 89' lang='lat' dir='ltr'><strong>quia</strong></span> <span class='ocrx_word' id='word_1_640' title='bbox 3627 3899 3840 3955; x_wconf 76' lang='lat' dir='ltr'><strong>minore</strong></span> 
     </span>
    </p>
   </div>
   <div class='ocr_carea' id='block_1_84' title="bbox 2258 3988 3840 4068">
    <p class='ocr_par' dir='ltr' id='par_1_84' title="bbox 2258 3988 3840 4068">
     <span class='ocr_line' id='line_1_85' title="bbox 2258 3988 3840 4068; baseline -0.01 -9"><span class='ocrx_word' id='word_1_641' title='bbox 2258 4003 2502 4059; x_wconf 83' lang='lat' dir='ltr'><strong>utilitatis</strong></span> <span class='ocrx_word' id='word_1_642' title='bbox 2523 3999 2588 4054; x_wconf 90' lang='lat' dir='ltr'><strong>ad</strong></span> <span class='ocrx_word' id='word_1_643' title='bbox 2607 4010 2846 4068; x_wconf 67' lang='lat' dir='ltr'><strong>priesens</strong></span> <span class='ocrx_word' id='word_1_644' title='bbox 2865 4002 2970 4047; x_wconf 71' lang='lat' dir='ltr'><strong>tua:</strong></span> <span class='ocrx_word' id='word_1_645' title='bbox 2989 4007 3103 4062; x_wconf 87' lang='lat' dir='ltr'><strong>spe,</strong></span> <span class='ocrx_word' id='word_1_646' title='bbox 3128 3989 3440 4046; x_wconf 89' lang='lat' dir='ltr'><strong>desiderasti</strong></span> <span class='ocrx_word' id='word_1_647' title='bbox 3461 3990 3484 4043; x_wconf 88' lang='lat'><strong>?</strong></span> <span class='ocrx_word' id='word_1_648' title='bbox 3512 3988 3648 4056; x_wconf 89' lang='lat' dir='ltr'><strong>Quid</strong></span> <span class='ocrx_word' id='word_1_649' title='bbox 3669 3989 3840 4058; x_wconf 83' lang='lat' dir='ltr'><strong>enim,</strong></span> 
     </span>
    </p>
   </div>
   <div class='ocr_carea' id='block_1_85' title="bbox 2257 4081 3842 4167">
    <p class='ocr_par' dir='ltr' id='par_1_85' title="bbox 2257 4081 3842 4167">
     <span class='ocr_line' id='line_1_86' title="bbox 2257 4081 3842 4167; baseline -0.006 -19"><span class='ocrx_word' id='word_1_650' title='bbox 2257 4111 2457 4167; x_wconf 53' lang='lat' dir='ltr'><strong>quaeso,</strong></span> <span class='ocrx_word' id='word_1_651' title='bbox 2508 4094 2561 4146; x_wconf 91' lang='lat' dir='ltr'><strong>in</strong></span> <span class='ocrx_word' id='word_1_652' title='bbox 2591 4105 2677 4144; x_wconf 91' lang='lat' dir='ltr'><strong>me</strong></span> <span class='ocrx_word' id='word_1_653' title='bbox 2705 4085 3114 4143; x_wconf 89' lang='lat' dir='ltr'><strong>desiderandum</strong></span> <span class='ocrx_word' id='word_1_654' title='bbox 3136 4083 3414 4137; x_wconf 88' lang='lat' dir='ltr'><strong>habuisti?</strong></span> <span class='ocrx_word' id='word_1_655' title='bbox 3469 4081 3638 4149; x_wconf 91' lang='lat' dir='ltr'><strong>Quid,</strong></span> <span class='ocrx_word' id='word_1_656' title='bbox 3690 4082 3842 4152; x_wconf 87' lang='lat' dir='ltr'><strong>quod</strong></span> 
     </span>
    </p>
   </div>
   <div class='ocr_carea' id='block_1_86' title="bbox 2258 4171 3841 4247">
    <p class='ocr_par' dir='ltr' id='par_1_86' title="bbox 2258 4171 3841 4247">
     <span class='ocr_line' id='line_1_87' title="bbox 2258 4171 3841 4247; baseline -0.009 -5"><span class='ocrx_word' id='word_1_657' title='bbox 2258 4204 2366 4243; x_wconf 91' lang='lat' dir='ltr'><strong>non</strong></span> <span class='ocrx_word' id='word_1_658' title='bbox 2386 4185 2629 4247; x_wconf 88' lang='lat' dir='ltr'><strong>haberes,</strong></span> <span class='ocrx_word' id='word_1_659' title='bbox 2663 4196 2694 4234; x_wconf 89' lang='lat' dir='ltr'><strong>a</strong></span> <span class='ocrx_word' id='word_1_660' title='bbox 2713 4195 2798 4234; x_wconf 91' lang='lat' dir='ltr'><strong>me</strong></span> <span class='ocrx_word' id='word_1_661' title='bbox 2820 4175 3138 4232; x_wconf 89' lang='lat' dir='ltr'><strong>sumendum</strong></span> <span class='ocrx_word' id='word_1_662' title='bbox 3161 4175 3389 4245; x_wconf 88' lang='lat' dir='ltr'><strong>sperasti</strong></span> <span class='ocrx_word' id='word_1_663' title='bbox 3411 4175 3434 4227; x_wconf 88' lang='lat'><strong>?</strong></span> <span class='ocrx_word' id='word_1_664' title='bbox 3461 4171 3615 4240; x_wconf 84' lang='lat' dir='ltr'><strong>Quod</strong></span> <span class='ocrx_word' id='word_1_665' title='bbox 3631 4174 3841 4229; x_wconf 87' lang='lat' dir='ltr'><strong>bonum</strong></span> 
     </span>
    </p>
   </div>
   <div class='ocr_carea' id='block_1_87' title="bbox 2258 4265 3836 4342">
    <p class='ocr_par' dir='ltr' id='par_1_87' title="bbox 2258 4265 3836 4342">
     <span class='ocr_line' id='line_1_88' title="bbox 2258 4265 3836 4342; baseline -0.009 -7"><span class='ocrx_word' id='word_1_666' title='bbox 2258 4280 2353 4335; x_wconf 89' lang='lat' dir='ltr'><strong>tibi</strong></span> <span class='ocrx_word' id='word_1_667' title='bbox 2379 4279 2446 4332; x_wconf 93' lang='lat' dir='ltr'><strong>de</strong></span> <span class='ocrx_word' id='word_1_668' title='bbox 2474 4274 2742 4342; x_wconf 92' lang='lat' dir='ltr'><strong>colloquio</strong></span> <span class='ocrx_word' id='word_1_669' title='bbox 2773 4267 3046 4340; x_wconf 84' lang='lat' dir='ltr'><strong>imperiti?</strong></span> <span class='ocrx_word' id='word_1_670' title='bbox 3100 4281 3220 4336; x_wconf 64' lang='lat' dir='ltr'><strong>qua:</strong></span> <span class='ocrx_word' id='word_1_671' title='bbox 3267 4265 3464 4320; x_wconf 89' lang='lat' dir='ltr'><strong>utilitas</strong></span> <span class='ocrx_word' id='word_1_672' title='bbox 3507 4265 3562 4320; x_wconf 91' lang='lat' dir='ltr'><strong>in</strong></span> <span class='ocrx_word' id='word_1_673' title='bbox 3608 4273 3836 4335; x_wconf 86' lang='lat' dir='ltr'><strong>aspectu</strong></span> 
     </span>
    </p>
   </div>
   <div class='ocr_carea' id='block_1_88' title="bbox 2257 4357 3846 4441">
    <p class='ocr_par' dir='ltr' id='par_1_88' title="bbox 2257 4357 3846 4441">
     <span class='ocr_line' id='line_1_89' title="bbox 2257 4357 3846 4441; baseline -0.008 -16"><span class='ocrx_word' id='word_1_674' title='bbox 2257 4366 2556 4441; x_wconf 90' lang='lat' dir='ltr'><strong>peccatoris</strong></span> <span class='ocrx_word' id='word_1_675' title='bbox 2581 4363 2760 4419; x_wconf 91' lang='lat' dir='ltr'><strong>foret?</strong></span> <span class='ocrx_word' id='word_1_676' title='bbox 2785 4359 2933 4431; x_wconf 80' lang='lat' dir='ltr'><strong>.quid</strong></span> <span class='ocrx_word' id='word_1_677' title='bbox 2961 4359 3028 4413; x_wconf 93' lang='lat' dir='ltr'><strong>ab</strong></span> <span class='ocrx_word' id='word_1_678' title='bbox 3057 4358 3341 4428; x_wconf 87' lang='lat' dir='ltr'><strong>insipiente</strong></span> <span class='ocrx_word' id='word_1_679' title='bbox 3366 4357 3580 4426; x_wconf 90' lang='lat' dir='ltr'><strong>sapiens</strong></span> <span class='ocrx_word' id='word_1_680' title='bbox 3598 4398 3612 4422; x_wconf 91' lang='lat'><strong>,</strong></span> <span class='ocrx_word' id='word_1_681' title='bbox 3661 4365 3846 4412; x_wconf 88' lang='lat' dir='ltr'><strong>rectus</strong></span> 
     </span>
    </p>
   </div>
   <div class='ocr_carea' id='block_1_89' title="bbox 2257 4448 3845 4532">
    <p class='ocr_par' dir='ltr' id='par_1_89' title="bbox 2257 4448 3845 4532">
     <span class='ocr_line' id='line_1_90' title="bbox 2257 4448 3845 4532; baseline -0.008 -16"><span class='ocrx_word' id='word_1_682' title='bbox 2257 4479 2289 4516; x_wconf 91' lang='lat' dir='ltr'><strong>a</strong></span> <span class='ocrx_word' id='word_1_683' title='bbox 2320 4475 2486 4532; x_wconf 90' lang='lat' dir='ltr'><strong>pravo</strong></span> <span class='ocrx_word' id='word_1_684' title='bbox 2503 4499 2518 4524; x_wconf 93' lang='lat'><strong>,</strong></span> <span class='ocrx_word' id='word_1_685' title='bbox 2557 4457 2748 4511; x_wconf 89' lang='lat' dir='ltr'><strong>beatus</strong></span> <span class='ocrx_word' id='word_1_686' title='bbox 2772 4470 2803 4508; x_wconf 90' lang='lat' dir='ltr'><strong>a</strong></span> <span class='ocrx_word' id='word_1_687' title='bbox 2831 4453 3066 4520; x_wconf 90' lang='lat' dir='ltr'><strong>misero,</strong></span> <span class='ocrx_word' id='word_1_688' title='bbox 3093 4451 3160 4506; x_wconf 92' lang='lat' dir='ltr'><strong>ab</strong></span> <span class='ocrx_word' id='word_1_689' title='bbox 3188 4449 3399 4505; x_wconf 89' lang='lat' dir='ltr'><strong>inlirmo</strong></span> <span class='ocrx_word' id='word_1_690' title='bbox 3427 4448 3582 4505; x_wconf 85' lang='lat' dir='ltr'><strong>fortis</strong></span> <span class='ocrx_word' id='word_1_691' title='bbox 3600 4489 3615 4515; x_wconf 92' lang='lat'><strong>,</strong></span> <span class='ocrx_word' id='word_1_692' title='bbox 3648 4449 3718 4504; x_wconf 87' lang='lat' dir='ltr'><strong>ab</strong></span> <span class='ocrx_word' id='word_1_693' title='bbox 3749 4449 3845 4520; x_wconf 82' lang='lat'><strong>(9)</strong></span> 
     </span>
    </p>
   </div>
   <div class='ocr_carea' id='block_1_90' title="bbox 2260 4543 3452 4624">
    <p class='ocr_par' dir='ltr' id='par_1_90' title="bbox 2260 4543 3452 4624">
     <span class='ocr_line' id='line_1_91' title="bbox 2260 4543 3452 4624; baseline -0.012 -14"><span class='ocrx_word' id='word_1_694' title='bbox 2260 4556 2418 4624; x_wconf 91' lang='lat' dir='ltr'><strong>inope</strong></span> <span class='ocrx_word' id='word_1_695' title='bbox 2447 4551 2598 4606; x_wconf 91' lang='lat' dir='ltr'><strong>dives</strong></span> <span class='ocrx_word' id='word_1_696' title='bbox 2627 4550 2682 4604; x_wconf 90' lang='lat' dir='ltr'><strong>in</strong></span> <span class='ocrx_word' id='word_1_697' title='bbox 2708 4546 2936 4602; x_wconf 89' lang='lat' dir='ltr'><strong>Domino</strong></span> <span class='ocrx_word' id='word_1_698' title='bbox 2963 4559 3158 4615; x_wconf 88' lang='lat' dir='ltr'><strong>capere</strong></span> <span class='ocrx_word' id='word_1_699' title='bbox 3185 4543 3452 4614; x_wconf 87' lang='lat' dir='ltr'><strong>potuisti?</strong></span> 
     </span>
    </p>
   </div>
   <div class='ocr_carea' id='block_1_91' title="bbox 582 4613 3850 4713">
    <p class='ocr_par' dir='ltr' id='par_1_91' title="bbox 582 4613 3850 4713">
     <span class='ocr_line' id='line_1_92' title="bbox 582 4613 3850 4713; baseline -0.003 -17"><span class='ocrx_word' id='word_1_700' title='bbox 582 4643 948 4707; x_wconf 87' lang='lat' dir='ltr'><strong>dilectissime,</strong></span> <span class='ocrx_word' id='word_1_701' title='bbox 981 4651 1036 4696; x_wconf 85' lang='lat' dir='ltr'><strong>et</strong></span> <span class='ocrx_word' id='word_1_702' title='bbox 1065 4643 1117 4695; x_wconf 93' lang='lat' dir='ltr'><strong>in</strong></span> <span class='ocrx_word' id='word_1_703' title='bbox 1146 4639 1360 4694; x_wconf 88' lang='lat' dir='ltr'><strong>Christo</strong></span> <span class='ocrx_word' id='word_1_704' title='bbox 1391 4641 1544 4696; x_wconf 87' lang='lat' dir='ltr'><strong>nobis</strong></span> <span class='ocrx_word' id='word_1_705' title='bbox 1575 4640 1853 4706; x_wconf 89' lang='lat' dir='ltr'><strong>unanime,</strong></span> <span class='ocrx_word' id='word_1_706' title='bbox 1884 4613 1972 4695; x_wconf 81' lang='lat' dir='ltr'><strong>tibi</strong></span> <span class='ocrx_word' id='word_1_707' title='bbox 2002 4660 2156 4713; x_wconf 86' lang='lat' dir='ltr'><strong>repo-</strong></span> <span class='ocrx_word' id='word_1_708' title='bbox 2184 4613 2234 4672; x_wconf 74' lang='grc' dir='ltr'>υ</span> <span class='ocrx_word' id='word_1_709' title='bbox 2418 4643 2558 4698; x_wconf 80' lang='lat' dir='ltr'><strong>Vere</strong></span> <span class='ocrx_word' id='word_1_710' title='bbox 2599 4648 2656 4695; x_wconf 91' lang='lat' dir='ltr'><strong>tu</strong></span> <span class='ocrx_word' id='word_1_711' title='bbox 2697 4653 2804 4693; x_wconf 90' lang='lat' dir='ltr'><strong>non</strong></span> <span class='ocrx_word' id='word_1_712' title='bbox 2845 4651 2964 4707; x_wconf 60' lang='lat' dir='ltr'><strong>qua:</strong></span> <span class='ocrx_word' id='word_1_713' title='bbox 2995 4613 3081 4690; x_wconf 78' lang='lat' dir='ltr'><strong>tua</strong></span> <span class='ocrx_word' id='word_1_714' title='bbox 3133 4613 3257 4690; x_wconf 82' lang='lat' dir='ltr'><strong>sunt</strong></span> <span class='ocrx_word' id='word_1_715' title='bbox 3306 4634 3500 4704; x_wconf 66' lang='lat' dir='ltr'><strong>quaeris</strong></span> <span class='ocrx_word' id='word_1_716' title='bbox 3523 4675 3537 4699; x_wconf 92' lang='lat'><strong>,</strong></span> <span class='ocrx_word' id='word_1_717' title='bbox 3585 4633 3681 4690; x_wconf 89' lang='lat' dir='ltr'><strong>sed</strong></span> <span class='ocrx_word' id='word_1_718' title='bbox 3727 4648 3850 4702; x_wconf 68' lang='lat' dir='ltr'><strong>quae</strong></span> 
     </span>
    </p>
   </div>
   <div class='ocr_carea' id='block_1_92' title="bbox 583 4732 2197 4805">
    <p class='ocr_par' dir='ltr' id='par_1_92' title="bbox 583 4732 2197 4805">
     <span class='ocr_line' id='line_1_93' title="bbox 583 4732 2197 4805; baseline 0 -17"><span class='ocrx_word' id='word_1_719' title='bbox 583 4737 680 4789; x_wconf 74' lang='lat' dir='ltr'><strong>sita</strong></span> <span class='ocrx_word' id='word_1_720' title='bbox 692 4737 806 4805; x_wconf 87' lang='lat' dir='ltr'><strong>jam</strong></span> <span class='ocrx_word' id='word_1_721' title='bbox 835 4735 886 4787; x_wconf 83' lang='lat' dir='ltr'><strong>in</strong></span> <span class='ocrx_word' id='word_1_722' title='bbox 909 4734 1045 4788; x_wconf 71' lang='lat' dir='ltr'><strong>cretis</strong></span> <span class='ocrx_word' id='word_1_723' title='bbox 1066 4741 1142 4786; x_wconf 87' lang='lat' dir='ltr'><strong>est</strong></span> <span class='ocrx_word' id='word_1_724' title='bbox 1163 4748 1353 4786; x_wconf 86' lang='lat' dir='ltr'><strong>corona</strong></span> <span class='ocrx_word' id='word_1_725' title='bbox 1374 4732 1608 4802; x_wconf 87' lang='lat' dir='ltr'><strong>pietatis,</strong></span> <span class='ocrx_word' id='word_1_726' title='bbox 1635 4748 1787 4803; x_wconf 83' lang='lat' dir='ltr'><strong>quam</strong></span> <span class='ocrx_word' id='word_1_727' title='bbox 1800 4732 1969 4802; x_wconf 82' lang='lat' dir='ltr'><strong>justus</strong></span> <span class='ocrx_word' id='word_1_728' title='bbox 1985 4733 2158 4789; x_wconf 56' lang='lat' dir='ltr'><strong>ludes;</strong></span> <span class='ocrx_word' id='word_1_729' title='bbox 2193 4752 2197 4754; x_wconf 88' lang='grc'>·</span> 
     </span>
    </p>
   </div>
   <div class='ocr_carea' id='block_1_93' title="bbox 584 4822 2162 4893">
    <p class='ocr_par' dir='ltr' id='par_1_93' title="bbox 584 4822 2162 4893">
     <span class='ocr_line' id='line_1_94' title="bbox 584 4822 2162 4893; baseline 0.001 -13"><span class='ocrx_word' id='word_1_730' title='bbox 584 4827 759 4881; x_wconf 86' lang='lat' dir='ltr'><strong>reddet</strong></span> <span class='ocrx_word' id='word_1_731' title='bbox 781 4828 835 4880; x_wconf 87' lang='lat' dir='ltr'><strong>in</strong></span> <span class='ocrx_word' id='word_1_732' title='bbox 864 4826 955 4879; x_wconf 83' lang='lat' dir='ltr'><strong>illa</strong></span> <span class='ocrx_word' id='word_1_733' title='bbox 985 4827 1068 4878; x_wconf 83' lang='lat' dir='ltr'><strong>die</strong></span> <span class='ocrx_word' id='word_1_734' title='bbox 1092 4834 1118 4862; x_wconf 73' lang='grc' dir='ltr'><strong>ει</strong></span> <span class='ocrx_word' id='word_1_735' title='bbox 1147 4823 1275 4890; x_wconf 90' lang='lat' dir='ltr'><strong>tibi,</strong></span> <span class='ocrx_word' id='word_1_736' title='bbox 1299 4831 1354 4878; x_wconf 92' lang='lat' dir='ltr'><strong>et</strong></span> <span class='ocrx_word' id='word_1_737' title='bbox 1381 4824 1626 4878; x_wconf 91' lang='lat' dir='ltr'><strong>omnibus</strong></span> <span class='ocrx_word' id='word_1_738' title='bbox 1648 4822 1800 4893; x_wconf 79' lang='lat' dir='ltr'><strong>juxta</strong></span> <span class='ocrx_word' id='word_1_739' title='bbox 1831 4832 1905 4892; x_wconf 89' lang='lat' dir='ltr'><strong>te,</strong></span> <span class='ocrx_word' id='word_1_740' title='bbox 1937 4828 2162 4883; x_wconf 89' lang='lat' dir='ltr'><strong>caritate</strong></span> 
     </span>
    </p>
   </div>
   <div class='ocr_carea' id='block_1_94' title="bbox 2264 4725 3851 4802">
    <p class='ocr_par' dir='ltr' id='par_1_94' title="bbox 2264 4725 3851 4802">
     <span class='ocr_line' id='line_1_95' title="bbox 2264 4725 3851 4802; baseline -0.008 -10"><span class='ocrx_word' id='word_1_741' title='bbox 2264 4735 2460 4793; x_wconf 89' lang='lat' dir='ltr'><strong>Christi</strong></span> <span class='ocrx_word' id='word_1_742' title='bbox 2489 4734 2504 4772; x_wconf 75' lang='grc' dir='ltr'>ῐ</span> <span class='ocrx_word' id='word_1_743' title='bbox 2538 4751 2551 4786; x_wconf 89' lang='lat'><strong>:</strong></span> <span class='ocrx_word' id='word_1_744' title='bbox 2600 4731 2728 4802; x_wconf 91' lang='lat' dir='ltr'><strong>quia</strong></span> <span class='ocrx_word' id='word_1_745' title='bbox 2753 4745 2860 4785; x_wconf 92' lang='lat' dir='ltr'><strong>non</strong></span> <span class='ocrx_word' id='word_1_746' title='bbox 2883 4729 3162 4793; x_wconf 87' lang='lat' dir='ltr'><strong>meritum,</strong></span> <span class='ocrx_word' id='word_1_747' title='bbox 3200 4743 3302 4782; x_wconf 89' lang='lat' dir='ltr'><strong>nec</strong></span> <span class='ocrx_word' id='word_1_748' title='bbox 3325 4725 3851 4794; x_wconf 47' lang='lat' dir='ltr'><strong>emolumentum.“</strong></span> 
     </span>
    </p>
   </div>
   <div class='ocr_carea' id='block_1_95' title="bbox 2268 4814 3850 4890">
    <p class='ocr_par' dir='ltr' id='par_1_95' title="bbox 2268 4814 3850 4890">
     <span class='ocr_line' id='line_1_96' title="bbox 2268 4814 3850 4890; baseline -0.009 -7"><span class='ocrx_word' id='word_1_749' title='bbox 2268 4844 2354 4883; x_wconf 89' lang='lat' dir='ltr'><strong>me</strong></span> <span class='ocrx_word' id='word_1_750' title='bbox 2377 4836 2543 4890; x_wconf 87' lang='lat' dir='ltr'><strong>tuum,</strong></span> <span class='ocrx_word' id='word_1_751' title='bbox 2577 4822 2670 4878; x_wconf 90' lang='lat' dir='ltr'><strong>sed</strong></span> <span class='ocrx_word' id='word_1_752' title='bbox 2698 4821 2868 4878; x_wconf 90' lang='lat' dir='ltr'><strong>solam</strong></span> <span class='ocrx_word' id='word_1_753' title='bbox 2896 4819 3072 4887; x_wconf 89' lang='lat' dir='ltr'><strong>illam,</strong></span> <span class='ocrx_word' id='word_1_754' title='bbox 3103 4833 3222 4887; x_wconf 73' lang='lat' dir='ltr'><strong>quae</strong></span> <span class='ocrx_word' id='word_1_755' title='bbox 3249 4817 3523 4888; x_wconf 89' lang='lat' dir='ltr'><strong>plenitudo</strong></span> <span class='ocrx_word' id='word_1_756' title='bbox 3552 4823 3636 4871; x_wconf 91' lang='lat' dir='ltr'><strong>est</strong></span> <span class='ocrx_word' id='word_1_757' title='bbox 3666 4814 3850 4871; x_wconf 83' lang='lat' dir='ltr'><strong>Evan-</strong></span> 
     </span>
    </p>
   </div>
   <div class='ocr_carea' id='block_1_96' title="bbox 660 4955 2150 5035">
    <p class='ocr_par' dir='ltr' id='par_1_96' title="bbox 660 4960 2146 5035">
     <span class='ocr_line' id='line_1_97' title="bbox 660 4960 2146 5035; baseline 0.003 -17"><span class='ocrx_word' id='word_1_758' title='bbox 660 4964 742 5018; x_wconf 74' lang='grc'><strong>⁸11</strong></span> <span class='ocrx_word' id='word_1_759' title='bbox 769 4964 999 5035; x_wconf 70' lang='lat' dir='ltr'><strong>Tim.tv,</strong></span> <span class='ocrx_word' id='word_1_760' title='bbox 1026 4962 1079 5035; x_wconf 72' lang='lat'><strong>8.</strong></span> <span class='ocrx_word' id='word_1_761' title='bbox 1157 4963 1181 5001; x_wconf 76' lang='grc' dir='ltr'>δ</span> <span class='ocrx_word' id='word_1_762' title='bbox 1206 4962 1224 5016; x_wconf 96' lang='lat' dir='ltr'><strong>I</strong></span> <span class='ocrx_word' id='word_1_763' title='bbox 1248 4963 1391 5035; x_wconf 71' lang='lat' dir='ltr'><strong>Petr.</strong></span> <span class='ocrx_word' id='word_1_764' title='bbox 1420 4961 1636 5035; x_wconf 17' lang='lat' dir='ltr'><strong>I,_8_.__Ac</strong></span> <span class='ocrx_word' id='word_1_765' title='bbox 1665 4960 1983 5035; x_wconf 80' lang='lat' dir='ltr'><strong>Joba_n.xnl,</strong></span> <span class='ocrx_word' id='word_1_766' title='bbox 2011 4966 2063 5032; x_wconf 82' lang='grc'><strong>1,</strong></span> <span class='ocrx_word' id='word_1_767' title='bbox 2089 4967 2146 5023; x_wconf 77' lang='lat' dir='ltr'><strong>et</strong></span> 
     </span>
    </p>
   </div>
   <div class='ocr_carea' id='block_1_97' title="bbox 2250 4955 3850 5035">
    <p class='ocr_par' dir='ltr' id='par_1_97' title="bbox 2250 4955 3850 5032">
     <span class='ocr_line' id='line_1_98' title="bbox 2250 4955 3850 5032; baseline -0.004 -12"><span class='ocrx_word' id='word_1_768' title='bbox 2250 4964 2326 5024; x_wconf 84' lang='lat' dir='ltr'><strong>l5.</strong></span> <span class='ocrx_word' id='word_1_769' title='bbox 2399 4966 2425 5005; x_wconf 73' lang='grc' dir='ltr'><em>ά</em></span> <span class='ocrx_word' id='word_1_770' title='bbox 2447 4966 2514 5020; x_wconf 91' lang='grc'><strong>111</strong></span> <span class='ocrx_word' id='word_1_771' title='bbox 2537 4966 2670 5032; x_wconf 80' lang='lat' dir='ltr'><strong>Reg.</strong></span> <span class='ocrx_word' id='word_1_772' title='bbox 2695 4980 2747 5030; x_wconf 68' lang='grc' dir='ltr'><strong>χ,</strong></span> <span class='ocrx_word' id='word_1_773' title='bbox 2773 4962 2825 5030; x_wconf 86' lang='grc'><strong>1;</strong></span> <span class='ocrx_word' id='word_1_774' title='bbox 2856 4961 2900 5016; x_wconf 90' lang='lat' dir='ltr'><strong>II</strong></span> <span class='ocrx_word' id='word_1_775' title='bbox 2921 4960 3041 5015; x_wconf 90' lang='lat' dir='ltr'><strong>Par.</strong></span> <span class='ocrx_word' id='word_1_776' title='bbox 3071 4975 3147 5026; x_wconf 81' lang='lat' dir='ltr'><strong>IX,</strong></span> <span class='ocrx_word' id='word_1_777' title='bbox 3171 4959 3222 5025; x_wconf 82' lang='lat' dir='ltr'><strong>l;</strong></span> <span class='ocrx_word' id='word_1_778' title='bbox 3249 4957 3436 5012; x_wconf 84' lang='lat' dir='ltr'><strong>Matth.</strong></span> <span class='ocrx_word' id='word_1_779' title='bbox 3462 4971 3553 5023; x_wconf 76' lang='lat' dir='ltr'><strong>xu,</strong></span> <span class='ocrx_word' id='word_1_780' title='bbox 3578 4955 3680 5021; x_wconf 66' lang='lat'><strong>42;</strong></span> <span class='ocrx_word' id='word_1_781' title='bbox 3711 4955 3850 5013; x_wconf 86' lang='lat' dir='ltr'><strong>Luc.</strong></span> 
     </span>
    </p>
   </div>
   <div class='ocr_carea' id='block_1_98' title="bbox 584 5031 1830 5103">
    <p class='ocr_par' dir='ltr' id='par_1_98' title="bbox 584 5031 1830 5103">
     <span class='ocr_line' id='line_1_99' title="bbox 584 5031 1830 5103; baseline -0.004 -13"><span class='ocrx_word' id='word_1_782' title='bbox 584 5049 657 5103; x_wconf 73' lang='grc' dir='ltr'><strong>ιι,</strong></span> <span class='ocrx_word' id='word_1_783' title='bbox 685 5035 771 5090; x_wconf 77' lang='grc'><strong>51.</strong></span> <span class='ocrx_word' id='word_1_784' title='bbox 852 5045 875 5072; x_wconf 65' lang='grc' dir='ltr'>θ</span> <span class='ocrx_word' id='word_1_785' title='bbox 903 5033 1091 5088; x_wconf 84' lang='lat' dir='ltr'><strong>Matth.</strong></span> <span class='ocrx_word' id='word_1_786' title='bbox 1125 5051 1216 5100; x_wconf 83' lang='lat' dir='ltr'><strong>xu,</strong></span> <span class='ocrx_word' id='word_1_787' title='bbox 1248 5033 1333 5088; x_wconf 66' lang='grc'><strong>42.</strong></span> <span class='ocrx_word' id='word_1_788' title='bbox 1417 5032 1435 5072; x_wconf 73' lang='grc' dir='ltr'>ί</span> <span class='ocrx_word' id='word_1_789' title='bbox 1466 5031 1658 5101; x_wconf 87' lang='lat' dir='ltr'><strong>Philip.</strong></span> <span class='ocrx_word' id='word_1_790' title='bbox 1691 5049 1748 5097; x_wconf 91' lang='lat' dir='ltr'><strong>n,</strong></span> <span class='ocrx_word' id='word_1_791' title='bbox 1778 5031 1830 5085; x_wconf 75' lang='grc'><strong>4.</strong></span> 
     </span>
    </p>
   </div>
   <div class='ocr_carea' id='block_1_99' title="bbox 658 5167 2351 5241">
    <p class='ocr_par' dir='ltr' id='par_1_99' title="bbox 658 5167 2351 5241">
     <span class='ocr_line' id='line_1_100' title="bbox 658 5167 2351 5241; baseline 0.002 -16"><span class='ocrx_word' id='word_1_792' title='bbox 658 5172 677 5192; x_wconf 86' lang='grc'>⁶</span> <span class='ocrx_word' id='word_1_793' title='bbox 710 5170 854 5226; x_wconf 81' lang='lat' dir='ltr'><strong>Alias</strong></span> <span class='ocrx_word' id='word_1_794' title='bbox 884 5170 935 5236; x_wconf 82' lang='lat' dir='ltr'><strong>I;</strong></span> <span class='ocrx_word' id='word_1_795' title='bbox 959 5183 1077 5240; x_wconf 59' lang='lat' dir='ltr'><strong>quae</strong></span> <span class='ocrx_word' id='word_1_796' title='bbox 1103 5176 1279 5224; x_wconf 90' lang='lat' dir='ltr'><strong>autem</strong></span> <span class='ocrx_word' id='word_1_797' title='bbox 1310 5176 1425 5224; x_wconf 89' lang='lat' dir='ltr'><strong>erat</strong></span> <span class='ocrx_word' id='word_1_798' title='bbox 1451 5167 1508 5235; x_wconf 82' lang='lat'><strong>5,</strong></span> <span class='ocrx_word' id='word_1_799' title='bbox 1534 5183 1675 5222; x_wconf 93' lang='lat' dir='ltr'><strong>nunc</strong></span> <span class='ocrx_word' id='word_1_800' title='bbox 1700 5167 1784 5221; x_wconf 85' lang='grc'><strong>11.</strong></span> <span class='ocrx_word' id='word_1_801' title='bbox 1817 5168 2026 5241; x_wconf 89' lang='lat' dir='ltr'><strong>Scripta</strong></span> <span class='ocrx_word' id='word_1_802' title='bbox 2057 5188 2198 5230; x_wconf 89' lang='lat' dir='ltr'><strong>anno</strong></span> <span class='ocrx_word' id='word_1_803' title='bbox 2228 5171 2351 5229; x_wconf 79' lang='grc'><strong>595.</strong></span> 
     </span>
    </p>
   </div>
   <div class='ocr_carea' id='block_1_100' title="bbox 653 5283 2148 5414">
    <p class='ocr_par' dir='ltr' id='par_1_100' title="bbox 653 5283 2148 5414">
     <span class='ocr_line' id='line_1_101' title="bbox 653 5283 2148 5414; baseline 0.001 -72"><span class='ocrx_word' id='word_1_804' title='bbox 653 5289 743 5414; x_wconf 43' lang='grc'><strong>((3.</strong></span> <span class='ocrx_word' id='word_1_805' title='bbox 769 5286 919 5341; x_wconf 85' lang='lat' dir='ltr'><strong>Hanc</strong></span> <span class='ocrx_word' id='word_1_806' title='bbox 965 5300 1155 5340; x_wconf 90' lang='lat' dir='ltr'><strong>vocem</strong></span> <span class='ocrx_word' id='word_1_807' title='bbox 1200 5284 1500 5339; x_wconf 90' lang='lat' dir='ltr'><strong>addidimus</strong></span> <span class='ocrx_word' id='word_1_808' title='bbox 1528 5299 1594 5339; x_wconf 83' lang='lat' dir='ltr'><strong>ex</strong></span> <span class='ocrx_word' id='word_1_809' title='bbox 1625 5299 1752 5339; x_wconf 91' lang='lat' dir='ltr'><strong>mss.</strong></span> <span class='ocrx_word' id='word_1_810' title='bbox 1794 5283 2002 5341; x_wconf 89' lang='lat' dir='ltr'><strong>duobus</strong></span> <span class='ocrx_word' id='word_1_811' title='bbox 2030 5287 2148 5356; x_wconf 78' lang='lat' dir='ltr'><strong>Big.</strong></span> 
     </span>
     <span class='ocr_line' id='line_1_102' title="bbox 661 5356 1024 5414; baseline -0.011 0"><span class='ocrx_word' id='word_1_812' title='bbox 661 5375 691 5414; x_wconf 91' lang='lat' dir='ltr'><strong>e</strong></span> <span class='ocrx_word' id='word_1_813' title='bbox 731 5369 790 5412; x_wconf 82' lang='lat' dir='ltr'><strong>it.</strong></span> <span class='ocrx_word' id='word_1_814' title='bbox 826 5356 1024 5412; x_wconf 89' lang='lat' dir='ltr'><strong>Bened.</strong></span> 
     </span>
    </p>
   </div>
   <div class='ocr_carea' id='block_1_101' title="bbox 580 5356 1024 5415">
    <p class='ocr_par' dir='ltr' id='par_1_101' title="bbox 580 5356 1024 5415">
     <span class='ocr_line' id='line_1_103' title="bbox 580 5356 1024 5415; baseline -0.011 0"><span class='ocrx_word' id='word_1_815' title='bbox 580 5369 636 5415; x_wconf 90' lang='lat' dir='ltr'><strong>et</strong></span> <span class='ocrx_word' id='word_1_816' title='bbox 661 5356 790 5415; x_wconf 85' lang='lat' dir='ltr'><strong>edit.</strong></span> <span class='ocrx_word' id='word_1_817' title='bbox 826 5356 1024 5412; x_wconf 89' lang='lat' dir='ltr'><strong>Bened.</strong></span> 
     </span>
    </p>
   </div>
   <div class='ocr_carea' id='block_1_102' title="bbox 653 5424 1945 5569">
    <p class='ocr_par' dir='ltr' id='par_1_102' title="bbox 653 5424 1945 5569">
     <span class='ocr_line' id='line_1_104' title="bbox 653 5424 1945 5569; baseline -0.003 -87"><span class='ocrx_word' id='word_1_818' title='bbox 653 5429 727 5569; x_wconf 46' lang='grc' dir='ltr'><strong>ἓὸ)</strong></span> <span class='ocrx_word' id='word_1_819' title='bbox 761 5428 858 5482; x_wconf 90' lang='lat' dir='ltr'><strong>Ms.</strong></span> <span class='ocrx_word' id='word_1_820' title='bbox 891 5427 1044 5481; x_wconf 87' lang='lat' dir='ltr'><strong>Vien.</strong></span> <span class='ocrx_word' id='word_1_821' title='bbox 1077 5425 1239 5480; x_wconf 86' lang='lat' dir='ltr'><strong>addit.</strong></span> <span class='ocrx_word' id='word_1_822' title='bbox 1272 5433 1326 5479; x_wconf 91' lang='lat' dir='ltr'><strong>et</strong></span> <span class='ocrx_word' id='word_1_823' title='bbox 1358 5424 1606 5479; x_wconf 74' lang='lat' dir='ltr'><strong>leerasia</strong></span> <span class='ocrx_word' id='word_1_824' title='bbox 1633 5434 1945 5496; x_wconf 86' lang='lat' dir='ltr'><strong>peccatores.</strong></span> 
     </span>
     <span class='ocr_line' id='line_1_105' title="bbox 675 5494 1945 5569; baseline -0.003 -16"><span class='ocrx_word' id='word_1_825' title='bbox 675 5500 724 5569; x_wconf 78' lang='grc' dir='ltr'><strong>ε)</strong></span> <span class='ocrx_word' id='word_1_826' title='bbox 753 5499 849 5553; x_wconf 88' lang='lat' dir='ltr'><strong>Ms.</strong></span> <span class='ocrx_word' id='word_1_827' title='bbox 875 5497 1055 5564; x_wconf 81' lang='lat' dir='ltr'><strong>Vien.,</strong></span> <span class='ocrx_word' id='word_1_828' title='bbox 1077 5514 1176 5568; x_wconf 87' lang='lat' dir='ltr'><strong>qua</strong></span> <span class='ocrx_word' id='word_1_829' title='bbox 1197 5497 1464 5550; x_wconf 84' lang='lat' dir='ltr'><strong>manseris.</strong></span> <span class='ocrx_word' id='word_1_830' title='bbox 1492 5494 1740 5550; x_wconf 84' lang='lat' dir='ltr'><strong>Fortasse</strong></span> <span class='ocrx_word' id='word_1_831' title='bbox 1762 5497 1945 5550; x_wconf 84' lang='lat' dir='ltr'><strong>melius</strong></span> 
     </span>
    </p>
   </div>
   <div class='ocr_carea' id='block_1_103' title="bbox 675 5494 2151 5579">
    <p class='ocr_par' dir='ltr' id='par_1_103' title="bbox 675 5494 2151 5579">
     <span class='ocr_line' id='line_1_106' title="bbox 675 5494 2151 5579; baseline -0.001 -27"><span class='ocrx_word' id='word_1_832' title='bbox 675 5494 724 5569; x_wconf 77' lang='grc' dir='ltr'><strong>ε)</strong></span> <span class='ocrx_word' id='word_1_833' title='bbox 753 5499 849 5553; x_wconf 88' lang='lat' dir='ltr'><strong>Ms.</strong></span> <span class='ocrx_word' id='word_1_834' title='bbox 875 5497 1055 5579; x_wconf 73' lang='lat' dir='ltr'><strong>Vien.,</strong></span> <span class='ocrx_word' id='word_1_835' title='bbox 1077 5514 1176 5568; x_wconf 87' lang='lat' dir='ltr'><strong>qua</strong></span> <span class='ocrx_word' id='word_1_836' title='bbox 1197 5497 1464 5550; x_wconf 84' lang='lat' dir='ltr'><strong>manseris.</strong></span> <span class='ocrx_word' id='word_1_837' title='bbox 1492 5494 1740 5550; x_wconf 80' lang='lat' dir='ltr'><strong>Fortasse</strong></span> <span class='ocrx_word' id='word_1_838' title='bbox 1762 5497 1970 5561; x_wconf 88' lang='lat' dir='ltr'><strong>melius,</strong></span> <span class='ocrx_word' id='word_1_839' title='bbox 2000 5514 2151 5566; x_wconf 88' lang='lat' dir='ltr'><strong>quam</strong></span> 
     </span>
    </p>
   </div>
   <div class='ocr_carea' id='block_1_104' title="bbox 584 5585 978 5640">
    <p class='ocr_par' dir='ltr' id='par_1_104' title="bbox 584 5585 978 5640">
     <span class='ocr_line' id='line_1_107' title="bbox 584 5585 978 5640; baseline 0 -19"><span class='ocrx_word' id='word_1_840' title='bbox 584 5586 681 5640; x_wconf 85' lang='lat' dir='ltr'><strong>qua</strong></span> <span class='ocrx_word' id='word_1_841' title='bbox 698 5585 978 5640; x_wconf 60' lang='lat' dir='ltr'><strong>manseris.</strong></span> 
     </span>
    </p>
   </div>
   <div class='ocr_carea' id='block_1_105' title="bbox 649 5635 2148 5760">
    <p class='ocr_par' dir='ltr' id='par_1_105' title="bbox 649 5635 2148 5760">
     <span class='ocr_line' id='line_1_108' title="bbox 649 5635 2148 5760; baseline -0.002 -69"><span class='ocrx_word' id='word_1_842' title='bbox 649 5635 755 5760; x_wconf 54' lang='lat'><strong>(590</strong></span> <span class='ocrx_word' id='word_1_843' title='bbox 777 5640 941 5692; x_wconf 87' lang='lat' dir='ltr'><strong>Abest</strong></span> <span class='ocrx_word' id='word_1_844' title='bbox 980 5655 1008 5692; x_wconf 93' lang='lat' dir='ltr'><strong>a</strong></span> <span class='ocrx_word' id='word_1_845' title='bbox 1054 5654 1151 5691; x_wconf 85' lang='lat' dir='ltr'><strong>ms.</strong></span> <span class='ocrx_word' id='word_1_846' title='bbox 1201 5637 1344 5707; x_wconf 56' lang='lat' dir='ltr'><strong>Reg.</strong></span> <span class='ocrx_word' id='word_1_847' title='bbox 1382 5645 1436 5691; x_wconf 91' lang='lat' dir='ltr'><strong>et</strong></span> <span class='ocrx_word' id='word_1_848' title='bbox 1482 5636 1610 5710; x_wconf 85' lang='lat' dir='ltr'><strong>edit.</strong></span> <span class='ocrx_word' id='word_1_849' title='bbox 1638 5636 1778 5706; x_wconf 72' lang='lat' dir='ltr'><strong>{Bad.</strong></span> <span class='ocrx_word' id='word_1_850' title='bbox 1838 5643 1892 5689; x_wconf 88' lang='lat' dir='ltr'><strong>et</strong></span> <span class='ocrx_word' id='word_1_851' title='bbox 1939 5636 2148 5701; x_wconf 88' lang='lat' dir='ltr'><strong>Schot.,</strong></span> 
     </span>
    </p>
   </div>
   <div class='ocr_carea' id='block_1_106' title="bbox 585 5725 776 5762">
    <p class='ocr_par' dir='ltr' id='par_1_106' title="bbox 585 5725 776 5762">
     <span class='ocr_line' id='line_1_109' title="bbox 585 5725 776 5762; baseline -0.01 0"><span class='ocrx_word' id='word_1_852' title='bbox 585 5728 614 5762; x_wconf 83' lang='grc' dir='ltr'><em>α</em></span> <span class='ocrx_word' id='word_1_853' title='bbox 649 5725 776 5762; x_wconf 83' lang='grc' dir='ltr'><strong>υεο.</strong></span> 
     </span>
    </p>
   </div>
   <div class='ocr_carea' id='block_1_107' title="bbox 657 5775 2149 5859">
    <p class='ocr_par' dir='ltr' id='par_1_107' title="bbox 657 5775 2149 5859">
     <span class='ocr_line' id='line_1_110' title="bbox 657 5775 2149 5859; baseline -0.003 -28"><span class='ocrx_word' id='word_1_854' title='bbox 657 5778 725 5859; x_wconf 74' lang='grc' dir='ltr'><strong>(ε)</strong></span> <span class='ocrx_word' id='word_1_855' title='bbox 759 5777 1050 5859; x_wconf 60' lang='lat' dir='ltr'><strong>solgmone.</strong></span> <span class='ocrx_word' id='word_1_856' title='bbox 1094 5781 1171 5834; x_wconf 84' lang='lat' dir='ltr'><strong>Ita</strong></span> <span class='ocrx_word' id='word_1_857' title='bbox 1199 5796 1297 5859; x_wconf 50' lang='lat' dir='ltr'><strong>nis:</strong></span> <span class='ocrx_word' id='word_1_858' title='bbox 1337 5778 1465 5859; x_wconf 56' lang='lat' dir='ltr'><strong>Reg.</strong></span> <span class='ocrx_word' id='word_1_859' title='bbox 1507 5788 1563 5859; x_wconf 35' lang='lat' dir='ltr'><strong>et.</strong></span> <span class='ocrx_word' id='word_1_860' title='bbox 1585 5777 1712 5859; x_wconf 60' lang='lat' dir='ltr'><strong>edit:</strong></span> <span class='ocrx_word' id='word_1_861' title='bbox 1747 5775 1872 5859; x_wconf 68' lang='lat' dir='ltr'><strong>Bai].</strong></span> <span class='ocrx_word' id='word_1_862' title='bbox 1901 5815 1927 5857; x_wconf 35' lang='grc' dir='ltr'><strong>,α</strong></span> <span class='ocrx_word' id='word_1_863' title='bbox 1963 5775 2149 5859; x_wconf 34' lang='lat' dir='ltr'><strong>Grata,</strong></span> 
     </span>
    </p>
   </div>
   <div class='ocr_carea' id='block_1_108' title="bbox 585 5846 2151 5912">
    <p class='ocr_par' dir='ltr' id='par_1_108' title="bbox 585 5846 2151 5912">
     <span class='ocr_line' id='line_1_111' title="bbox 585 5846 2151 5912; baseline 0 -14"><span class='ocrx_word' id='word_1_864' title='bbox 585 5846 735 5903; x_wconf 84' lang='lat' dir='ltr'><strong>Crin.</strong></span> <span class='ocrx_word' id='word_1_865' title='bbox 779 5855 831 5901; x_wconf 87' lang='lat' dir='ltr'><strong>et</strong></span> <span class='ocrx_word' id='word_1_866' title='bbox 860 5846 1040 5902; x_wconf 88' lang='lat' dir='ltr'><strong>Schol.</strong></span> <span class='ocrx_word' id='word_1_867' title='bbox 1085 5863 1137 5902; x_wconf 84' lang='lat' dir='ltr'><strong>et</strong></span> <span class='ocrx_word' id='word_1_868' title='bbox 1179 5851 1320 5904; x_wconf 85' lang='lat' dir='ltr'><strong>alibi.</strong></span> <span class='ocrx_word' id='word_1_869' title='bbox 1372 5849 1460 5902; x_wconf 87' lang='lat' dir='ltr'><strong>Sic</strong></span> <span class='ocrx_word' id='word_1_870' title='bbox 1496 5851 1655 5902; x_wconf 83' lang='lat' dir='ltr'><strong>etiam</strong></span> <span class='ocrx_word' id='word_1_871' title='bbox 1700 5847 1889 5912; x_wconf 83' lang='lat' dir='ltr'><strong>legitur</strong></span> <span class='ocrx_word' id='word_1_872' title='bbox 1916 5847 1967 5900; x_wconf 91' lang='lat' dir='ltr'><strong>in</strong></span> <span class='ocrx_word' id='word_1_873' title='bbox 2003 5853 2151 5899; x_wconf 64' lang='lat' dir='ltr'><strong>textu</strong></span> 
     </span>
    </p>
   </div>
   <div class='ocr_carea' id='block_1_109' title="bbox 2262 5275 3855 5356">
    <p class='ocr_par' dir='ltr' id='par_1_109' title="bbox 2262 5275 3855 5356">
     <span class='ocr_line' id='line_1_112' title="bbox 2262 5275 3855 5356; baseline -0.008 -13"><span class='ocrx_word' id='word_1_874' title='bbox 2262 5286 2450 5342; x_wconf 60' lang='lat' dir='ltr'><strong>Graeco</strong></span> <span class='ocrx_word' id='word_1_875' title='bbox 2479 5287 2699 5356; x_wconf 55' lang='grc' dir='ltr'><strong>Σολομίαδν</strong></span> <span class='ocrx_word' id='word_1_876' title='bbox 2720 5321 2754 5356; x_wconf 87' lang='lat'><strong>,_</strong></span> <span class='ocrx_word' id='word_1_877' title='bbox 2782 5290 2838 5337; x_wconf 92' lang='lat' dir='ltr'><strong>et</strong></span> <span class='ocrx_word' id='word_1_878' title='bbox 2859 5281 3063 5356; x_wconf 71' lang='lat' dir='ltr'><strong>ubique</strong></span> <span class='ocrx_word' id='word_1_879' title='bbox 3102 5279 3410 5356; x_wconf 86' lang='lat' dir='ltr'><strong>ita_locutus</strong></span> <span class='ocrx_word' id='word_1_880' title='bbox 3437 5275 3855 5356; x_wconf 49' lang='lat' dir='ltr'><strong>estugaulinns;</strong></span> 
     </span>
    </p>
   </div>
   <div class='ocr_carea' id='block_1_110' title="bbox 2261 5345 3858 5418">
    <p class='ocr_par' dir='ltr' id='par_1_110' title="bbox 2261 5345 3858 5418">
     <span class='ocr_line' id='line_1_113' title="bbox 2261 5345 3858 5418; baseline -0.008 -6"><span class='ocrx_word' id='word_1_881' title='bbox 2261 5357 2506 5412; x_wconf 90' lang='lat' dir='ltr'><strong>similiter</strong></span> <span class='ocrx_word' id='word_1_882' title='bbox 2533 5345 2939 5410; x_wconf 72' lang='lat' dir='ltr'><strong>et&#39;Prudentius</strong></span> <span class='ocrx_word' id='word_1_883' title='bbox 2960 5345 3323 5418; x_wconf 81' lang='lat' dir='ltr'><strong>Hamartigen.</strong></span> <span class='ocrx_word' id='word_1_884' title='bbox 3349 5363 3490 5403; x_wconf 88' lang='lat' dir='ltr'><strong>vers.</strong></span> <span class='ocrx_word' id='word_1_885' title='bbox 3514 5345 3699 5418; x_wconf 74' lang='lat' dir='ltr'><strong>576_et</strong></span> <span class='ocrx_word' id='word_1_886' title='bbox 3723 5345 3858 5418; x_wconf 66' lang='lat'><strong>579,</strong></span> 
     </span>
    </p>
   </div>
   <div class='ocr_carea' id='block_1_111' title="bbox 2265 5416 3855 5497">
    <p class='ocr_par' dir='ltr' id='par_1_111' title="bbox 2265 5416 3855 5497">
     <span class='ocr_line' id='line_1_114' title="bbox 2265 5416 3855 5497; baseline -0.004 -18"><span class='ocrx_word' id='word_1_887' title='bbox 2265 5424 2646 5497; x_wconf 76' lang='lat' dir='ltr'><strong>Psychomach.</strong></span> <span class='ocrx_word' id='word_1_888' title='bbox 2687 5437 2828 5497; x_wconf 79' lang='lat' dir='ltr'><strong>vers.</strong></span> <span class='ocrx_word' id='word_1_889' title='bbox 2878 5420 3019 5497; x_wconf 90' lang='lat'><strong>809_,</strong></span> <span class='ocrx_word' id='word_1_890' title='bbox 3067 5421 3120 5475; x_wconf 87' lang='lat' dir='ltr'><strong>in</strong></span> <span class='ocrx_word' id='word_1_891' title='bbox 3163 5416 3462 5497; x_wconf 71' lang='lat' dir='ltr'><strong>Diptycho,</strong></span> <span class='ocrx_word' id='word_1_892' title='bbox 3506 5434 3560 5472; x_wconf 94' lang='lat' dir='ltr'><strong>n.</strong></span> <span class='ocrx_word' id='word_1_893' title='bbox 3610 5416 3647 5470; x_wconf 79' lang='grc'>2</span> <span class='ocrx_word' id='word_1_894' title='bbox 3679 5426 3732 5497; x_wconf 87' lang='lat' dir='ltr'><strong>e_t</strong></span> <span class='ocrx_word' id='word_1_895' title='bbox 3758 5416 3855 5497; x_wconf 69' lang='grc'><strong>«16.</strong></span> 
     </span>
    </p>
   </div>
   <div class='ocr_carea' id='block_1_112' title="bbox 2260 5489 3859 5564">
    <p class='ocr_par' dir='ltr' id='par_1_112' title="bbox 2260 5489 3859 5564">
     <span class='ocr_line' id='line_1_115' title="bbox 2260 5489 3859 5564; baseline -0.003 -15"><span class='ocrx_word' id='word_1_896' title='bbox 2260 5489 2551 5564; x_wconf 75' lang='lat' dir='ltr'><strong>Gregorius</strong></span> <span class='ocrx_word' id='word_1_897' title='bbox 2581 5493 2944 5564; x_wconf 65' lang='lat' dir='ltr'><strong>Nazianzenus</strong></span> <span class='ocrx_word' id='word_1_898' title='bbox 2977 5493 3028 5545; x_wconf 92' lang='lat' dir='ltr'><strong>in</strong></span> <span class='ocrx_word' id='word_1_899' title='bbox 3056 5489 3386 5564; x_wconf 77' lang='lat' dir='ltr'><strong>carminibus</strong></span> <span class='ocrx_word' id='word_1_900' title='bbox 3415 5503 3523 5542; x_wconf 90' lang='lat' dir='ltr'><strong>non</strong></span> <span class='ocrx_word' id='word_1_901' title='bbox 3552 5489 3752 5553; x_wconf 89' lang='lat' dir='ltr'><strong>semel,</strong></span> <span class='ocrx_word' id='word_1_902' title='bbox 3795 5495 3859 5545; x_wconf 84' lang='lat' dir='ltr'><strong>et</strong></span> 
     </span>
    </p>
   </div>
   <div class='ocr_carea' id='block_1_113' title="bbox 2263 5560 3430 5634">
    <p class='ocr_par' dir='ltr' id='par_1_113' title="bbox 2263 5560 3430 5634">
     <span class='ocr_line' id='line_1_116' title="bbox 2263 5560 3430 5634; baseline -0.006 -16"><span class='ocrx_word' id='word_1_903' title='bbox 2263 5560 2557 5634; x_wconf 76' lang='lat' dir='ltr'><strong>Drepanius</strong></span> <span class='ocrx_word' id='word_1_904' title='bbox 2572 5563 2772 5634; x_wconf 60' lang='lat' dir='ltr'><strong>Florus</strong></span> <span class='ocrx_word' id='word_1_905' title='bbox 2804 5561 3073 5634; x_wconf 9' lang='lat' dir='ltr'><strong>carm.rad</strong></span> <span class='ocrx_word' id='word_1_906' title='bbox 3103 5560 3430 5634; x_wconf 70' lang='lat' dir='ltr'><strong>Moduinum.</strong></span> 
     </span>
    </p>
   </div>
   <div class='ocr_carea' id='block_1_114' title="bbox 2333 5629 3851 5706">
    <p class='ocr_par' dir='ltr' id='par_1_114' title="bbox 2333 5629 3851 5706">
     <span class='ocr_line' id='line_1_117' title="bbox 2333 5629 3851 5706; baseline -0.002 -18"><span class='ocrx_word' id='word_1_907' title='bbox 2333 5629 2408 5706; x_wconf 63' lang='grc' dir='ltr'><strong>(Γ)</strong></span> <span class='ocrx_word' id='word_1_908' title='bbox 2443 5635 2537 5688; x_wconf 86' lang='lat' dir='ltr'><strong>Ms.</strong></span> <span class='ocrx_word' id='word_1_909' title='bbox 2571 5633 2729 5706; x_wconf 65' lang='lat' dir='ltr'><strong>Reg,</strong></span> <span class='ocrx_word' id='word_1_910' title='bbox 2756 5649 2868 5706; x_wconf 82' lang='lat' dir='ltr'><strong>cum</strong></span> <span class='ocrx_word' id='word_1_911' title='bbox 2889 5633 3082 5702; x_wconf 72' lang='lat' dir='ltr'><strong>potita:</strong></span> <span class='ocrx_word' id='word_1_912' title='bbox 3106 5629 3246 5684; x_wconf 84' lang='lat' dir='ltr'><strong>Edit.</strong></span> <span class='ocrx_word' id='word_1_913' title='bbox 3281 5630 3466 5684; x_wconf 81' lang='lat' dir='ltr'><strong>Schol.</strong></span> <span class='ocrx_word' id='word_1_914' title='bbox 3501 5629 3554 5685; x_wconf 87' lang='lat' dir='ltr'><strong>in</strong></span> <span class='ocrx_word' id='word_1_915' title='bbox 3581 5631 3851 5702; x_wconf 83' lang='lat' dir='ltr'><strong>margine,</strong></span> 
     </span>
    </p>
   </div>
   <div class='ocr_carea' id='block_1_115' title="bbox 2263 5703 3007 5772">
    <p class='ocr_par' dir='ltr' id='par_1_115' title="bbox 2263 5703 3007 5772">
     <span class='ocr_line' id='line_1_118' title="bbox 2263 5703 3007 5772; baseline -0.005 -15"><span class='ocrx_word' id='word_1_916' title='bbox 2263 5703 2376 5759; x_wconf 76' lang='lat' dir='ltr'><strong>rum</strong></span> <span class='ocrx_word' id='word_1_917' title='bbox 2393 5703 2564 5772; x_wconf 18' lang='lat' dir='ltr'><strong>’potita</strong></span> <span class='ocrx_word' id='word_1_918' title='bbox 2590 5713 2667 5757; x_wconf 85' lang='lat' dir='ltr'><strong>est</strong></span> <span class='ocrx_word' id='word_1_919' title='bbox 2696 5703 3007 5756; x_wconf 84' lang='lat' dir='ltr'><strong>desiderare.</strong></span> 
     </span>
    </p>
   </div>
   <div class='ocr_carea' id='block_1_116' title="bbox 2337 5771 3359 5847">
    <p class='ocr_par' dir='ltr' id='par_1_116' title="bbox 2337 5771 3359 5847">
     <span class='ocr_line' id='line_1_119' title="bbox 2337 5771 3359 5847; baseline -0.007 -17"><span class='ocrx_word' id='word_1_920' title='bbox 2337 5779 2409 5847; x_wconf 81' lang='lat' dir='ltr'><strong>(g)</strong></span> <span class='ocrx_word' id='word_1_921' title='bbox 2439 5775 2513 5829; x_wconf 87' lang='lat' dir='ltr'><strong>Ita</strong></span> <span class='ocrx_word' id='word_1_922' title='bbox 2545 5792 2642 5828; x_wconf 86' lang='lat' dir='ltr'><strong>ms.</strong></span> <span class='ocrx_word' id='word_1_923' title='bbox 2684 5774 2829 5829; x_wconf 80' lang='lat' dir='ltr'><strong>Vien.</strong></span> <span class='ocrx_word' id='word_1_924' title='bbox 2864 5773 3001 5830; x_wconf 79' lang='lat' dir='ltr'><strong>Ante</strong></span> <span class='ocrx_word' id='word_1_925' title='bbox 3030 5779 3165 5836; x_wconf 88' lang='lat' dir='ltr'><strong>erat,</strong></span> <span class='ocrx_word' id='word_1_926' title='bbox 3199 5771 3359 5842; x_wconf 73' lang='lat' dir='ltr'><strong>inopi.</strong></span> 
     </span>
    </p>
   </div>
  </div>
