4056 6358
237 385 352 451 169

1649 372 1971 430 εῐιιςτοιΑ
2006 372 2070 433 ν.

3365 359 3491 431 ιτο-

235 500 367 571 gelii
393 510 453 567 ι,
485 497 795 564 caritatem,
820 497 902 552 vel
930 497 982 552 in
1011 504 1111 550 tua:
1138 493 1576 565 peregrinationis
1605 502 1806 557 cogna-
1838 496 1881 552 Α
1912 488 2221 542 facultatum
2269 501 2378 543 non
2407 487 2649 557 egentior
2669 527 2684 553 ,
2740 494 2794 542 et
2832 487 2883 541 in
2910 485 3026 556 ipso
3060 485 3234 542 adhuc
3286 483 3473 543 mundi

238 599 322 657 tu,
353 588 437 643 vel
465 589 517 642 in
549 587 831 641 vexatione
860 594 1072 641 tuorum
1092 598 1309 639 causam
1338 582 1589 637 habuisti.
1626 579 1808 663 Beatus

235 694 294 733 es
314 717 330 742 ,
382 675 519 747 quod
546 692 649 729 non
669 674 827 729 habeo
859 674 993 728 unde
1023 673 1300 728 retribuam
1321 671 1411 725 tibi
1432 687 1451 725 :
1505 668 1810 724 retribuetur

236 773 411 818 autem
435 763 524 817 tibi
553 765 607 816 in
631 765 999 817 resurrectione
1013 763 1270 834 justorum
1289 762 1317 801 δ
1348 760 1415 815 ab
1438 775 1523 823 eo,
1555 758 1644 829 qui
1673 768 1728 813 et
1757 759 1807 812 in

235 853 474 909 minimis
512 852 623 907 suis
669 868 728 907 se
756 850 899 920 diligi
929 857 1157 905 testatur
1195 858 1249 904 et
1275 848 1442 919 recipi
1473 859 1518 901 ι’.
1579 844 1728 901 Unde
1754 855 1811 921 et

236 945 369 1001 illud
396 946 471 1000 ait
498 949 622 1017 (pro
647 944 885 1014 quolibet
914 943 1145 999 nominis
1172 943 1254 998 sui
1283 942 1368 997 vel
1398 938 1533 996 falso
1562 949 1656 994 aut
1684 940 1804 992 inu-

236 1037 322 1091 tili
354 1052 515 1092 servo
538 1076 554 1104 ,
600 1035 778 1091 verbis
814 1035 925 1089 suis
961 1034 1258 1089 debitorem
1295 1048 1354 1087 se
1392 1030 1610 1100 faciens)
1641 1046 1653 1083 :
1711 1026 1812 1093 Qui

234 1128 424 1199 recipit
442 1128 743 1199 prophetam
765 1129 818 1180 in
847 1127 1049 1180 nomine
1075 1125 1357 1195 prophetat,
1389 1122 1666 1178 mercedem
1691 1137 1813 1189 pro-

234 1218 404 1289 pheta
422 1217 657 1288 accipiet.
712 1217 835 1271 Mihi
877 1217 1080 1271 scilicet
1123 1231 1229 1270 non
1272 1215 1554 1270 decessura
1598 1214 1667 1268 ob
1710 1215 1813 1267 hoc

234 1309 450 1365 sarcina
487 1324 639 1375 mea,
707 1308 830 1363 licet
874 1323 905 1362 a
944 1306 1092 1377 justo
1121 1307 1382 1362 honorem
1403 1304 1532 1375 justi
1561 1314 1813 1375 peccator

233 1399 538 1468 accipiam:
595 1399 689 1453 tibi
743 1414 873 1453 vero
925 1398 1000 1469 (α)
1051 1398 1103 1451 in
1152 1396 1636 1451 remunerationem
1684 1394 1811 1448 boni

234 1497 461 1559 accepto
500 1488 713 1560 ferenda
761 1489 872 1559 ipsa
911 1487 1178 1559 opinionis
1226 1494 1329 1541 tua:
1371 1485 1618 1555 justitia;
1685 1485 1811 1553 quia

232 1589 424 1636 sancto
452 1595 652 1646 errore,
684 1579 779 1634 sed
810 1595 935 1634 vero
964 1579 1176 1649 pietatis
1204 1577 1395 1632 affectu
1418 1614 1434 1641 ,
1483 1576 1680 1631 bonum
1708 1574 1815 1629 Do-

234 1671 443 1727 minum
481 1670 826 1727 houoraveris
850 1676 903 1724 et
931 1670 982 1723 iu
1004 1668 1146 1722 malo
1175 1682 1350 1722 servo.
1768 1738 1779 1749 .

306 1761 362 1815 ι.
405 1760 543 1828 Quid
571 1761 730 1829 igitur
761 1760 940 1814 miseri
965 1758 1218 1813 faciemus
1242 1798 1257 1825 ,
1306 1756 1431 1812 hinc
1456 1755 1617 1812 etiam
1646 1754 1813 1809 ratio—

1913 576 2142 640 theatro,
2170 576 2221 630 id
2242 585 2343 642 est,
2371 576 2471 631 fori
2502 576 2813 631 celebritate
2838 577 3143 641 diversans,
3174 585 3230 631 et
3255 575 3470 633 facundi

1909 668 2138 722 nominis
2156 669 2389 739 palmam
2413 677 2601 725 tenens
2621 684 2637 735 ;
2660 671 2939 741 repentino
2960 671 3159 739 impetu
3178 670 3473 726 discussisti

1907 760 2100 815 servile
2129 758 2333 829 peccati
2356 759 2543 829 jugum
2562 800 2578 826 ,
2632 771 2687 815 et
2715 761 2893 816 letalia
2916 761 3092 816 carnis
3117 769 3175 816 ct
3199 760 3474 831 sanguinis

1910 850 1976 920 (n
2008 850 2178 905 vincla
2205 850 2393 920 rupisti
2420 850 2462 903 τ.
2520 851 2703 921 Neque
2736 859 2790 907 te
2807 851 3006 907 divitiae
3033 851 3105 907 de
3130 852 3473 907 matrimonio

1909 937 2118 993 familiae
2142 939 2437 995 consularis
2473 948 2701 1009 aggesta:
2723 978 2738 1003 ,
2797 955 2975 1010 neque
3000 948 3124 1011 post
3168 941 3474 1010 conjugium

1911 1029 2165 1098 peccandi
2194 1029 2436 1098 licentia,
2474 1041 2531 1086 et
2555 1031 2749 1086 caelebs
2768 1020 2857 1101 ¹(9)
2883 1030 3133 1101 juventas
3160 1032 3229 1087 ab
3250 1040 3475 1101 angusto

1909 1118 2096 1173 salutis
2124 1119 2343 1174 introitu
2364 1160 2378 1185 ,
2428 1128 2484 1175 et
2510 1120 2678 1175 arduo
2708 1121 2900 1175 itinere
2924 1121 3140 1176 virtutis
3168 1121 3222 1176 in
3258 1120 3475 1176 mollem

1913 1209 2055 1262 illam
2084 1217 2138 1263 et
2164 1211 2455 1279 spatiosam
2495 1211 2782 1266 multorum
2810 1212 2951 1265 viam
2992 1224 3255 1267 revocare
3280 1218 3475 1281 potue—

1911 1305 2037 1351 runt
2066 1307 2111 1350 ε.
2144 1296 2354 1366 Beatus,
2375 1300 2461 1369 qui
2480 1300 2713 1370 refugisti
2739 1300 2805 1354 de
2822 1301 3035 1355 consilio
3065 1300 3086 1332 ³
3114 1301 3404 1370 impiorum,
3427 1308 3476 1355 et

1912 1388 1967 1441 in
1997 1389 2077 1441 ria
2110 1398 2432 1459 peccatorum
2461 1392 2730 1460 persistere
2756 1391 2966 1446 noluisti
2982 1433 2997 1459 ,
3049 1401 3101 1446 et
3120 1393 3295 1446 sedere
3315 1394 3368 1445 in
3397 1407 3479 1445 ca-

1914 1477 2095 1531 thedra
2118 1478 2421 1548 pestilentia:
2447 1480 2761 1548 dedignatus
2788 1496 2848 1536 es
2870 1522 2888 1547 ,
2926 1488 2986 1535 ut
3013 1480 3314 1537 humilitate
3339 1492 3501 1551 praet

1912 1566 2052 1621 celsa
2078 1567 2301 1635 pedibus
2320 1566 2569 1622 Crucifixi
2598 1569 2903 1624 accubares.

1983 1654 2035 1709 6.
2068 1655 2146 1709 'l‘u
2177 1657 2254 1726 (It)
2282 1670 2410 1725 ergo
2437 1672 2595 1711 verus
2617 1656 2788 1713 factor
2812 1659 2961 1725 legis,
2993 1668 3048 1715 et
3076 1658 3345 1730 Evangelii
3373 1676 3481 1717 non

1913 1746 2105 1801 surdus
2132 1747 2343 1802 auditor
2370 1745 2418 1812 δ,
2469 1748 2561 1817 qui
2602 1763 2797 1817 corpus
2835 1755 2890 1802 et
2927 1749 3181 1804 mundum
3211 1750 3483 1818 conligatis

234 1870 365 1911 nem
403 1862 461 1909 et
486 1868 699 1924 poenam
736 1851 965 1907 debituri
990 1892 1006 1917 ,
1056 1849 1200 1919 quod
1227 1850 1462 1903 honores
1487 1847 1808 1917 accipiamus
1842 1843 1886 1903 Β
1909 1838 2086 1901 cruel.
2134 1837 2355 1892 deliCias
2376 1836 2673 1907 iuventutis
2695 1879 2709 1903 .
2765 1844 2821 1892 et
2866 1838 2988 1892 vita!
3029 1840 3309 1908 praesentis
3342 1839 3480 1894 mala

233 1944 575 2001 immeritos:
626 1950 681 1998 et
705 1942 795 2012 qui
824 1941 1101 1996 auditores
1127 1948 1337 1993 tantum
1360 1938 1492 2023 legis
1511 1936 1699 1991 sumus
1724 1980 1737 2004 ,
1781 1952 1811 1990 a

231 2036 530 2093 factoribus
556 2034 913 2106 przedicemur
940 2030 965 2070 δ
990 2034 1014 2086 ?
1042 2032 1160 2098 Quo
1186 2031 1358 2100 magis
1383 2030 1586 2085 scilicet
1614 2043 1813 2099 expro-

137 2162 141 2166 ›
231 2127 423 2181 bretur
450 2126 605 2180 nobis
650 2121 1070 2180 condemnanda:
1116 2130 1299 2191 torpor
1338 2121 1561 2190 ignavia:
1584 2162 1599 2187 ,
1653 2121 1812 2175 steri-

232 2218 368 2272 lium
387 2215 642 2286 jejunitas
673 2216 989 2280 animarum,
1025 2221 1081 2268 et
1111 2212 1163 2267 in
1187 2212 1439 2283 operibus
1466 2211 1623 2267 bonis
1651 2210 1812 2266 arida:

233 2319 432 2363 manus
462 2317 485 2345 ο
511 2324 528 2372 ς
586 2323 708 2363 cum
745 2304 1011 2361 audiendo
1051 2319 1150 2375 per
1177 2317 1479 2359 sermonem
1509 2310 1654 2357 tuum
1684 2317 1809 2358 vera

231 2398 432 2467 dignis,
466 2405 527 2453 ut
552 2406 612 2452 tu
641 2412 717 2463 es,
750 2396 946 2451 Christi
966 2395 1153 2461 servis,
1185 2402 1344 2463 atque
1364 2393 1485 2449 ideo
1507 2393 1659 2448 nobis
1681 2392 1809 2448 falsa

234 2487 539 2558 praeconia,
594 2491 699 2558 22
725 2494 926 2554 quanto
948 2485 1129 2541 debito
1156 2484 1586 2553 constringamur
1639 2498 1807 2552 agno-

232 2579 475 2633 scimus:
507 2576 724 2647 quando
744 2575 1001 2645 judicium
1031 2583 1178 2629 tuum
1216 2574 1413 2629 nostris
1452 2573 1659 2628 actibus
1687 2589 1812 2628 con-

233 2665 498 2730 ferentes,
529 2680 649 2735 qute
677 2665 745 2721 de
773 2664 927 2720 nobis
955 2664 1228 2729 audimus,
1260 2679 1367 2718 non
1397 2664 1727 2717 inveniamus
1757 2665 1811 2719 in

230 2757 414 2812 nobis.
465 2756 600 2823 Quid
631 2756 771 2811 enim
809 2756 983 2811 simile
1009 2755 1228 2823 gloriari
1255 2770 1538 2824 possumus
1556 2756 1581 2808 ’ἒ
1627 2756 1728 2809 etsi
1757 2756 1810 2810 in

229 2844 468 2902 Domino
489 2844 822 2913 gloriandum
851 2844 959 2910 sit,
1010 2844 1133 2911 quia
1167 2843 1296 2896 nihil
1321 2844 1421 2897 nisi
1447 2843 1563 2911 ejus
1592 2859 1696 2897 llllll
1720 2859 1811 2899 ere

228 2943 522 3004 acceptum
545 2935 801 2988 habemus
826 2952 839 2986 :
896 2941 1134 2987 attamen
1161 2931 1293 2986 mihi
1323 2940 1453 2987 artas
1481 2933 1806 3002 provectior,

229 3033 294 3076 et
322 3037 353 3074 a
384 3022 570 3091 primis
586 3021 695 3089 jam
725 3022 878 3075 annis
905 3021 1164 3075 honorata
1190 3036 1416 3092 persona
1442 3023 1617 3093 potuit
1643 3033 1810 3079 matu-

226 3128 360 3166 rare
398 3113 741 3181 gravitatem,
789 3121 1047 3182 praeterea
1083 3128 1279 3182 corpus
1310 3113 1384 3183 (ὁ)
1417 3112 1705 3176 infirmius,
1751 3124 1805 3171 et

1914 1926 2105 1995 gaudia
2131 1942 2230 1996 pro
2251 1928 2469 1982 venenis
2494 1937 2548 1982 et
2575 1926 2805 1982 luctibus
2826 1934 3099 1981 aversatus
3118 1942 3197 1995 es,
3225 1942 3481 1996 respuens

1913 2019 2352 2089 patrimoniorum
2402 2034 2565 2074 onera
2612 2034 2710 2075 ceu
2756 2027 3095 2075 stercorum:
3154 2022 3348 2076 merito
3376 2023 3483 2093 33

1912 2122 2130 2162 socrum
2184 2106 2278 2177 (V.
2329 2115 2443 2162 not.
2493 2106 2544 2160 9.
2597 2107 2846 2176 lutelligit
2890 2107 3193 2179 Bassulam)
3241 2118 3480 2165 sanctam

1912 2198 2058 2253 omni
2099 2198 2455 2253 liberaliorem
2482 2206 2705 2268 parente
2738 2199 2789 2252 in
2818 2207 3047 2254 matrem
3085 2199 3306 2254 sortitus
3333 2207 3480 2254 teter-

1913 2306 2035 2346 nam
2059 2334 2074 2357 ,
2122 2292 2245 2361 quia
2291 2291 2563 2347 cmlestem
2613 2291 2824 2346 Patrem
2865 2298 3234 2346 antevertens
3270 2299 3482 2346 terreno

1910 2381 2160 2452 parenti;
2204 2382 2452 2452 exemplo
2480 2382 2874 2452 apostolorum,
2919 2380 2982 2452 (ὅ)
3022 2381 3214 2436 relicto
3252 2390 3406 2451 patre
3428 2382 3483 2436 in

1910 2472 2154 2527 navicula
2182 2472 2489 2538 fluctuante,
2519 2472 2722 2527 scilicet
2743 2473 2795 2525 in
2816 2470 2973 2540 hujus
2991 2471 3113 2526 vita:
3134 2473 3338 2527 incerto
3359 2487 3482 2526 cum

1911 2563 2114 2617 retibus
2152 2578 2330 2617 rerum
2377 2578 2631 2626 suarum,
2688 2571 2745 2616 et
2788 2562 3150 2631 implicatione
3178 2562 3482 2631 patrimonii

1911 2652 2168 2707 derelicto
2196 2695 2211 2714 ,
2256 2651 2527 2706 Christum
2555 2660 2770 2707 secutus
2807 2653 2847 2704 ⁵.
2895 2651 3005 2706 Nec
3042 2652 3265 2706 minoris
3301 2651 3501 2706 dome-.

1914 2740 2065 2796 sticis
2088 2742 2280 2809 opibus
2309 2742 2506 2808 ingenii
2537 2740 2803 2795 facultatis
2832 2740 3042 2795 laudem
3085 2740 3503 2798 ab‘hominibua.

1912 2847 2020 2887 non
2049 2832 2346 2901 accipiens,
2370 2838 2425 2887 et
2450 2832 2621 2886 inanis
2656 2832 2839 2900 glorise
2868 2832 2936 2901 (j)
2976 2831 3277 2887 sublimiter
3312 2831 3483 2900 negli-

1911 2934 2062 2990 gens,
2093 2922 2420 2991 piscatorum
2442 2921 2855 2991 prardieationes
2885 2921 3142 2977 Tullianis
3162 2921 3418 2979 omnibus
3439 2934 3473 2975 ο

1912 3011 2015 3066 tuis
2035 3011 2226 3067 litteris
2245 3012 2539 3081 przetulisti.
2560 3010 2854 3079 Confugisti
2871 3012 2935 3066 ad
2950 3010 3164 3081 pietatis
3183 3011 3475 3077 silentium,

1911 3109 1970 3156 ut
1995 3101 2246 3157 evaderes
2272 3102 2565 3171 iniquitatis
2593 3101 2895 3156 tumultum.
2932 3100 3233 3156 Mutescere
3262 3101 3477 3156 voluisti

224 3201 512 3256 decoctior
524 3218 651 3257 caro
674 3203 920 3257 obterere
944 3201 1115 3257 studia
1142 3201 1494 3272 voluptatum,
1520 3204 1590 3275 (c)
1615 3206 1678 3260 ad
1699 3207 1804 3263 hoc

1906 3194 2240 3261 mortalibus,
2265 3203 2321 3248 ut
2342 3210 2436 3250 ore
2465 3210 2600 3265 puro
2628 3194 2807 3249 divina
2838 3195 3136 3263 loquereris
3161 3212 3174 3260 ;
3205 3204 3260 3250 et
3287 3195 3466 3265 pollu—

226 3293 338 3346 vita
371 3293 485 3361 ipsa
516 3293 755 3347 mortalis
778 3293 831 3346 in
854 3291 1125 3347 laboribus
1154 3299 1207 3346 et
1225 3295 1475 3349 terumnis
1498 3294 1802 3366 frequenter

227 3383 464 3438 exemita
489 3422 504 3448 ,
535 3382 718 3448 odium
743 3397 919 3437 rerum
949 3382 1354 3452 inquietantium
1384 3400 1573 3455 parere
1595 3428 1611 3453 ,
1651 3397 1705 3442 et
1733 3389 1800 3445 de

226 3472 339 3541 spei
360 3472 680 3527 necessitate
707 3487 771 3527 ac
797 3472 1079 3525 dubiorum
1107 3480 1273 3537 metu,
1305 3474 1505 3531 cultum
1528 3476 1799 3545 religionis

228 3576 446 3630 augere.
481 3562 558 3631 (ιι)
606 3561 797 3615 Postea
822 3559 1052 3631 denique
1081 3569 1139 3615 ut
1178 3576 1209 3616 a
1237 3562 1515 3619 calumniis
1557 3574 1613 3620 et
1637 3583 1796 3638 pere-

228 3650 617 3718 grinationibus
644 3650 884 3718 requiem
911 3665 1103 3720 capere
1129 3653 1271 3709 visus
1296 3670 1413 3708 sum
1436 3695 1451 3720 ,
1510 3671 1610 3710 nec
1638 3657 1798 3713 rebus

229 3740 454 3808 publicis
480 3747 772 3810 occupatus
794 3781 809 3806 ,
843 3744 898 3795 et
925 3755 956 3793 a
984 3739 1085 3795 fori
1114 3743 1342 3813 strepitu
1366 3752 1631 3811 remotus,
1657 3747 1797 3801 ruris

230 3830 413 3895 otium,
446 3838 502 3885 et
522 3829 771 3885 Ecclesiae
791 3830 990 3886 cultum
1013 3831 1208 3901 placita
1229 3835 1283 3889 in
1302 3838 1522 3892 secretis
1542 3837 1799 3894 domesti-

234 3919 310 3973 cis
350 3921 730 3991 tranquillitatc
771 3920 1077 3976 celebravi:
1135 3931 1197 3978 ut
1235 3926 1489 3994 paulatim
1532 3929 1797 3983 subducto

236 4025 266 4064 a
293 4013 611 4069 secularibus
639 4014 811 4069 turbis
840 4014 1049 4078 animo,
1080 4018 1465 4086 praeceptisque
1491 4019 1798 4074 coelestibus

233 4103 648 4168 accommodato,
672 4102 961 4173 proclivius
983 4103 1050 4157 ad
1062 4113 1392 4173 contemtum
1414 4107 1617 4173 mundi,
1640 4109 1801 4161 comi-

232 4200 503 4262 tatumque
529 4191 724 4248 Christi
742 4236 759 4260 ,
777 4193 887 4262 jam
915 4194 1068 4264 quasi
1098 4194 1165 4249 de
1194 4194 1416 4249 finitima
1445 4196 1569 4249 huic
1593 4210 1797 4265 propo-

229 4282 331 4336 sito
359 4284 442 4336 via
476 4282 548 4355 (e)
580 4282 1012 4354 demigraverim.

299 4370 349 4425 5.
382 4373 465 4426 Tu
493 4371 660 4427 frater
682 4373 1027 4428 dilectissime
1051 4415 1066 4440 ,
1122 4373 1189 4428 ad
1218 4372 1500 4427 Dominum
1544 4373 1800 4429 miraculo

228 4465 426 4535 majore
452 4483 745 4523 conversus
772 4483 862 4532 es,
886 4468 1011 4537 quia
1040 4452 1197 4522 rotate
1224 4466 1526 4533 florentior,
1555 4466 1798 4521 laudibus

1901 3293 2007 3339 tam
2036 3287 2224 3341 canina
2252 3287 2492 3341 facundia
2525 3287 2757 3353 linguam
2783 3327 2798 3352 ,
2844 3285 3042 3341 Christi
3083 3286 3328 3341 laudibus
3349 3325 3364 3350 ,
3415 3295 3474 3342 et

1897 3379 2409 3432 commemoratione
2436 3378 2548 3447 ipsa
2580 3378 2650 3447 pii
2682 3378 2913 3432 nominis
2940 3378 3216 3447 expiares:

1967 3468 2019 3521 7.
2050 3465 2096 3521 0
2123 3462 2249 3523 vere
2278 3467 2373 3536 (γ.
2401 3475 2513 3522 not.
2570 3467 2660 3534 10)
2684 3466 2950 3531 Israelita,
2981 3469 3073 3536 qui
3102 3467 3267 3521 Deum
3296 3466 3466 3522 Jacob

1898 3568 2006 3613 tam
2034 3559 2131 3612 lida
2162 3567 2342 3612 mente
2370 3558 2547 3613 vidisti
2576 3562 2590 3609 t
2626 3575 2639 3610 :
2679 3567 2735 3613 et
2763 3568 3030 3627 tamquam
3062 3558 3136 3628 (Ii)
3169 3559 3330 3628 ipsius
3360 3558 3465 3614 Do-

1898 3650 2026 3704 mini
2075 3650 2455 3705 colluctatione
2492 3647 2731 3704 flrmalus
2777 3648 2823 3712 ι,
2868 3649 3188 3719 prmvaluisti
3225 3648 3467 3705 adversus

1896 3745 2178 3814 principem
2208 3743 2359 3815 hujus
2389 3742 2567 3797 mundi
2591 3782 2606 3807 ,
2652 3750 2700 3796 et
2727 3743 2985 3813 spiritalia
3012 3744 3251 3813 nequitiae
3283 3745 3337 3797 in
3367 3759 3467 3797 ca-

1896 3834 2104 3888 lestibus
2142 3833 2154 3871 ι
2192 3834 2467 3889 debellain
2491 3841 2658 3903 scuto
2689 3831 2808 3888 fidei
2831 3874 2847 3897 ,
2903 3834 3172 3902 armisque
3202 3833 3461 3902 justitiat:

1896 3932 2197 3993 praeoptans
2217 3922 2431 3979 Christo
2458 3927 2687 3993 placere,
2715 3938 2874 3993 quam
2903 3925 3206 3978 hominibus
3234 3933 3271 3959 ω
3299 3942 3312 3975 :
3366 3924 3465 3978 ho-

1898 4017 2128 4080 minibus
2166 4015 2360 4069 stultus
2388 4029 2506 4068 esse
2531 4054 2546 4078 ,
2598 4028 2758 4081 quam
2803 4013 2949 4068 Deo:
3005 4013 3153 4067 omni
3182 4012 3461 4077 facundia,

1898 4106 2149 4172 omnique
2175 4104 2449 4172 sapientia:
2477 4101 2632 4168 hujus
2650 4100 2831 4155 mun‘di
2856 4100 3136 4169 praetulisti
3156 4100 3465 4155 scandalum

1899 4194 2109 4257 crucis;
2148 4200 2206 4244 ut
2232 4191 2373 4258 quod
2404 4189 2723 4259 pereuntibus
2752 4188 2971 4240 stultitia
2999 4194 3074 4238 est
3100 4195 3124 4221 ιι
3146 4228 3161 4252 ,
3202 4194 3262 4239 ιιι
3291 4186 3344 4239 in
3371 4201 3468 4255 pa-

1901 4294 2038 4339 trem
2065 4283 2251 4338 salutis
2289 4279 2521 4335 adscitus
2540 4322 2555 4346 ,
2600 4287 2657 4333 ut
2682 4278 2929 4332 omnibus
2962 4277 3117 4330 salvis
3148 4276 3339 4331 futuris
3367 4292 3463 4346 pa-

1901 4374 2057 4430 tescit
2078 4413 2094 4438 ,
2151 4374 2383 4426 uirtutem
2410 4379 2458 4423 et
2490 4370 2797 4440 sapientiam
2827 4366 2925 4422 Dei
2957 4383 3067 4422 esse
3089 4380 3465 4436 cognosceres.

1900 4465 2089 4520 Beatus
2116 4480 2188 4527 es,
2223 4460 2419 4526 frater,
2466 4460 2584 4529 quia
2622 4475 2724 4514 non
2753 4473 2873 4513 caro
2903 4465 2951 4511 et
2989 4459 3198 4529 sanguis
3229 4459 3472 4513 reuelauit

228 4557 610 4625 abundantior,
653 4558 905 4612 oneribus
933 4558 1238 4628 patrimonii
1267 4558 1435 4613 levior
1452 4600 1467 4625 ,
1495 4557 1789 4614 substantia
1819 4551 1869 4613 Ι)
1895 4556 1986 4611 tibi
2005 4555 2113 4609 haec
2136 4593 2151 4617 ,
2190 4552 2279 4606 sed
2312 4551 2470 4605 Pater
2496 4551 2579 4622 qui
2607 4550 2659 4604 in
2684 4550 2822 4604 oculis
2843 4558 2917 4603 est
2947 4558 2973 4586 ο
2998 4592 3014 4617 ,
3061 4564 3161 4620 per
3184 4550 3473 4606 Dominum

298 4721 319 4747 ⁸
353 4712 511 4767 Rom.
542 4728 656 4776 xm,
691 4710 777 4765 10.
850 4708 878 4748 δ
901 4708 1026 4765 Luc.
1059 4728 1164 4773 xiv,
1200 4710 1283 4771 M,
1363 4722 1382 4750 ε
1418 4710 1606 4765 Matth.
1639 4727 1761 4775 xxv,
1793 4712 1806 4762 4

1953 4706 1979 4746 ιι
2012 4708 2166 4761 Rom.
2212 4724 2246 4761 ll
2279 4749 2292 4772 ,
2325 4706 2434 4770 l3;

1175 4778 1199 4816 ¹³
1230 4780 1341 4835 Jac.
1375 4797 1408 4839 ι,
1443 4780 1530 4834 22.
1612 4780 1628 4817 ί
1663 4771 1849 4834 Matth.
1892 4796 1961 4845 iv,
2010 4778 2115 4842 2‘2;
2172 4776 2333 4830 Marc.
2361 4792 2407 4837 ι,
2447 4773 2554 4838 ‘20;
2585 4771 2812 4845 Lucnv,
2856 4772 2940 4826 ll.

227 4795 359 4846 cxv,
406 4782 494 4836 l7.
571 4790 597 4827 ε
624 4780 813 4835 Matth.
856 4796 959 4844 vn,
993 4779 1077 4833 l5.

2512 4703 2622 4757 Jac.
2656 4720 2691 4768 ι,
2718 4702 2805 4757 22.
2885 4713 2907 4742 ε
2934 4703 3058 4757 Luc.
3087 4720 3160 4770 vi,
3191 4704 3244 4758 6.
3326 4702 3345 4742 τ
3384 4703 3468 4758 Pu

2512 4785 2554 4828 ιε
2585 4771 2714 4827 Luc.
2759 4790 2812 4828 v.
2856 4772 2940 4826 ll.
3020 4777 3034 4823 t
3073 4764 3263 4828 Johan.
3305 4790 3341 4828 ι.
3386 4774 3468 4828 i7.

3104 4789 3263 4829 onan.
3305 4790 3341 4837 1,
3386 4789 3469 4829 il.

231 4847 253 4885 ἰ
278 4843 471 4907 Gentes.
499 4866 667 4915 xxxu,
697 4849 789 4903 24.
873 4847 888 4886 ι
924 4843 1059 4919 Eph.
1096 4865 1166 4916 vi,
1199 4849 1248 4903 Ξ.
1331 4856 1368 4886 η’
1396 4848 1513 4904 Gal.
1548 4867 1586 4917 ι,
1610 4850 1695 4903 l0.
1772 4858 1798 4886 ι·

1906 4843 1995 4902 lor.
2030 4863 2064 4912 ι,
2095 4847 2180 4899 18.
2258 4855 2282 4882 ο
2310 4845 2496 4898 Matth.
2529 4860 2661 4909 XVI,
2682 4843 2765 4896 l7.

296 5027 370 5162 (aq
399 5025 502 5081 Ms.
528 5025 702 5090 Vien.,
731 5026 785 5078 in
813 5024 1226 5077 remuneratione
1239 5022 1373 5075 ’1)οηί
1399 5031 1627 5085 accepta.

296 5095 346 5162 (b
397 5095 498 5149 Ms.
526 5095 701 5159 Vieu.,
731 5094 1011 5162 inﬁrmum.
1330 5161 1337 5162 γ
1380 5159 1391 5162 _
1459 5158 1498 5162 _
1520 5159 1551 5162 _7

319 5094 368 5162 b)
397 5095 498 5149 Ms.
526 5095 701 5159 Vieu.,
731 5094 1011 5162 inﬁrmum.

319 5158 367 5234 ε)
396 5164 477 5220 lta
512 5180 640 5219 mss.
685 5158 816 5231 Reg.
848 5169 904 5217 et
944 5161 1093 5216 Vicn.
1135 5170 1190 5215 et
1214 5161 1339 5215 cliti
1366 5159 1418 5213 4.
1459 5158 1598 5214 Edit.
1634 5159 1798 5215 Rosv.

230 5234 296 5288 ad
320 5234 455 5289 lucc.
1814 5272 1821 5279 ο

297 5305 372 5373 (d)
403 5302 496 5373 Sic
522 5318 623 5359 ms.
657 5300 791 5369 Reg.
824 5308 877 5356 et
903 5301 1030 5357 edit.
1063 5299 1194 5355 Bad.
1228 5307 1282 5356 et
1309 5299 1470 5355 Grav.
1496 5299 1631 5353 Ante
1662 5304 1798 5363 erat,

234 5372 412 5444 potest.
430 5372 695 5444 Denique.

300 5444 368 5511 (el
397 5442 495 5497 Ms.
549 5436 678 5509 Reg.
705 5481 720 5507 ,
789 5440 1163 5494 demicurerim.
1205 5438 1344 5494 Editi
1386 5447 1531 5503 tres,
1579 5436 1794 5491 dimica—

230 5526 404 5567 vernn.

391 5580 467 5634 Ita
496 5595 622 5634 mss.
655 5579 888 5634 codices.
920 5577 1082 5641 Editi,
1112 5578 1331 5632 vincula.

326 5639 380 5722 '9')
408 5649 499 5704 Sic
526 5650 783 5722 juventus
802 5664 898 5717 pro
916 5639 1330 5722 juventusdixit
1352 5644 1668 5722 Prudentius
1696 5639 1789 5700 lib.

296 5713 485 5780 (ilium
520 5713 1079 5789 Sytumach'um'vers.
1126 5716 1276 5769 1082.
1316 5754 1327 5767 .
1365 5753 1379 5767 .
1414 5754 1427 5768 .
1482 5713 1661 5783 quibus
1718 5722 1796 5768 est

506 5807 781 5869 Pnnon.
836 5804 1005 5867 LXI.
1071 5862 1089 5878 ,

1902 5018 2154 5141 “mutata
2180 5018 2435 5088 juventas.
2453 5014 2544 5096 .De
2571 5030 2673 5083 qua
2700 5029 2830 5069 voce
2850 5014 2971 5096 vide
3007 5012 3071 5069 Ν.
3104 5014 3375 5097 Heinsium
3404 5016 3469 5069 al

1957 5102 2176 5141 aronem
2200 5093 2255 5141 et
2282 5085 2647 5139 Claudianum.
2682 5084 2777 5138 Ms.
2812 5084 2964 5139 Vten.
2996 5091 3053 5139 et
3079 5085 3211 5141 edit.
3234 5084 3384 5140 Grm.
3416 5099 3469 5138 et

1957 5084 2255 5141 aronem'et
2282 5085 2647 5139 Claudianum.
2682 5084 2777 5138 Ms.
2812 5084 2964 5139 Vien.
2996 5091 3053 5139 et
3079 5085 3211 5141 edit.
3234 5084 3384 5140 Grin.
3416 5099 3471 5138 et

1902 5157 2126 5226 Schot.,ﬂ
2135 5154 2366 5226 jungam.

1997 5225 2052 5296 It)
2079 5221 2179 5296 Ms.
2207 5224 2359 5296 Vien.
2383 5266 2398 5290 ,
2437 5221 2512 5296 Tu
2541 5239 2654 5296 vere
2674 5239 2841 5296 verus.

1997 5227 2052 5296 It)
2082 5227 2179 5279 Ms.
2208 5227 2359 5279 Vieu.
2383 5266 2398 5290 ,
2437 5227 2512 5275 Tu
2541 5239 2654 5277 vere
2674 5239 2841 5277 verus.

1998 5296 2037 5362 i)
2073 5295 2232 5349 Deest
2259 5292 2436 5346 relicto
2464 5292 2517 5345 in
2545 5291 2671 5346 edit.
2704 5292 2887 5347 Sehot.

1975 5227 2043 5436 li)
2073 5363 2173 5436 Ms.
2204 5362 2360 5436 Yien.
2387 5362 2545 5436 addit
2555 5363 2909 5436 cupiditatem,
2940 5360 3032 5436 sed
3051 5376 3373 5436 perperam;
3393 5360 3436 5414 si

1977 5360 2043 5436 (j)
2078 5363 2173 5419 Ms.
2203 5362 2360 5445 )lien.
2387 5362 2533 5415 addit
2554 5363 2909 5443 cupiditatem,
2940 5360 3032 5415 sed
3050 5376 3337 5482 gserperam
3356 5376 3373 5423 ;
3393 5360 3495 5416 sic.

1900 5433 2045 5511 enim
2072 5432 2219 5511 loqui
2247 5438 2389 5511 autat
2418 5430 2670 5511 Paulinus
2712 5447 2764 5511 in
2795 5430 3019 5511 epistola
3075 5496 3091 5511 .
3152 5430 3217 5482 ad
3245 5428 3467 5511 Aprum,

1900 5521 1953 5558 n.
1989 5502 2048 5556 ll
2078 5545 2092 5569 ,
2127 5496 2196 5556 tui
2223 5500 2555 5569 diligentem;
2592 5501 2645 5554 in
2677 5496 2843 5569 epist.
2865 5496 2953 5562 59,
2984 5510 3038 5548 n.
3071 5496 3121 5561 l,
3151 5496 3312 5552 nostri
3343 5499 3470 5553 dli—

1900 5521 1953 5558 n.
1989 5519 2048 5556 n
2078 5545 2092 5569 ,
2127 5519 2196 5556 tut
2223 5519 2314 5555 am
2352 5519 2555 5565 emem;
2592 5519 2645 5554 in
2677 5519 2833 5569 epist.
2865 5519 2953 5562 ou,
2984 5519 3038 5548 ιι.
3071 5519 3121 5561 ι,
3151 5519 3312 5552 πουτι
3343 5519 3470 5553 a.u—

1898 5575 2128 5647 gentior,
2147 5580 2203 5628 et
2234 5587 2288 5625 n.
2319 5519 2385 5647 gl;
2407 5571 2486 5623 sui
2516 5570 2763 5647 deligens.
2813 5642 2824 5647 Δ
3015 5632 3052 5647 η
3091 5635 3103 5647 .
3231 5643 3241 5647 _
3280 5635 3313 5647 Α
3354 5636 3366 5647 _
3432 5644 3442 5647 _
3488 5596 3494 5605 -

1971 5643 2046 5713 (ιε)
2074 5627 2169 5699 Sic
2190 5656 2319 5697 mss.
2347 5639 2478 5707 Reg.
2512 5646 2567 5694 et
2596 5627 2749 5692 V'ien.
2775 5642 2829 5687 et
2858 5633 2985 5688 editi
3012 5632 3161 5688 Grin.
3193 5643 3250 5691 et
3280 5635 3471 5695 Scitot.

1901 5712 2143 5779 Alii,vir.
2932 5752 2938 5757 ~
3232 5765 3237 5771 .

3146 5793 3187 5861 6

3379 5895 3417 5939 θ
