4056 6358
565 348 658 404 171

1693 345 1746 398 S.
1791 343 2055 399 PAL'LlNl
2098 342 2341 398 SOLANI
2382 341 2445 398 El
2470 341 2679 399 [SCOPI

3706 345 3809 402 1τὶ

563 464 804 513 nostrum
829 453 1008 510 Jesum
1034 455 1300 511 Christum
1325 496 1337 517 ,
1398 455 1490 523 Qui
1530 458 1794 520 convertit
1823 461 2127 528 sapientium
2157 463 2203 523 Α
2232 462 2455 530 accipiat
2482 462 2611 515 alter
2640 471 2695 513 ιιι.
2749 461 2845 516 Cui
2875 461 3044 514 simile
3075 470 3153 515 est
3177 502 3190 526 ,
3248 470 3301 514 ut
3350 459 3493 531 quod
3535 465 3802 525 volueras,

562 563 770 610 eorum,
824 557 873 599 et
902 548 1109 598 stultam
1139 547 1294 616 fecit;
1338 555 1386 597 et
1433 549 1583 615 elegit
1612 547 1821 616 infirma
1865 564 1925 600 ac
1967 551 2123 602 stulta

559 638 775 701 mundi,
822 646 878 689 ut
918 637 1171 690 mundum
1221 636 1376 688 istum
1418 637 1498 689 his
1540 638 1704 706 ipsis,
1751 648 1970 708 propter
2007 655 2124 709 quze

558 727 727 784 Deum
771 727 1084 793 dedignatur
1114 726 1189 796 (a)
1219 740 1410 791 nosse,
1453 728 1736 796 confundat
1767 737 1816 779 ο.
1858 727 2122 782 Memento

558 833 684 887 ergo
713 828 768 874 tu
794 818 961 872 nostri
998 817 1166 885 magis
1196 817 1216 848 ³
1238 859 1253 884 ,
1301 818 1391 886 qui
1444 818 1883 887 locupletioribus
1923 819 2125 873 meritis

556 909 622 962 ad
650 907 906 962 cxorandi
930 908 1225 976 potentiam
1270 908 1473 961 niteris.
1524 907 1631 961 Nos
1673 909 1814 962 enim
1863 908 1986 960 licet
2011 906 2122 975 jam

556 1015 777 1054 accensa
804 1001 858 1053 in
886 999 1086 1053 lumine
1110 997 1304 1052 Christi
1333 997 1544 1052 lucerna
1561 1037 1577 1064 ,
1618 1007 1794 1051 tamen
1821 997 1997 1051 adhuc
2023 998 2121 1051 sub

572 1089 732 1144 nodio
757 1099 1099 1160 peccatorum
1129 1090 1386 1152 latentes,
1420 1097 1592 1142 vestra
1613 1127 1627 1144 .
1659 1088 1748 1156 qui
1782 1097 1888 1142 tam
1921 1088 2042 1142 lidei
2067 1096 2120 1141 et

551 1181 754 1246 gratim,
776 1194 937 1246 quam
958 1194 1181 1246 operum
1205 1178 1324 1232 luce
1346 1178 1617 1248 conspicui
1647 1194 1743 1246 per
1769 1176 1862 1246 (γ.
1888 1185 2000 1231 ηοι.
2030 1177 2118 1248 ii)

549 1278 770 1338 septena
792 1269 1001 1324 Domini
1022 1269 1335 1323 candelabra
1358 1269 1568 1338 fulgetis
1593 1269 1639 1334 ι’,
1664 1269 1736 1339 (b)
1760 1268 1911 1323 educi
1933 1284 2114 1333 manu,

550 1367 834 1428 vestroque
870 1360 991 1414 oleo
1021 1361 1331 1428 impinguari
1375 1369 1534 1429 caput
1580 1361 1856 1428 cupimus;
1909 1369 1966 1414 ut
2009 1378 2115 1415 non

548 1449 840 1518 fumigante
866 1452 959 1521 (γ.
991 1462 1104 1505 ιιοι.
1136 1451 1191 1519 2)
1226 1452 1334 1505 lino
1359 1493 1374 1518 ,
1423 1452 1567 1520 quod
1597 1465 1696 1506 nec
1734 1451 1906 1520 ipsum
1937 1459 2114 1505 tamen

545 1539 848 1593 misericors
885 1539 1140 1592 Dominus
1179 1540 1508 1608 exstinguit,
1561 1540 1771 1594 obscuri
1803 1539 2103 1602 ardeamus,

541 1628 634 1683 sed
655 1644 813 1697 puro,
839 1639 894 1683 et
920 1631 1116 1685 ceteris
1147 1630 1308 1684 etiam
1333 1629 1663 1699 przeferendo
1693 1627 1863 1684 ﬁdelis
1885 1629 2112 1698 exempli

531 1717 739 1775 lumine
783 1718 1058 1774 iaceamus
1090 1730 1153 1772 ες
1209 1734 1531 1788 quamquam
1577 1718 1786 1774 Domini
1840 1725 2008 1787 gratia
2047 1719 2113 1773 de

2231 547 2365 602 velle
2387 564 2490 602 non
2519 549 2731 603 desinas
2756 587 2770 611 ,
2820 558 2874 602 et
2904 549 3284 602 immutabilem
3327 550 3390 603 ad
3433 568 3528 604 nos
3558 553 3802 606 veniendi

2226 638 2545 691 sententiam
2574 647 2775 693 teneas.
2830 637 3096 706 Religiosa
3125 640 3406 692 conamina
3450 640 3562 708 ipse
3594 642 3661 694 ad
3690 643 3804 697 voti

2226 725 2453 784 fructum
2483 729 2769 797 pervehet,
2824 729 2874 782 in
2919 729 3069 796 cujus
3100 738 3362 798 potestate
3392 740 3473 782 est
3501 746 3566 783 ac
3597 731 3801 793 favore.

2225 823 2284 868 ut
2323 818 2588 884 possimus
2628 833 2882 886 prospere
2906 859 2920 883 ,
2978 819 3119 886 quod
3157 819 3243 888 pie
3272 819 3531 872 volumus.
3591 817 3804 873 Scimus

2223 907 2395 970 enim,
2428 907 2550 974 quia
2579 906 2906 961 desideranti
2935 908 3130 961 bonum
3152 949 3166 972 ,
3193 910 3371 962 omnia
3402 909 3712 978 procedunt
3741 911 3798 963 in

2236 997 2437 1051 bonum
2469 1007 2492 1032 η
2527 999 2619 1068 (ιν.
2652 1015 2738 1068 ep.
2763 999 2849 1066 i7,
2884 1017 2936 1054 n.
2970 1003 3028 1069 ι).
3059 999 3255 1055 Verum
3278 1010 3331 1056 et
3360 1018 3479 1068 nos,
3504 1002 3649 1070 quod
3679 1004 3799 1072 qui-

2221 1085 2342 1138 dem
2372 1087 2523 1141 nobis
2560 1089 2914 1154 gratissimum
2950 1090 3155 1158 signum
3193 1086 3495 1145 concordia:
3536 1092 3590 1144 in
3621 1093 3795 1145 omni-

2219 1173 2317 1228 bus
2346 1184 2540 1230 nostrae
2563 1175 2686 1240 fuit,
2714 1177 3075 1232 inﬁrmitatum
3117 1187 3322 1232 tuarum
3353 1180 3553 1235 indices
3588 1181 3795 1237 litteras

2218 1275 2542 1332 mgrotantes
2566 1269 2866 1336 accepimus
2891 1286 2904 1333 ;
2962 1269 3409 1340 probavimusque
3439 1271 3492 1322 in
3524 1271 3681 1325 nobis
3708 1287 3793 1325 se-

2222 1357 2454 1411 cundum
2486 1358 2726 1427 Apostoli
2756 1358 2954 1412 dictum
2985 1368 3038 1412 et
3073 1358 3319 1413 allectum
3346 1399 3360 1421 ,
3413 1362 3651 1430 compati
3691 1363 3791 1416 sibi

2215 1448 2370 1502 unius
2390 1449 2631 1517 corporis
2653 1449 2888 1503 membra
2913 1458 2958 1501 ο.
2992 1449 3122 1502 Nam
3145 1458 3197 1502 et
3219 1466 3286 1504 eo
3309 1450 3424 1518 ipso
3447 1466 3544 1505 nos
3559 1452 3792 1507 refectos

2213 1537 2475 1590 sensimus
2499 1579 2513 1603 ,
2560 1536 2704 1607 quod
2741 1537 3030 1591 revaluisse
3073 1545 3123 1591 te
3152 1538 3479 1606 scripseras;
3533 1547 3592 1591 ut
3623 1539 3675 1591 in
3705 1539 3789 1593 di-

2213 1627 2381 1681 versis
2419 1628 2541 1682 licet
2569 1628 2722 1681 terris
2752 1628 2908 1697 positi
2935 1667 2949 1691 ,
3005 1630 3274 1696 orerantis
3303 1629 3354 1681 in
3386 1627 3540 1682 nobis
3568 1630 3789 1698 spiritus

2213 1718 2471 1771 unitatem
2502 1718 2660 1770 tacita
2704 1716 2755 1770 in
2785 1717 3097 1786 corporibus
3133 1718 3394 1786 separatis
3426 1719 3784 1782 connexione,

537 1807 560 1837 ⁸
593 1808 829 1862 tenebris
869 1808 1162 1874 relucente,
1187 1824 1293 1864 non
1316 1809 1526 1864 obscuri
1563 1824 1660 1878 per
1684 1809 1914 1863 nominis
1945 1809 2107 1877 ipsius
2140 1810 2182 1868 Β
2211 1808 2425 1876 paribus
2446 1816 2536 1861 aut
2567 1807 2916 1862 incommodis
2939 1847 2954 1871 ,
3011 1816 3100 1861 aut
3138 1807 3388 1862 remediis
3424 1818 3788 1874 congruentes

530 1897 834 1951 claritatem
860 1895 910 1964 ἀ,
940 1899 1042 1953 etsi
1059 1900 1268 1964 remoti,
1303 1908 1358 1954 ut
1378 1899 1617 1966 audistis,
1645 1913 1881 1967 agamus.
1912 1898 1967 1952 in
1991 1914 2100 1954 cm-

533 1987 728 2042 naculo
757 1988 899 2042 enim
928 1997 1112 2042 nostro
1141 1990 1332 2043 secreti
1357 1990 1573 2044 silemus
1591 2031 1604 2054 ,
1658 1991 1782 2058 quia
1813 1989 1997 2044 bonum
2021 1997 2097 2042 est

538 2081 674 2144 riro,
703 2086 760 2132 ut
789 2080 1048 2149 propheta
1068 2121 1084 2145 ,
1113 2080 1217 2151 24
1247 2082 1317 2151 (c)
1356 2083 1430 2135 ait
1457 2081 1630 2136 sedere
1657 2082 1986 2153 singulariter
2008 2123 2022 2147 ,
2056 2095 2105 2136 et

538 2180 706 2223 tacere
736 2179 780 2223 ε.
815 2169 965 2224 Unde
993 2172 1156 2225 etiam
1177 2172 1229 2225 in
1255 2173 1429 2228 causis
1449 2171 1801 2227 vociferantlis
1827 2174 1984 2228 silere
2006 2189 2104 2227 nos

536 2263 714 2316 docuit
737 2263 849 2332 ipse
877 2263 1165 2329 Dominus,
1197 2265 1286 2332 qui
1307 2265 1436 2318 sicut
1465 2283 1629 2336 agnus
1656 2282 1829 2319 coram
1865 2266 2104 2319 tondente

536 2371 586 2406 se
607 2355 628 2384 ⁶
656 2371 757 2408 non
787 2358 984 2424 aperuit
1013 2373 1068 2409 os
1090 2373 1236 2410 suum
1271 2355 1287 2394 ί
1317 2373 1332 2421 ;
1363 2358 1452 2425 qui
1481 2365 1657 2410 tamen
1687 2357 1852 2420 dixit;
1885 2358 1962 2426 (ά)
1998 2356 2099 2408 Τα-

529 2447 636 2508 cui,
671 2447 917 2516 numquid
938 2463 1135 2517 semper
1158 2447 1330 2500 tacebo
1354 2458 1378 2494 8
1401 2449 1423 2500 ?
1446 2447 1617 2516 Ipsius
1631 2463 1756 2516 ergo
1772 2448 2099 2502 voluntatem

532 2543 582 2587 et
606 2535 863 2601 judicium
890 2536 1038 2589 taciti
1067 2536 1408 2602 sustinemus,
1432 2537 1522 2605 qui
1555 2545 1744 2606 potens
1770 2545 1852 2591 est
1880 2547 1933 2590 et
1962 2553 2100 2591 nunc

531 2625 580 2678 in
621 2626 774 2680 nobis
818 2634 1029 2687 tacere,
1081 2635 1285 2680 etcum
1325 2627 1590 2692 voluerit,
1637 2627 1974 2696 interpellare
2003 2644 2099 2697 pro

531 2717 683 2770 nobis
711 2714 762 2770 l'.

563 2806 650 2860 ~8.
683 2805 877 2860 Verum
927 2806 1140 2860 interim
1189 2805 1241 2859 in
1285 2807 1390 2862 hoc
1416 2807 1570 2862 nobis
1615 2815 1796 2862 nostra
1848 2809 2095 2862 nocuisse

533 2905 746 2966 peccata
770 2897 1149 2966 persensimus,
1176 2897 1320 2964 quod
1349 2913 1447 2952 nec
1476 2899 1765 2952 meruimus
1796 2906 1846 2952 te
1873 2889 2090 2952 videre:

532 2996 584 3047 et
610 2987 828 3055 insuper
853 2987 959 3042 hoc
987 2985 1053 3040 ad
1093 2987 1231 3040 mala
1278 2996 1460 3041 nostra
1496 2989 1821 3042 cumulatum
1848 2998 2094 3057 putamus

529 3076 668 3146 quod
709 3085 764 3132 et
801 3077 1152 3135 tentationum
1190 3077 1283 3131 tibi
1324 3093 1482 3131 causa
1511 3076 1798 3142 fuerimus;
1851 3078 2044 3146 quibus
2070 3079 2088 3109 '

2209 1897 2592 1965 experiremur.

2274 1987 2380 2056 25
2421 1985 2503 2038 i0.
2546 1983 2691 2039 Pone
2722 1987 2798 2056 (id
2823 1996 2899 2040 est
2929 1986 3161 2056 Depone.
3205 1987 3267 2040 V.
3292 2003 3454 2042 carm.
3483 1988 3583 2055 M,
3610 2006 3662 2042 v.
3694 1989 3784 2058 8|)

2204 2074 2364 2143 igitur
2391 2086 2445 2130 et
2477 2085 2549 2142 tu,
2585 2075 2747 2130 frater
2769 2078 3040 2144 unanime,
3071 2079 3429 2148 meliorquein
3446 2078 3662 2134 Christo
3691 2097 3783 2134 no-

2203 2166 2298 2218 stri
2344 2167 2539 2236 portio,
2592 2167 2636 2220 si
2683 2181 2840 2234 quam
2879 2182 2945 2221 cx
2972 2176 3166 2220 nostrae
3194 2168 3559 2235 castigationis
3588 2170 3782 2225 indicio

2203 2257 2468 2311 tristitiam
2495 2259 2579 2326 pia
2609 2266 2789 2311 mente
2817 2258 3034 2312 duxeris
3063 2277 3074 2310 :
3103 2257 3236 2322 Quia
3263 2263 3519 2332 castigans
3549 2265 3778 2334 castiga-

2201 2350 2268 2400 rit
2293 2365 2385 2401 nos
2415 2347 2686 2412 Dominus,
2727 2360 2774 2402 et
2804 2351 2953 2402 morti
2983 2366 3083 2402 non
3127 2353 3340 2405 tradidit
3364 2369 3456 2407 nos
3486 2365 3533 2406 Ρ.
3568 2354 3778 2409 Visitati

2200 2441 2341 2494 enim
2373 2440 2578 2494 medica
2609 2439 3001 2510 Omnipotentis
3032 2458 3213 2509 manu,
3264 2444 3314 2496 in
3353 2458 3502 2514 spem
3531 2445 3778 2499 sanitatis

2199 2544 2227 2582 a
2255 2530 2498 2598 pnesenti
2544 2531 2856 2596 aegritudine
2903 2530 3214 2584 fovebamur
3258 2530 3504 2600 :ilagella
3551 2535 3776 2590 invicem

2199 2628 2383 2672 nostra
2414 2619 2614 2674 mutuis
2640 2620 3099 2675 consolationibus
3126 2623 3442 2677 mollientes.
3474 2623 3610 2678 Nam
3637 2626 3777 2680 sola-

2199 2711 2328 2764 tium
2351 2710 2504 2764 nobis
2526 2725 2774 2778 magnum
2796 2720 2850 2765 et
2869 2711 3022 2765 dulce
3046 2712 3312 2780 pnebebat
3335 2713 3441 2782 ipsa
3466 2713 3777 2782 conjunctio

2197 2801 2458 2870 passionis
2497 2818 2510 2864 ;
2539 2801 2682 2870 quod
2712 2817 2819 2856 non
2849 2802 2962 2855 sine
3005 2802 3211 2856 Domini
3249 2805 3483 2868 numine,
3515 2806 3668 2874 cujus
3698 2807 3778 2859 in-

2190 2892 2341 2959 jussu
2369 2909 2467 2948 nec
2497 2894 2726 2963 passeris
2747 2909 2902 2948 casus
2933 2894 2983 2947 in
3011 2902 3206 2948 terram
3234 2904 3315 2948 est
3339 2906 3386 2959 <1,
3429 2898 3778 2950 concurrisse

2198 2984 2247 3036 in
2282 2984 2434 3036 nobis
2466 2985 2576 3053 ipsa
2605 2983 2778 3037 unitas
2801 2985 3078 3038 verberum
3103 2986 3395 3038 videbatur.
3430 2985 3519 3040 Sic
3546 2997 3601 3040 et
3624 3004 3776 3042 com-

2198 3073 2427 3126 moditas
2448 3082 2683 3142 cmperat
2712 3074 2972 3128 ambobus
3015 3090 3116 3127 una
3146 3076 3434 3143 procedere
3461 3094 3471 3127 :
3517 3092 3612 3130 seu
3632 3078 3775 3144 quod

529 3170 786 3234 geminas,
811 3177 870 3223 ut
899 3167 1162 3233 indicasti,
1187 3169 1524 3236 aegritudines
1543 3157 1824 3238 pertulisti,
1847 3172 1915 3240 (e)
1937 3172 2094 3226 toties
2120 3151 2162 3208 (ί
2195 3167 2330 3218 alter
2351 3165 2569 3218 alterius
2594 3165 2856 3219 levamine
2879 3165 3190 3234 respirabat,
3211 3167 3322 3220 sive
3351 3167 3492 3234 quod
3518 3167 3775 3222 Dominus

527 3261 838 3315 verberatus
860 3301 875 3325 ,
925 3261 1137 3328 quoties
1178 3259 1244 3314 ad
1275 3275 1371 3314 nos
1406 3261 1585 3314 venire
1613 3269 1834 3315 conatus
1859 3277 1937 3316 es.
1987 3262 2092 3316 Sed

525 3349 648 3416 quia
678 3363 823 3418 sche
847 3349 1102 3404 Dominus
1123 3349 1253 3418 ipse,
1283 3357 1339 3402 ut
1358 3350 1608 3420 scriptum
1630 3358 1729 3415 est,
1765 3349 1902 3404 Deus
1922 3361 2092 3406 noster

525 3450 686 3494 tentet
715 3458 806 3494 nos
826 3483 839 3505 ,
870 3451 923 3494 ut
952 3443 1214 3494 caritatem
1252 3451 1480 3494 nostram
1506 3442 1681 3508 probet
1708 3441 1744 3506 ί,
1777 3457 2008 3510 (ιυιιήοε
2039 3443 2089 3496 in

521 3534 686 3601 ipsius
708 3549 838 3602 pace
867 3533 1171 3598 diligimus;
1219 3532 1286 3585 de
1319 3541 1405 3585 tua
1437 3534 1611 3600 potius
1642 3533 1742 3586 lide
1762 3575 1776 3597 ,
1819 3548 1976 3600 quam
2024 3533 2090 3586 de

521 3630 706 3676 nostra
733 3637 1008 3691 speramus
1033 3639 1046 3685 ;
1088 3629 1145 3675 ut
1172 3623 1214 3674 si
1249 3623 1516 3690 przcmissa
1565 3623 1788 3676 tentatio
1816 3623 2088 3691 probatio-

519 3728 643 3766 nem
677 3714 726 3766 in
758 3721 810 3767 te
841 3721 1060 3780 operata
1082 3720 1163 3766 est
1207 3717 1254 3778 ι,
1287 3727 1390 3764 non
1416 3713 1549 3765 ultra
1585 3713 1757 3765 valeat
1787 3713 2007 3781 probata
2037 3713 2088 3766 in

461 3790 468 3796 ’
521 3802 632 3857 Deo
650 3806 714 3874 (ι’)
731 3803 967 3857 caritatis
989 3811 1106 3855 vota
1126 3802 1386 3855 frustrari.
1414 3801 1488 3854 ita
1505 3804 1644 3854 enim
1671 3803 1763 3856 tibi
1787 3812 2089 3872 promptum

523 3895 697 3948 inesse
725 3894 972 3962 spiritum
993 3893 1214 3955 scimus,
1249 3901 1306 3944 ut
1335 3907 1439 3944 non
1467 3907 1768 3958 vereamur,
1800 3907 1867 3946 ne
1893 3892 1957 3946 ad
1987 3893 2086 3946 im-

521 3986 882 4054 pedimentum
923 3984 1221 4039 communis
1260 3983 1509 4037 desiderii
1549 4000 1673 4038 caro
1703 4000 1912 4054 semper
1938 3987 2087 4038 intir-

521 4090 607 4130 ma
629 4076 930 4145 pratvaleat,
955 4090 1112 4143 quam
1129 4073 1228 4128 fule
1252 4073 1526 4137 roborans,
1550 4075 1727 4127 animo
1744 4076 1841 4127 sub
1845 4075 2052 4143 jugabis
2072 4094 2083 4128 ε

519 4175 580 4220 ut
605 4169 747 4236 quod
775 4183 838 4220 ex
870 4182 928 4220 se
959 4182 1066 4220 non
1095 4173 1300 4234 potest,
1339 4166 1389 4218 in
1417 4164 1632 4219 Christo
1662 4181 1816 4236 posse
1843 4176 2084 4234 cogatur.

516 4259 577 4310 Si
601 4258 747 4311 dicas
770 4257 819 4310 ei
845 4275 856 4308 :
903 4256 976 4309 Ne
1010 4270 1210 4324 pugnes
1237 4256 1491 4310 adversus
1523 4257 1799 4325 spiritum,
1831 4266 1936 4311 esto
1966 4275 2087 4312 con-

517 4349 738 4398 sentiens
759 4346 1049 4397 adversario
1075 4357 1156 4398 tuo
1186 4347 1238 4396 in
1269 4346 1349 4396 ria
1374 4344 1420 4411 ¹ί,
1448 4355 1495 4397 et
1516 4348 1611 4397 erit
1625 4363 1728 4414 pax
1749 4346 1944 4399 ossibus
1968 4349 2086 4413 tuis,

519 4443 573 4484 et
611 4449 733 4486 cum
767 4432 1092 4484 exsultarerit
1124 4449 1211 4484 cor
1239 4449 1402 4484 meum
1434 4434 1486 4484 in
1516 4432 1678 4485 Deum
1715 4435 1875 4486 vivum
1896 4476 1910 4499 ,
1961 4445 2087 4490 tunc

515 4521 678 4574 etiam
705 4537 826 4574 curo
847 4537 957 4573 mea
990 4521 1263 4590 requiescet
1289 4522 1339 4572 in
1362 4537 1450 4589 spe
1474 4519 1516 4573 l.

585 4609 636 4661 9.
670 4609 806 4662 Tene
834 4625 988 4676 ergo,
1021 4611 1209 4672 frater,
1241 4609 1381 4679 quod
1397 4620 1562 4673 tenes,
1592 4627 1654 4662 ne
1682 4628 1924 4664 coronam
1944 4621 2083 4667 tuam

589 4775 613 4802 ι
643 4764 661 4816 1
687 4764 810 4818 Cor.
841 4780 889 4824 ι,
921 4762 1008 4815 27.
1087 4762 1110 4798 δ
1143 4764 1308 4830 Apoc.
1339 4781 1380 4828 I,
1415 4765 1502 4816 20.

511 4851 622 4899 ι.ιιι,
659 4835 708 4887 7.
786 4846 808 4876 κ
856 4833 977 4885 lsai.
1030 4849 1153 4891 xui,
1193 4833 1274 4898 tt,
1305 4851 1415 4887 see.
1449 4834 1610 4889 LXX.

521 4903 532 4940 ¹
571 4905 708 4958 Psal.
757 4919 960 4958 xxxvn.
1009 4901 1067 4963 4,
1111 4911 1165 4955 et
1212 4920 1444 4970 1.xxxm,
1476 4905 1526 4968 5,
1569 4914 1622 4959 et
1659 4922 1743 4968 xv,
1775 4905 1826 4958 9.

511 4990 671 5034 exvit.
708 4973 790 5026 i8.
868 4983 893 5021 τι
935 4971 1120 5024 Matth.
1149 4988 1213 5038 Χ,
1241 4972 1330 5027 29.

582 5135 658 5199 (a)
689 5131 765 5185 ita
796 5130 952 5184 iidem
983 5145 1110 5184 mss.
1137 5138 1190 5184 et
1212 5131 1338 5184 editi
1367 5131 1597 5185 Codices.
1625 5132 1821 5196 Ceteri,
1847 5149 2074 5188 noscere.

577 5201 652 5270 (b)
683 5201 772 5254 Sic
797 5216 925 5256 mss.
955 5199 1110 5261 Editi,
1143 5201 1339 5253 deduci.

577 5268 649 5341 (ε)
678 5271 754 5324 ita
784 5286 882 5324 ms.
917 5270 1069 5323 Vica.
1103 5278 1156 5322 et
1183 5269 1310 5322 edit.
1344 5268 1529 5324 Schot.
1561 5270 1680 5336 Alii,
1711 5280 1900 5338 tacens,
1931 5272 2075 5326 nullo

504 5357 686 5400 sensu.

579 5413 658 5478 (ά)
689 5410 777 5465 Sic
805 5408 945 5466 LXX
971 5409 1318 5478 interpretes,
1361 5408 1717 5463 Tertullianus
1750 5410 1839 5463 lib.
1872 5409 1937 5465 de
1964 5409 2072 5464 Pu-

507 5480 684 5550 dicitia
708 5481 866 5550 paulo
888 5487 1008 5550 post
1030 5479 1256 5542 initium,
1272 5477 1568 5550 Cyprianus
1591 5478 1733 5550 lib._n
1751 5479 2066 5550 Testimon.,

507 5497 684 5535 (ιιειιιει
745 5497 866 5537 aulo
888 5497 1008 5550 p05t
1030 5497 1256 5542 ιιιιιιιιιιι,
1272 5497 1568 5547 uyprlantls
1593 5497 1680 5532 ιιυ.
1700 5497 1733 5532 ιι
1759 5497 1780 5532 ι
1795 5497 2063 5544 esumon.,

507 5563 625 5619 cap.
654 5497 802 5619 ἕξει
824 5549 1075 5604 Paulinus
1105 5556 1284 5602 noster
1309 5550 1464 5619 epist.
1491 5547 1558 5599 58
1579 5547 1643 5600 ad
1675 5548 1894 5619 Aprum,
1932 5565 1984 5619 ιι.
2011 5549 2063 5604 4.

562 5617 652 5686 κ’(ε)
694 5617 816 5672 Mss.
863 5628 918 5672 et
963 5619 1090 5674 editi
1153 5618 1471 5675 vetustiores
1515 5618 2068 5686 constanteruhabcnt

510 5684 689 5741 totiens
709 5727 724 5751 ,
753 5689 1010 5757 quotiens:
1041 5688 1181 5756 quod
1218 5687 1379 5740 semel
1411 5688 1720 5740 observasse
1747 5684 1992 5740 sufficiat.

587 5876 626 5924 ο

1583 4777 1602 4801 ο
1637 4766 1822 4820 Matth.
1856 4783 1938 4830 vi,
1976 4766 2064 4819 22.
2141 4766 2166 4806 δ
2205 4768 2326 4822 lsai.
2363 4785 2492 4830 xui,
2526 4769 2576 4820 5.

1689 4837 1712 4872 ιι
1742 4836 1894 4890 Rom.
1930 4854 2017 4892 vni
2041 4877 2055 4899 ,
2081 4837 2168 4891 δι.

1905 4917 1939 4941 ιιι
1969 4907 2133 4977 Apoc.
2167 4924 2241 4971 ιιι,
2279 4907 2362 4959 il.

2196 3256 2414 3310 uanitatis
2458 3264 2728 3326 operator,
2765 3257 3034 3309 individuo
3082 3258 3270 3325 spiritu
3310 3272 3494 3310 omnes
3525 3273 3651 3312 suos
3678 3274 3773 3311 ne-

2193 3357 2360 3413 ctens,
2389 3341 2562 3416 neque
2593 3349 2614 3378 "
2641 3347 2906 3402 carnalem
2939 3348 2988 3400 in
3021 3348 3173 3401 nobis
3199 3349 3549 3402 substantiam
3581 3349 3772 3404 discre-

2193 3454 2322 3507 pare
2350 3446 2640 3508 pateretur.

2264 3529 2349 3582 ii.
2391 3529 2506 3583 Non
2528 3529 2641 3584 htec
2670 3537 2848 3584 tamen
2881 3538 3083 3582 tantum
3114 3545 3270 3583 causa
3313 3545 3510 3599 pueros
3560 3540 3770 3586 nostros

2193 3628 2398 3673 morata
2429 3627 2532 3672 est.
2563 3618 2694 3672 Nam
2725 3617 3035 3685 Vigilantius
3077 3633 3289 3686 quoque
3321 3629 3506 3672 noster
3536 3620 3587 3672 in
3612 3620 3768 3672 Cam-

2193 3709 2370 3778 pania,
2395 3716 2744 3776 etantequam
2777 3707 2841 3759 ad
2869 3722 2965 3759 nos
2992 3707 3311 3775 perveniret,
3336 3715 3387 3760 et
3419 3713 3769 3778 posteaquam

2192 3801 2454 3871 pervenit,
2488 3801 2538 3854 vi
2568 3799 2790 3854 febrium
2815 3800 3102 3852 laboravit:
3137 3808 3189 3852 ct
3217 3800 3515 3867 mgritudini
3547 3812 3768 3868 nostrze,

2190 3894 2313 3962 quia
2337 3901 2390 3947 et
2419 3893 2530 3962 ipse
2555 3893 2752 3946 sociale
2801 3891 3095 3944 membrum
3135 3899 3251 3943 erat
3283 3893 3356 3961 (g)
3387 3892 3534 3945 socio
3582 3893 3770 3946 labore

2191 3997 2499 4051 compassus
2538 3990 2638 4035 est.
2665 3981 2901 4049 Denique
2942 3979 3028 4032 ille
3055 3980 3484 4047 catecliumenus,
3512 3984 3604 4051 qui
3636 3999 3766 4038 nec-

2189 4073 2316 4128 dum
2341 4072 2510 4126 nostri
2539 4072 2783 4142 corporis
2832 4079 2947 4124 erat
2977 4071 3297 4137 membrum,
3331 4073 3548 4126 vulnera
3581 4083 3767 4128 nostra

2190 4181 2296 4220 non
2325 4166 2510 4229 sensit,
2556 4173 2610 4217 et
2656 4179 2820 4239 sanus
2859 4162 2972 4226 fuit,
3007 4171 3165 4232 atque
3208 4177 3398 4231 expers
3446 4165 3764 4234 languorum

2190 4265 2515 4318 nostrorum,
2545 4254 2667 4322 quia
2695 4268 2800 4306 non
2830 4268 2938 4305 sua:
2985 4252 3312 4320 compaginis
3349 4253 3590 4308 dolorem
3636 4271 3764 4310 caro

2190 4348 2362 4401 adhuc
2390 4347 2559 4399 aliena
2591 4347 2790 4398 sentire
2817 4361 2922 4398 non
2963 4351 3196 4412 poterat.
3229 4343 3366 4412 Ergo
3397 4329 3452 4398 ut
3477 4349 3640 4416 erepit
3668 4348 3767 4401 Vi-

2189 4435 2437 4503 gilantius
2482 4443 2663 4487 noster
2700 4433 2946 4503 progredi
2978 4447 3151 4500 posse,
3187 4439 3296 4484 tum
3323 4430 3536 4489 demum
3579 4439 3765 4493 censui

2107 4508 2160 4568 Ῑ)
2184 4526 2382 4592 scripta
2409 4538 2526 4576 esse
2563 4523 2846 4577 reddenda.
2892 4524 3143 4579 Falemur
3167 4528 3327 4591 enim,
3359 4527 3546 4580 ambos
3592 4526 3765 4582 multo

2185 4623 2308 4668 ante
2337 4629 2653 4683 properasse
2687 4633 2698 4666 :
2745 4615 2837 4668 sed
2867 4631 2986 4671 cum
3019 4625 3143 4670 ante
3175 4617 3362 4671 virium
3393 4618 3763 4686 receptionem

2659 4780 2678 4804 ε
2713 4767 2909 4822 Thren.
2938 4785 3024 4831 ιιι,
3057 4768 3144 4834 28,
3173 4770 3324 4836 juxta
3357 4768 3517 4823 LXX.
3603 4772 3622 4809 τ
3651 4772 3762 4828 isa.

2783 4840 2796 4888 i
2838 4837 2990 4891 Rom.
3043 4855 3093 4902 v,
3142 4840 3193 4896 4.
3273 4839 3294 4876 ¹ί
3328 4839 3515 4895 Matth.
3562 4858 3615 4904 v,
3665 4842 3759 4896 εει.

3005 4916 3028 4942 °
3054 4907 3070 4960 i
3096 4907 3219 4962 Cor.
3255 4925 3346 4977 xu,
3377 4908 3463 4962 9.6.
3544 4922 3570 4959 P
3609 4910 3759 4967 Psal.

2254 4841 2266 4874 ί
2309 4839 2458 4890 Deut.
2509 4855 2616 4900 xm,
2651 4839 2702 4890 5.

2440 4916 2464 4942 ιλ
2499 4907 2653 4962 ltom.
2684 4923 2800 4971 vm,
2835 4907 2922 4959 ‘28.

2280 5135 2322 5204 f)_
2349 5132 2422 5204 ita
2445 5149 2544 5188 ms.
2579 5133 2699 5204 Vat.
2730 5143 2784 5188 et
2808 5133 2938 5204 edit.
2971 5133 3118 5188 Grin.
3139 5134 3275 5204 Alii,
3304 5136 3436 5190 ideo.

2277 5202 2332 5274 g)
2369 5202 2457 5257 Sic
2481 5219 2579 5258 ms.
2600 5203 2770 5274 codex
2803 5203 2970 5258 Vatic.
3010 5205 3093 5258 ed.
3126 5203 3310 5259 Schot.
3343 5214 3398 5258 et
3443 5205 3574 5259 edit.
3601 5205 3757 5261 Grin.

2183 5271 2235 5326 in
2267 5271 2436 5340 i'narg.
2469 5289 2566 5327 ms.
2598 5273 2729 5340 Reg.
2755 5274 2997 5342 proxime
3025 5275 3246 5337 accedit,
3290 5275 3504 5328 solacio.
3537 5275 3640 5327 Alii
3669 5292 3761 5329 so-

2179 5342 2352 5405 latino,
2384 5342 2557 5396 minus
2587 5341 2961 5396 bene.’Leetio
2999 5343 3084 5397 hic
3113 5345 3356 5397 restituta
3405 5343 3761 5399 continuatur

2178 5426 2244 5482 ex
2273 5413 2634 5482 sequentibus,
2665 5422 2780 5480 post
2812 5413 3164 5482 tegrimdjnem
3189 5414 3445 5482 communi
3466 5414 3646 5468 labore
3681 5425 3762 5468 to-

2177 5480 2416 5545 leratam,
2448 5497 2500 5534 ιι.
2531 5480 2616 5545 12,
2641 5489 2694 5534 et
2726 5496 2789 5534 ex
2831 5480 2984 5550 epist.
3014 5480 3049 5532 2
3077 5482 3142 5534 ad
3173 5481 3414 5536 Amandu
3438 5500 3491 5546 r,
3523 5499 3578 5536 ιι.
3609 5483 3677 5547 5,
3699 5497 3759 5537 ut

2176 5550 2449 5624 socialijn
2489 5552 2645 5624 vicem
2690 5549 2909 5624 membro
2950 5549 3092 5604 nobis
3129 5551 3535 5624 callebas-emus;
3579 5561 3639 5607 et
3663 5567 3755 5624 ep.

2179 5618 2257 5682 i3,
2291 5635 2343 5672 η.
2368 5619 2418 5680 5,
2443 5622 2654 5673 socialia
2677 5619 2918 5683 membra,
2941 5631 2988 5672 et
3011 5637 3274 5672 commune
3299 5619 3608 5677 membrum.
