4056 6358
295 363 398 418 173

1684 377 2008 434 ΕΡΙὲΐοιὼ
2050 381 2113 435 V.

3434 399 3532 452 174

288 487 491 534 temere
519 479 812 549 festinaret,
854 484 944 552 qui
973 498 1079 538 non
1127 493 1368 553 poterat;
1413 487 1490 557 (a)
1538 488 1716 557 impie,
1765 492 1858 560 qui
1884 495 1934 554 Α
1958 493 2109 563 pueri
2139 492 2234 558 tui,
2264 503 2524 562 quantum
2552 497 2706 554 nobis
2729 503 2912 568 gratia:
2939 503 3218 560 dominica:
3244 505 3530 563 detrimen-

285 569 498 624 valebat
537 570 634 632 (γ.
677 581 789 625 not.
844 572 982 644 13);
1015 574 1224 640 ambos,
1256 576 1379 645 quia
1407 592 1512 631 non
1553 587 1861 647 poteramus

285 658 529 712 volentes
555 661 800 723 consilio,
834 663 1148 728 retinuimns
1175 663 1369 719 invitos
1391 667 1625 722 silentio.
1709 691 1712 693 λ

361 747 445 801 η.
475 749 678 818 Itaque,
711 760 944 820 utsupra
975 753 1281 822 scripsimus
1303 795 1317 819 ,
1350 764 1470 824 post
1494 757 1856 824 :egritudinem

281 839 553 893 communi
601 840 787 894 labore
834 842 1137 908 toleratam,
1189 846 1520 900 orationibus
1549 857 1855 902 sanctorum

281 935 446 997 atque
472 943 741 992 carorum,
775 941 925 999 parte
968 933 1161 995 etiam,
1192 943 1252 988 ut
1297 937 1580 1001 credimus,
1627 941 1855 994 maxima

281 1018 409 1085 tuis,
441 1019 756 1088 respiciente
783 1022 1096 1076 clementius
1121 1025 1345 1079 Domino
1362 1066 1376 1088 ,
1411 1029 1656 1094 recreati,
1681 1029 1856 1085 adhuc

280 1116 460 1162 tamen
491 1110 762 1164 exhaustis
790 1114 1102 1182 corporibus
1123 1117 1145 1147 ’
1176 1114 1388 1169 inﬁrmi.
1416 1116 1470 1170 In
1498 1133 1604 1186 quo
1642 1119 1853 1189 quidem

277 1211 379 1249 nos
413 1197 630 1266 gloriari
682 1199 972 1269 Apostolus
1020 1203 1196 1267 docet,
1245 1219 1402 1272 quem
1451 1215 1748 1276 potentem,
1796 1217 1854 1263 nt

275 1287 553 1355 praedicat,
603 1288 832 1345 faciebat
862 1291 1137 1347 inﬁrmitas
1178 1305 1235 1359 a;
1267 1296 1388 1364 quia
1414 1297 1617 1351 scilicet
1644 1313 1772 1352 caro
1802 1297 1851 1365 δ,

273 1389 399 1443 quae
425 1377 679 1432 adversus
699 1379 944 1448 spiritum
975 1383 1192 1447 militat,
1238 1399 1357 1437 cum
1399 1385 1621 1440 adversa
1646 1387 1851 1441 valetu-

271 1464 401 1530 dine
425 1464 702 1536 frangitur,
736 1470 965 1538 pariter,
1011 1471 1248 1527 infractis
1286 1459 1506 1540 viribus,
1556 1477 1848 1546 spiritalem

272 1571 384 1610 non
427 1557 600 1610 valeat
625 1572 930 1626 expugnare
956 1561 1224 1614 virtutem.
1272 1562 1444 1618 Carne
1474 1565 1632 1632 igitur
1657 1563 1846 1620 inﬁrmi

271 1644 340 1698 ad
361 1643 654 1716 profectum
672 1648 906 1716 spiritus,
933 1650 1022 1716 qui
1052 1650 1245 1703 damno
1270 1653 1373 1721 26
1393 1653 1569 1707 carnis
1597 1653 1844 1720 exsultat,

264 1744 329 1791 et
358 1744 625 1806 tamquam
676 1739 902 1794 inimica:
941 1743 1174 1794 mater-im
1223 1742 1566 1798 tribulatione
1614 1744 1841 1808 laetatur,

1959 593 2072 638 tum
2095 582 2252 639 faciat
2270 584 2537 656 (d)Urbici
2557 605 2706 660 papae
2735 595 2960 662 superba
2979 594 3364 666 discretio:qui
3395 613 3529 667 pau-
3583 585 3600 595 ’

1959 674 2039 730 cis
2083 676 2211 744 ipsis
2255 676 2691 748 diebus,quibus
2732 683 3037 753 interfuere,
3081 687 3328 744 viderunt
3367 703 3528 757 quam

1957 765 2168 820 assidua
2198 783 2314 832 nos,
2345 783 2503 838 quam
2526 772 2705 827 sedula
2727 775 3073 831 sollicitarum
3102 776 3322 834 fratrum
3351 795 3530 834 motis-

1959 853 2196 920 chorum,
2223 857 2533 921 antistitum,
2559 859 2897 928 clericorum,
2921 873 3081 932 atque
3107 867 3268 921 etiam
3292 868 3526 937 ipsorum

1957 956 2098 1009 smpe
2126 943 2441 999 secularium
2483 945 2678 1012 omnia,
2709 957 2822 1004 toto
2861 952 2951 1007 illo
2982 955 3052 1023 (e)
3087 964 3282 1011 nostra:
3309 959 3524 1025 :egritu-

1957 1029 2095 1086 dinis
2123 1041 2366 1103 tempore
2397 1036 2804 1093 celebraverint.
2837 1040 2989 1107 Quod
3034 1045 3173 1113 apud
3205 1048 3524 1100 unanimita-

1959 1127 2064 1174 tem
2097 1129 2257 1188 tuam,
2289 1123 2357 1180 de
2386 1124 2648 1182 dominica
2677 1138 2853 1184 tamen
2883 1133 3073 1200 gratia,
3097 1135 3247 1204 cujus
3263 1136 3370 1191 hoc
3389 1152 3526 1206 quo-

1956 1228 2059 1282 que
2088 1229 2222 1283 Opus
2250 1224 2304 1270 et
2331 1233 2523 1273 munus
2550 1223 2854 1298 est,gloria
2881 1225 3036 1291 licet,
3069 1228 3172 1298 27
3204 1242 3362 1283 nemo
3399 1245 3528 1298 pro-

1957 1303 2242 1371 pemodum
2293 1314 2402 1360 tota
2450 1296 2739 1379 Campania
2775 1296 3150 1384 episcoporum
3175 1333 3285 1372 non
3313 1296 3527 1372 visitare

1954 1407 2052 1447 nos
2084 1393 2161 1447 fas
2189 1396 2514 1452 existimavit
2537 1400 2657 1455 sibi.
2683 1400 2748 1456 Et
2769 1419 2902 1472 quos
2921 1405 3200 1462 inﬁrmitas
3228 1407 3308 1461 vel
3335 1423 3526 1462 neces-

1952 1484 2082 1535 sitas
2109 1483 2285 1552 aliqua
2314 1485 2646 1550 devinxerat,
2697 1493 2873 1547 missis
2900 1495 3013 1549 vice
3037 1511 3130 1550 sua
3156 1498 3196 1526 "
3227 1496 3434 1551 clericis
3471 1505 3528 1553 et

1953 1573 2148 1628 litteris
2169 1576 2452 1630 adfuerunt
2483 1578 2575 1642 (Υ.
2623 1590 2732 1635 not.
2769 1583 2892 1652 15).
2927 1585 3036 1639 Afri
3066 1602 3279 1655 quoque
3312 1587 3383 1640 ad
3429 1603 3529 1642 nos

1945 1665 2185 1736 episcopi
2211 1667 2526 1722 revisendos
2546 1669 2713 1738 prima
2729 1681 2912 1727 testate
2931 1675 3206 1728 miserunt.
3232 1675 3385 1744 Quod
3403 1693 3525 1733 cum

1947 1755 2024 1810 ita
2048 1759 2134 1824 sit,
2166 1761 2316 1818 vides
2341 1773 2676 1835 quantopere
2703 1767 2769 1822 ad
2798 1769 3149 1824 humilitatem
3176 1780 3416 1825 nostram
3446 1772 3526 1826 fe-

268 1836 436 1896 atque
463 1829 820 1884 intirmatione
846 1832 1030 1885 domiti
1076 1834 1316 1903 corporis
1349 1834 1692 1902 convalescit,
1714 1851 1842 1890 sana
1879 1854 1920 1914 Β
1945 1848 2145 1903 sumre
2181 1850 2397 1919 debeas,
2431 1863 2488 1909 ω,
2515 1864 2571 1909 οι
2606 1858 2876 1926 paululum
2924 1860 3261 1915 occasionem
3305 1861 3524 1916 autem;

263 1923 326 1970 et
349 1917 523 1970 valida
552 1919 795 1983 caritate,
824 1936 982 1990 quam
1014 1935 1135 1988 erga
1167 1930 1219 1975 te
1250 1938 1344 1991 per
1364 1923 1644 1979 Dominum
1669 1923 1848 1980 Jesum

267 2019 521 2072 magnam
566 2008 842 2071 habemus,
895 2009 1134 2064 dedimus
1164 2011 1258 2065 has
1282 2013 1484 2068 litteras
1523 2014 1573 2068 in
1604 2014 1849 2069 solatium

267 2095 372 2159 tui,
397 2105 457 2149 ut
485 2112 583 2150 nos
613 2097 825 2150 interim
849 2107 1088 2153 tenemus
1116 2108 1235 2154 tuas
1268 2119 1279 2153 :
1307 2102 1478 2158 donec
1501 2113 1552 2158 te
1575 2106 1767 2175 ipsum,
1792 2115 1852 2160 ut

265 2177 626 2255 spopondisti,
658 2195 712 2240 et
739 2187 883 2257 quod
912 2204 1199 2258 numquam
1243 2190 1535 2247 desinimus
1564 2209 1593 2248 a
1625 2193 1850 2249 Domino

263 2289 520 2344 sperare,
553 2277 846 2332 videamus.

345 2384 431 2439 13.
475 2385 640 2440 Multa
664 2396 804 2452 sunt,
838 2404 954 2457 qua:
984 2390 1050 2444 ad
1079 2407 1177 2446 nos
1208 2393 1433 2450 invitare
1477 2405 1550 2464 te,
1581 2405 1636 2451 et
1664 2396 1730 2451 de
1754 2413 1850 2468 pa-

266 2477 374 2531 tria
402 2493 689 2549 parumper
731 2480 962 2535 debeant
1008 2498 1295 2550 sevocare;
1326 2503 1431 2556 pra:
1454 2489 1652 2543 ceteris
1699 2505 1850 2546 amor

265 2570 442 2639 pacis,
473 2579 526 2624 et
547 2572 644 2625 zeli
672 2572 812 2642 fuga,
840 2574 930 2642 qui
958 2577 1187 2630 maxime
1217 2588 1507 2648 conspectu
1538 2588 1630 2634 aut
1658 2581 1849 2636 vicinia

262 2661 476 2715 aemula:
523 2665 943 2721 conversationis
985 2667 1314 2724 accenditur.
1361 2669 1600 2739 Denique
1625 2687 1655 2724 a
1694 2673 1851 2727 nobis

267 2753 460 2812 Romae
488 2757 582 2827 (V.
616 2769 727 2813 not.
757 2759 846 2828 Η)
877 2762 1239 2831 zelotyporum
1272 2764 1516 2818 incendia
1537 2766 1851 2820 clericorum

265 2846 634 2915 longinquitas
657 2849 815 2904 Urbis
840 2854 1151 2919 exstinguit,
1184 2863 1239 2908 et
1267 2856 1442 2908 omnis
1466 2856 1572 2910 illic
1605 2857 1855 2925 iniquitas

264 2938 503 2992 obstruit
551 2955 614 2993 os
657 2955 810 2994 suum
844 2952 865 2979 ο
910 2943 1076 3010 :quia
1107 2959 1203 3012 per
1249 2944 1544 2999 absentiam
1589 2946 1712 3001 inde
1757 2964 1855 3020 ne-

271 3036 445 3080 stram
469 3029 620 3095 quasi
648 3029 910 3085 subducto
937 3032 1142 3096 fomite,
1171 3035 1350 3101 segnis
1373 3035 1618 3090 odiorum
1641 3036 1851 3091 flantum

267 3114 539 3181 frigescit;
570 3133 668 3173 nec
693 3120 744 3174 in
779 3136 962 3175 vocem
999 3123 1155 3176 audet
1183 3139 1484 3193 erumpere,
1517 3125 1638 3180 licet
1671 3127 1848 3181 denti-

1950 1940 2310 2004 qurcrentibus
2351 1945 2689 2000 occasionem
2709 1987 2722 2011 ,
2755 1957 2810 2000 et
2836 1964 2936 2019 pro
2967 1949 3149 2016 gratia:
3178 1951 3262 2004 vel
3283 1952 3528 2007 caritatis

1950 2039 2234 2094 augmento
2258 2032 2325 2101 (ι’)
2358 2036 2712 2104 peregrinaris
2732 2052 2760 2091 a
2783 2038 2953 2106 patria
2977 2038 3101 2092 dum
3125 2040 3302 2096 adhuc
3327 2040 3526 2111 hespes

1950 2119 2194 2187 corporis
2218 2123 2571 2190 peregrinaris
2609 2141 2643 2179 .a
2686 2126 2901 2183 Christo
2939 2131 2951 2166 ί
2978 2170 2992 2193 ,
3022 2131 3146 2198 quia
3178 2129 3388 2186 Veritas
3412 2133 3524 2202 ipsa

1949 2213 2178 2263 testatur
2204 2213 2455 2267 neminem
2483 2217 2783 2285 prophetam
2831 2229 3091 2289 acceptum
3121 2236 3231 2274 esse
3253 2222 3311 2276 in
3353 2225 3527 2293 patria

1947 2313 2043 2350 tua
2071 2299 2114 2350 l.

2022 2389 2107 2444 15.
2150 2391 2342 2449 Fateor
2367 2404 2564 2461 autem,
2598 2399 2722 2453 licet
2761 2399 2888 2454 mihi
2932 2401 3060 2455 nihil
3106 2403 3386 2471 prmsentia
3433 2411 3523 2458 tua

1949 2482 2150 2547 gratius
2171 2482 2287 2537 dari
2319 2487 2505 2554 possit,
2530 2503 2816 2543 accensum
2848 2506 2966 2545 esse
2994 2491 3318 2549 desiderium
3346 2509 3524 2548 meum

1952 2570 2260 2638 ﬂagrantius
2292 2574 2342 2627 in
2373 2577 2709 2642 praesentiam
2741 2587 2907 2642 tuam,
2938 2581 3080 2648 quod
3109 2583 3303 2636 multos
3331 2583 3527 2638 fratres

1951 2661 2218 2729 spiritales
2268 2673 2442 2719 tecum
2500 2668 2654 2720 nobis
2705 2668 2888 2723 adfore
2937 2671 3291 2740 spopondisti.
3343 2671 3528 2728 Eritne

1953 2763 2136 2818 quaeso
2168 2759 2374 2820 tempus
2404 2749 2555 2819 illud,
2579 2763 2632 2808 et
2659 2756 2930 2812 illucescet
2953 2758 3044 2814 ille
3071 2760 3361 2830 aliquando
3390 2763 3522 2829 dies,

1953 2854 2059 2908 quo
2083 2841 2472 2898 fraternitatem
2492 2853 2638 2900 tuam
2660 2848 2856 2903 comite
2876 2849 3166 2904 electorum
3189 2851 3283 2907 Dei
3303 2853 3528 2910 cohorte

1954 2933 2282 2996 venie..tem,
2316 2935 2366 2988 in
2410 2937 2616 3006 gremio
2637 2937 2750 3005 jam
2773 2942 3072 2996 communis
3093 2942 3189 3012 (ιν.
3224 2952 3335 2998 not.
3371 2944 3436 2998 16
3469 2955 3528 3000 et

1958 3023 2046 3091 17)
2073 3025 2282 3092 patroni
2321 3026 2360 3056 "
2393 3027 2705 3082 Dominzedii
2743 3030 2846 3084 mei
2888 3030 3080 3089 Felicis
3119 3035 3412 3103 excipiam;
3443 3045 3520 3099 et,

1951 3115 2092 3184 quod
2124 3132 2264 3170 nunc
2293 3117 2457 3186 ipsius
2504 3121 2836 3176 orationibus
2881 3122 3157 3193 impetrari
3205 3141 3335 3194 rogo
3367 3128 3432 3194 ",
3465 3129 3519 3185 id

266 3204 374 3258 bus
402 3205 476 3274 (ὁ)
526 3207 732 3262 frendat
782 3211 998 3274 invidia,
1027 3211 1152 3264 dum
1183 3213 1474 3283 iniquitatis
1499 3229 1606 3268 suae
1635 3217 1846 3271 conscia

1953 3204 2291 3274 impetratum
2321 3224 2521 3276 coram,
2556 3211 2692 3281 apud
2731 3213 2902 3282 ipsum
2954 3217 3154 3284 pariter
3195 3218 3251 3272 in
3296 3217 3524 3277 Domino

267 3294 387 3363 ipsa
415 3309 474 3348 se
497 3295 783 3358 erubescit,
813 3314 910 3352 nec
939 3299 989 3352 in
1021 3308 1269 3368 promptu
1314 3300 1478 3355 habet
1509 3303 1594 3357 ubi
1619 3302 1760 3359 faces
1781 3305 1848 3358 li-

267 3383 406 3436 vidae
437 3385 631 3438 mentis
653 3385 935 3440 accendat.
975 3387 1089 3440 Pan:
1119 3397 1295 3442 tamen
1321 3387 1437 3452 Dei,
1461 3407 1573 3460 qua:
1599 3394 1846 3462 praecellit

272 3491 476 3528 onmem
495 3492 722 3538 sensum,
747 3475 974 3531 abundat
1000 3479 1053 3532 in
1074 3479 1314 3534 cordibus
1345 3481 1370 3516 ’³
1402 3481 1768 3549 plurimorum,
1791 3493 1847 3538 et

269 3581 407 3636 opus
449 3566 540 3620 Dei
570 3567 861 3624 Salvatoris
887 3571 937 3624 in
976 3572 1130 3627 nobis
1156 3571 1445 3642 Campania
1482 3581 1596 3629 tota
1625 3590 1847 3629 venera-

273 3664 379 3710 tur.
406 3655 589 3711 Romae
617 3673 828 3727 quoque
873 3661 1025 3730 pauci
1054 3661 1214 3715 etiam
1246 3663 1297 3718 in
1339 3663 1484 3718 clero
1514 3664 1648 3735 ipso,
1680 3679 1712 3718 a
1738 3679 1846 3734 quo

271 3745 388 3800 solo
416 3746 658 3802 videmur
677 3749 1042 3816 scandalizari,
1071 3769 1252 3809 morsu
1276 3755 1482 3810 invidize
1501 3772 1847 3812 commoven-

274 3842 380 3889 tur.
413 3834 518 3890 Sed
546 3836 770 3892 Domino
791 3841 1008 3906 gratias,
1040 3843 1128 3912 qui
1159 3852 1212 3897 et
1243 3845 1371 3898 mihi
1400 3845 1699 3901 miserrimo
1720 3862 1846 3916 pec-

275 3926 440 3978 catori
464 3942 562 3981 suo
591 3927 736 3980 dedit
763 3929 940 3984 dicere
967 3949 978 3983 :
1005 3931 1258 3994 Quoniam
1283 3934 1498 3988 oderunt
1515 3951 1592 3988 me
1611 3936 1772 4006 gratis
1799 3947 1841 3988 τ’.

281 4012 432 4079 Quod
463 4017 504 4046 ¹⁹
537 4026 712 4074 tamen
735 4019 801 4073 ad
824 4036 910 4074 me
932 4023 1183 4090 pertinet,
1214 4041 1328 4080 cum
1356 4027 1480 4094 ipsis
1505 4041 1738 4094 quoque,
1761 4027 1847 4098 qui

278 4101 490 4160 oderunt
529 4124 705 4175 pacem
730 4110 800 4177 (ε)
833 4124 1006 4164 meam
1044 4114 1080 4142 ¹¹
1102 4152 1117 4176 ,
1151 4122 1329 4168 mente
1365 4115 1614 4183 paciﬁcus
1651 4129 1764 4168 sum
1800 4114 1843 4168 τ.

261 4191 338 4245 δί
365 4195 476 4263 quis
500 4197 634 4248 enim
663 4198 766 4251 vult
795 4200 1140 4254 contentiosa:
1161 4218 1289 4267 esse,
1321 4203 1415 4256 hoc
1436 4211 1613 4257 nostra
1634 4219 1847 4258 consue—

259 4282 396 4342 tudo
425 4301 528 4339 non
558 4289 735 4357 recipit
767 4298 812 4340 ε.
862 4289 1064 4344 Horum
1112 4301 1289 4348 tamen
1331 4294 1598 4363 ipsorum,
1622 4295 1712 4364 qui
1750 4313 1850 4352 nos

274 4373 473 4439 odisse,
501 4385 558 4430 et
595 4392 623 4429 a
663 4379 936 4433 consortio
978 4383 1276 4437 sanctitatis
1319 4399 1428 4439 suae
1456 4399 1736 4455 segregare
1761 4387 1844 4442 di—

273 4473 485 4531 cuntur,
517 4467 603 4523 vix
639 4467 706 4522 ad
733 4484 831 4524 nos
859 4471 1032 4526 tenuis
1063 4471 1201 4528 fama
1247 4476 1552 4544 perlabitur,
1581 4485 1636 4532 et
1657 4479 1725 4533 ab
1745 4494 1844 4532 au-

1949 3296 2312 3363 gratulemur?
2331 3315 2450 3354 cum
2473 3315 2572 3369 ego
2594 3319 2688 3358 vos
2710 3304 2864 3358 simul
2887 3315 2942 3359 et
2966 3307 3194 3362 vicissim
3211 3311 3524 3380 complexus

1949 3399 2155 3452 omnes,
2189 3389 2378 3443 merito
2399 3390 2570 3445 dicam
2590 3394 2991 3449 concinentibus
3012 3397 3189 3452 vobis;
3216 3399 3345 3456 Ηιεε
3365 3402 3523 3470 plane

1949 3474 2075 3540 dies,
2126 3493 2278 3546 quam
2305 3480 2424 3549 fecit
2470 3479 2754 3547 Dominus;
2793 3485 3097 3540 exsultth
3125 3497 3176 3540 et
3200 3490 3430 3546 [Manut
3467 3494 3522 3549 in

1947 3584 2008 3620 ea
2039 3567 2060 3604 ¹ι
2089 3586 2102 3620 z
2135 3570 2258 3640 quia
2289 3569 2472 3625 bonum
2499 3581 2547 3625 et
2571 3574 2644 3644 (g)
2663 3576 2950 3645 jucundum
2983 3577 3215 3634 habitare
3257 3581 3445 3650 fratres
3467 3583 3522 3639 in

1947 3676 2104 3715 unum
2139 3659 2180 3716 ι.
2211 3660 2344 3716 Tum
2373 3677 2474 3732 ego
2498 3673 2550 3719 te
2575 3682 2678 3720 non
2704 3667 2754 3720 in
2772 3671 3095 3726 monasterio
3123 3679 3331 3728 tantum
3360 3673 3520 3730 vicini

1948 3750 2194 3824 Martyris
2221 3754 2555 3824 inquilinum,
2586 3757 2679 3812 sed
2705 3759 2866 3814 etiam
2893 3761 2948 3816 in
2974 3763 3133 3818 horto
3162 3764 3396 3834 ejusdem
3423 3783 3518 3823 co—
3549 3795 3556 3802 ~

1949 3841 2134 3898 lonnm
2175 3845 2384 3908 locabo,
2429 3845 2522 3901 sed
2550 3848 2748 3915 gratis;
2789 3850 2915 3919 quia
2939 3851 3049 3920 jam
3080 3868 3109 3906 a
3140 3854 3521 3922 patrefamilias

1948 3934 2201 4004 accepisti
2226 3934 2502 3989 denarium
2532 3945 2679 3992 tuum
2709 3939 2747 3975 ω
2771 3957 2786 3992 :
2821 3948 3015 4009 praeter
3057 3943 3192 4007 illos,
3215 3958 3350 4013 quos
3377 3946 3521 4003 idem

1948 4023 2204 4078 Dominus
2227 4023 2302 4095 (lt)
2324 4024 2434 4093 jam
2451 4041 2550 4095 pro
2578 4029 2886 4084 vulneribus
2911 4030 3012 4084 tuis
3033 4031 3207 4098 largus
3228 4035 3520 4090 stabulario

1948 4113 2096 4167 dedit
2122 4123 2168 4176 ιι,
2197 4122 2255 4168 ιιι
2274 4123 2490 4169 curatus
2510 4117 2632 4170 oleo
2660 4117 3056 4184 misericordiae,
3087 4128 3142 4173 et
3166 4123 3291 4175 vino
3313 4125 3515 4190 gratim,

1951 4202 2132 4256 utilius
2152 4201 2217 4256 ad
2238 4201 2560 4258 dominicam
2581 4204 2792 4258 vineam
2821 4205 3085 4274 integrato
3113 4222 3340 4280 corpore
3372 4211 3518 4268 loca.

1949 4292 2104 4346 reris.

2023 4381 2108 4437 16.
2143 4381 2336 4438 Videre
2365 4395 2494 4450 ergo
2514 4381 2625 4452 jam
2653 4383 2782 4438 mihi
2811 4385 2998 4441 videor
3035 4386 3307 4446 hortulum
3337 4406 3518 4448 meum

1947 4475 2354 4550 adventantibus
2396 4481 2572 4530 tecum
2602 4475 2810 4532 Domini
2848 4479 3208 4546 mercenariis,
3237 4490 3294 4536 et
3319 4498 3519 4557 coope—

273 4555 418 4610 ribus
441 4559 637 4612 nostris
662 4562 933 4629 spinarum
954 4579 1081 4633 sepe
1099 4566 1314 4621 munitis
1336 4565 1382 4631 ιι,
1407 4576 1464 4621 ut
1483 4583 1610 4621 aura
1635 4567 1838 4637 frigida,
1873 4565 1922 4627 Ι)
1946 4568 2185 4623 rantibus
2204 4567 2504 4623 cultiorem.
2530 4568 2713 4638 Neque
2733 4570 2874 4624 enim
2903 4570 3115 4626 diﬂiCile
3134 4555 3514 4643 existimari",

275 4646 357 4700 vel
387 4646 747 4717 importunum
769 4653 921 4706 vacui
941 4655 1126 4710 culicis
1153 4672 1393 4714 mumlur
1413 4659 1730 4715 excluditur.

341 4737 430 4792 14.
471 4739 580 4794 Sed
609 4743 816 4812 plenius
849 4744 1081 4801 indicare
1109 4758 1360 4818 poterunt
1381 4753 1624 4806 conservi
1647 4753 1834 4818 nostri,

1944 4674 2104 4730 quam
2130 4658 2287 4714 facile
2308 4658 2402 4729 (V.
2427 4674 2512 4730 ep.
2544 4658 2631 4714 49.
2664 4677 2718 4715 n.
2750 4661 3080 4733 2)depleturi
3103 4665 3146 4698 ⁸⁸
3167 4666 3272 4724 sint
3299 4667 3518 4724 levioris

1941 4753 2164 4809 culturze
2190 4751 2450 4817 laborem,
2480 4765 2616 4821 quos
2646 4753 2699 4808 in
2725 4755 2936 4809 vineam
2963 4770 3114 4812 suam
3142 4756 3385 4815 Christus
3405 4759 3517 4814 ele-

347 4897 451 4980 "ll
487 4898 609 4954 Cor.
635 4916 738 4980 λεί,
772 4900 896 4980 1‘0."
933 4903 1112 4980 b_Gal.
1148 4921 1215 4971 v,
1247 4905 1331 4980 [Ι.
1413 4921 1437 4980 ἡ
1479 4887 1620 4980 Psal:
1646 4927 1748 4974 cvt,
1777 4909 1846 4964 62

1951 4907 1987 4980 ³-
2009 4908 2196 4978 Philip.
2224 4924 2296 4980 ty,
2329 4910 2377 4962 7.
2459 4917 2491 4980 ξ
2523 4907 2661 4964 Psal.
2693 4927 2873 4975 xxxiv,
2898 4911 2983 4968 19.
3065 4911 3082 4949 ί
3126 4912 3265 4970 Psal.
3291 4931 3432 4980 cxtx,
3457 4917 3508 4970 7.

276 4974 300 5012 ι
329 4965 349 5018 1
377 4970 501 5022 Cor.
533 4987 602 5028 XI,
632 4969 714 5020 16.
791 4968 816 5008 ιι
861 4970 1020 5025 Ευριί.
1048 4965 1224 5035 xxvnt,
1249 4975 1336 5031 28.

275 5042 312 5070 ³·
351 5036 540 5091 Matth.
574 5055 662 5100 xx,
697 5038 750 5091 9.
826 5049 850 5075 η
892 5040 1018 5095 Luc.
1063 5059 1112 5108 κ,
1139 5043 1227 5097 55.

343 5170 422 5240 (a)
461 5168 537 5224 Ita
567 5185 696 5226 mss.
726 5152 925 5240 Beﬁic.
957 5181 1013 5228 et
1034 5173 1166 5244 Reg.
1194 5175 1328 5233 Vide
1358 5187 1469 5233 not.
1504 5178 1589 5234 13.

343 5263 420 5344 (ὁ)
462 5262 554 5344 §ic
777 5265 906 5344 Reg.
939 5267 1172 5344 et‘Vien.
1201 5277 1256 5344 et
1282 5271 1408 5326 editi
1453 5272 1503 5344 4.
1527 5271 1619 5326 Sic
1649 5271 1842 5344 frendit

272 5329 419 5416 apud.
462 5329 807 5416 Prudentium
848 5329 938 5391 lib.
983 5335 1441 5416 Peristephannn,‘
1487 5329 1683 5412 hymn'o
1712 5339 1746 5393 5
1772 5341 1842 5396 de

271 5402 328 5459 εξ
359 5402 642 5460 Vincentio
671 5413 1074 5472 martyre,vets.
1102 5402 1224 5462 393.
1251 5402 1445 5466 Eadem
1467 5402 1680 5483 quoque
1709 5425 1842 5466 voce

273 5489 399 5529 usus
425 5481 509 5529 est
533 5472 767 5528 Plautus.
800 5473 937 5529 Edit.
981 5475 1168 5543 Rosv.,
1200 5481 1451 5549 frendeat.

340 5565 414 5635 (ε)
455 5563 615 5621 Deest
642 5581 830 5630 meam,
861 5566 915 5620 in
944 5583 1043 5622 ms.
1072 5567 1229 5623 Vien.

342 5655 420 5722 (ά)
461 5653 769 5722 ϐοεηοίιῃοη
813 5663 894 5709 est
920 5654 1142 5710 inditum
1188 5658 1257 5713 ab
1309 5663 1440 5716 urbe
1487 5663 1675 5719 Roma.
1707 5664 1842 5720 llinc

275 5721 602 5790 Zepliyriutts
635 5721 848 5776 Urbicus
873 5741 1008 5792 papa
1031 5724 1226 5781 dicitur
1253 5727 1320 5782 ab
1349 5727 1542 5796 Optato
1570 5733 1658 5787 lib.
1690 5751 1736 5799 ις
1762 5735 1836 5789 uti

1428 4977 1438 5014 ί
1477 4978 1518 5033 ll
1549 4979 1672 5034 Cor.
1703 4996 1754 5045 v,
1787 4980 1839 5032 6.
1921 4979 1934 5028 i
1972 4977 2099 5032 Luc.
2133 4976 2202 5042 t'v,
2229 4976 2316 5031 ‘24.
2396 4981 2416 5016 ιι
2462 4976 2597 5032 Psal.
2628 4995 2788 5045 cxvn,
2811 4980 2900 5035 Ἡ.
2982 4979 2997 5018 ¹
3043 4981 3183 5039 Psal.
3225 4976 3429 5052 cxxxn,
3459 4985 3511 5040 1.

1942 5188 2000 5234 et
2034 5181 2086 5233 in
2123 5181 2350 5235 concilio
2397 5181 2597 5237 Arelat.
2639 5182 2704 5237 de
2731 5183 2968 5239 diaconi:
2999 5185 3201 5242 Urbicir
3228 5189 3417 5257 agitur,
3461 5189 3514 5244 id

1943 5262 2024 5302 est
2056 5249 2326 5302 Romanis.
2465 5279 2468 5282 ~

1943 5262 2024 5304 εει
2056 5262 2326 5304 Romanis.

2017 5321 2088 5386 (e)
2127 5318 2203 5389 ita
2234 5335 2335 5389 ms.
2368 5319 2517 5374 Vien.
2552 5320 2652 5374 Alii
2681 5324 2914 5389 codices,
2945 5335 3138 5379 nostro.

2021 5389 2086 5456 (f)
2129 5387 2226 5442 Ms.
2269 5388 2464 5453 Vatic.,
2510 5392 2856 5462 peregrinari,
2902 5387 3108 5448 sublata
3134 5393 3410 5515 Jiarticula
3440 5406 3511 5458 et,

2021 5474 2063 5511 :1!
2091 5458 2253 5514 etiam
2283 5458 2434 5514 abest
2460 5474 2490 5512 a
2525 5472 2625 5515 ms.
2669 5460 2799 5515 Rea.
2831 5472 2888 5515 et
2906 5463 3028 5515 edd.
3060 5461 3131 5515 Ba
3173 5501 3188 5514 .
3218 5470 3271 5515 et
3299 5463 3507 5515 Schot.-

1944 5458 2253 5532 qu:e_etiam
2283 5458 2434 5532 abest
2460 5474 2490 5512 a
2512 5458 2646 5515 nisi
2669 5460 2811 5532 Reg.
2831 5472 2888 5516 et
2906 5463 3028 5516 edd.
3060 5458 3188 5515 Bad.
3218 5470 3271 5515 et
3299 5463 3508 5532 Rhot,

1943 5527 2086 5611 quod
2113 5527 2449 5611 commodum
2483 5544 2696 5611 sensum
2725 5527 2913 5611 reddit.

2013 5597 2091 5666 (ῃ)
2131 5595 2252 5651 Mss.
2305 5597 2517 5653 codices
2565 5608 2620 5654 et
2657 5601 2977 5654 vetustiores
3019 5598 3149 5654 editi
3205 5611 3514 5665 constanter

1941 5654 2494 5752 δεβέηεηίοονηάαιιικ
3038 5738 3072 5752 ..

2001 5737 2088 5803 (In)
2127 5735 2214 5790 Sic
2244 5752 2369 5792 mss.
2398 5735 2527 5806 Reg.
2559 5744 2616 5793 et
2643 5735 2792 5789 Vien.
2826 5735 2926 5791 Alii
2955 5738 3185 5805 codices,
3219 5751 3338 5800 tam.
