4056 6358
289 341 390 398 I77

282 544 398 596 tiidi
427 556 552 594 vere
588 540 840 594 scribere.
871 537 1012 592 Cave
1040 551 1169 604 ergo
1199 536 1422 604 posthac
1450 550 1636 589 servus
1662 535 1855 586 Christi

287 637 344 689 iit
371 633 670 687 libertatem
703 639 944 695 vocatus,
973 629 1201 682 hominis
1237 637 1292 682 et
1329 627 1506 681 fratris
1536 634 1591 680 et
1615 625 1858 679 conservi

288 721 556 776 inferioris
583 734 793 774 servum
825 727 877 772 te
905 718 1136 772 scribere
1171 736 1182 769 :
1215 717 1337 786 quia
1366 724 1643 787 peccatum
1677 715 1860 768 adula-

287 811 452 865 tionis
496 817 579 864 est
609 809 794 876 magis,
824 823 984 877 quam
1040 807 1352 860 humilitatis
1388 804 1697 874 jastifncatio
1719 845 1735 868 ,
1764 804 1863 858 ho-

285 915 477 954 norem
517 899 609 952 uni
656 898 901 962 Domino,
934 897 1022 951 uni
1052 898 1306 966 magistro
1334 910 1496 964 super
1523 904 1739 957 terram,
1773 894 1861 947 uni

286 992 402 1048 Deo
429 992 700 1053 debitum,
728 990 932 1044 homini
970 990 1218 1056 cuilibet,
1260 988 1525 1054 nedicam
1564 986 1862 1040 miserrimo

247 1133 252 1138 .
283 1081 581 1152 peccatori,
604 1079 830 1134 defcrre.
864 1077 1072 1132 Sufficit
1091 1081 1282 1132 caritas
1310 1078 1436 1146 30—,
1453 1078 1516 1144 de
1537 1075 1689 1129 corde
1717 1090 1862 1142 puro,

285 1184 340 1226 et
367 1173 470 1241 ﬁde
510 1188 609 1225 non
659 1172 781 1239 ﬁcta
813 1181 837 1206 ι
875 1187 891 1222 :
927 1170 1060 1240 quod
1103 1179 1270 1220 autem
1312 1166 1658 1220 abundantius
1702 1173 1866 1227 ἑυνα

287 1266 429 1320 malo
448 1275 523 1318 est
553 1263 599 1318 δ.
627 1262 864 1318 Obsecro
905 1271 956 1316 te
994 1262 1158 1316 frater
1194 1260 1706 1330 per-Dominum,.ut
1735 1270 1867 1326 prte-

285 1357 612 1412 sumtionem
657 1354 724 1408 de
771 1363 822 1407 te
866 1367 1038 1406 meam
1091 1353 1279 1422 spiritu
1323 1349 1665 1405 revelationis
1696 1351 1869 1418 (forte

287 1443 655 1512 relevationis)
681 1443 957 1512 inspicias;
986 1443 1219 1510 alioquin
1236 1449 1289 1495 et
1311 1441 1564 1495 oflensam
1580 1448 1722 1491 tuam
1745 1454 1868 1507 pos-

284 1550 409 1590 sum
433 1533 605 1588 vereri
643 1532 710 1587 de
749 1533 975 1602 epistola
1008 1541 1113 1586 tam
1144 1530 1353 1600 loquaci
1383 1548 1394 1582 :
1427 1529 1522 1584 sed
1553 1527 1695 1597 apud
1724 1528 1867 1582 cari-

289 1639 483 1696 tatem,
511 1645 628 1699 qua:
657 1631 828 1684 omnia
857 1630 1071 1682 sustinet
1096 1637 1139 1692 ο,
1169 1642 1236 1681 cx
1262 1641 1328 1680 eo
1358 1625 1474 1694 ipso
1503 1624 1671 1691 gratia
1711 1622 1870 1676 debet
1920 1629 1925 1635 '

286 1722 496 1789 augeri,
524 1736 632 1790 quo
661 1719 924 1774 fastidium
965 1717 1265 1788 comparari
1295 1717 1450 1779 solet,
1482 1715 1569 1768 ubi
1610 1714 1752 1768 nulla
1777 1727 1871 1767 ca-

1708 333 2029 389 EPISTOIA
2071 333 2142 387 Vl.

285 455 386 507 ltus
417 451 541 506 mihi
574 447 955 504 fraternitatem
983 455 1124 501 tuam
1155 445 1306 500 timui
1341 463 1351 497 ε
1381 445 1504 513 quia
1543 445 1704 497 tutius
1737 459 1855 497 trre-
1887 449 1933 504 Α

3429 342 3528 400 ῐ73

2497 447 2824 503 ΕΡΙΞΪΟΙΛ
2854 453 2866 469 ⁶
2907 450 2990 504 \‘I.

1957 556 2260 623 Augustino,
2287 573 2388 608 non
2416 570 2627 632 accepto
2641 559 2713 632 abl
2719 578 2783 632 ρο
2813 578 3072 632 responso,
3099 562 3264 617 denuo
3291 579 3382 632 per
3400 565 3531 620 alios

2505 629 2681 681 scribit
2710 629 2980 683 Paulinus.

1960 733 2185 788 Domino
2212 744 2401 788 sancto
2432 735 2579 789 fratri
2610 745 2659 789 et
2704 739 2956 792 unanimo
2987 741 3304 806 Arcusrmo,
3339 740 3530 796 ΡΑυιι-

2330 821 2426 860 st
2453 814 2508 858 et
2538 806 2800 860 TllEﬂASlA
2833 817 3162 876 peceatores.

2038 914 2082 966 l.
2123 913 2437 969 Jamdudum
2474 917 2638 970 frater
2666 918 2718 972 in
2747 917 2962 973 Christo
3006 919 3252 986 Domino,
3283 919 3353 974 mi
3398 937 3533 975 tina-

1963 1002 2126 1066 nime,
2158 1012 2215 1057 ut
2257 1011 2307 1058 te
2335 1004 2386 1058 in
2426 1006 2624 1058 sanctis
2650 1014 2706 1059 et
2732 1007 2832 1075 piis
2862 1001 3131 1062 laboribus
3161 1011 3263 1064 tuis
3289 1011 3534 1064 nescien-

1965 1100 2072 1145 tem
2102 1093 2313 1160 agnovi,
2329 1095 2710 1162 absentemque
2730 1096 2856 1158 vidi,
2874 1105 2984 1150 tota
3007 1107 3184 1152 mente
3204 1099 3534 1168 completus,

1967 1185 2200 1253 alloquio
2227 1201 2440 1254 quoque
2471 1187 2712 1241 familiari
2752 1198 2910 1256 atque
2941 1190 3308 1259 lraterno-per
3335 1191 3538 1244 litteras

1970 1276 2040 1342 (ε)
2063 1274 2210 1328 adire
2239 1277 2540 1344 properavi.
2571 1276 2636 1329 Et
2658 1277 2821 1331 crede
2849 1279 2950 1347 31
2983 1279 3034 1330 in
3057 1295 3215 1332 manu
3245 1287 3299 1333 ct
3339 1280 3391 1332 in
3415 1294 3506 1346 gra

1971 1369 2042 1420 tia
2084 1367 2292 1420 Domini
2320 1383 2622 1423 sermonem
2651 1385 2824 1423 meum
2866 1371 2930 1423 ad
2960 1379 3009 1424 te
3040 1372 3200 1425 fuisse
3229 1372 3488 1440 perlatum
3523 1388 3536 1423 :

1968 1455 2061 1510 sed
2084 1465 2326 1510 morante
2353 1457 2531 1513 adhuc
2556 1475 2743 1528 puero,
2768 1474 2927 1526 quem
2958 1460 3021 1512 ad
3050 1468 3102 1513 te
3140 1460 3377 1528 aliosque
3404 1460 3538 1513 dile-

1968 1553 2086 1599 ctos
2118 1560 2268 1612 atque
2299 1545 2410 1599 Deo
2451 1547 2756 1601 salutandos
2784 1556 2908 1602 ante
2954 1550 3180 1603 hiemem
3209 1550 3226 1618 (
3251 1548 3358 1603 Sub
3377 1551 3540 1619 ﬁnem

1973 1636 2094 1687 anni
2113 1634 2236 1702 594)
2268 1635 2600 1701 miscramus,
2635 1653 2740 1690 non
2768 1638 3036 1706 potuimus
3067 1638 3200 1691 ultra
3227 1645 3280 1691 et
3309 1637 3541 1692 alliciunt

1969 1734 2209 1779 nostrum
2249 1725 2590 1794 suspendere,
2621 1734 2674 1780 et
2715 1728 3034 1780 desiderium
3065 1729 3541 1782 sermonistui-cu-

285 1814 425 1867 ritas
455 1812 665 1866 taedium
696 1819 972 1880 temperat.
1006 1810 1061 1864 ln
1097 1807 1344 1863 dictando
1373 1807 1514 1862 enim
1543 1807 1668 1860 dum
1698 1813 1748 1858 te
1775 1818 1867 1859 co-

1969 1815 2299 1886 pidissimum
2345 1793 2669 1884 temperare.
2726 1816 3049 1884 Scripsimus
3112 1817 3287 1884 itaque
3351 1817 3542 1870 iterato

285 1905 424 1974 gito,
456 1912 511 1959 et
539 1912 680 1958 totus
705 1904 757 1958 in
786 1911 839 1957 te
866 1917 1002 1963 sum,
1026 1901 1176 1968 quasi
1200 1899 1336 1969 apud
1366 1905 1676 1968 priesentem
1708 1896 1864 1963 longo

291 1997 578 2051 intervallo
617 1996 804 2065 loquar
824 1996 889 2060 ",
915 1993 1200 2048 obliviscor
1231 1992 1535 2061 impositum
1566 1988 1717 2043 linire
1753 2002 1865 2043 ser-

287 2102 530 2142 monem.

362 2177 450 2230 2!.
493 2176 690 2231 Panem
717 2176 1044 2247 Campanum
1067 2176 1132 2230 de
1159 2174 1345 2229 cellula
1378 2173 1472 2243 (γ.
1505 2179 1618 2226 not.
1653 2170 1863 2238 18)ηο-

285 2277 403 2323 stra
446 2268 538 2323 tibi
578 2285 677 2339 pro
706 2270 750 2300 "
788 2269 996 2338 eulogia
1040 2269 1296 2329 misimus,
1331 2275 1532 2320 tantum
1577 2265 1779 2318 meritis
1812 2264 1864 2318 in

290 2359 523 2414 Domino
565 2360 668 2414 tuis
707 2359 846 2422 freti,
879 2369 937 2413 ut
977 2359 1130 2429 plena
1178 2357 1242 2411 ad
1282 2365 1335 2410 te
1373 2355 1740 2426 perferendum
1782 2354 1865 2408 sui

287 2449 459 2516 gratia
490 2449 828 2503 crederemus
859 2467 870 2501 :
907 2459 960 2502 tu
1004 2450 1128 2502 licet
1159 2447 1490 2500 uberioribus
1524 2447 1674 2499 micis
1703 2461 1732 2498 a
1761 2445 1864 2499 Do-

289 2539 422 2592 mini
452 2554 633 2594 mensa
660 2539 769 2608 jam
798 2548 1066 2596 saturatos
1093 2541 1194 2602 sis,
1227 2539 1442 2606 dignare
1479 2547 1533 2592 et
1559 2553 1587 2591 a
1612 2546 1862 2607 peccato-

287 2629 439 2682 ribus
459 2638 737 2700 acceptum
763 2631 814 2684 in
847 2631 1060 2684 nomine
1084 2630 1290 2685 Domini
1311 2645 1502 2700 panem
1527 2630 1579 2682 in
1603 2629 1866 2695 culogiam

289 2728 523 2773 vertere.
567 2720 642 2774 Ae
687 2735 754 2774 nc
798 2721 949 2788 panis
986 2721 1258 2788 siligineus
1289 2721 1381 2773 tibi
1411 2719 1627 2772 modum
1672 2725 1868 2771 nostra:

240 2843 247 2851 -
291 2810 610 2864 humilitatis
638 2809 897 2864 excedere
940 2810 1228 2874 videretur,
1262 2809 1504 2862 misimus
1533 2807 1866 2860 testimonia-

291 2898 400 2952 iem
424 2901 467 2932 ε’
506 2900 807 2952 divitiarum
837 2909 1138 2954 nostrarum
1176 2899 1453 2953 scutellam
1496 2899 1759 2961 buxeam;
1812 2904 1870 2950 ut

295 2989 376 3054 ta)
395 2987 784 3055 apophoretum
809 2987 901 3056 (V.
917 2996 1032 3042 not.
1051 2988 1136 3056 l9)
1153 2989 1262 3040 voti
1284 2987 1536 3056 spiritalis
1549 2987 1777 3055 accipies
1802 2987 1866 3052 “,

297 3075 577 3130 habiturus
614 3077 893 3153 exemplo,
921 3078 964 3130 si
995 3077 1217 3130 necdum
1246 3077 1402 3131 simili
1432 3085 1650 3145 argento
1681 3077 1859 3130 uteris.

1967 1923 2110 1960 nunc
2153 1907 2196 1960 si
2245 1906 2451 1976 priores
2489 1905 2554 1959 ad
2587 1915 2638 1959 te
2677 1906 2862 1959 littera:
2904 1914 3097 1958 nostra:
3125 1905 3403 1974 pervenire
3430 1920 3542 1959 me-

1967 2008 2190 2053 ruerunt
2215 2017 2227 2065 ;
2253 2008 2342 2052 aut
2365 2003 2555 2068 primo,
2570 1999 2613 2052 si
2640 1999 2737 2051 illis
2763 1999 2813 2051 itt
2844 2004 3174 2052 manustuas
3199 1995 3542 2053 oerveniendi

1967 2089 2192 2143 felicitas
2221 2105 2324 2142 non
2356 2088 2470 2142 fuit.

2037 2180 2091 2234 9.
2108 2179 2211 2233 Sed
2237 2189 2313 2244 tu.
2337 2181 2501 2234 frater
2520 2181 2620 2250 (ά),
2639 2182 2884 2248 spiritalis
2906 2183 3076 2235 omnia
3087 2181 3330 2251 judicans
3345 2189 3370 2227 tt
3391 2193 3541 2233 amna

1967 2285 2078 2323 rem
2112 2271 2161 2325 in
2205 2280 2254 2324 te
2285 2280 2522 2325 nostrum
2555 2287 2622 2324 ne
2657 2271 2859 2340 pendas
2893 2271 3069 2325 offtcio
3098 2271 3244 2333 solo,
3278 2278 3371 2323 aut
3401 2277 3539 2323 temv

1968 2378 2098 2431 pore
2139 2362 2455 2416 litterarum.
2487 2363 2738 2416 Dominus
2778 2363 2915 2416 enim
2953 2363 3103 2415 testis
3149 2371 3250 2425 est,
3282 2361 3372 2429 qui
3411 2375 3543 2412 unus

1967 2464 2116 2523 atque
2143 2455 2274 2506 idem
2298 2464 2538 2524 operatur
2569 2453 2589 2488 ¹ι
2625 2455 2675 2507 in
2708 2454 2817 2507 suis
2847 2454 3040 2521 ubique
3070 2453 3344 2507 caritatem
3369 2466 3540 2511 suam,

1963 2541 2072 2610 jam
2103 2542 2294 2596 abinde
2324 2543 2478 2595 nobis
2504 2584 2519 2608 ,
2551 2557 2613 2595 ex
2645 2558 2750 2609 quo
2781 2550 2834 2596 te
2867 2542 3124 2594 beneficio
3156 2541 3544 2593 venerabilium

1968 2632 2339 2699 episcoporum
2372 2631 2571 2684 Aurelii
2604 2640 2655 2683 et
2683 2631 2875 2699 Alypii,
2909 2646 3004 2697 per
3026 2639 3114 2682 tua
3145 2630 3196 2682 in
3224 2628 3542 2682 Manichmos

1969 2734 2132 2787 opera
2155 2719 2518 2785 cognovimus,
2553 2721 2623 2770 ita
2670 2718 2886 2770 inditam
2916 2717 3255 2770 dilectionem
3287 2725 3451 2781 tuam,
3485 2725 3543 2770 ut

1972 2809 2126 2862 nobis
2155 2824 2260 2861 non
2306 2824 2495 2861 novant
2521 2798 2770 2876 'aliquam
2807 2806 3090 2860 amicitiam
3127 2808 3139 2836 '
3177 2821 3406 2866 sumere.
3439 2807 3540 2861 scd

1973 2899 2123 2966 quasi
2155 2906 2388 2952 veterem
2417 2899 2693 2951 caritatem
2723 2912 2992 2951 resumere
3021 2895 3342 2950 videremur.
3381 2896 3541 2951 Deni-

1971 3003 2076 3055 que
2105 3003 2244 3041 nunc
2272 2988 2370 3040 etsi
2399 3001 2664 3048 sermone,
2698 3003 2802 3040 non
2830 2995 3006 3040 tamen
3039 2995 3305 3054 tamquam
3335 2992 3389 3039 et
3416 2985 3540 3041 affe-

1972 3087 2057 3131 ctu
2087 3076 2244 3131 rudes
2272 3077 2578 3140 scribimus,
2616 3085 2772 3146 teque
2808 3076 3040 3130 vicissim
3070 3075 3256 3145 spiritu
3282 3090 3379 3145 per
3408 3075 3542 3130 inte-

292 3166 448 3231 Quod
478 3166 522 3220 si
552 3143 861 3234 nigellatum
892 3169 910 3234 (
946 3167 1002 3220 ν.
1036 3175 1146 3220 ηοι.
1181 3167 1288 3237 20)
1321 3143 1512 3232 habes,
1532 3169 1682 3222 mitte
1715 3169 1867 3224 nobis
1891 3143 1936 3203 Ο
1971 3168 2164 3221 riorem
2213 3167 2480 3221 hominem
2510 3166 2660 3236 quasi
2689 3143 3160 3234 recognoscimus.
3205 3143 3311 3220 Nec
3346 3166 3541 3221 mirum

291 3269 392 3324 per
412 3268 477 3308 ea
506 3255 739 3319 vascula,
771 3270 888 3323 qua:
917 3257 1093 3325 pueris
1117 3254 1188 3326 (ὁ)
1215 3258 1336 3320 tuis,
1372 3256 1487 3312 ﬁliis
1525 3259 1739 3323 nostris,
1769 3258 1863 3312 de-

291 3344 680 3398 mandavimus.
715 3345 966 3400 Amamus
993 3347 1132 3401 enim
1165 3363 1287 3401 vasa
1319 3348 1516 3410 ﬁctilia,
1541 3349 1663 3418 quia
1690 3359 1744 3403 et
1777 3365 1863 3404 se-

292 3434 524 3488 cundum
546 3434 714 3488 Adam
735 3444 958 3503 cognata
989 3437 1142 3490 nobis
1169 3446 1309 3500 sunt,
1339 3448 1393 3492 et
1415 3438 1622 3493 Domini
1648 3441 1864 3494 thesau-

294 3541 412 3580 rum
445 3525 497 3579 in
521 3526 712 3580 talibus
737 3528 876 3582 vasis
895 3529 1233 3582 commissum
1265 3528 1520 3583 habemus
1540 3528 1587 3583 ἀ.

363 3615 452 3669 2‘2.
482 3615 744 3670 Praeterea
771 3627 914 3686 peto,
940 3619 1061 3686 quia
1093 3634 1357 3672 summum
1387 3621 1545 3674 animi
1575 3621 1646 3674 tui
1664 3620 1749 3688 jus
1769 3621 1865 3675 ha-

294 3708 420 3762 bere
448 3722 535 3762 me
561 3707 808 3772 confido;
842 3717 900 3762 ut
937 3709 979 3762 si
1028 3724 1245 3762 necesse
1281 3710 1470 3777 fuerit,
1501 3711 1866 3766 deficientibus

297 3815 325 3853 a
354 3816 438 3852 me
472 3808 527 3852 et
566 3799 786 3863 libertis,
816 3808 870 3854 et
909 3801 1094 3864 servis,
1124 3809 1178 3854 et
1214 3801 1480 3865 fratribus,
1509 3811 1652 3856 tuam
1672 3819 1864 3859 .curam

299 3889 608 3957 impendas,
657 3896 708 3954 et
748 3889 999 3943 ord'nare
1047 3891 1281 3959 digneris
1306 3892 1374 3958 ³³,
1417 3893 1645 3960 qualiter
1674 3893 1866 3948 adnos

303 3979 473 4034 vinum
504 3988 676 4043 vetus,
703 3980 843 4048 quod
871 3980 1116 4034 Narbone
1143 3982 1316 4036 adhuc
1346 3999 1444 4036 nos
1473 3984 1866 4039 habere-credi-

305 4082 432 4133 mus,
457 4069 793 4137 pervchatur.
820 4069 896 4122 Ne
925 4071 1134 4135 timeas,
1159 4069 1322 4126 frater
1350 4081 1554 4135 sancte,
1588 4073 1864 4139 damnum,

302 4158 344 4210 si
371 4175 469 4213 nos
508 4158 695 4213 feceris
718 4159 878 4213 etiam
907 4159 1147 4227 pecunia:
1175 4160 1468 4215 debitores.
1498 4161 1700 4215 Omnes.
1725 4164 1865 4216 enim

301 4249 465 4302 nostri
502 4264 531 4301 a
559 4249 711 4302 nobis
740 4248 1142 4314 declinaverunt,
1173 4250 1338 4302 simul.
1365 4251 1509 4314 impii
1532 4251 1656 4320 facti
1681 4259 1862 4314 sunt”,

301 4351 345 4393 tt
373 4341 567 4394 inimici
587 4340 804 4396 hominis
833 4339 1094 4393 domestici
1122 4339 1233 4408 ejus
1266 4338 1307 4392 ί.

1967 3257 2009 3310 si
2040 3266 2094 3312 et
2119 3257 2365 3312 absentes
2390 3257 2640 3312 adsumus
2672 3257 2844 3320 nobis,
2875 3265 2924 3311 et
2951 3257 3127 3326 ignoti
3152 3265 3363 3312 nosmet
3391 3258 3542 3312 novi-

1967 3363 2104 3411 mus,
2135 3363 2254 3402 cum
2283 3349 2438 3402 unius
2465 3347 2705 3416 corporis
2732 3348 2968 3402 membra
2997 3349 3164 3402 simus
3199 3347 3238 3414 ί,
3263 3335 3424 3402 unum
3452 3348 3540 3402 ba-

1967 3439 2185 3491 beamus
2209 3446 2506 3506 caput,una
2538 3436 2918 3505 pcrfundamur
2941 3431 3132 3505 gratia,
3166 3454 3271 3491 uno
3297 3437 3390 3508 (V.
3423 3447 3536 3492 not.

1967 3525 2056 3595 2|)
2089 3541 2224 3593 pane
2253 3526 2512 3589 vivamus,
2554 3542 2658 3579 una
2701 3526 3006 3580 incedamus
3031 3526 3134 3589 via,
3166 3526 3352 3580 eadem
3385 3527 3539 3582 habi-

1968 3623 2140 3673 tetnus
2159 3615 2338 3671 domo.
2372 3616 2608 3685 Denique
2630 3617 2682 3671 itt
2706 3632 2864 3672 omne
2887 3620 3029 3686 quod
3049 3633 3253 3680 sumus,
3282 3626 3393 3672 tota
3421 3634 3540 3688 spe,

1966 3707 2164 3763 actllde
2190 3722 2293 3777 qua
2321 3715 2523 3762 stamus
2553 3709 2604 3762 in
2635 3711 2901 3779 pncsenti,
2930 3711 3149 3768 nitimur
3177 3712 3228 3766 in
3260 3711 3490 3766 futurum
3524 3730 3537 3765 :

1969 3807 2078 3851 tam
2109 3798 2161 3852 in
2189 3798 2376 3867 spiritu
2406 3813 2564 3866 quam
2589 3799 2640 3852 in
2665 3815 2888 3868 corpore
2916 3801 3123 3855 Domini
3148 3817 3308 3855 unum
3335 3817 3539 3866 sumus,

1969 3905 2035 3944 ne
2056 3891 2222 3944 simus
2244 3891 2390 3954 nihil,
2414 3892 2460 3945 si
2489 3892 2556 3944 ab
2586 3907 2691 3945 uno
2718 3893 3042 3948 cxcidamus.

2037 3980 2090 4033 5.
2131 3979 2451 4044 Quantulum
2497 3995 2626 4047 ergo
2653 3992 2736 4036 est
2759 4025 2775 4049 ,
2797 3983 2940 4050 quod
2977 3983 3217 4036 absentia
3247 3985 3548 4053 corporalis

1966 4069 2121 4122 nobis
2162 4069 2362 4123 invidet
2400 4071 2602 4132 nostri,
2637 4073 2734 4124 nisi
2781 4087 2910 4125 sane
2956 4071 3182 4124 fructum
3225 4072 3402 4134 istum,
3434 4090 3543 4141 quo

1967 4165 2255 4226 pascuntur
2300 4159 2438 4212 oculi
2497 4161 2868 4226 temporalium
2945 4160 3014 4229 (ε)
3096 4168 3494 4227 exspectatores
3518 4165 3543 4216 τ

1968 4245 2226 4310 Quamvis
2243 4259 2339 4299 nec
2369 4247 2663 4314 corporalis
2686 4246 2897 4314 quidem
2927 4247 3095 4314 gratia
3137 4247 3444 4315 temporalis
3486 4250 3540 4304 in

1967 4335 2295 4404 spiritalibus
2318 4334 2428 4390 dici.
2449 4335 2660 4398 debeat,
2685 4337 2877 4404 quibus
2906 4337 3066 4392 etiam
3088 4347 3370 4407 corporum
3385 4346 3541 4394 teter-

1968 4427 2191 4480 nitatem
2221 4426 2544 4482 resurrectio
2575 4427 2855 4495 largietur;
2888 4437 2947 4483 ut
2975 4427 3229 4483 audemus
3267 4430 3318 4483 in
3346 4430 3544 4486 virtute

1889 4499 1936 4556 ι)
1960 4519 2156 4573 Christi
2197 4527 2251 4573 et
2278 4519 2345 4590 (ο
2386 4519 2626 4574 bonitate
2665 4510 2755 4573 Dei
2803 4517 2975 4575 Patris
3003 4520 3085 4574 vel
3116 4520 3311 4589 indigni
3341 4537 3544 4591 prtesua

1962 4625 2127 4665 mere.
2171 4610 2346 4676 Quare
2387 4611 2589 4665 utinam
2635 4611 2737 4666 hoc
2779 4627 2993 4680 quoque
3029 4613 3183 4668 nobis
3224 4630 3416 4669 munus
3441 4631 3537 4669 an-

371 4764 446 4841 '_f
469 4762 606 4816 Tim.
637 4760 758 4841 t,_§.
829 4758 1069 4841 {thigh
1104 4772 1154 4815 v,
1184 4756 1271 4841 5'].
1340 4767 1360 4841 ς
1389 4755 1554 4841 ερον.
1587 4759 1807 4841 xiii,”7..
1840 4772 1867 4841 ﬁt

1983 4760 2202 4841 Contr,
2224 4761 2320 4841 ’ζῆ
2351 4772 2371 4798 ε
2405 4761 2677 4841 Ρδςιιε-ξιη,
2711 4763 2765 4831 5,
2797 4772 2849 4818 et
2878 4781 2969 4831 ιιι,
2993 4763 3044 4818 4.
3102 4763 3120 4802 ί
3147 4763 3332 4841 Matth.
3364 4782 3414 4831 ι,
3447 4765 3536 4822 56.

305 4831 370 4885 III
397 4833 520 4888 Cor.
552 4847 624 4898 tt,
675 4830 760 4884 15.
836 4827 860 4866 ¹³
892 4827 1060 4882 ΙΟοτ.
1093 4843 1184 4887 xu,
1219 4825 1266 4877 l.

1343 4824 1358 4862 ί
1389 4825 1542 4880 Rom.
1577 4843 1665 4892 xli,
1690 4827 1759 4890 5;
1789 4828 1807 4882 Ι
1837 4828 1959 4884 Cor.
1995 4848 2084 4897 xit,
2113 4831 2204 4896 1‘2;
2237 4831 2255 4884 l
2283 4831 2406 4886 Cor.
2443 4849 2492 4894 x,
2527 4833 2607 4886 l7.

369 4997 386 5014 ‘
414 4992 559 5046 Alias
587 4989 672 5054 42;
715 5005 831 5060 quae
879 4996 1055 5042 autem
1100 4995 1217 5041 erat
1253 4985 1304 5050 6,
1335 5000 1476 5040 nunc
1505 4984 1562 5051 l,
1595 4984 1804 5054 Scripta
1833 5001 1920 5042 an.
1953 4991 2076 5044 593.

372 5128 446 5193 (a)
479 5125 603 5178 Mss.
641 5124 748 5176 duo
774 5130 829 5177 et
855 5121 940 5175 ed.
986 5118 1136 5183 Bad.,
1173 5116 1560 5187 apopltoritam,
1589 5112 1862 5168 mendose.

305 5195 439 5249 Vide
464 5202 575 5247 not.
611 5194 696 5247 19.

371 5264 444 5333 (ὸ)
478 5262 571 5318 Ms.
615 5263 772 5333 Vien.
807 5259 950 5314 addit
977 5260 1094 5313 tuis.
1137 5256 1221 5333 Ita.
1251 5268 1391 5323 sirpe
1433 5251 1702 5333 Paulinus.
1737 5250 1868 5305 Vide

305 5350 357 5388 η.
376 5321 664 5400 ἰἸιιῇυδοε
693 5332 846 5400 epist.
879 5338 931 5400 et
959 5343 1123 5382 carm.
1155 5325 1243 5386 52,
1271 5321 1407 5400 vers.
1438 5321 1558 5400 599.
1641 5391 1652 5400 _
1819 5363 1822 5367 .

371 5405 461 5474 (ς)
495 5391 572 5456 Ita
619 5391 741 5455 ms.'
766 5399 1251 5474 Bigotianusnnus.
1282 5391 1492 5474 Optima
1537 5391 1714 5474 lectio,
1745 5404 1862 5474 quae.

303 5459 645 5527 confirmatur
668 5484 733 5523 ex
757 5459 912 5536 epist.
945 5465 1009 5518 15
1037 5465 1102 5518 ad
1133 5459 1549 5536 Pammacltiutn,
1577 5476 1632 5512 n.
1660 5459 1713 5523 2,
1742 5469 1796 5510 ut
1809 5467 1865 5536 _t_e

305 5543 522 5610 spiritali
550 5541 697 5610 adita
731 5527 1085 5610 visitarem,_et
1110 5533 1268 5610 epist.
1300 5531 1356 5582 tl
1393 5530 1457 5610 ad
1486 5531 1694 5592 Seven,
1727 5544 1777 5582 n.
1809 5527 1865 5592 5,

306 5600 392 5666 tios
423 5613 604 5664 litteris
631 5609 808 5662 adeas.
838 5600 1282 5675 Cetericodices,
1311 5600 1508 5675 audire.

371 5681 447 5750 (ά)
478 5680 567 5736 Sic
592 5695 718 5734 mss.
748 5676 981 5734 codices.
1012 5673 1076 5725 At
1105 5669 1252 5736 editi,
1277 5667 1593 5739 spiritaliter.

2038 5119 2110 5190 (ε)
2141 5117 2217 5190 ita
2246 5119 2507 5190 mss._‘duo
2531 5120 2642 5190 Big.
2670 5129 2724 5175 et
2743 5123 2874 5176 edlt.
2900 5123 3100 5176 Bencd;
3133 5132 3186 5176 et
3215 5123 3375 5176 Grav.
3409 5123 3552 5178 Vide-

1967 5189 2122 5255 epist.
2160 5187 2248 5254 5|,
2281 5205 2330 5241 n.
2364 5187 2416 5241 5.
2448 5187 2703 5244 Similiter
2738 5191 2886 5258 juxta
2937 5208 3059 5246 mss.
3095 5192 3324 5255 codices,
3357 5208 3541 5259 exspe-

1967 5266 2107 5330 ctare
2127 5273 2224 5327 pro
2261 5267 2508 5330 spectare,
2533 5267 2587 5330 et
2613 5270 2932 5330 exspectato]
2959 5277 3056 5330 pro
3084 5268 3357 5327 spectator,
3394 5275 3544 5330 _sa3pe

1967 5326 2162 5395 smpius
2184 5326 2324 5395 apud
2349 5326 2861 5395 Augustinum’tom.
2892 5326 2977 5382 ινζ
3010 5326 3140 5382 Item
3164 5330 3214 5381 in
3240 5327 3408 5395 veteri
3430 5326 3544 5382 ver-

1945 5393 2117 5468 sione
2147 5393 2334 5468 Latina
2354 5393 2629 5468 Passionis
2645 5397 2739 5452 SS.
2760 5397 2842 5468 bis
2859 5406 3080 5468 ,tyrum_
3094 5396 3336 5468 fl‘arachi,
3385 5393 3545 5451 Probi

1972 5475 2025 5518 et
2052 5465 2358 5530 Andronici,
2390 5480 2510 5535 pag.
2539 5465 2636 5519 261
2673 5475 2726 5522 et
2752 5465 2836 5517 9'!
2894 5463 3021 5521 édit.
3049 5465 3219 5530 Bigot.
3250 5463 3389 5520 Ante
3429 5474 3546 5528 ut

1975 5545 2198 5595 89861010
2207 5553 2304 5589 res.

2047 5607 2113 5676 (f)
2145 5605 2262 5661 Mss.
2293 5604 2376 5669 Η,
2405 5605 2544 5659 inter
2571 5619 2702 5672 quos
2731 5603 2762 5657 ι’
2875 5601 3000 5668 εἰς..
3035 5601 3288 5660 bonitatis
