4078 6352
554 335 656 388 l79

1665 328 1719 389 S.
1763 327 2029 391 PAULINI
2072 329 2316 390 NOLANI
2358 332 2663 394 EI’ISCOPI

3689 341 3802 404 1'30

548 452 740 503 nueret
765 443 935 516 gratia
965 444 1059 502 Dei
1082 462 1176 517 per
1205 443 1485 502 Dominum
1511 458 1745 503 nostrum
1765 447 1944 504 .lesum
1967 449 2121 503 Chri-
2147 453 2198 510 A
2222 451 2278 505 Si
2307 444 2443 508 forte
2471 455 2658 508 eadem
2683 468 2750 508 ue
2777 451 3165 511 venerabilibus
3191 463 3246 510 et
3267 457 3643 514 amantissimis
3669 459 3803 516 viris

549 544 708 604 stum,
740 545 801 592 ut
823 538 984 592 etiam
1016 539 1067 591 in
1088 552 1247 592 carne
1271 535 1462 592 faciem
1487 544 1631 591 luam
1660 537 1980 592 videremus.
2004 537 2120 592 Non

550 629 721 683 solum
775 627 1054 682 desideriis
1096 628 1293 682 nostris
1331 630 1581 695 magnum
1625 627 1957 683 conferretur
1994 641 2121 696 gau-

551 716 727 780 dium,
759 715 855 772 sed
879 717 1038 771 etiam
1069 716 1336 772 mentibus
1363 716 1540 771 lumen
1578 723 1935 781 accresceret,
1967 724 2022 769 et
2055 729 2122 768 ex

553 819 642 865 tua
671 809 823 878 copia
852 809 1267 877 locupletaretur
1294 808 1474 878 inopia
1501 817 1703 864 nostra.
1726 807 1878 874 Quod
1905 807 2121 875 quidem

553 910 608 958 et
634 903 942 957 absentibus
960 901 1139 969 largiri
1170 908 1346 970 potes,
1376 901 1474 955 hac
1494 900 1786 968 praesertim
1816 898 2118 962 occasione,

551 1009 658 1062 qua
687 993 779 1047 filii
809 994 975 1048 nostri
1007 993 1308 1059 unanimes,
1346 1002 1401 1046 et
1441 992 1698 1046 carissimi
1738 991 1971 1045 nobisin
2010 989 2120 1044 Do-

553 1084 722 1151 mino,
751 1083 1024 1139 Romanus
1051 1091 1108 1137 et
1135 1083 1315 1150 Agilis,
1337 1098 1472 1151 quos
1501 1091 1558 1136 ut
1586 1098 1683 1136 nos
1711 1083 1786 1151 (a)
1807 1081 2004 1135 alteros
2025 1079 2122 1133 tibi

553 1172 1007 1235 commendamus,
1034 1172 1085 1226 in
1106 1172 1320 1227 nomine
1348 1173 1554 1226 Domini
1584 1179 1934 1234 revertentur,
1958 1183 2122 1238 opere

554 1262 793 1316 caritatis
819 1261 1035 1330 impleto
1061 1278 1074 1324 ;
1108 1262 1159 1314 in
1187 1275 1293 1328 quo
1315 1269 1414 1314 tua:
1437 1261 1669 1314 caritatis
1691 1259 1882 1314 aflectu
1909 1259 2118 1328 specia-

556 1350 676 1404 liter
704 1356 938 1412 utantur,
969 1363 1238 1416 rogamus.
1266 1349 1374 1420 32
1419 1349 1568 1404 Nosti
1607 1349 1748 1404 enim
1782 1362 1940 1417 quam
1979 1349 2123 1404 celsa

554 1441 830 1509 promittat
868 1439 1166 1495 Altissimus
1210 1440 1358 1494 fratri
1399 1439 1616 1494 fratrem
1647 1421 1918 1509 adjuvanti
1942 1448 1990 1493 ι.
2020 1438 2124 1494 Per

552 1529 674 1597 bos,
700 1529 744 1584 si
765 1543 872 1599 quo
893 1544 978 1584 me
1004 1530 1185 1599 gratiae
1213 1545 1331 1599 qum
1361 1531 1455 1584 tibi
1481 1531 1602 1584 data
1643 1539 1743 1595 est,
1771 1530 1912 1585 douo
1940 1546 2119 1585 remu-

550 1620 728 1676 nerari
753 1620 922 1686 voles,
953 1629 1068 1677 tuto
1116 1621 1297 1676 facies.
1331 1622 1466 1677 Sunt
1509 1623 1647 1676 enim
1668 1662 1686 1688 ,
1712 1623 1868 1676 velim
1900 1623 2118 1688 credas,

551 1727 715 1768 unum
745 1727 840 1783 cor
867 1721 923 1768 et
947 1729 1053 1767 una
1084 1713 1360 1768 nobiscum
1387 1715 1439 1767 in
1470 1714 1694 1767 Domino
1723 1713 1898 1767 anima
1922 1712 1968 1766 ι’.
1996 1713 2123 1768 Gra-

2220 560 2318 614 pcr
2370 545 2592 600 aliarum
2633 546 2890 601 adventus
2930 547 3145 601 navium
3193 550 3518 618 comperisti,
3571 564 3669 618 per
3702 566 3803 606 nos

2221 637 2384 690 etiam
2425 638 2648 706 repetita
2690 638 2902 706 accipe,
2941 645 2995 691 et
3039 638 3189 708 quasi
3229 647 3484 694 renovata
3532 641 3802 696 hilaritate

2220 742 2400 783 rursus
2415 729 2636 782 exsulta.
2656 729 2807 795 Quod
2827 730 2871 785 si
2893 730 3092 800 primus
3116 731 3202 785 hic
3229 747 3258 784 a
3283 730 3434 786 nobis
3458 733 3554 786 tibi
3584 735 3802 789 nuntius

2219 819 2425 882 veniet,
2453 819 2721 886 gratulare
2756 827 2956 872 tantam
3004 819 3157 874 nobis
3187 820 3236 873 in
3268 828 3356 874 tua
3403 823 3572 890 patria
3607 824 3802 875 carita-

2219 915 2326 961 tem
2350 948 2366 973 ,
2393 905 2605 960 Christo
2651 907 2902 969 donante,
2937 907 3014 979 (ά)
3050 917 3284 977 partam,
3317 915 3375 962 ut
3410 909 3663 977 quidquid
3693 909 3802 964 illic

2221 998 2396 1052 divina
2431 996 2762 1068 providentia
2797 1008 2974 1067 gerat,
3005 998 3256 1054 mirabilis
3290 1015 3534 1069 semper,
3577 1009 3633 1053 ut
3670 1001 3798 1053 scri-

2220 1093 2368 1156 ptum
2393 1093 2494 1154 est,
2525 1086 2578 1142 in
2609 1090 2800 1142 sanctis
2821 1090 2924 1143 suis
2959 1100 3004 1157 ο,
3034 1091 3119 1144 vel
3148 1091 3324 1160 primi,
3354 1091 3438 1144 vel
3460 1105 3581 1146 cum
3612 1090 3802 1161 primis

2221 1177 2471 1232 sciamus.
3207 1195 3214 1204 ·

2290 1266 2344 1321 2.
2383 1267 2500 1322 Non
2530 1276 2707 1323 autem
2735 1275 2940 1322 tantum
2969 1269 3073 1323 hoc
3099 1269 3376 1323 scribimus
3403 1269 3796 1336 gratulandum,

2221 1358 2363 1428 quod
2405 1359 2768 1428 episcopatum
2812 1360 3134 1428 Augustinus
3183 1360 3478 1428 acceperit;
3519 1359 3611 1413 sed
3654 1359 3800 1430 quod

2221 1449 2359 1503 hanc
2412 1446 2503 1502 Dei
2559 1464 2738 1503 curam
2778 1449 3066 1501 meruerint
3121 1448 3380 1503 Africana:
3425 1446 3695 1512 Ecclesiae,
3745 1452 3803 1502 ut

2221 1542 2380 1594 verba
2411 1540 2644 1594 cmlestia
2679 1536 2953 1606 Augustini
2982 1555 3076 1593 ore
3096 1540 3458 1608 perciperent;
3488 1539 3578 1607 qui
3602 1539 3667 1591 ad
3698 1554 3801 1592 ma.

2215 1630 2388 1698 jorem
2417 1630 2667 1685 dominici
2709 1631 2946 1684 muneris
2981 1631 3206 1700 gratiam
3240 1645 3379 1684 novo
3414 1645 3563 1684 more
3604 1645 3800 1699 prove-

2222 1729 2361 1785 ctus,
2391 1721 2462 1774 ita
2492 1728 2836 1777 consecratus
2863 1727 2962 1783 est,
2996 1728 3052 1773 ut
3073 1734 3180 1774 non
3209 1718 3517 1773 succederet
3538 1719 3590 1772 iu
3620 1718 3802 1773 cathe-

552 1801 626 1854 tia
653 1801 750 1855 Dei
776 1809 974 1866 tecum,
1004 1809 1061 1856 ut
1088 1811 1200 1867 est,
1237 1804 1290 1857 in
1317 1811 1572 1857 aeternum
1603 1811 1838 1867 maneat,
1884 1803 2047 1857 frater
2072 1804 2126 1857 in
2161 1807 2199 1864 Β
2227 1809 2320 1863 dra
2349 1810 2601 1879 episcopo
2621 1848 2636 1874 ,
2665 1809 2758 1863 sed
2797 1809 3094 1864 accederet.
3140 1808 3270 1862 Nam
3309 1807 3558 1862 in‘columi
3589 1807 3800 1861 Valerio

552 1891 769 1946 Christo
813 1891 1040 1947 Domino
1079 1893 1347 1955 unanime,
1399 1893 1730 1954 venerabilis,
1761 1883 2119 1958 dilectissime,

553 1988 611 2034 et
655 1979 1036 2036 desiderabilis.
1076 1980 1272 2037 Omnes
1312 1983 1366 2036 in
1407 1981 1620 2036 Christo
1660 1990 1895 2047 sanctos,
1938 1983 2124 2050 quales

555 2069 651 2124 tibi
678 2071 949 2126 coluerere
978 2088 1083 2126 non
1113 2072 1326 2127 dubium
1360 2080 1461 2136 est,
1491 2087 1521 2126 a
1549 2071 1702 2126 nobis
1734 2073 1924 2126 saluta.
1957 2073 2119 2127 Com-

553 2159 745 2214 menda
790 2175 890 2215 nos
935 2162 1180 2218 omnibus
1221 2163 1452 2228 sanctis,
1495 2169 1554 2216 ut
1596 2168 1772 2215 tecum
1819 2177 1916 2232 pro
1963 2163 2118 2218 nobis

553 2265 710 2306 orare
727 2251 1030 2320 dignentur.

861 2389 1185 2446 EPISTOLA
1224 2390 1382 2446 xxxr
1426 2393 1528 2463 (Αι.
1561 2389 1794 2462 xxxm

767 2498 1039 2538 Αυσυετικι
1075 2500 1142 2537 AD
1182 2499 1438 2538 PAULINUM
1478 2501 1544 2538 ET
1586 2499 1903 2539 THBRASIAII.

550 2569 862 2644 Augustinus
885 2572 1107 2644 Paulino
1134 2590 1226 2644 pro
1255 2573 1488 2644 secundis
1515 2573 1695 2626 litteris
1716 2572 1779 2644 ab
1805 2589 1883 2644 eo,
1907 2574 2118 2644 receptis

619 2637 756 2710 grati
778 2643 937 2713 animi
975 2637 1267 2713 obsequium
1288 2641 1509 2708 exhibet,
1534 2659 1680 2713 seque
1715 2641 1919 2695 Valerio
1948 2637 2118 2711 coepi-

617 2709 826 2780 scopum
866 2709 1250 2780 Hipponensem
1293 2709 1607 2765 ordinatum'
1645 2727 1753 2764 esse
1797 2709 2116 2778 renuntianti,

616 2789 824 2865 eﬁoptat
845 2788 898 2862 ut
927 2781 981 2832 in
1005 2781 1236 2850 Africam
1245 2780 1493 2865 trajicere
1511 2783 1620 2862 ipse
1641 2782 1774 2847 velit,
1796 2797 1982 2865 "Itaque
2003 2797 2118 2833 cum

622 2847 717 2902 sibi
744 2850 952 2913 solatio,
975 2847 1080 2902 tum
1105 2852 1284 2904 ceteris
1304 2847 1611 2904 Christianis
1637 2850 1866 2920 exemplo
1884 2847 2113 2920 futurus.

619 2958 794 3029 (Hauc
845 2960 1146 3030 epistolam,
1199 2962 1244 3015 si
1288 2962 1481 3030 placet,
1528 2961 1722 3029 legcsis
1769 2961 1908 3014 inter
1955 2976 2116 3030 opera

549 3048 606 3104 S.
638 3050 936 3119 Augustini,
979 3060 1174 3106 nostra:
1216 3051 1532 3118 Patrologize
1575 3058 1722 3106 tomo
1752 3047 1977 3114 XXXIII,
2008 3051 2111 3106 col.

550 3139 825 3212 tat-125.)

1083 3185 1411 3285 EPISTULA
1441 3234 1458 3252 '
1479 3230 1588 3285 VII.

548 3323 655 3393 36
699 3323 778 3376 Ad
829 3322 1207 3393 Romanianum
1256 3322 1500 3386 scribens,
1541 3323 1829 3393 gratulatur
1876 3322 2120 3378 Ecclesiae

622 3391 940 3462 Hipponensi
967 3392 1102 3462 quod
1127 3393 1462 3463 Augustinum
1490 3394 1672 3445 meruit
1701 3391 1942 3463 Episcopi
1964 3394 2117 3447 colle-

615 3479 751 3533 gum.

618 3551 840 3606 Domino
885 3550 1078 3605 merito
1122 3549 1469 3619 praedicabili,
1522 3557 1594 3619 et“
1611 3548 1924 3606 honorando
1968 3551 2118 3606 fratri

825 3617 1155 3683 Romamn,
1186 3617 1446 3674 Pwusus
1472 3627 1528 3673 et
1552 3617 1835 3674 ΤιιειιΑειΑ.

619 3707 668 3761 l.
709 3706 883 3761 Pridie
920 3721 1078 3774 quam
1127 3709 1220 3762 has
1252 3708 1526 3774 daremus,
1576 3709 1804 3763 reversis
1839 3724 1904 3763 ex
1942 3707 2116 3764 Africa

547 3793 796 3850 fratribus
833 3796 1028 3849 nostris
1063 3811 1284 3866 quorum
1321 3797 1718 3866 exspectatione
1758 3813 1854 3853 nos
1889 3796 2120 3866 pendere

547 3883 739 3949 vidisti,
771 3883 1100 3954 optatissime
1127 3894 1428 3941 sanctorum
1465 3894 1520 3939 et
1555 3887 1949 3940 carissimorum
1975 3888 2118 3942 viro-

547 3987 698 4042 rum,
753 3973 875 4028 inde
927 3974 1181 4043 epistolas
1221 3990 1610 4044 receperamus,
1661 3976 1713 4029 id
1765 3985 1848 4030 est
1895 3975 2114 4043 Aurelii,

545 4062 736 4135 Alypii,
765 4065 1062 4135 Augustini,
1091 4064 1162 4136 (b)
1196 4064 1464 4120 Profuturi
1496 4065 1590 4136 (V.
1619 4073 1732 4121 not.
1763 4065 1886 4137 22),
1921 4067 1991 4138 (c)
2016 4067 2114 4122 Se-

543 4153 656 4208 veri
685 4152 778 4222 (γ.
809 4162 923 4210 not.
951 4153 1072 4224 23),
1099 4154 1209 4223 jam
1232 4155 1468 4210 omnium
1493 4155 1694 4225 pariter
1720 4157 2112 4227 episcoporum.

541 4240 682 4311 Ergo
709 4250 788 4298 tot
818 4254 1122 4299 sanctorum
1152 4245 1335 4298 talium
1373 4246 1749 4301 recentissimis
1783 4248 2118 4303 sermonibus

541 4333 883 4398 gratulantes,
913 4334 1316 4402 properavimus
1343 4335 1411 4389 ad
1447 4343 1501 4389 te
1532 4345 1767 4391 nostram
1801 4337 2001 4392 referre
2028 4337 2117 4391 Iaz-

542 4420 734 4483 titiam,
762 4429 820 4474 ut
847 4422 942 4474 tibi
971 4436 1183 4488 quoque
1210 4431 1573 4490 exspectatum
1603 4425 1654 4478 in
1689 4425 2117 4494 peregrinatione

2225 1897 2580 1970 Hipponensis
2621 1897 2872 1952 Ecclesia:
2905 1898 3354 1968 (e),coepiscopus
3396 1896 3493 1968 (V.
3546 1905 3666 1970 not.
3700 1895 3800 1965 24)

2223 1989 2545 2056 Augustinus
2571 1997 2672 2043 est.
2705 1987 2770 2042 Et
2795 1988 2882 2042 ille
2909 1988 3097 2042 beatus
3123 2003 3285 2042 senex
3304 2027 3320 2051 ,
3348 1987 3432 2042 cui
3461 1988 3802 2056 purissimam

2222 2087 2452 2133 mentem
2483 2080 2627 2133 nulla
2658 2094 2887 2147 unquam
2919 2078 3128 2132 liventis
3156 2077 3364 2131 invidia:
3404 2077 3609 2132 macula
3638 2077 3801 2131 suﬂu-

2221 2166 2316 2229 dit,
2347 2166 2534 2234 dignos
2557 2166 2635 2220 sui
2665 2166 2840 2220 cordis
2875 2181 3007 2234 pace
3035 2181 3174 2220 nunc
3202 2165 3269 2220 ab
3298 2165 3568 2219 Altissimo
3599 2165 3801 2220 fructus

2222 2256 2382 2322 capit,
2413 2263 2498 2320 ut,
2530 2270 2688 2323 quem
2719 2269 3083 2310 successorem
3120 2255 3405 2309 sacerdotii
3435 2256 3518 2310 sui
3557 2255 3625 2325 (f)
3669 2256 3800 2309 sim-

2213 2345 2429 2413 pliciter
2451 2344 2697 2414 optabat,
2733 2345 2874 2399 hunc
2899 2345 2973 2414 (g)
3004 2351 3272 2398 mereatur
3302 2353 3485 2399 tenere
3514 2346 3797 2413 collegam.

2221 2437 2446 2491 Crediue
2492 2437 2597 2491 hoc
2642 2437 2851 2506 potuit,
2894 2445 3179 2503 antequam
3230 2435 3423 2488 ﬁeret?
3463 2434 3568 2489 Sed
3607 2437 3659 2489 iu
3699 2436 3802 2491 hoc

2219 2541 2432 2597 quoque
2479 2525 2868 2596 Omnipotentis
2921 2541 3083 2594 Opere
3125 2525 3228 2579 dici
3273 2524 3636 2592 evangelicum
3671 2524 3800 2578 illud

2219 2617 2323 2688 3'7
2352 2625 2530 2687 potest
2561 2635 2573 2669 :
2605 2616 2912 2670 Hominibus
2939 2617 3047 2670 haec
3070 2616 3253 2680 ardua,
3280 2617 3416 2685 apud
3449 2614 3611 2670 Deum
3631 2626 3802 2670 autern

2219 2709 2390 2764 omnia
2428 2707 2692 2778 possibilia
2714 2708 2760 2760 ά.
2790 2705 3122 2761 Exsultemus
3152 2706 3330 2774 itaque
3367 2715 3422 2760 et
3461 2706 3705 2761 laetemur
3747 2708 3799 2763 in

2219 2814 2285 2854 eo
2327 2800 2412 2871 qui
2451 2800 2576 2870 facit
2621 2797 2878 2878 mirabilia
2926 2797 3063 2852 salus
3103 2813 3144 2863 ",
3168 2805 3222 2851 et
3257 2799 3341 2867 qui
3371 2798 3496 2867 facit
3530 2801 3799 2855 unanimes

2220 2889 2451 2945 habitare
2477 2893 2530 2945 in
2547 2891 2697 2945 domo
2725 2890 2768 2957 ί,
2789 2890 3038 2958 quoniam
3057 2889 3169 2960 ipse
3190 2889 3422 2958 respexit
3445 2883 3797 2944 humilitatem

2219 2990 2475 3047 nostram,
2499 2992 2553 3035 et
2581 2982 2814 3036 visitavit
2841 2981 2892 3034 in
2921 2980 3064 3034 bono
3093 2979 3299 3049 plebem
3329 2980 3610 3049 suam,qui
3635 2983 3800 3034 erexit

2216 3085 2376 3122 cornu
2419 3070 2473 3122 iu
2515 3070 2665 3124 doma
2711 3067 2879 3122 Dauid
2925 3068 3068 3138 pueri
3113 3070 3192 3122 sui
3223 3076 3348 3134 8,et
3376 3085 3516 3124 nunc
3542 3070 3798 3124 exaltavit

2141 3161 2185 3220 C
2219 3175 2385 3214 cornu
2414 3159 2662 3214 Ecclesiae
2683 3170 2791 3213 suae
2820 3159 2873 3212 in
2896 3159 3080 3212 electis
3102 3159 3229 3220 suis,
3249 3167 3307 3212 ut
3334 3173 3534 3212 cornua
3557 3167 3782 3228 peccato

2217 3265 2334 3304 rum
2355 3287 2370 3314 ,
2404 3250 2539 3305 sicut
2565 3264 2662 3317 per
2686 3249 2998 3317 prophetam
3029 3247 3283 3316 spondet,
3315 3248 3417 3304 hoc
3434 3256 3547 3314 est,
3579 3246 3774 3303 Donati

2217 3349 2418 3396 starum
2440 3340 2955 3406 Manichzeorumque
2979 3336 3278 3406 confringat
3305 3335 3352 3392 ιι.

2287 3428 2340 3482 2i.
2385 3427 2595 3483 Utinam
2623 3429 2735 3482 haec
2777 3443 2915 3481 nunc
2944 3427 3150 3482 Domini
3178 3427 3322 3492 tuba,
3358 3443 3462 3498 qua
3495 3444 3594 3498 per
3620 3427 3820 3508 Augu-’

2217 3519 2413 3574 stinum
2446 3519 2671 3580 intonat,
2731 3517 2820 3570 ﬁlii
2865 3517 3032 3570 nostri
3072 3516 3297 3571 Licentii
3328 3517 3502 3587 pulset
3551 3519 3798 3586 auditus;

2216 3611 2310 3666 sed
2341 3620 2398 3664 ut
2420 3611 2506 3664 illa
2554 3610 2733 3664 audiat
2767 3624 2922 3673 aure,
2954 3624 3058 3677 qua
3101 3608 3344 3664 Christus
3374 3610 3700 3678 ingreditur,
3732 3611 3803 3666 do

2217 3720 2323 3774 qua
2345 3720 2448 3759 non
2478 3705 2616 3773 rapit
2645 3703 2736 3757 Dei
2767 3718 2946 3757 semen
2993 3703 3236 3758 inimicus
3273 3702 3314 3755 ι.
3356 3699 3501 3757 Tunc
3531 3719 3658 3758 vere
3695 3704 3800 3762 sibi

2215 3809 2454 3856 summus
2472 3792 2670 3848 Christi
2700 3793 2936 3862 pontifex
2971 3791 3293 3860 Augustinus
3335 3792 3626 3858 videbitur,
3673 3794 3800 3862 quia

2218 3893 2345 3939 tunc
2369 3898 2429 3938 se
2455 3892 2509 3937 et
2535 3883 2840 3936 cxauditum
2870 3883 3064 3936 sentiet
3084 3882 3150 3935 ab
3177 3881 3421 3948 Excelso,
3443 3883 3487 3934 si
3507 3899 3672 3950 quem
3701 3883 3802 3943 tibi

2216 3975 2429 4042 dignum
2455 3974 2638 4042 genuit
2666 3975 2718 4027 iu
2749 3973 2958 4037 litteris,
2979 3973 3122 4028 hunc
3139 3981 3193 4027 et
3213 3973 3311 4026 sibi
3329 3973 3485 4040 digne
3512 3973 3676 4027 filiuni
3697 3991 3800 4044 pa-

2217 4066 2320 4122 riat
2357 4066 2410 4121 in
2438 4063 2672 4120 Christo.
2707 4064 2836 4118 Nam
2870 4074 2924 4119 et
2953 4080 3110 4128 nunc,
3140 4065 3298 4118 velim
3329 4063 3536 4130 eredas,
3563 4065 3801 4134 flagran-

2219 4155 2422 4212 tissima
2452 4155 2519 4211 de
2549 4154 2664 4224 ipso
2695 4154 2847 4208 nobis
2875 4155 3234 4210 sollicitudine
3257 4156 3490 4225 scripsit.
3517 4156 3801 4213 Credimus

2217 4247 2271 4301 in
2300 4247 2717 4316 omnipotentem
2739 4245 3004 4300 Christum
3022 4287 3036 4310 ,
3068 4247 3210 4314 quod
3239 4247 3598 4302 adolescentis
3626 4250 3800 4309 nostri

2218 4336 2361 4389 votis
2382 4335 2680 4388 carnalibus
2706 4334 2962 4403 spiritalia
2989 4341 3114 4388 vota
3143 4334 3416 4402 Augustini
3447 4338 3796 4405 prmvaleaut.

2217 4424 2473 4477 Vincetur
2513 4424 2596 4477 vel
2642 4423 2858 4489 invitus,
2908 4423 3036 4476 mihi
3077 4423 3267 4487 crede,
3300 4425 3541 4479 t’incetur
3567 4427 3798 4494 piissirri

489 4517 493 4521 '
541 4508 769 4562 sollicita
807 4507 1054 4577 gaudium
1093 4508 1438 4564 festivissimis
1480 4510 1841 4566 conferremus
1886 4512 2111 4567 iudiciis.
2141 4505 2192 4564 D
2218 4513 2453 4582 parentis
2481 4511 2582 4565 fide
2602 4550 2617 4576 ,
2650 4526 2715 4565 ne
2742 4513 2878 4566 maia
2901 4511 3123 4567 victoria
3151 4513 3357 4580 vincat,
3395 4513 3439 4568 si
3468 4515 3716 4571 maluerit
3741 4519 3800 4572 in

613 4647 640 4675 ι
667 4636 826 4692 Prov.
858 4655 981 4693 xvut
1006 4678 1020 4703 ,
1066 4639 1150 4694 l9.
1228 4639 1253 4678 δ
1286 4639 1403 4693 Act.
1448 4654 1518 4703 ιν,
1549 4637 1635 4692 5‘2.
1717 4649 1739 4679 ο
1771 4638 1913 4694 Psal.
1947 4655 2088 4695 vau
2111 4682 2124 4705 ,
2157 4639 2244 4695 '56.

544 4715 568 4744 ο
598 4705 739 4761 Psal.
777 4723 920 4770 Lxxr,
955 4707 1040 4761 18.
1122 4708 1140 4746 τ
1174 4706 1315 4762 Psal.
1348 4724 1507 4772 vau,
1540 4708 1591 4771 7,
1623 4723 1729 4764 sec.
1779 4707 1943 4764 Psalt.
1977 4708 2133 4766 Rom.

542 4773 706 4830 Marc.
733 4792 803 4842 Iv,
835 4774 896 4842 4;
933 4775 1058 4830 Luc.
1083 4793 1190 4838 vm,
1229 4777 1280 4830 5.

2322 4638 2699 4710 dMattlnmx,
2729 4641 2826 4710 26;
2867 4641 3030 4696 Marc.
3081 4659 3134 4709 x,
3182 4642 3284 4710 '27;
3333 4644 3462 4698 Luc.
3503 4662 3650 4710 xvnr,
3697 4648 3795 4704 27.

2211 4720 2236 4759 ε
2268 4709 2394 4765 Luc.
2430 4726 2486 4777 ι,
2517 4709 2604 4764 69.
2680 4709 2703 4746 ιι
2730 4709 2869 4765 Psal.
2909 4710 3086 4779 uxrir,
3131 4713 3215 4765 tl.
3273 4709 3538 4776 'iMatth.
3579 4709 3694 4783 nu,
3722 4719 3795 4786 ις

618 4908 629 4925 ⁸
661 4901 804 4958 Alias
833 4903 929 4968 46,
971 4921 1094 4970 pars
1122 4905 1141 4957 l
1169 4924 1182 4969 ;
1225 4917 1340 4972 qua:
1382 4914 1556 4959 autem
1579 4908 1607 4960 7
1639 4916 1754 4960 civit
1775 4950 1789 4974 ,
1821 4924 1958 4963 nunc
1985 4908 2070 4961 2'2.
2108 4907 2312 4978 Scripta
2342 4923 2482 4963 οπο
2511 4908 2616 4963 396

611 5033 688 5172 fa)
720 5033 841 5088 Mss.
866 5035 970 5089 duo
993 5035 1130 5117 Bi.g.,
1163 5037 1322 5118 Alios.

635 5102 686 5172 ὁ)
717 5102 1027 5172 Profuturus
1048 5122 1090 5159 is
1110 5123 1228 5160 esse
1257 5124 1322 5159 vn

635 5102 686 5179 ἔξ)
710 5102 1027 5179 Profuturus
1048 5107 1090 5159 is
1110 5123 1228 5179 esse
1257 5108 1464 5161 videtur
1487 5107 1577 5179 gui
1607 5107 1661 5179 in
1685 5107 1820 5179 libro
1849 5108 1905 5163 S.
1936 5111 2114 5179 Augu-

539 5171 660 5243 stini
691 5173 758 5226 dc
786 5171 952 5226 Unico
973 5171 1242 5243 Baptisiuo
1270 5185 1455 5229 contra
1486 5171 1663 5242 Petil.,
1685 5193 1732 5230 c.
1761 5178 1844 5238 i6,
1871 5171 2114 5234 laudaiur

537 5242 1136 5315 Cirtens_is_epise0pus,_
1155 5252 1223 5315 et
1249 5245 1315 5315 ad
1356 5261 1511 5315 quem
1536 5246 1735 5315 directa
1767 5256 1848 5301 cst
1874 5248 2110 5315 ejusdem

537 5310 1075 5382 Augustiuiepistola
1107 5311 1175 5365 58
1206 5313 1224 5379 (
1246 5314 1316 5366 al.
1351 5310 1505 5382 1—49).
1557 5314 1786 5368 Evodius
1813 5310 2024 5370 demum
2055 5318 2108 5371 in

535 5383 760 5452 epistula
786 5380 905 5445 158,
928 5381 1030 5436 n.9
1051 5382 1143 5449 (al.
1168 5382 1328 5446 231:8),
1363 5380 1500 5436 inter
1527 5385 1778 5452 epistolas
1809 5385 2104 5452 Augustini,

537 5446 876 5522 Profuturum
905 5446 1066 5518 quem
1095 5452 1218 5522 olim
1252 5452 1301 5504 in
1327 5446 1647 5522 iiiouastei'io
1672 5446 1917 5514 noverat:
1943 5446 2109 5522 appa;

537 5520 702 5594 ruisse
731 5521 828 5594 sibi
858 5521 1347 5594 persoinnimuj‘et
1377 5521 1606 5574 futurum
1635 5521 1830 5590 aliquid
1861 5520 2105 5592 prmiiun-

537 5589 713 5647 tiasse,
737 5590 915 5641 refert.
940 5590 1057 5643 Vid.
1090 5598 1200 5644 not.
1224 5589 1312 5641 ἐξ.

607 5655 678 5722 (c)
701 5655 872 5709 Severi
902 5657 1185 5713 Milevitani
1221 5658 1470 5712 ::l|li:liti$
1493 5695 1510 5722 ,
1535 5657 1600 5711 de
1633 5672 1739 5726 quo
1779 5658 2103 5726 Augustinus

2222 5041 2497 5111 cpislsfil,
2528 5057 2578 5095 n.
2611 5042 2642 5095 9
2674 5044 2764 5106 (al.
2793 5043 2949 5110 epist.
2974 5040 3084 5106 Si).
3120 5041 3233 5098 Vid.
3262 5054 3373 5099 not.
3405 5042 3491 5099 25.

2310 5111 2364 5175 ἀ)
2388 5110 2513 5180 Mss.
2538 5111 2645 5180 duo
2668 5111 2950 5179 Bigotiaui,
2981 5122 3232 5180 paratam.

2307 5182 2356 5250 e)
2400 5179 2537 5256 Editi
2567 5179 2852 5256 addebant,
2899 5179 3153 5256 {99:039.
3183 5180 3356 5256 _llau_c
3403 5198 3612 5256 vocem,
3665 5203 3798 5256 qua:

2211 5249 2363 5304 abest
2412 5265 2441 5329 a
2489 5249 2696 5304 duobus
2740 5265 2867 5304 mss.
2917 5249 3009 5318 Dig
3082 5251 3250 5305 Vatic.
3307 5253 3360 5314 4,
3411 5253 3538 5306 edit.
3577 5249 3794 5312 Ben‘ed.

2209 5329 2580 5388 expunstmus.

2282 5385 2350 5458 (Γ)
2372 5387 2476 5458 ὶδίο
2496 5403 2622 5458 mss:
2652 5387 2805 5458 codd.
2839 5387 3006 5458 Vatic.
3037 5385 3070 5438 4
3097 5396 3150 5442 et
3179 5388 3290 5457 Dig.
3323 5387 3374 5454 2,
3408 5392 3794 5452 consentiente

2209 5455 2340 5526 edit.
2371 5457 2575 5526 Deued.
2601 5455 2656 5508 In
2686 5457 2803 5510 aliis
2822 5457 2976 5526 edit"
3007 5455 3319 5526 suppliciter.

2277 5525 2350 5594 (g)
2381 5525 2457 5578 Ita
2486 5542 2606 5578 mss.
2636 5526 2808 5582 V’atic.
2835 5523 2864 5577 ὅ
2889 5534 2941 5580 et
2965 5523 3319 5581 cdiL’Bencd.
3345 5526 3519 5582 Ceteri
3543 5530 3791 5601 codices,

2207 5611 2254 5650 tu
2261 5611 2342 5648 θη»
2349 5604 2452 5647 ΠὯΙ
2459 5613 2500 5648 ν.
