  <div class='ocr_page' id='page_1' title='image "/cluster/home/n/w/nwhite01/storage/ocr_20150623/61/hvd.32044004824777/096.png"; bbox 0 0 4078 6352; ppageno 0'>
   <div class='ocr_carea' id='block_1_1' title="bbox 277 387 377 442">
    <p class='ocr_par' dir='ltr' id='par_1_1' title="bbox 277 387 377 442">
     <span class='ocr_line' id='line_1_1' title="bbox 277 387 377 442; baseline 0.01 -1"><span class='ocrx_word' id='word_1_1' title='bbox 277 387 377 442; x_wconf 67' lang='grc' dir='ltr'><strong>εει</strong></span> 
     </span>
    </p>
   </div>
   <div class='ocr_carea' id='block_1_2' title="bbox 1653 387 3531 449">
    <p class='ocr_par' dir='ltr' id='par_1_2' title="bbox 1653 387 3531 449">
     <span class='ocr_line' id='line_1_2' title="bbox 1653 387 3531 449; baseline -0.002 0"><span class='ocrx_word' id='word_1_2' title='bbox 1653 391 1977 449; x_wconf 69' lang='lat' dir='ltr'><strong>EPISTULA</strong></span> <span class='ocrx_word' id='word_1_3' title='bbox 2012 395 2140 448; x_wconf 68' lang='lat' dir='ltr'><strong>Vill.</strong></span> <span class='ocrx_word' id='word_1_4' title='bbox 3437 387 3531 446; x_wconf 67' lang='lat'><strong>133</strong></span> 
     </span>
    </p>
   </div>
   <div class='ocr_carea' id='block_1_3' title="bbox 271 501 3529 582">
    <p class='ocr_par' dir='ltr' id='par_1_3' title="bbox 271 501 3529 582">
     <span class='ocr_line' id='line_1_3' title="bbox 271 501 3529 582; baseline -0.001 -22"><span class='ocrx_word' id='word_1_5' title='bbox 271 507 563 576; x_wconf 79' lang='lat' dir='ltr'><strong>perniciem</strong></span> <span class='ocrx_word' id='word_1_6' title='bbox 592 522 741 563; x_wconf 79' lang='lat' dir='ltr'><strong>suam</strong></span> <span class='ocrx_word' id='word_1_7' title='bbox 779 512 1026 582; x_wconf 82' lang='lat' dir='ltr'><strong>vincere,</strong></span> <span class='ocrx_word' id='word_1_8' title='bbox 1060 527 1217 580; x_wconf 87' lang='lat' dir='ltr'><strong>quam</strong></span> <span class='ocrx_word' id='word_1_9' title='bbox 1253 518 1347 580; x_wconf 76' lang='lat' dir='ltr'><strong>pro</strong></span> <span class='ocrx_word' id='word_1_10' title='bbox 1375 520 1551 576; x_wconf 57' lang='lat' dir='ltr'><strong>salute</strong></span> <span class='ocrx_word' id='word_1_11' title='bbox 1585 509 1844 579; x_wconf 84' lang='lat' dir='ltr'><strong>superari.</strong></span> <span class='ocrx_word' id='word_1_12' title='bbox 1875 513 1923 564; x_wconf 78' lang='grc' dir='ltr'><strong>Δ</strong></span> <span class='ocrx_word' id='word_1_13' title='bbox 2025 506 2073 559; x_wconf 64' lang='grc'><strong>2.</strong></span> <span class='ocrx_word' id='word_1_14' title='bbox 2117 507 2210 561; x_wconf 87' lang='lat' dir='ltr'><strong>Sat</strong></span> <span class='ocrx_word' id='word_1_15' title='bbox 2234 507 2342 561; x_wconf 86' lang='lat' dir='ltr'><strong>hoc</strong></span> <span class='ocrx_word' id='word_1_16' title='bbox 2371 507 2584 560; x_wconf 85' lang='lat' dir='ltr'><strong>monitis</strong></span> <span class='ocrx_word' id='word_1_17' title='bbox 2625 514 2680 559; x_wconf 86' lang='lat' dir='ltr'><strong>et</strong></span> <span class='ocrx_word' id='word_1_18' title='bbox 2708 506 2958 558; x_wconf 71' lang='lat' dir='ltr'><strong>hortatur.</strong></span> <span class='ocrx_word' id='word_1_19' title='bbox 3007 501 3214 557; x_wconf 75' lang='lat' dir='ltr'><strong>Modico</strong></span> <span class='ocrx_word' id='word_1_20' title='bbox 3240 501 3382 582; x_wconf 86' lang='lat' dir='ltr'><strong>enim</strong></span> <span class='ocrx_word' id='word_1_21' title='bbox 3410 513 3529 558; x_wconf 90' lang='lat' dir='ltr'><strong>ser-</strong></span> 
     </span>
    </p>
   </div>
   <div class='ocr_carea' id='block_1_4' title="bbox 273 594 1844 661">
    <p class='ocr_par' dir='ltr' id='par_1_4' title="bbox 273 594 1844 661">
     <span class='ocr_line' id='line_1_4' title="bbox 273 594 1844 661; baseline 0.002 -12"><span class='ocrx_word' id='word_1_22' title='bbox 273 594 349 650; x_wconf 86' lang='lat' dir='ltr'><strong>Ne</strong></span> <span class='ocrx_word' id='word_1_23' title='bbox 379 612 604 652; x_wconf 89' lang='lat' dir='ltr'><strong>vacuum</strong></span> <span class='ocrx_word' id='word_1_24' title='bbox 632 596 877 654; x_wconf 71' lang='lat' dir='ltr'><strong>fraterna:</strong></span> <span class='ocrx_word' id='word_1_25' title='bbox 905 601 1249 656; x_wconf 69' lang='lat' dir='ltr'><strong>humanitatis</strong></span> <span class='ocrx_word' id='word_1_26' title='bbox 1276 601 1507 656; x_wconf 88' lang='lat' dir='ltr'><strong>ollicium</strong></span> <span class='ocrx_word' id='word_1_27' title='bbox 1546 599 1844 661; x_wconf 74' lang='lat' dir='ltr'><strong>videretur,</strong></span> 
     </span>
    </p>
   </div>
   <div class='ocr_carea' id='block_1_5' title="bbox 272 686 1850 762">
    <p class='ocr_par' dir='ltr' id='par_1_5' title="bbox 272 686 1850 762">
     <span class='ocr_line' id='line_1_5' title="bbox 272 686 1850 762; baseline 0.001 -22"><span class='ocrx_word' id='word_1_28' title='bbox 272 686 340 740; x_wconf 89' lang='lat' dir='ltr'><strong>de</strong></span> <span class='ocrx_word' id='word_1_29' title='bbox 381 687 458 755; x_wconf 90' lang='lat' dir='ltr'><strong>(a)</strong></span> <span class='ocrx_word' id='word_1_30' title='bbox 505 687 799 744; x_wconf 84' lang='lat' dir='ltr'><strong>buccellato</strong></span> <span class='ocrx_word' id='word_1_31' title='bbox 836 691 1144 746; x_wconf 66' lang='lat' dir='ltr'><strong>Christiana:</strong></span> <span class='ocrx_word' id='word_1_32' title='bbox 1182 690 1563 762; x_wconf 81' lang='lat' dir='ltr'><strong>expeditionis,</strong></span> <span class='ocrx_word' id='word_1_33' title='bbox 1611 690 1663 743; x_wconf 93' lang='lat' dir='ltr'><strong>in</strong></span> <span class='ocrx_word' id='word_1_34' title='bbox 1701 687 1850 756; x_wconf 84' lang='lat' dir='ltr'><strong>cujus</strong></span> 
     </span>
    </p>
   </div>
   <div class='ocr_carea' id='block_1_6' title="bbox 272 774 1846 850">
    <p class='ocr_par' dir='ltr' id='par_1_6' title="bbox 272 774 1846 850">
     <span class='ocr_line' id='line_1_6' title="bbox 272 774 1846 850; baseline 0.003 -20"><span class='ocrx_word' id='word_1_35' title='bbox 272 779 549 847; x_wconf 79' lang='lat' dir='ltr'><strong>procinctu</strong></span> <span class='ocrx_word' id='word_1_36' title='bbox 574 780 810 846; x_wconf 86' lang='lat' dir='ltr'><strong>quotidie</strong></span> <span class='ocrx_word' id='word_1_37' title='bbox 831 781 896 835; x_wconf 88' lang='lat' dir='ltr'><strong>ad</strong></span> <span class='ocrx_word' id='word_1_38' title='bbox 919 781 1230 850; x_wconf 79' lang='lat' dir='ltr'><strong>frugalitatis</strong></span> <span class='ocrx_word' id='word_1_39' title='bbox 1245 797 1510 837; x_wconf 83' lang='lat' dir='ltr'><strong>annonam</strong></span> <span class='ocrx_word' id='word_1_40' title='bbox 1539 774 1846 846; x_wconf 81' lang='lat' dir='ltr'><strong>militamus,</strong></span> 
     </span>
    </p>
   </div>
   <div class='ocr_carea' id='block_1_7' title="bbox 271 870 1844 944">
    <p class='ocr_par' dir='ltr' id='par_1_7' title="bbox 271 870 1844 944">
     <span class='ocr_line' id='line_1_7' title="bbox 271 870 1844 944; baseline 0.002 -21"><span class='ocrx_word' id='word_1_41' title='bbox 271 884 441 939; x_wconf 90' lang='lat' dir='ltr'><strong>panes</strong></span> <span class='ocrx_word' id='word_1_42' title='bbox 479 870 712 940; x_wconf 88' lang='lat' dir='ltr'><strong>quinque</strong></span> <span class='ocrx_word' id='word_1_43' title='bbox 760 873 854 928; x_wconf 88' lang='lat' dir='ltr'><strong>tibi</strong></span> <span class='ocrx_word' id='word_1_44' title='bbox 883 875 1082 944; x_wconf 88' lang='lat' dir='ltr'><strong>pariter</strong></span> <span class='ocrx_word' id='word_1_45' title='bbox 1122 884 1176 930; x_wconf 88' lang='lat' dir='ltr'><strong>et</strong></span> <span class='ocrx_word' id='word_1_46' title='bbox 1230 873 1337 928; x_wconf 88' lang='lat' dir='ltr'><strong>filio</strong></span> <span class='ocrx_word' id='word_1_47' title='bbox 1384 883 1567 928; x_wconf 90' lang='lat' dir='ltr'><strong>nostro</strong></span> <span class='ocrx_word' id='word_1_48' title='bbox 1606 873 1844 928; x_wconf 90' lang='lat' dir='ltr'><strong>Licentio</strong></span> 
     </span>
    </p>
   </div>
   <div class='ocr_carea' id='block_1_8' title="bbox 274 959 1850 1033">
    <p class='ocr_par' dir='ltr' id='par_1_8' title="bbox 274 959 1850 1033">
     <span class='ocr_line' id='line_1_8' title="bbox 274 959 1850 1033; baseline 0.003 -22"><span class='ocrx_word' id='word_1_49' title='bbox 274 959 544 1024; x_wconf 89' lang='lat' dir='ltr'><strong>misimus;</strong></span> <span class='ocrx_word' id='word_1_50' title='bbox 578 976 682 1015; x_wconf 93' lang='lat' dir='ltr'><strong>non</strong></span> <span class='ocrx_word' id='word_1_51' title='bbox 717 962 860 1016; x_wconf 93' lang='lat' dir='ltr'><strong>enim</strong></span> <span class='ocrx_word' id='word_1_52' title='bbox 895 965 1167 1033; x_wconf 86' lang='lat' dir='ltr'><strong>potuimus</strong></span> <span class='ocrx_word' id='word_1_53' title='bbox 1203 979 1232 1018; x_wconf 91' lang='lat' dir='ltr'><strong>a</strong></span> <span class='ocrx_word' id='word_1_54' title='bbox 1277 963 1648 1018; x_wconf 83' lang='lat' dir='ltr'><strong>benedictione</strong></span> <span class='ocrx_word' id='word_1_55' title='bbox 1671 977 1850 1017; x_wconf 89' lang='lat' dir='ltr'><strong>secer-</strong></span> 
     </span>
    </p>
   </div>
   <div class='ocr_carea' id='block_1_9' title="bbox 271 1051 1850 1124">
    <p class='ocr_par' dir='ltr' id='par_1_9' title="bbox 271 1051 1850 1124">
     <span class='ocr_line' id='line_1_9' title="bbox 271 1051 1850 1124; baseline 0.004 -24"><span class='ocrx_word' id='word_1_56' title='bbox 271 1063 424 1111; x_wconf 86' lang='lat' dir='ltr'><strong>nere,</strong></span> <span class='ocrx_word' id='word_1_57' title='bbox 455 1063 610 1117; x_wconf 91' lang='lat' dir='ltr'><strong>quem</strong></span> <span class='ocrx_word' id='word_1_58' title='bbox 640 1053 880 1120; x_wconf 88' lang='lat' dir='ltr'><strong>cupimus</strong></span> <span class='ocrx_word' id='word_1_59' title='bbox 907 1053 1095 1108; x_wconf 87' lang='lat' dir='ltr'><strong>eadem</strong></span> <span class='ocrx_word' id='word_1_60' title='bbox 1125 1051 1277 1108; x_wconf 90' lang='lat' dir='ltr'><strong>nobis</strong></span> <span class='ocrx_word' id='word_1_61' title='bbox 1311 1053 1479 1122; x_wconf 89' lang='lat' dir='ltr'><strong>gratia</strong></span> <span class='ocrx_word' id='word_1_62' title='bbox 1524 1053 1733 1124; x_wconf 88' lang='lat' dir='ltr'><strong>penitus</strong></span> <span class='ocrx_word' id='word_1_63' title='bbox 1755 1067 1850 1106; x_wconf 55' lang='lat' dir='ltr'><strong>ana</strong></span> 
     </span>
    </p>
   </div>
   <div class='ocr_carea' id='block_1_10' title="bbox 271 1139 1848 1217">
    <p class='ocr_par' dir='ltr' id='par_1_10' title="bbox 271 1139 1848 1217">
     <span class='ocr_line' id='line_1_10' title="bbox 271 1139 1848 1217; baseline 0.008 -25"><span class='ocrx_word' id='word_1_64' title='bbox 271 1148 510 1195; x_wconf 84' lang='lat' dir='ltr'><strong>nectere.</strong></span> <span class='ocrx_word' id='word_1_65' title='bbox 538 1139 727 1198; x_wconf 81' lang='lat' dir='ltr'><strong>Paucis</strong></span> <span class='ocrx_word' id='word_1_66' title='bbox 764 1151 940 1200; x_wconf 92' lang='lat' dir='ltr'><strong>tamen</strong></span> <span class='ocrx_word' id='word_1_67' title='bbox 970 1157 1025 1200; x_wconf 92' lang='lat' dir='ltr'><strong>et</strong></span> <span class='ocrx_word' id='word_1_68' title='bbox 1049 1147 1114 1202; x_wconf 93' lang='lat' dir='ltr'><strong>ad</strong></span> <span class='ocrx_word' id='word_1_69' title='bbox 1134 1148 1304 1217; x_wconf 73' lang='lat' dir='ltr'><strong>ipsum</strong></span> <span class='ocrx_word' id='word_1_70' title='bbox 1332 1146 1640 1214; x_wconf 86' lang='lat' dir='ltr'><strong>loquamur,</strong></span> <span class='ocrx_word' id='word_1_71' title='bbox 1670 1161 1736 1202; x_wconf 88' lang='lat' dir='ltr'><strong>ne</strong></span> <span class='ocrx_word' id='word_1_72' title='bbox 1758 1161 1848 1204; x_wconf 84' lang='lat' dir='ltr'><strong>ne-</strong></span> 
     </span>
    </p>
   </div>
   <div class='ocr_carea' id='block_1_11' title="bbox 271 1233 1848 1310">
    <p class='ocr_par' dir='ltr' id='par_1_11' title="bbox 271 1233 1848 1310">
     <span class='ocr_line' id='line_1_11' title="bbox 271 1233 1848 1310; baseline 0.007 -27"><span class='ocrx_word' id='word_1_73' title='bbox 271 1241 364 1300; x_wconf 76' lang='lat' dir='ltr'><strong>get</strong></span> <span class='ocrx_word' id='word_1_74' title='bbox 416 1233 515 1286; x_wconf 86' lang='lat' dir='ltr'><strong>sibi</strong></span> <span class='ocrx_word' id='word_1_75' title='bbox 563 1235 841 1304; x_wconf 89' lang='lat' dir='ltr'><strong>scriptum,</strong></span> <span class='ocrx_word' id='word_1_76' title='bbox 885 1239 1028 1308; x_wconf 89' lang='lat' dir='ltr'><strong>quod</strong></span> <span class='ocrx_word' id='word_1_77' title='bbox 1085 1241 1151 1294; x_wconf 92' lang='lat' dir='ltr'><strong>de</strong></span> <span class='ocrx_word' id='word_1_78' title='bbox 1197 1257 1256 1295; x_wconf 91' lang='lat' dir='ltr'><strong>se</strong></span> <span class='ocrx_word' id='word_1_79' title='bbox 1306 1241 1396 1294; x_wconf 84' lang='lat' dir='ltr'><strong>tibi</strong></span> <span class='ocrx_word' id='word_1_80' title='bbox 1444 1241 1697 1310; x_wconf 88' lang='lat' dir='ltr'><strong>scriptqu</strong></span> <span class='ocrx_word' id='word_1_81' title='bbox 1739 1249 1848 1302; x_wconf 79' lang='lat' dir='ltr'><strong>e-t;</strong></span> 
     </span>
    </p>
   </div>
   <div class='ocr_carea' id='block_1_12' title="bbox 272 1320 1849 1399">
    <p class='ocr_par' dir='ltr' id='par_1_12' title="bbox 272 1320 1849 1399">
     <span class='ocr_line' id='line_1_12' title="bbox 272 1320 1849 1399; baseline 0.007 -28"><span class='ocrx_word' id='word_1_82' title='bbox 272 1320 532 1376; x_wconf 62' lang='lat' dir='ltr'><strong>:Eschino</strong></span> <span class='ocrx_word' id='word_1_83' title='bbox 575 1326 713 1378; x_wconf 87' lang='lat' dir='ltr'><strong>enim</strong></span> <span class='ocrx_word' id='word_1_84' title='bbox 751 1327 965 1393; x_wconf 85' lang='lat' dir='ltr'><strong>dicitur,</strong></span> <span class='ocrx_word' id='word_1_85' title='bbox 997 1330 1132 1399; x_wconf 84' lang='lat' dir='ltr'><strong>quod</strong></span> <span class='ocrx_word' id='word_1_86' title='bbox 1163 1330 1307 1382; x_wconf 82' lang='lat' dir='ltr'><strong>audit</strong></span> <span class='ocrx_word' id='word_1_87' title='bbox 1353 1328 1500 1382; x_wconf 80' lang='lat' dir='ltr'><strong>Milia</strong></span> <span class='ocrx_word' id='word_1_88' title='bbox 1536 1329 1761 1398; x_wconf 81' lang='lat' dir='ltr'><strong>(Terent.</strong></span> <span class='ocrx_word' id='word_1_89' title='bbox 1796 1332 1849 1383; x_wconf 86' lang='lat' dir='ltr'><strong>in</strong></span> 
     </span>
    </p>
   </div>
   <div class='ocr_carea' id='block_1_13' title="bbox 269 1411 1847 1487">
    <p class='ocr_par' dir='ltr' id='par_1_13' title="bbox 269 1411 1847 1487">
     <span class='ocr_line' id='line_1_13' title="bbox 269 1411 1847 1487; baseline 0.007 -26"><span class='ocrx_word' id='word_1_90' title='bbox 269 1411 538 1480; x_wconf 75' lang='lat' dir='ltr'><strong>Adelphis.</strong></span> <span class='ocrx_word' id='word_1_91' title='bbox 577 1412 637 1465; x_wconf 80' lang='lat' dir='ltr'><strong>V.</strong></span> <span class='ocrx_word' id='word_1_92' title='bbox 671 1423 784 1468; x_wconf 88' lang='lat' dir='ltr'><strong>not.</strong></span> <span class='ocrx_word' id='word_1_93' title='bbox 819 1415 930 1485; x_wconf 75' lang='grc'>25).</span> <span class='ocrx_word' id='word_1_94' title='bbox 981 1417 1087 1472; x_wconf 89' lang='lat' dir='ltr'><strong>Sed</strong></span> <span class='ocrx_word' id='word_1_95' title='bbox 1134 1420 1260 1486; x_wconf 90' lang='lat' dir='ltr'><strong>quid</strong></span> <span class='ocrx_word' id='word_1_96' title='bbox 1301 1419 1366 1472; x_wconf 88' lang='lat' dir='ltr'><strong>de</strong></span> <span class='ocrx_word' id='word_1_97' title='bbox 1412 1419 1597 1472; x_wconf 87' lang='lat' dir='ltr'><strong>alienis</strong></span> <span class='ocrx_word' id='word_1_98' title='bbox 1644 1419 1847 1487; x_wconf 89' lang='lat' dir='ltr'><strong>loquar,</strong></span> 
     </span>
    </p>
   </div>
   <div class='ocr_carea' id='block_1_14' title="bbox 269 1499 1848 1578">
    <p class='ocr_par' dir='ltr' id='par_1_14' title="bbox 269 1499 1848 1578">
     <span class='ocr_line' id='line_1_14' title="bbox 269 1499 1848 1578; baseline 0.005 -24"><span class='ocrx_word' id='word_1_99' title='bbox 269 1514 394 1554; x_wconf 90' lang='lat' dir='ltr'><strong>cum</strong></span> <span class='ocrx_word' id='word_1_100' title='bbox 432 1499 498 1555; x_wconf 91' lang='lat' dir='ltr'><strong>de</strong></span> <span class='ocrx_word' id='word_1_101' title='bbox 534 1505 749 1572; x_wconf 88' lang='lat' dir='ltr'><strong>proprio</strong></span> <span class='ocrx_word' id='word_1_102' title='bbox 788 1515 984 1560; x_wconf 87' lang='lat' dir='ltr'><strong>cuncta</strong></span> <span class='ocrx_word' id='word_1_103' title='bbox 1034 1509 1338 1577; x_wconf 83' lang='lat' dir='ltr'><strong>possimus?</strong></span> <span class='ocrx_word' id='word_1_104' title='bbox 1377 1516 1432 1560; x_wconf 92' lang='lat' dir='ltr'><strong>et</strong></span> <span class='ocrx_word' id='word_1_105' title='bbox 1475 1509 1646 1562; x_wconf 89' lang='lat' dir='ltr'><strong>aliena</strong></span> <span class='ocrx_word' id='word_1_106' title='bbox 1684 1508 1848 1578; x_wconf 89' lang='lat' dir='ltr'><strong>loqui,</strong></span> 
     </span>
    </p>
   </div>
   <div class='ocr_carea' id='block_1_15' title="bbox 269 1592 1852 1668">
    <p class='ocr_par' dir='ltr' id='par_1_15' title="bbox 269 1592 1852 1668">
     <span class='ocr_line' id='line_1_15' title="bbox 269 1592 1852 1668; baseline 0.006 -24"><span class='ocrx_word' id='word_1_107' title='bbox 269 1606 382 1644; x_wconf 92' lang='lat' dir='ltr'><strong>non</strong></span> <span class='ocrx_word' id='word_1_108' title='bbox 404 1592 574 1646; x_wconf 87' lang='lat' dir='ltr'><strong>soleat</strong></span> <span class='ocrx_word' id='word_1_109' title='bbox 595 1609 713 1649; x_wconf 89' lang='lat' dir='ltr'><strong>esse</strong></span> <span class='ocrx_word' id='word_1_110' title='bbox 741 1598 854 1650; x_wconf 89' lang='lat' dir='ltr'><strong>sani</strong></span> <span class='ocrx_word' id='word_1_111' title='bbox 885 1597 1091 1667; x_wconf 82' lang='lat' dir='ltr'><strong>capitis,</strong></span> <span class='ocrx_word' id='word_1_112' title='bbox 1125 1614 1232 1668; x_wconf 89' lang='lat' dir='ltr'><strong>quo</strong></span> <span class='ocrx_word' id='word_1_113' title='bbox 1262 1599 1275 1628; x_wconf 83' lang='grc'>¹</span> <span class='ocrx_word' id='word_1_114' title='bbox 1307 1597 1400 1650; x_wconf 93' lang='lat' dir='ltr'><strong>Dei</strong></span> <span class='ocrx_word' id='word_1_115' title='bbox 1429 1599 1598 1665; x_wconf 88' lang='lat' dir='ltr'><strong>gratia</strong></span> <span class='ocrx_word' id='word_1_116' title='bbox 1622 1615 1753 1652; x_wconf 90' lang='lat' dir='ltr'><strong>sano</strong></span> <span class='ocrx_word' id='word_1_117' title='bbox 1797 1609 1852 1654; x_wconf 94' lang='lat' dir='ltr'><strong>et</strong></span> 
     </span>
    </p>
   </div>
   <div class='ocr_carea' id='block_1_16' title="bbox 268 1682 1851 1756">
    <p class='ocr_par' dir='ltr' id='par_1_16' title="bbox 268 1682 1851 1756">
     <span class='ocr_line' id='line_1_16' title="bbox 268 1682 1851 1756; baseline 0.003 -19"><span class='ocrx_word' id='word_1_118' title='bbox 268 1682 424 1737; x_wconf 87' lang='lat' dir='ltr'><strong>salvo</strong></span> <span class='ocrx_word' id='word_1_119' title='bbox 447 1686 846 1755; x_wconf 88' lang='lat' dir='ltr'><strong>sumus,quibus</strong></span> <span class='ocrx_word' id='word_1_120' title='bbox 865 1695 1026 1756; x_wconf 87' lang='lat' dir='ltr'><strong>caput</strong></span> <span class='ocrx_word' id='word_1_121' title='bbox 1049 1695 1129 1741; x_wconf 90' lang='lat' dir='ltr'><strong>est</strong></span> <span class='ocrx_word' id='word_1_122' title='bbox 1155 1687 1428 1741; x_wconf 84' lang='lat' dir='ltr'><strong>Christus?</strong></span> <span class='ocrx_word' id='word_1_123' title='bbox 1451 1686 1777 1742; x_wconf 85' lang='lat' dir='ltr'><strong>Incolumem</strong></span> <span class='ocrx_word' id='word_1_124' title='bbox 1799 1696 1851 1742; x_wconf 91' lang='lat' dir='ltr'><strong>te</strong></span> 
     </span>
    </p>
   </div>
   <div class='ocr_carea' id='block_1_17' title="bbox 265 1775 1848 1846">
    <p class='ocr_par' dir='ltr' id='par_1_17' title="bbox 265 1775 1848 1846">
     <span class='ocr_line' id='line_1_17' title="bbox 265 1775 1848 1846; baseline 0.003 -20"><span class='ocrx_word' id='word_1_125' title='bbox 265 1780 431 1827; x_wconf 67' lang='lat' dir='ltr'><strong>aetate</strong></span> <span class='ocrx_word' id='word_1_126' title='bbox 481 1775 885 1844; x_wconf 85' lang='lat' dir='ltr'><strong>quamplurima,</strong></span> <span class='ocrx_word' id='word_1_127' title='bbox 937 1786 990 1830; x_wconf 92' lang='lat' dir='ltr'><strong>et</strong></span> <span class='ocrx_word' id='word_1_128' title='bbox 1043 1778 1255 1832; x_wconf 86' lang='lat' dir='ltr'><strong>beatum</strong></span> <span class='ocrx_word' id='word_1_129' title='bbox 1307 1791 1517 1846; x_wconf 86' lang='lat' dir='ltr'><strong>semper</strong></span> <span class='ocrx_word' id='word_1_130' title='bbox 1563 1791 1683 1832; x_wconf 94' lang='lat' dir='ltr'><strong>cum</strong></span> <span class='ocrx_word' id='word_1_131' title='bbox 1739 1784 1848 1831; x_wconf 91' lang='lat' dir='ltr'><strong>tota</strong></span> 
     </span>
    </p>
   </div>
   <div class='ocr_carea' id='block_1_18' title="bbox 1951 581 3527 658">
    <p class='ocr_par' dir='ltr' id='par_1_18' title="bbox 1951 581 3527 658">
     <span class='ocr_line' id='line_1_18' title="bbox 1951 581 3527 658; baseline -0.001 -9"><span class='ocrx_word' id='word_1_132' title='bbox 1951 613 2110 652; x_wconf 84' lang='lat' dir='ltr'><strong>mone</strong></span> <span class='ocrx_word' id='word_1_133' title='bbox 2137 605 2193 651; x_wconf 91' lang='lat' dir='ltr'><strong>ct</strong></span> <span class='ocrx_word' id='word_1_134' title='bbox 2221 597 2402 651; x_wconf 89' lang='lat' dir='ltr'><strong>labore</strong></span> <span class='ocrx_word' id='word_1_135' title='bbox 2442 605 2494 650; x_wconf 90' lang='lat' dir='ltr'><strong>te</strong></span> <span class='ocrx_word' id='word_1_136' title='bbox 2532 595 2779 658; x_wconf 90' lang='lat' dir='ltr'><strong>arbitror,</strong></span> <span class='ocrx_word' id='word_1_137' title='bbox 2812 595 2882 648; x_wconf 90' lang='lat' dir='ltr'><strong>mi</strong></span> <span class='ocrx_word' id='word_1_138' title='bbox 2915 591 3228 658; x_wconf 85' lang='lat' dir='ltr'><strong>Licenti,.ad</strong></span> <span class='ocrx_word' id='word_1_139' title='bbox 3255 581 3527 648; x_wconf 86' lang='lat' dir='ltr'><strong>Christum</strong></span> 
     </span>
    </p>
   </div>
   <div class='ocr_carea' id='block_1_19' title="bbox 1952 684 3528 759">
    <p class='ocr_par' dir='ltr' id='par_1_19' title="bbox 1952 684 3528 759">
     <span class='ocr_line' id='line_1_19' title="bbox 1952 684 3528 759; baseline -0.004 -15"><span class='ocrx_word' id='word_1_140' title='bbox 1952 704 2108 759; x_wconf 88' lang='lat' dir='ltr'><strong>posse</strong></span> <span class='ocrx_word' id='word_1_141' title='bbox 2137 689 2362 754; x_wconf 91' lang='lat' dir='ltr'><strong>incitari,</strong></span> <span class='ocrx_word' id='word_1_142' title='bbox 2380 689 2490 758; x_wconf 89' lang='lat' dir='ltr'><strong>jam</strong></span> <span class='ocrx_word' id='word_1_143' title='bbox 2513 705 2543 742; x_wconf 91' lang='lat' dir='ltr'><strong>a</strong></span> <span class='ocrx_word' id='word_1_144' title='bbox 2571 687 2751 756; x_wconf 86' lang='lat' dir='ltr'><strong>pueris</strong></span> <span class='ocrx_word' id='word_1_145' title='bbox 2775 686 2838 740; x_wconf 91' lang='lat' dir='ltr'><strong>ad</strong></span> <span class='ocrx_word' id='word_1_146' title='bbox 2859 685 3035 740; x_wconf 88' lang='lat' dir='ltr'><strong>studia</strong></span> <span class='ocrx_word' id='word_1_147' title='bbox 3058 686 3071 716; x_wconf 86' lang='grc'>¹</span> <span class='ocrx_word' id='word_1_148' title='bbox 3107 684 3430 738; x_wconf 85' lang='lat' dir='ltr'><strong>veritatiset</strong></span> <span class='ocrx_word' id='word_1_149' title='bbox 3447 698 3528 738; x_wconf 82' lang='lat' dir='ltr'><strong>sa-</strong></span> 
     </span>
    </p>
   </div>
   <div class='ocr_carea' id='block_1_20' title="bbox 1951 775 3532 850">
    <p class='ocr_par' dir='ltr' id='par_1_20' title="bbox 1951 775 3532 850">
     <span class='ocr_line' id='line_1_20' title="bbox 1951 775 3532 850; baseline -0.003 -16"><span class='ocrx_word' id='word_1_150' title='bbox 1951 778 2191 849; x_wconf 63' lang='lat' dir='ltr'><strong>pientiae,</strong></span> <span class='ocrx_word' id='word_1_151' title='bbox 2225 779 2368 850; x_wconf 91' lang='lat' dir='ltr'><strong>quod</strong></span> <span class='ocrx_word' id='word_1_152' title='bbox 2402 788 2686 848; x_wconf 91' lang='lat' dir='ltr'><strong>utrumque</strong></span> <span class='ocrx_word' id='word_1_153' title='bbox 2714 794 2841 832; x_wconf 90' lang='lat' dir='ltr'><strong>vere</strong></span> <span class='ocrx_word' id='word_1_154' title='bbox 2867 786 2949 832; x_wconf 91' lang='lat' dir='ltr'><strong>est</strong></span> <span class='ocrx_word' id='word_1_155' title='bbox 2981 777 3246 843; x_wconf 90' lang='lat' dir='ltr'><strong>Christus,</strong></span> <span class='ocrx_word' id='word_1_156' title='bbox 3273 784 3330 831; x_wconf 91' lang='lat' dir='ltr'><strong>et</strong></span> <span class='ocrx_word' id='word_1_157' title='bbox 3357 775 3532 830; x_wconf 87' lang='lat' dir='ltr'><strong>omnis</strong></span> 
     </span>
    </p>
   </div>
   <div class='ocr_carea' id='block_1_21' title="bbox 1953 868 3528 943">
    <p class='ocr_par' dir='ltr' id='par_1_21' title="bbox 1953 868 3528 943">
     <span class='ocr_line' id='line_1_21' title="bbox 1953 868 3528 943; baseline -0.004 -15"><span class='ocrx_word' id='word_1_158' title='bbox 1953 873 2076 928; x_wconf 90' lang='lat' dir='ltr'><strong>boni</strong></span> <span class='ocrx_word' id='word_1_159' title='bbox 2108 889 2371 928; x_wconf 89' lang='lat' dir='ltr'><strong>summum</strong></span> <span class='ocrx_word' id='word_1_160' title='bbox 2417 873 2494 943; x_wconf 75' lang='grc' dir='ltr'><strong>(ό)</strong></span> <span class='ocrx_word' id='word_1_161' title='bbox 2524 873 2722 928; x_wconf 89' lang='lat' dir='ltr'><strong>bonum</strong></span> <span class='ocrx_word' id='word_1_162' title='bbox 2748 870 3065 925; x_wconf 85' lang='lat' dir='ltr'><strong>venerabilis</strong></span> <span class='ocrx_word' id='word_1_163' title='bbox 3112 868 3389 936; x_wconf 77' lang='lat' dir='ltr'><strong>Augustini</strong></span> <span class='ocrx_word' id='word_1_164' title='bbox 3417 869 3528 936; x_wconf 86' lang='lat' dir='ltr'><strong>spi-</strong></span> 
     </span>
    </p>
   </div>
   <div class='ocr_carea' id='block_1_22' title="bbox 1951 959 3534 1032">
    <p class='ocr_par' dir='ltr' id='par_1_22' title="bbox 1951 959 3534 1032">
     <span class='ocr_line' id='line_1_22' title="bbox 1951 959 3534 1032; baseline -0.004 -14"><span class='ocrx_word' id='word_1_165' title='bbox 1951 965 2053 1018; x_wconf 91' lang='lat' dir='ltr'><strong>ritu</strong></span> <span class='ocrx_word' id='word_1_166' title='bbox 2081 973 2136 1019; x_wconf 92' lang='lat' dir='ltr'><strong>et</strong></span> <span class='ocrx_word' id='word_1_167' title='bbox 2161 980 2254 1020; x_wconf 92' lang='lat' dir='ltr'><strong>ore</strong></span> <span class='ocrx_word' id='word_1_168' title='bbox 2283 965 2626 1018; x_wconf 83' lang='lat' dir='ltr'><strong>ﬂammatum.</strong></span> <span class='ocrx_word' id='word_1_169' title='bbox 2660 962 2760 1028; x_wconf 88' lang='lat' dir='ltr'><strong>Qui</strong></span> <span class='ocrx_word' id='word_1_170' title='bbox 2801 963 2845 1016; x_wconf 92' lang='lat' dir='ltr'><strong>si</strong></span> <span class='ocrx_word' id='word_1_171' title='bbox 2877 977 3062 1032; x_wconf 88' lang='lat' dir='ltr'><strong>parum</strong></span> <span class='ocrx_word' id='word_1_172' title='bbox 3093 959 3235 1030; x_wconf 87' lang='lat' dir='ltr'><strong>apud</strong></span> <span class='ocrx_word' id='word_1_173' title='bbox 3269 968 3322 1014; x_wconf 90' lang='lat' dir='ltr'><strong>te</strong></span> <span class='ocrx_word' id='word_1_174' title='bbox 3350 974 3446 1030; x_wconf 92' lang='lat' dir='ltr'><strong>pro</strong></span> <span class='ocrx_word' id='word_1_175' title='bbox 3477 967 3534 1012; x_wconf 86' lang='lat' dir='ltr'><strong>to</strong></span> 
     </span>
    </p>
   </div>
   <div class='ocr_carea' id='block_1_23' title="bbox 1953 1051 3541 1124">
    <p class='ocr_par' dir='ltr' id='par_1_23' title="bbox 1953 1051 3541 1124">
     <span class='ocr_line' id='line_1_23' title="bbox 1953 1051 3541 1124; baseline -0.003 -16"><span class='ocrx_word' id='word_1_176' title='bbox 1953 1056 2134 1123; x_wconf 88' lang='lat' dir='ltr'><strong>valuit,</strong></span> <span class='ocrx_word' id='word_1_177' title='bbox 2157 1055 2282 1124; x_wconf 89' lang='lat' dir='ltr'><strong>quid</strong></span> <span class='ocrx_word' id='word_1_178' title='bbox 2303 1069 2402 1124; x_wconf 88' lang='lat' dir='ltr'><strong>ego</strong></span> <span class='ocrx_word' id='word_1_179' title='bbox 2431 1061 2578 1109; x_wconf 88' lang='lat' dir='ltr'><strong>tanto</strong></span> <span class='ocrx_word' id='word_1_180' title='bbox 2601 1053 2881 1108; x_wconf 88' lang='lat' dir='ltr'><strong>intervallo</strong></span> <span class='ocrx_word' id='word_1_181' title='bbox 2900 1053 3187 1122; x_wconf 83' lang='lat' dir='ltr'><strong>posterior,</strong></span> <span class='ocrx_word' id='word_1_182' title='bbox 3214 1060 3269 1106; x_wconf 94' lang='lat' dir='ltr'><strong>et</strong></span> <span class='ocrx_word' id='word_1_183' title='bbox 3294 1051 3541 1105; x_wconf 83' lang='lat' dir='ltr'><strong>omnium</strong></span> 
     </span>
    </p>
   </div>
   <div class='ocr_carea' id='block_1_24' title="bbox 1953 1141 3528 1215">
    <p class='ocr_par' dir='ltr' id='par_1_24' title="bbox 1953 1141 3528 1215">
     <span class='ocr_line' id='line_1_24' title="bbox 1953 1141 3528 1215; baseline -0.002 -18"><span class='ocrx_word' id='word_1_184' title='bbox 1953 1144 2093 1199; x_wconf 88' lang='lat' dir='ltr'><strong>illius</strong></span> <span class='ocrx_word' id='word_1_185' title='bbox 2113 1160 2272 1215; x_wconf 91' lang='lat' dir='ltr'><strong>opum</strong></span> <span class='ocrx_word' id='word_1_186' title='bbox 2296 1160 2518 1215; x_wconf 86' lang='lat' dir='ltr'><strong>pauper,</strong></span> <span class='ocrx_word' id='word_1_187' title='bbox 2550 1143 2773 1198; x_wconf 87' lang='lat' dir='ltr'><strong>efliciam</strong></span> <span class='ocrx_word' id='word_1_188' title='bbox 2795 1145 2817 1197; x_wconf 69' lang='grc' dir='ltr'>Τ</span> <span class='ocrx_word' id='word_1_189' title='bbox 2839 1143 2942 1199; x_wconf 87' lang='lat' dir='ltr'><strong>Sed</strong></span> <span class='ocrx_word' id='word_1_190' title='bbox 2962 1143 3086 1211; x_wconf 86' lang='lat' dir='ltr'><strong>quia</strong></span> <span class='ocrx_word' id='word_1_191' title='bbox 3111 1151 3165 1197; x_wconf 90' lang='lat' dir='ltr'><strong>et</strong></span> <span class='ocrx_word' id='word_1_192' title='bbox 3195 1143 3334 1195; x_wconf 86' lang='lat' dir='ltr'><strong>illius</strong></span> <span class='ocrx_word' id='word_1_193' title='bbox 3361 1141 3528 1196; x_wconf 89' lang='lat' dir='ltr'><strong>facul-</strong></span> 
     </span>
    </p>
   </div>
   <div class='ocr_carea' id='block_1_25' title="bbox 1955 1230 3532 1304">
    <p class='ocr_par' dir='ltr' id='par_1_25' title="bbox 1955 1230 3532 1304">
     <span class='ocr_line' id='line_1_25' title="bbox 1955 1230 3532 1304; baseline -0.003 -16"><span class='ocrx_word' id='word_1_194' title='bbox 1955 1234 2077 1288; x_wconf 84' lang='lat' dir='ltr'><strong>tatis</strong></span> <span class='ocrx_word' id='word_1_195' title='bbox 2105 1235 2364 1304; x_wconf 88' lang='lat' dir='ltr'><strong>potentia,</strong></span> <span class='ocrx_word' id='word_1_196' title='bbox 2393 1243 2447 1288; x_wconf 91' lang='lat' dir='ltr'><strong>et</strong></span> <span class='ocrx_word' id='word_1_197' title='bbox 2470 1234 2542 1287; x_wconf 92' lang='lat' dir='ltr'><strong>tui</strong></span> <span class='ocrx_word' id='word_1_198' title='bbox 2574 1233 2766 1301; x_wconf 90' lang='lat' dir='ltr'><strong>ingenii</strong></span> <span class='ocrx_word' id='word_1_199' title='bbox 2787 1233 3117 1287; x_wconf 89' lang='lat' dir='ltr'><strong>humanitate</strong></span> <span class='ocrx_word' id='word_1_200' title='bbox 3143 1231 3396 1295; x_wconf 84' lang='lat' dir='ltr'><strong>conlisus,</strong></span> <span class='ocrx_word' id='word_1_201' title='bbox 3419 1230 3532 1299; x_wconf 84' lang='lat' dir='ltr'><strong>ple-</strong></span> 
     </span>
    </p>
   </div>
   <div class='ocr_carea' id='block_1_26' title="bbox 1954 1323 3530 1394">
    <p class='ocr_par' dir='ltr' id='par_1_26' title="bbox 1954 1323 3530 1394">
     <span class='ocr_line' id='line_1_26' title="bbox 1954 1323 3530 1394; baseline -0.003 -14"><span class='ocrx_word' id='word_1_202' title='bbox 1954 1327 2103 1380; x_wconf 90' lang='lat' dir='ltr'><strong>niora</strong></span> <span class='ocrx_word' id='word_1_203' title='bbox 2133 1334 2292 1393; x_wconf 89' lang='lat' dir='ltr'><strong>atque</strong></span> <span class='ocrx_word' id='word_1_204' title='bbox 2315 1326 2512 1393; x_wconf 84' lang='lat' dir='ltr'><strong>majora</strong></span> <span class='ocrx_word' id='word_1_205' title='bbox 2543 1325 2596 1378; x_wconf 91' lang='lat' dir='ltr'><strong>in</strong></span> <span class='ocrx_word' id='word_1_206' title='bbox 2627 1333 2678 1379; x_wconf 91' lang='lat' dir='ltr'><strong>te</strong></span> <span class='ocrx_word' id='word_1_207' title='bbox 2701 1339 2854 1394; x_wconf 87' lang='lat' dir='ltr'><strong>spero</strong></span> <span class='ocrx_word' id='word_1_208' title='bbox 2891 1324 3192 1389; x_wconf 88' lang='lat' dir='ltr'><strong>elaborata,</strong></span> <span class='ocrx_word' id='word_1_209' title='bbox 3230 1339 3389 1394; x_wconf 87' lang='lat' dir='ltr'><strong>quam</strong></span> <span class='ocrx_word' id='word_1_210' title='bbox 3414 1323 3530 1376; x_wconf 89' lang='lat' dir='ltr'><strong>ela-</strong></span> 
     </span>
    </p>
   </div>
   <div class='ocr_carea' id='block_1_27' title="bbox 1953 1411 3532 1483">
    <p class='ocr_par' dir='ltr' id='par_1_27' title="bbox 1953 1411 3532 1483">
     <span class='ocr_line' id='line_1_27' title="bbox 1953 1411 3532 1483; baseline -0.004 -13"><span class='ocrx_word' id='word_1_211' title='bbox 1953 1416 2209 1478; x_wconf 90' lang='lat' dir='ltr'><strong>boranda,</strong></span> <span class='ocrx_word' id='word_1_212' title='bbox 2242 1431 2400 1468; x_wconf 83' lang='lat' dir='ltr'><strong>ausus</strong></span> <span class='ocrx_word' id='word_1_213' title='bbox 2426 1431 2543 1470; x_wconf 91' lang='lat' dir='ltr'><strong>sum</strong></span> <span class='ocrx_word' id='word_1_214' title='bbox 2589 1415 2795 1468; x_wconf 83' lang='lat' dir='ltr'><strong>hiscere</strong></span> <span class='ocrx_word' id='word_1_215' title='bbox 2824 1413 3020 1483; x_wconf 87' lang='lat' dir='ltr'><strong>duplici</strong></span> <span class='ocrx_word' id='word_1_216' title='bbox 3065 1413 3254 1479; x_wconf 90' lang='lat' dir='ltr'><strong>gratia,</strong></span> <span class='ocrx_word' id='word_1_217' title='bbox 3287 1420 3342 1465; x_wconf 92' lang='lat' dir='ltr'><strong>ut</strong></span> <span class='ocrx_word' id='word_1_218' title='bbox 3372 1421 3426 1465; x_wconf 89' lang='lat' dir='ltr'><strong>et</strong></span> <span class='ocrx_word' id='word_1_219' title='bbox 3459 1411 3532 1464; x_wconf 88' lang='lat' dir='ltr'><strong>illi</strong></span> 
     </span>
    </p>
   </div>
   <div class='ocr_carea' id='block_1_28' title="bbox 1953 1500 3534 1575">
    <p class='ocr_par' dir='ltr' id='par_1_28' title="bbox 1953 1500 3534 1575">
     <span class='ocr_line' id='line_1_28' title="bbox 1953 1500 3534 1575; baseline -0.005 -15"><span class='ocrx_word' id='word_1_220' title='bbox 1953 1506 2068 1560; x_wconf 92' lang='lat' dir='ltr'><strong>viro</strong></span> <span class='ocrx_word' id='word_1_221' title='bbox 2100 1505 2169 1575; x_wconf 78' lang='grc' dir='ltr'><strong>(ε)</strong></span> <span class='ocrx_word' id='word_1_222' title='bbox 2209 1505 2386 1559; x_wconf 87' lang='lat' dir='ltr'><strong>debita</strong></span> <span class='ocrx_word' id='word_1_223' title='bbox 2428 1505 2650 1558; x_wconf 88' lang='lat' dir='ltr'><strong>caritate</strong></span> <span class='ocrx_word' id='word_1_224' title='bbox 2684 1519 3024 1572; x_wconf 87' lang='lat' dir='ltr'><strong>compararer</strong></span> <span class='ocrx_word' id='word_1_225' title='bbox 3071 1502 3122 1554; x_wconf 91' lang='lat' dir='ltr'><strong>in</strong></span> <span class='ocrx_word' id='word_1_226' title='bbox 3177 1500 3534 1554; x_wconf 87' lang='lat' dir='ltr'><strong>sollicitudine</strong></span> 
     </span>
    </p>
   </div>
   <div class='ocr_carea' id='block_1_29' title="bbox 1953 1589 3531 1664">
    <p class='ocr_par' dir='ltr' id='par_1_29' title="bbox 1953 1589 3531 1664">
     <span class='ocr_line' id='line_1_29' title="bbox 1953 1589 3531 1664; baseline -0.007 -12"><span class='ocrx_word' id='word_1_227' title='bbox 1953 1599 2056 1664; x_wconf 91' lang='lat' dir='ltr'><strong>tui;</strong></span> <span class='ocrx_word' id='word_1_228' title='bbox 2085 1603 2139 1652; x_wconf 91' lang='lat' dir='ltr'><strong>et</strong></span> <span class='ocrx_word' id='word_1_229' title='bbox 2169 1598 2308 1651; x_wconf 89' lang='lat' dir='ltr'><strong>inter</strong></span> <span class='ocrx_word' id='word_1_230' title='bbox 2330 1611 2422 1650; x_wconf 90' lang='lat' dir='ltr'><strong>eos</strong></span> <span class='ocrx_word' id='word_1_231' title='bbox 2450 1594 2539 1662; x_wconf 93' lang='lat' dir='ltr'><strong>qui</strong></span> <span class='ocrx_word' id='word_1_232' title='bbox 2569 1594 2794 1647; x_wconf 86' lang='lat' dir='ltr'><strong>salutem</strong></span> <span class='ocrx_word' id='word_1_233' title='bbox 2827 1603 2969 1646; x_wconf 90' lang='lat' dir='ltr'><strong>tuam</strong></span> <span class='ocrx_word' id='word_1_234' title='bbox 3000 1592 3254 1658; x_wconf 88' lang='lat' dir='ltr'><strong>diligunt,</strong></span> <span class='ocrx_word' id='word_1_235' title='bbox 3289 1589 3370 1643; x_wconf 89' lang='lat' dir='ltr'><strong>vel</strong></span> <span class='ocrx_word' id='word_1_236' title='bbox 3400 1604 3531 1642; x_wconf 86' lang='lat' dir='ltr'><strong>eon-</strong></span> 
     </span>
    </p>
   </div>
   <div class='ocr_carea' id='block_1_30' title="bbox 1953 1679 3534 1750">
    <p class='ocr_par' dir='ltr' id='par_1_30' title="bbox 1953 1679 3534 1750">
     <span class='ocr_line' id='line_1_30' title="bbox 1953 1679 3534 1750; baseline -0.007 -8"><span class='ocrx_word' id='word_1_237' title='bbox 1953 1695 2146 1744; x_wconf 89' lang='lat' dir='ltr'><strong>testato</strong></span> <span class='ocrx_word' id='word_1_238' title='bbox 2169 1700 2479 1740; x_wconf 89' lang='lat' dir='ltr'><strong>numerarer</strong></span> <span class='ocrx_word' id='word_1_239' title='bbox 2501 1683 2713 1736; x_wconf 74' lang='lat' dir='ltr'><strong>alfectu.</strong></span> <span class='ocrx_word' id='word_1_240' title='bbox 2747 1681 2876 1734; x_wconf 88' lang='lat' dir='ltr'><strong>Nam</strong></span> <span class='ocrx_word' id='word_1_241' title='bbox 2900 1679 2968 1750; x_wconf 70' lang='grc' dir='ltr'><strong>(ί)</strong></span> <span class='ocrx_word' id='word_1_242' title='bbox 2995 1679 3215 1734; x_wconf 86' lang='lat' dir='ltr'><strong>eflectus</strong></span> <span class='ocrx_word' id='word_1_243' title='bbox 3233 1681 3283 1732; x_wconf 94' lang='lat' dir='ltr'><strong>in</strong></span> <span class='ocrx_word' id='word_1_244' title='bbox 3311 1679 3383 1732; x_wconf 89' lang='lat' dir='ltr'><strong>tui</strong></span> <span class='ocrx_word' id='word_1_245' title='bbox 3413 1693 3534 1747; x_wconf 87' lang='lat' dir='ltr'><strong>per-</strong></span> 
     </span>
    </p>
   </div>
   <div class='ocr_carea' id='block_1_31' title="bbox 1952 1771 3533 1848">
    <p class='ocr_par' dir='ltr' id='par_1_31' title="bbox 1952 1771 3533 1848">
     <span class='ocr_line' id='line_1_31' title="bbox 1952 1771 3533 1848; baseline -0.006 -14"><span class='ocrx_word' id='word_1_246' title='bbox 1952 1779 2179 1834; x_wconf 90' lang='lat' dir='ltr'><strong>fectione</strong></span> <span class='ocrx_word' id='word_1_247' title='bbox 2219 1777 2447 1848; x_wconf 88' lang='lat' dir='ltr'><strong>palmam</strong></span> <span class='ocrx_word' id='word_1_248' title='bbox 2494 1774 2790 1842; x_wconf 86' lang='lat' dir='ltr'><strong>Augustino</strong></span> <span class='ocrx_word' id='word_1_249' title='bbox 2835 1773 3168 1843; x_wconf 89' lang='lat' dir='ltr'><strong>potissimum</strong></span> <span class='ocrx_word' id='word_1_250' title='bbox 3216 1771 3533 1826; x_wconf 87' lang='lat' dir='ltr'><strong>destinatam</strong></span> 
     </span>
    </p>
   </div>
   <div class='ocr_carea' id='block_1_32' title="bbox 267 1859 2092 1933">
    <p class='ocr_par' dir='ltr' id='par_1_32' title="bbox 267 1859 2092 1933">
     <span class='ocr_line' id='line_1_32' title="bbox 267 1859 2092 1933; baseline 0.004 -19"><span class='ocrx_word' id='word_1_251' title='bbox 267 1859 433 1916; x_wconf 89' lang='lat' dir='ltr'><strong>domo</strong></span> <span class='ocrx_word' id='word_1_252' title='bbox 461 1869 572 1928; x_wconf 91' lang='lat' dir='ltr'><strong>tua,</strong></span> <span class='ocrx_word' id='word_1_253' title='bbox 603 1871 663 1917; x_wconf 88' lang='lat' dir='ltr'><strong>ut</strong></span> <span class='ocrx_word' id='word_1_254' title='bbox 693 1865 954 1933; x_wconf 90' lang='lat' dir='ltr'><strong>cupimus,</strong></span> <span class='ocrx_word' id='word_1_255' title='bbox 980 1866 1268 1920; x_wconf 86' lang='lat' dir='ltr'><strong>habeamus</strong></span> <span class='ocrx_word' id='word_1_256' title='bbox 1306 1865 1356 1919; x_wconf 92' lang='lat' dir='ltr'><strong>in</strong></span> <span class='ocrx_word' id='word_1_257' title='bbox 1387 1865 1617 1927; x_wconf 90' lang='lat' dir='ltr'><strong>Christo,</strong></span> <span class='ocrx_word' id='word_1_258' title='bbox 1640 1866 1856 1921; x_wconf 90' lang='lat' dir='ltr'><strong>domine</strong></span> <span class='ocrx_word' id='word_1_259' title='bbox 1887 1867 1932 1927; x_wconf 90' lang='lat' dir='ltr'><strong>B</strong></span> <span class='ocrx_word' id='word_1_260' title='bbox 1958 1871 2092 1925; x_wconf 88' lang='lat' dir='ltr'><strong>scio.</strong></span> 
     </span>
    </p>
   </div>
   <div class='ocr_carea' id='block_1_33' title="bbox 266 1949 1746 2013">
    <p class='ocr_par' dir='ltr' id='par_1_33' title="bbox 266 1949 1746 2013">
     <span class='ocr_line' id='line_1_33' title="bbox 266 1949 1746 2013; baseline 0.005 -9"><span class='ocrx_word' id='word_1_261' title='bbox 266 1949 438 2006; x_wconf 78' lang='lat' dir='ltr'><strong>frater</strong></span> <span class='ocrx_word' id='word_1_262' title='bbox 465 1951 659 2009; x_wconf 91' lang='lat' dir='ltr'><strong>merito</strong></span> <span class='ocrx_word' id='word_1_263' title='bbox 687 1954 1144 2011; x_wconf 86' lang='lat' dir='ltr'><strong>honorandissime</strong></span> <span class='ocrx_word' id='word_1_264' title='bbox 1164 1965 1219 2010; x_wconf 91' lang='lat' dir='ltr'><strong>et</strong></span> <span class='ocrx_word' id='word_1_265' title='bbox 1245 1955 1746 2013; x_wconf 86' lang='lat' dir='ltr'><strong>desiderantissime.</strong></span> 
     </span>
    </p>
   </div>
   <div class='ocr_carea' id='block_1_34' title="bbox 790 2162 1336 2233">
    <p class='ocr_par' dir='ltr' id='par_1_34' title="bbox 790 2162 1336 2233">
     <span class='ocr_line' id='line_1_34' title="bbox 790 2162 1336 2233; baseline 0.005 -17"><span class='ocrx_word' id='word_1_266' title='bbox 790 2162 1112 2220; x_wconf 69' lang='grc' dir='ltr'><strong>Ειηςτυω</strong></span> <span class='ocrx_word' id='word_1_267' title='bbox 1153 2176 1160 2188; x_wconf 89' lang='grc'><em>“</em></span> <span class='ocrx_word' id='word_1_268' title='bbox 1199 2167 1336 2233; x_wconf 53' lang='lat' dir='ltr'><strong>Vill,</strong></span> 
     </span>
    </p>
   </div>
   <div class='ocr_carea' id='block_1_35' title="bbox 852 2294 1258 2332">
    <p class='ocr_par' dir='ltr' id='par_1_35' title="bbox 852 2294 1258 2332">
     <span class='ocr_line' id='line_1_35' title="bbox 852 2294 1258 2332; baseline 0.005 -4"><span class='ocrx_word' id='word_1_269' title='bbox 852 2294 915 2329; x_wconf 71' lang='lat' dir='ltr'><strong>AD</strong></span> <span class='ocrx_word' id='word_1_270' title='bbox 955 2294 1258 2332; x_wconf 64' lang='lat' dir='ltr'><strong>IJCENTIUM.</strong></span> 
     </span>
    </p>
   </div>
   <div class='ocr_carea' id='block_1_36' title="bbox 265 2381 1848 2456">
    <p class='ocr_par' dir='ltr' id='par_1_36' title="bbox 265 2381 1848 2456">
     <span class='ocr_line' id='line_1_36' title="bbox 265 2381 1848 2456; baseline 0.004 -20"><span class='ocrx_word' id='word_1_271' title='bbox 265 2381 554 2456; x_wconf 69' lang='lat' dir='ltr'><strong>L’centmm</strong></span> <span class='ocrx_word' id='word_1_272' title='bbox 576 2382 886 2456; x_wconf 69' lang='lat' dir='ltr'><strong>liom&#39;nuani</strong></span> <span class='ocrx_word' id='word_1_273' title='bbox 911 2387 1104 2454; x_wconf 82' lang='lat' dir='ltr'><strong>ﬁlium,</strong></span> <span class='ocrx_word' id='word_1_274' title='bbox 1128 2405 1218 2456; x_wconf 87' lang='lat' dir='ltr'><strong>pro</strong></span> <span class='ocrx_word' id='word_1_275' title='bbox 1253 2406 1350 2455; x_wconf 90' lang='lat' dir='ltr'><strong>quo</strong></span> <span class='ocrx_word' id='word_1_276' title='bbox 1380 2398 1647 2452; x_wconf 76' lang='lat' dir='ltr'><strong>scripserat</strong></span> <span class='ocrx_word' id='word_1_277' title='bbox 1679 2390 1848 2456; x_wconf 72' lang='grc' dir='ltr'><strong>,ιιτῃιτ-</strong></span> 
     </span>
    </p>
   </div>
   <div class='ocr_carea' id='block_1_37' title="bbox 341 2447 1847 2533">
    <p class='ocr_par' dir='ltr' id='par_1_37' title="bbox 341 2447 1847 2533">
     <span class='ocr_line' id='line_1_37' title="bbox 341 2447 1847 2533; baseline 0.004 -27"><span class='ocrx_word' id='word_1_278' title='bbox 341 2453 507 2506; x_wconf 73' lang='lat' dir='ltr'><strong>stinus</strong></span> <span class='ocrx_word' id='word_1_279' title='bbox 536 2453 644 2533; x_wconf 71' lang='lat' dir='ltr'><strong>ejus</strong></span> <span class='ocrx_word' id='word_1_280' title='bbox 666 2455 786 2506; x_wconf 80' lang='lat' dir='ltr'><strong>olim</strong></span> <span class='ocrx_word' id='word_1_281' title='bbox 810 2447 1066 2524; x_wconf 57' lang='lat' dir='ltr'><strong>ntaqisfer,</strong></span> <span class='ocrx_word' id='word_1_282' title='bbox 1092 2447 1331 2511; x_wconf 35' lang='lat' dir='ltr'><strong>&#39;Ii&#39;ortnt&#39;ur</strong></span> <span class='ocrx_word' id='word_1_283' title='bbox 1351 2447 1597 2511; x_wconf 77' lang='lat' dir='ltr'><strong>Paulinus</strong></span> <span class='ocrx_word' id='word_1_284' title='bbox 1627 2470 1673 2511; x_wconf 84' lang='lat' dir='ltr'><strong>et</strong></span> <span class='ocrx_word' id='word_1_285' title='bbox 1694 2447 1847 2533; x_wconf 62' lang='grc' dir='ltr'><strong>ρζῦκςνι</strong></span> 
     </span>
    </p>
   </div>
   <div class='ocr_carea' id='block_1_38' title="bbox 338 2527 1848 2596">
    <p class='ocr_par' dir='ltr' id='par_1_38' title="bbox 338 2527 1848 2596">
     <span class='ocr_line' id='line_1_38' title="bbox 338 2527 1848 2596; baseline 0.004 -22"><span class='ocrx_word' id='word_1_286' title='bbox 338 2532 389 2574; x_wconf 88' lang='lat' dir='ltr'><strong>et</strong></span> <span class='ocrx_word' id='word_1_287' title='bbox 416 2527 672 2587; x_wconf 77' lang='lat' dir='ltr'><strong>carmine,</strong></span> <span class='ocrx_word' id='word_1_288' title='bbox 717 2533 770 2574; x_wconf 83' lang='lat' dir='ltr'><strong>ut</strong></span> <span class='ocrx_word' id='word_1_289' title='bbox 799 2536 1046 2579; x_wconf 69' lang='lat' dir='ltr'><strong>cantante</strong></span> <span class='ocrx_word' id='word_1_290' title='bbox 1074 2529 1207 2579; x_wconf 74' lang='lat' dir='ltr'><strong>aula!</strong></span> <span class='ocrx_word' id='word_1_291' title='bbox 1236 2531 1369 2596; x_wconf 74' lang='lat' dir='ltr'><strong>fastu</strong></span> <span class='ocrx_word' id='word_1_292' title='bbox 1397 2545 1450 2581; x_wconf 72' lang='lat' dir='ltr'><strong>se</strong></span> <span class='ocrx_word' id='word_1_293' title='bbox 1479 2529 1673 2582; x_wconf 79' lang='lat' dir='ltr'><strong>dedicet</strong></span> <span class='ocrx_word' id='word_1_294' title='bbox 1702 2527 1848 2580; x_wconf 66' lang='lat' dir='ltr'><strong>Cini-</strong></span> 
     </span>
    </p>
   </div>
   <div class='ocr_carea' id='block_1_39' title="bbox 340 2599 442 2644">
    <p class='ocr_par' dir='ltr' id='par_1_39' title="bbox 340 2599 442 2644">
     <span class='ocr_line' id='line_1_39' title="bbox 340 2599 442 2644; baseline 0 0"><span class='ocrx_word' id='word_1_295' title='bbox 340 2599 442 2644; x_wconf 69' lang='lat' dir='ltr'><strong>sto.</strong></span> 
     </span>
    </p>
   </div>
   <div class='ocr_carea' id='block_1_40' title="bbox 344 2752 1850 2825">
    <p class='ocr_par' dir='ltr' id='par_1_40' title="bbox 344 2752 1850 2825">
     <span class='ocr_line' id='line_1_40' title="bbox 344 2752 1850 2825; baseline 0.004 -20"><span class='ocrx_word' id='word_1_296' title='bbox 344 2752 396 2808; x_wconf 78' lang='grc'><strong>1.</strong></span> <span class='ocrx_word' id='word_1_297' title='bbox 434 2753 570 2807; x_wconf 83' lang='lat' dir='ltr'><strong>Audi</strong></span> <span class='ocrx_word' id='word_1_298' title='bbox 595 2768 723 2822; x_wconf 87' lang='lat' dir='ltr'><strong>ergo</strong></span> <span class='ocrx_word' id='word_1_299' title='bbox 752 2753 824 2808; x_wconf 83' lang='lat' dir='ltr'><strong>ﬁli</strong></span> <span class='ocrx_word' id='word_1_300' title='bbox 853 2756 1022 2823; x_wconf 82' lang='lat' dir='ltr'><strong>legem</strong></span> <span class='ocrx_word' id='word_1_301' title='bbox 1054 2758 1216 2824; x_wconf 79' lang='lat' dir='ltr'><strong>patris</strong></span> <span class='ocrx_word' id='word_1_302' title='bbox 1257 2757 1328 2810; x_wconf 91' lang='lat' dir='ltr'><strong>tui</strong></span> <span class='ocrx_word' id='word_1_303' title='bbox 1371 2769 1423 2823; x_wconf 75' lang='grc'><em>⁸,</em></span> <span class='ocrx_word' id='word_1_304' title='bbox 1467 2759 1518 2810; x_wconf 82' lang='lat' dir='ltr'><strong>id</strong></span> <span class='ocrx_word' id='word_1_305' title='bbox 1543 2768 1659 2825; x_wconf 92' lang='lat' dir='ltr'><strong>est,</strong></span> <span class='ocrx_word' id='word_1_306' title='bbox 1692 2758 1850 2812; x_wconf 89' lang='lat' dir='ltr'><strong>Iidem</strong></span> 
     </span>
    </p>
   </div>
   <div class='ocr_carea' id='block_1_41' title="bbox 265 2843 1851 2919">
    <p class='ocr_par' dir='ltr' id='par_1_41' title="bbox 265 2843 1851 2919">
     <span class='ocr_line' id='line_1_41' title="bbox 265 2843 1851 2919; baseline 0.004 -23"><span class='ocrx_word' id='word_1_307' title='bbox 265 2843 586 2912; x_wconf 74' lang='lat' dir='ltr'><strong>Augustini;</strong></span> <span class='ocrx_word' id='word_1_308' title='bbox 611 2853 666 2898; x_wconf 89' lang='lat' dir='ltr'><strong>et</strong></span> <span class='ocrx_word' id='word_1_309' title='bbox 688 2846 793 2898; x_wconf 89' lang='lat' dir='ltr'><strong>noli</strong></span> <span class='ocrx_word' id='word_1_310' title='bbox 824 2847 1082 2915; x_wconf 82' lang='lat' dir='ltr'><strong>repellere</strong></span> <span class='ocrx_word' id='word_1_311' title='bbox 1103 2848 1321 2901; x_wconf 90' lang='lat' dir='ltr'><strong>consilia</strong></span> <span class='ocrx_word' id='word_1_312' title='bbox 1344 2849 1529 2902; x_wconf 89' lang='lat' dir='ltr'><strong>matris</strong></span> <span class='ocrx_word' id='word_1_313' title='bbox 1559 2857 1680 2913; x_wconf 64' lang='lat' dir='ltr'><strong>tuae,</strong></span> <span class='ocrx_word' id='word_1_314' title='bbox 1710 2849 1851 2919; x_wconf 88' lang='lat' dir='ltr'><strong>quod</strong></span> 
     </span>
    </p>
   </div>
   <div class='ocr_carea' id='block_1_42' title="bbox 263 2933 1850 3005">
    <p class='ocr_par' dir='ltr' id='par_1_42' title="bbox 263 2933 1850 3005">
     <span class='ocr_line' id='line_1_42' title="bbox 263 2933 1850 3005; baseline 0.004 -19"><span class='ocrx_word' id='word_1_315' title='bbox 263 2945 424 2999; x_wconf 76' lang='lat' dir='ltr'><strong>teque</strong></span> <span class='ocrx_word' id='word_1_316' title='bbox 453 2947 649 2986; x_wconf 87' lang='lat' dir='ltr'><strong>nomen</strong></span> <span class='ocrx_word' id='word_1_317' title='bbox 677 2933 729 2986; x_wconf 91' lang='lat' dir='ltr'><strong>in</strong></span> <span class='ocrx_word' id='word_1_318' title='bbox 751 2942 802 2987; x_wconf 80' lang='lat' dir='ltr'><strong>‘e</strong></span> <span class='ocrx_word' id='word_1_319' title='bbox 827 2935 1105 3002; x_wconf 86' lang='lat' dir='ltr'><strong>Augustini</strong></span> <span class='ocrx_word' id='word_1_320' title='bbox 1133 2936 1302 3004; x_wconf 88' lang='lat' dir='ltr'><strong>pietas</strong></span> <span class='ocrx_word' id='word_1_321' title='bbox 1324 2935 1444 3005; x_wconf 87' lang='lat' dir='ltr'><strong>jure</strong></span> <span class='ocrx_word' id='word_1_322' title='bbox 1463 2938 1563 2991; x_wconf 85' lang='lat' dir='ltr'><strong>sibi</strong></span> <span class='ocrx_word' id='word_1_323' title='bbox 1591 2937 1850 3003; x_wconf 89' lang='lat' dir='ltr'><strong>vindicat;</strong></span> 
     </span>
    </p>
   </div>
   <div class='ocr_carea' id='block_1_43' title="bbox 266 3018 1854 3096">
    <p class='ocr_par' dir='ltr' id='par_1_43' title="bbox 266 3018 1854 3096">
     <span class='ocr_line' id='line_1_43' title="bbox 266 3018 1854 3096; baseline 0.006 -25"><span class='ocrx_word' id='word_1_324' title='bbox 266 3018 368 3086; x_wconf 88' lang='lat' dir='ltr'><strong>qui</strong></span> <span class='ocrx_word' id='word_1_325' title='bbox 409 3026 464 3073; x_wconf 87' lang='lat' dir='ltr'><strong>te</strong></span> <span class='ocrx_word' id='word_1_326' title='bbox 493 3020 755 3074; x_wconf 90' lang='lat' dir='ltr'><strong>tantillum</strong></span> <span class='ocrx_word' id='word_1_327' title='bbox 807 3023 925 3076; x_wconf 87' lang='lat' dir='ltr'><strong>sinu</strong></span> <span class='ocrx_word' id='word_1_328' title='bbox 974 3025 1201 3090; x_wconf 88' lang='lat' dir='ltr'><strong>gestavit</strong></span> <span class='ocrx_word' id='word_1_329' title='bbox 1251 3039 1377 3091; x_wconf 90' lang='lat' dir='ltr'><strong>suo,</strong></span> <span class='ocrx_word' id='word_1_330' title='bbox 1429 3034 1485 3080; x_wconf 92' lang='lat' dir='ltr'><strong>et</strong></span> <span class='ocrx_word' id='word_1_331' title='bbox 1536 3042 1565 3078; x_wconf 88' lang='lat' dir='ltr'><strong>a</strong></span> <span class='ocrx_word' id='word_1_332' title='bbox 1621 3028 1854 3096; x_wconf 87' lang='lat' dir='ltr'><strong>parvulis</strong></span> 
     </span>
    </p>
   </div>
   <div class='ocr_carea' id='block_1_44' title="bbox 262 3107 1848 3184">
    <p class='ocr_par' dir='ltr' id='par_1_44' title="bbox 262 3107 1848 3184">
     <span class='ocr_line' id='line_1_44' title="bbox 262 3107 1848 3184; baseline 0.008 -26"><span class='ocrx_word' id='word_1_333' title='bbox 262 3107 452 3176; x_wconf 84' lang='lat' dir='ltr'><strong>primo</strong></span> <span class='ocrx_word' id='word_1_334' title='bbox 489 3107 631 3163; x_wconf 88' lang='lat' dir='ltr'><strong>lacte</strong></span> <span class='ocrx_word' id='word_1_335' title='bbox 660 3109 931 3180; x_wconf 68' lang='lat' dir='ltr'><strong>sapientiae</strong></span> <span class='ocrx_word' id='word_1_336' title='bbox 966 3111 1218 3167; x_wconf 81' lang='lat' dir='ltr'><strong>secularis</strong></span> <span class='ocrx_word' id='word_1_337' title='bbox 1244 3114 1351 3184; x_wconf 74' lang='lat'><strong>38</strong></span> <span class='ocrx_word' id='word_1_338' title='bbox 1389 3115 1674 3180; x_wconf 90' lang='lat' dir='ltr'><strong>imbutum,</strong></span> <span class='ocrx_word' id='word_1_339' title='bbox 1713 3132 1848 3171; x_wconf 91' lang='lat' dir='ltr'><strong>nunc</strong></span> 
     </span>
    </p>
   </div>
   <div class='ocr_carea' id='block_1_45' title="bbox 263 3195 1930 3274">
    <p class='ocr_par' dir='ltr' id='par_1_45' title="bbox 263 3195 1930 3274">
     <span class='ocr_line' id='line_1_45' title="bbox 263 3195 1930 3274; baseline 0.009 -27"><span class='ocrx_word' id='word_1_340' title='bbox 263 3195 437 3248; x_wconf 81' lang='lat' dir='ltr'><strong>etiam</strong></span> <span class='ocrx_word' id='word_1_341' title='bbox 475 3196 803 3266; x_wconf 75' lang='lat' dir='ltr'><strong>spiritalibus</strong></span> <span class='ocrx_word' id='word_1_342' title='bbox 842 3199 1041 3254; x_wconf 84' lang='lat' dir='ltr'><strong>lactare</strong></span> <span class='ocrx_word' id='word_1_343' title='bbox 1066 3209 1120 3254; x_wconf 88' lang='lat' dir='ltr'><strong>et</strong></span> <span class='ocrx_word' id='word_1_344' title='bbox 1148 3203 1380 3257; x_wconf 79' lang='lat' dir='ltr'><strong>enutrirc</strong></span> <span class='ocrx_word' id='word_1_345' title='bbox 1419 3203 1641 3258; x_wconf 87' lang='lat' dir='ltr'><strong>Domine</strong></span> <span class='ocrx_word' id='word_1_346' title='bbox 1690 3205 1847 3274; x_wconf 84' lang='lat' dir='ltr'><strong>gestit</strong></span> <span class='ocrx_word' id='word_1_347' title='bbox 1871 3201 1930 3262; x_wconf 16' lang='lat' dir='ltr'><strong>Cr.</strong></span> 
     </span>
    </p>
   </div>
   <div class='ocr_carea' id='block_1_46' title="bbox 265 3284 1848 3366">
    <p class='ocr_par' dir='ltr' id='par_1_46' title="bbox 265 3284 1848 3366">
     <span class='ocr_line' id='line_1_46' title="bbox 265 3284 1848 3366; baseline 0.008 -28"><span class='ocrx_word' id='word_1_348' title='bbox 265 3284 542 3340; x_wconf 68' lang='lat' dir='ltr'><strong>uberibus.</strong></span> <span class='ocrx_word' id='word_1_349' title='bbox 567 3285 827 3352; x_wconf 86' lang='lat' dir='ltr'><strong>Quoniam</strong></span> <span class='ocrx_word' id='word_1_350' title='bbox 850 3296 901 3342; x_wconf 89' lang='lat' dir='ltr'><strong>te</strong></span> <span class='ocrx_word' id='word_1_351' title='bbox 916 3289 1150 3345; x_wconf 88' lang='lat' dir='ltr'><strong>adultum</strong></span> <span class='ocrx_word' id='word_1_352' title='bbox 1178 3300 1334 3348; x_wconf 72' lang='lat' dir='ltr'><strong>aetate</strong></span> <span class='ocrx_word' id='word_1_353' title='bbox 1356 3309 1633 3366; x_wconf 86' lang='lat' dir='ltr'><strong>corporea,</strong></span> <span class='ocrx_word' id='word_1_354' title='bbox 1659 3297 1713 3350; x_wconf 92' lang='lat' dir='ltr'><strong>in</strong></span> <span class='ocrx_word' id='word_1_355' title='bbox 1741 3298 1848 3366; x_wconf 87' lang='lat' dir='ltr'><strong>spi-</strong></span> 
     </span>
    </p>
   </div>
   <div class='ocr_carea' id='block_1_47' title="bbox 264 3375 1848 3452">
    <p class='ocr_par' dir='ltr' id='par_1_47' title="bbox 264 3375 1848 3452">
     <span class='ocr_line' id='line_1_47' title="bbox 264 3375 1848 3452; baseline 0.006 -20"><span class='ocrx_word' id='word_1_356' title='bbox 264 3375 515 3432; x_wconf 83' lang='lat' dir='ltr'><strong>ritalibus</strong></span> <span class='ocrx_word' id='word_1_357' title='bbox 544 3377 718 3434; x_wconf 86' lang='lat' dir='ltr'><strong>adhuc</strong></span> <span class='ocrx_word' id='word_1_358' title='bbox 744 3381 1017 3436; x_wconf 89' lang='lat' dir='ltr'><strong>cunabulis</strong></span> <span class='ocrx_word' id='word_1_359' title='bbox 1047 3385 1342 3452; x_wconf 86' lang='lat' dir='ltr'><strong>vagientem</strong></span> <span class='ocrx_word' id='word_1_360' title='bbox 1371 3386 1532 3450; x_wconf 87' lang='lat' dir='ltr'><strong>videt,</strong></span> <span class='ocrx_word' id='word_1_361' title='bbox 1565 3387 1736 3440; x_wconf 87' lang='lat' dir='ltr'><strong>adhuc</strong></span> <span class='ocrx_word' id='word_1_362' title='bbox 1766 3389 1848 3441; x_wconf 89' lang='lat' dir='ltr'><strong>in-</strong></span> 
     </span>
    </p>
   </div>
   <div class='ocr_carea' id='block_1_48' title="bbox 266 3465 1850 3546">
    <p class='ocr_par' dir='ltr' id='par_1_48' title="bbox 266 3465 1850 3546">
     <span class='ocr_line' id='line_1_48' title="bbox 266 3465 1850 3546; baseline 0.008 -26"><span class='ocrx_word' id='word_1_363' title='bbox 266 3465 467 3522; x_wconf 77' lang='lat' dir='ltr'><strong>fantem</strong></span> <span class='ocrx_word' id='word_1_364' title='bbox 490 3469 656 3524; x_wconf 87' lang='lat' dir='ltr'><strong>verbo</strong></span> <span class='ocrx_word' id='word_1_365' title='bbox 682 3469 794 3537; x_wconf 88' lang='lat' dir='ltr'><strong>Dei,</strong></span> <span class='ocrx_word' id='word_1_366' title='bbox 825 3472 910 3526; x_wconf 89' lang='lat' dir='ltr'><strong>vix</strong></span> <span class='ocrx_word' id='word_1_367' title='bbox 939 3473 1066 3526; x_wconf 93' lang='lat' dir='ltr'><strong>dum</strong></span> <span class='ocrx_word' id='word_1_368' title='bbox 1091 3475 1142 3527; x_wconf 92' lang='lat' dir='ltr'><strong>in</strong></span> <span class='ocrx_word' id='word_1_369' title='bbox 1164 3474 1375 3530; x_wconf 89' lang='lat' dir='ltr'><strong>Christo</strong></span> <span class='ocrx_word' id='word_1_370' title='bbox 1402 3476 1586 3546; x_wconf 88' lang='lat' dir='ltr'><strong>primis</strong></span> <span class='ocrx_word' id='word_1_371' title='bbox 1607 3478 1850 3546; x_wconf 86' lang='lat' dir='ltr'><strong>passibus</strong></span> 
     </span>
    </p>
   </div>
   <div class='ocr_carea' id='block_1_49' title="bbox 265 3561 1845 3633">
    <p class='ocr_par' dir='ltr' id='par_1_49' title="bbox 265 3561 1845 3633">
     <span class='ocr_line' id='line_1_49' title="bbox 265 3561 1845 3633; baseline 0.004 -18"><span class='ocrx_word' id='word_1_372' title='bbox 265 3567 324 3615; x_wconf 89' lang='lat' dir='ltr'><strong>et</strong></span> <span class='ocrx_word' id='word_1_373' title='bbox 341 3561 568 3630; x_wconf 87' lang='lat' dir='ltr'><strong>vestigio</strong></span> <span class='ocrx_word' id='word_1_374' title='bbox 599 3563 859 3619; x_wconf 86' lang='lat' dir='ltr'><strong>titubante</strong></span> <span class='ocrx_word' id='word_1_375' title='bbox 900 3575 1206 3633; x_wconf 90' lang='lat' dir='ltr'><strong>repentcm;</strong></span> <span class='ocrx_word' id='word_1_376' title='bbox 1255 3568 1296 3621; x_wconf 89' lang='lat' dir='ltr'><strong>si</strong></span> <span class='ocrx_word' id='word_1_377' title='bbox 1347 3575 1523 3621; x_wconf 89' lang='lat' dir='ltr'><strong>tamen</strong></span> <span class='ocrx_word' id='word_1_378' title='bbox 1573 3567 1845 3633; x_wconf 83' lang='lat' dir='ltr'><strong>Augustini</strong></span> 
     </span>
    </p>
   </div>
   <div class='ocr_carea' id='block_1_50' title="bbox 265 3651 1846 3730">
    <p class='ocr_par' dir='ltr' id='par_1_50' title="bbox 265 3651 1846 3730">
     <span class='ocr_line' id='line_1_50' title="bbox 265 3651 1846 3730; baseline 0.006 -25"><span class='ocrx_word' id='word_1_379' title='bbox 265 3651 547 3719; x_wconf 88' lang='lat' dir='ltr'><strong>doctrina,</strong></span> <span class='ocrx_word' id='word_1_380' title='bbox 583 3662 852 3724; x_wconf 82' lang='lat' dir='ltr'><strong>tamquam</strong></span> <span class='ocrx_word' id='word_1_381' title='bbox 892 3671 1081 3710; x_wconf 89' lang='lat' dir='ltr'><strong>manus</strong></span> <span class='ocrx_word' id='word_1_382' title='bbox 1123 3658 1308 3713; x_wconf 85' lang='lat' dir='ltr'><strong>matris</strong></span> <span class='ocrx_word' id='word_1_383' title='bbox 1339 3667 1396 3713; x_wconf 89' lang='lat' dir='ltr'><strong>et</strong></span> <span class='ocrx_word' id='word_1_384' title='bbox 1437 3659 1557 3713; x_wconf 91' lang='lat' dir='ltr'><strong>ulna</strong></span> <span class='ocrx_word' id='word_1_385' title='bbox 1593 3661 1846 3730; x_wconf 85' lang='lat' dir='ltr'><strong>nutricis,</strong></span> 
     </span>
    </p>
   </div>
   <div class='ocr_carea' id='block_1_51' title="bbox 269 3747 1847 3822">
    <p class='ocr_par' dir='ltr' id='par_1_51' title="bbox 269 3747 1847 3822">
     <span class='ocr_line' id='line_1_51' title="bbox 269 3747 1847 3822; baseline 0.004 -20"><span class='ocrx_word' id='word_1_386' title='bbox 269 3747 570 3802; x_wconf 87' lang='lat' dir='ltr'><strong>instabilem</strong></span> <span class='ocrx_word' id='word_1_387' title='bbox 599 3759 748 3817; x_wconf 86' lang='lat' dir='ltr'><strong>regat</strong></span> <span class='ocrx_word' id='word_1_388' title='bbox 774 3750 1070 3819; x_wconf 88' lang='lat' dir='ltr'><strong>parvulum.</strong></span> <span class='ocrx_word' id='word_1_389' title='bbox 1103 3750 1271 3817; x_wconf 86' lang='lat' dir='ltr'><strong>Quem</strong></span> <span class='ocrx_word' id='word_1_390' title='bbox 1296 3753 1340 3808; x_wconf 89' lang='lat' dir='ltr'><strong>si</strong></span> <span class='ocrx_word' id='word_1_391' title='bbox 1369 3754 1551 3808; x_wconf 88' lang='lat' dir='ltr'><strong>audias</strong></span> <span class='ocrx_word' id='word_1_392' title='bbox 1582 3763 1634 3808; x_wconf 89' lang='lat' dir='ltr'><strong>et</strong></span> <span class='ocrx_word' id='word_1_393' title='bbox 1654 3769 1847 3822; x_wconf 80' lang='lat' dir='ltr'><strong>sequa—</strong></span> 
     </span>
    </p>
   </div>
   <div class='ocr_carea' id='block_1_52' title="bbox 270 3835 1848 3912">
    <p class='ocr_par' dir='ltr' id='par_1_52' title="bbox 270 3835 1848 3912">
     <span class='ocr_line' id='line_1_52' title="bbox 270 3835 1848 3912; baseline 0.008 -25"><span class='ocrx_word' id='word_1_394' title='bbox 270 3835 366 3902; x_wconf 89' lang='lat' dir='ltr'><strong>ris,</strong></span> <span class='ocrx_word' id='word_1_395' title='bbox 389 3845 448 3889; x_wconf 92' lang='lat' dir='ltr'><strong>ut</strong></span> <span class='ocrx_word' id='word_1_396' title='bbox 476 3852 683 3891; x_wconf 90' lang='lat' dir='ltr'><strong>rursum</strong></span> <span class='ocrx_word' id='word_1_397' title='bbox 713 3845 766 3894; x_wconf 89' lang='lat' dir='ltr'><strong>te</strong></span> <span class='ocrx_word' id='word_1_398' title='bbox 793 3854 1039 3895; x_wconf 86' lang='lat' dir='ltr'><strong>sermone</strong></span> <span class='ocrx_word' id='word_1_399' title='bbox 1067 3841 1370 3898; x_wconf 88' lang='lat' dir='ltr'><strong>Salomonis</strong></span> <span class='ocrx_word' id='word_1_400' title='bbox 1413 3845 1637 3899; x_wconf 89' lang='lat' dir='ltr'><strong>alliciam</strong></span> <span class='ocrx_word' id='word_1_401' title='bbox 1674 3864 1685 3898; x_wconf 89' lang='lat'><strong>:</strong></span> <span class='ocrx_word' id='word_1_402' title='bbox 1719 3844 1848 3912; x_wconf 83' lang='lat' dir='ltr'><strong>Fili,</strong></span> 
     </span>
    </p>
   </div>
   <div class='ocr_carea' id='block_1_53' title="bbox 273 3927 1850 3999">
    <p class='ocr_par' dir='ltr' id='par_1_53' title="bbox 273 3927 1850 3999">
     <span class='ocr_line' id='line_1_53' title="bbox 273 3927 1850 3999; baseline 0.008 -23"><span class='ocrx_word' id='word_1_403' title='bbox 273 3939 512 3978; x_wconf 84' lang='lat' dir='ltr'><strong>coronam</strong></span> <span class='ocrx_word' id='word_1_404' title='bbox 543 3927 760 3998; x_wconf 78' lang='lat' dir='ltr'><strong>accipies</strong></span> <span class='ocrx_word' id='word_1_405' title='bbox 787 3931 1073 3999; x_wconf 76' lang='lat' dir='ltr'><strong>gratiarum</strong></span> <span class='ocrx_word' id='word_1_406' title='bbox 1104 3941 1188 3985; x_wconf 86' lang='lat' dir='ltr'><strong>tuo</strong></span> <span class='ocrx_word' id='word_1_407' title='bbox 1209 3931 1443 3986; x_wconf 73' lang='lat' dir='ltr'><strong>verticib.</strong></span> <span class='ocrx_word' id='word_1_408' title='bbox 1475 3933 1540 3987; x_wconf 89' lang='lat' dir='ltr'><strong>Et</strong></span> <span class='ocrx_word' id='word_1_409' title='bbox 1571 3943 1695 3990; x_wconf 90' lang='lat' dir='ltr'><strong>tunc</strong></span> <span class='ocrx_word' id='word_1_410' title='bbox 1730 3950 1850 3989; x_wconf 86' lang='lat' dir='ltr'><strong>vere</strong></span> 
     </span>
    </p>
   </div>
   <div class='ocr_carea' id='block_1_54' title="bbox 277 4014 1852 4094">
    <p class='ocr_par' dir='ltr' id='par_1_54' title="bbox 277 4014 1852 4094">
     <span class='ocr_line' id='line_1_54' title="bbox 277 4014 1852 4094; baseline 0.008 -28"><span class='ocrx_word' id='word_1_411' title='bbox 277 4014 384 4067; x_wconf 90' lang='lat' dir='ltr'><strong>eris</strong></span> <span class='ocrx_word' id='word_1_412' title='bbox 406 4015 490 4071; x_wconf 88' lang='lat' dir='ltr'><strong>ille</strong></span> <span class='ocrx_word' id='word_1_413' title='bbox 511 4033 618 4072; x_wconf 91' lang='lat' dir='ltr'><strong>non</strong></span> <span class='ocrx_word' id='word_1_414' title='bbox 645 4019 1019 4088; x_wconf 84' lang='lat' dir='ltr'><strong>phantasmate</strong></span> <span class='ocrx_word' id='word_1_415' title='bbox 1048 4023 1362 4087; x_wconf 89' lang='lat' dir='ltr'><strong>somniatus,</strong></span> <span class='ocrx_word' id='word_1_416' title='bbox 1393 4023 1489 4078; x_wconf 89' lang='lat' dir='ltr'><strong>sed</strong></span> <span class='ocrx_word' id='word_1_417' title='bbox 1515 4026 1581 4078; x_wconf 89' lang='lat' dir='ltr'><strong>ab</strong></span> <span class='ocrx_word' id='word_1_418' title='bbox 1617 4025 1727 4094; x_wconf 77' lang='lat' dir='ltr'><strong>ipsa</strong></span> <span class='ocrx_word' id='word_1_419' title='bbox 1758 4040 1852 4079; x_wconf 91' lang='lat' dir='ltr'><strong>ve-</strong></span> 
     </span>
    </p>
   </div>
   <div class='ocr_carea' id='block_1_55' title="bbox 277 4104 1854 4181">
    <p class='ocr_par' dir='ltr' id='par_1_55' title="bbox 277 4104 1854 4181">
     <span class='ocr_line' id='line_1_55' title="bbox 277 4104 1854 4181; baseline 0.008 -24"><span class='ocrx_word' id='word_1_420' title='bbox 277 4104 430 4159; x_wconf 78' lang='lat' dir='ltr'><strong>ritate</strong></span> <span class='ocrx_word' id='word_1_421' title='bbox 475 4107 732 4162; x_wconf 88' lang='lat' dir='ltr'><strong>formatus</strong></span> <span class='ocrx_word' id='word_1_422' title='bbox 755 4110 941 4164; x_wconf 91' lang='lat' dir='ltr'><strong>consul</strong></span> <span class='ocrx_word' id='word_1_423' title='bbox 970 4119 1024 4163; x_wconf 91' lang='lat' dir='ltr'><strong>et</strong></span> <span class='ocrx_word' id='word_1_424' title='bbox 1053 4112 1286 4178; x_wconf 77' lang='lat' dir='ltr'><strong>pontifex</strong></span> <span class='ocrx_word' id='word_1_425' title='bbox 1308 4153 1322 4176; x_wconf 90' lang='lat'><strong>,</strong></span> <span class='ocrx_word' id='word_1_426' title='bbox 1367 4129 1560 4168; x_wconf 88' lang='lat' dir='ltr'><strong>vacuas</strong></span> <span class='ocrx_word' id='word_1_427' title='bbox 1599 4116 1854 4181; x_wconf 89' lang='lat' dir='ltr'><strong>imagines</strong></span> 
     </span>
    </p>
   </div>
   <div class='ocr_carea' id='block_1_56' title="bbox 272 4187 1852 4272">
    <p class='ocr_par' dir='ltr' id='par_1_56' title="bbox 272 4187 1852 4272">
     <span class='ocr_line' id='line_1_56' title="bbox 272 4187 1852 4272; baseline 0.007 -25"><span class='ocrx_word' id='word_1_428' title='bbox 272 4194 386 4249; x_wconf 87' lang='lat' dir='ltr'><strong>falsi</strong></span> <span class='ocrx_word' id='word_1_429' title='bbox 415 4199 616 4267; x_wconf 90' lang='lat' dir='ltr'><strong>operis,</strong></span> <span class='ocrx_word' id='word_1_430' title='bbox 646 4200 900 4270; x_wconf 90' lang='lat' dir='ltr'><strong>implente</strong></span> <span class='ocrx_word' id='word_1_431' title='bbox 933 4187 1165 4266; x_wconf 87' lang='lat' dir='ltr'><strong>Christo,</strong></span> <span class='ocrx_word' id='word_1_432' title='bbox 1187 4202 1370 4256; x_wconf 86' lang='lat' dir='ltr'><strong>solidis</strong></span> <span class='ocrx_word' id='word_1_433' title='bbox 1394 4219 1503 4256; x_wconf 68' lang='lat' dir='ltr'><strong>suae</strong></span> <span class='ocrx_word' id='word_1_434' title='bbox 1527 4205 1852 4272; x_wconf 91' lang='lat' dir='ltr'><strong>operationis</strong></span> 
     </span>
    </p>
   </div>
   <div class='ocr_carea' id='block_1_57' title="bbox 274 4285 1854 4364">
    <p class='ocr_par' dir='ltr' id='par_1_57' title="bbox 274 4285 1854 4364">
     <span class='ocr_line' id='line_1_57' title="bbox 274 4285 1854 4364; baseline 0.005 -24"><span class='ocrx_word' id='word_1_435' title='bbox 274 4285 574 4342; x_wconf 79' lang='lat' dir='ltr'><strong>eﬂectibus.</strong></span> <span class='ocrx_word' id='word_1_436' title='bbox 604 4289 742 4344; x_wconf 78' lang='lat' dir='ltr'><strong>Vere</strong></span> <span class='ocrx_word' id='word_1_437' title='bbox 771 4291 914 4344; x_wconf 90' lang='lat' dir='ltr'><strong>enim</strong></span> <span class='ocrx_word' id='word_1_438' title='bbox 934 4290 1196 4360; x_wconf 80' lang='lat' dir='ltr'><strong>pontifex,</strong></span> <span class='ocrx_word' id='word_1_439' title='bbox 1215 4300 1269 4346; x_wconf 93' lang='lat' dir='ltr'><strong>et</strong></span> <span class='ocrx_word' id='word_1_440' title='bbox 1295 4307 1420 4346; x_wconf 92' lang='lat' dir='ltr'><strong>vere</strong></span> <span class='ocrx_word' id='word_1_441' title='bbox 1447 4294 1655 4362; x_wconf 86' lang='lat' dir='ltr'><strong>consul,</strong></span> <span class='ocrx_word' id='word_1_442' title='bbox 1675 4293 1747 4364; x_wconf 77' lang='grc' dir='ltr'><strong>(ὁ)</strong></span> <span class='ocrx_word' id='word_1_443' title='bbox 1775 4293 1854 4348; x_wconf 85' lang='lat' dir='ltr'><strong>Li-</strong></span> 
     </span>
    </p>
   </div>
   <div class='ocr_carea' id='block_1_58' title="bbox 271 4376 1851 4455">
    <p class='ocr_par' dir='ltr' id='par_1_58' title="bbox 271 4376 1851 4455">
     <span class='ocr_line' id='line_1_58' title="bbox 271 4376 1851 4455; baseline 0.007 -25"><span class='ocrx_word' id='word_1_444' title='bbox 271 4376 478 4432; x_wconf 88' lang='lat' dir='ltr'><strong>centius</strong></span> <span class='ocrx_word' id='word_1_445' title='bbox 500 4379 619 4444; x_wconf 90' lang='lat' dir='ltr'><strong>erit,</strong></span> <span class='ocrx_word' id='word_1_446' title='bbox 643 4379 687 4434; x_wconf 84' lang='lat' dir='ltr'><strong>si</strong></span> <span class='ocrx_word' id='word_1_447' title='bbox 711 4379 987 4448; x_wconf 83' lang='lat' dir='ltr'><strong>Augustini</strong></span> <span class='ocrx_word' id='word_1_448' title='bbox 1010 4381 1266 4449; x_wconf 85' lang='lat' dir='ltr'><strong>vestigiis,</strong></span> <span class='ocrx_word' id='word_1_449' title='bbox 1285 4383 1616 4451; x_wconf 87' lang='lat' dir='ltr'><strong>propheticis</strong></span> <span class='ocrx_word' id='word_1_450' title='bbox 1643 4393 1698 4439; x_wconf 90' lang='lat' dir='ltr'><strong>et</strong></span> <span class='ocrx_word' id='word_1_451' title='bbox 1718 4401 1851 4455; x_wconf 87' lang='lat' dir='ltr'><strong>apo—</strong></span> 
     </span>
    </p>
   </div>
   <div class='ocr_carea' id='block_1_59' title="bbox 270 4465 1847 4540">
    <p class='ocr_par' dir='ltr' id='par_1_59' title="bbox 270 4465 1847 4540">
     <span class='ocr_line' id='line_1_59' title="bbox 270 4465 1847 4540; baseline 0.01 -23"><span class='ocrx_word' id='word_1_452' title='bbox 270 4465 474 4520; x_wconf 85' lang='lat' dir='ltr'><strong>stolicis</strong></span> <span class='ocrx_word' id='word_1_453' title='bbox 507 4467 823 4538; x_wconf 91' lang='lat' dir='ltr'><strong>disciplinis,</strong></span> <span class='ocrx_word' id='word_1_454' title='bbox 857 4478 914 4524; x_wconf 92' lang='lat' dir='ltr'><strong>ut</strong></span> <span class='ocrx_word' id='word_1_455' title='bbox 942 4479 1154 4526; x_wconf 80' lang='lat' dir='ltr'><strong>sacrato</strong></span> <span class='ocrx_word' id='word_1_456' title='bbox 1183 4471 1369 4528; x_wconf 88' lang='lat' dir='ltr'><strong>beatus</strong></span> <span class='ocrx_word' id='word_1_457' title='bbox 1397 4473 1617 4530; x_wconf 66' lang='lat' dir='ltr'><strong>Eliswus</strong></span> <span class='ocrx_word' id='word_1_458' title='bbox 1645 4474 1770 4532; x_wconf 69' lang='lat' dir='ltr'><strong>Elim</strong></span> <span class='ocrx_word' id='word_1_459' title='bbox 1802 4487 1847 4540; x_wconf 86' lang='lat'><strong>°,</strong></span> 
     </span>
    </p>
   </div>
   <div class='ocr_carea' id='block_1_60' title="bbox 2019 1952 3532 2025">
    <p class='ocr_par' dir='ltr' id='par_1_60' title="bbox 2019 1952 3532 2025">
     <span class='ocr_line' id='line_1_60' title="bbox 2019 1952 3532 2025; baseline -0.006 -10"><span class='ocrx_word' id='word_1_460' title='bbox 2019 1961 2072 2015; x_wconf 82' lang='lat'><strong>‘5.</strong></span> <span class='ocrx_word' id='word_1_461' title='bbox 2115 1959 2336 2021; x_wconf 84' lang='lat' dir='ltr'><strong>Vereor,</strong></span> <span class='ocrx_word' id='word_1_462' title='bbox 2366 1957 2458 2021; x_wconf 82' lang='lat' dir='ltr'><strong>fili,</strong></span> <span class='ocrx_word' id='word_1_463' title='bbox 2491 1972 2558 2012; x_wconf 91' lang='lat' dir='ltr'><strong>ne</strong></span> <span class='ocrx_word' id='word_1_464' title='bbox 2587 1972 2743 2011; x_wconf 82' lang='lat' dir='ltr'><strong>aures</strong></span> <span class='ocrx_word' id='word_1_465' title='bbox 2784 1965 2900 2010; x_wconf 90' lang='lat' dir='ltr'><strong>tuas</strong></span> <span class='ocrx_word' id='word_1_466' title='bbox 2935 1954 3226 2025; x_wconf 86' lang='lat' dir='ltr'><strong>asperitate</strong></span> <span class='ocrx_word' id='word_1_467' title='bbox 3263 1952 3532 2007; x_wconf 87' lang='lat' dir='ltr'><strong>temerarii</strong></span> 
     </span>
    </p>
   </div>
   <div class='ocr_carea' id='block_1_61' title="bbox 1949 2045 3532 2118">
    <p class='ocr_par' dir='ltr' id='par_1_61' title="bbox 1949 2045 3532 2118">
     <span class='ocr_line' id='line_1_61' title="bbox 1949 2045 3532 2118; baseline -0.006 -12"><span class='ocrx_word' id='word_1_468' title='bbox 1949 2052 2212 2108; x_wconf 88' lang='lat' dir='ltr'><strong>sermonis</strong></span> <span class='ocrx_word' id='word_1_469' title='bbox 2239 2048 2573 2114; x_wconf 88' lang='lat' dir='ltr'><strong>olTenderim,</strong></span> <span class='ocrx_word' id='word_1_470' title='bbox 2601 2057 2656 2103; x_wconf 90' lang='lat' dir='ltr'><strong>et</strong></span> <span class='ocrx_word' id='word_1_471' title='bbox 2693 2063 2790 2118; x_wconf 87' lang='lat' dir='ltr'><strong>per</strong></span> <span class='ocrx_word' id='word_1_472' title='bbox 2837 2063 2994 2102; x_wconf 83' lang='lat' dir='ltr'><strong>aures</strong></span> <span class='ocrx_word' id='word_1_473' title='bbox 3039 2046 3216 2100; x_wconf 89' lang='lat' dir='ltr'><strong>animo</strong></span> <span class='ocrx_word' id='word_1_474' title='bbox 3247 2045 3408 2100; x_wconf 89' lang='lat' dir='ltr'><strong>etiam</strong></span> <span class='ocrx_word' id='word_1_475' title='bbox 3441 2052 3532 2098; x_wconf 90' lang='lat' dir='ltr'><strong>tuo</strong></span> 
     </span>
    </p>
   </div>
   <div class='ocr_carea' id='block_1_62' title="bbox 1952 2138 3530 2208">
    <p class='ocr_par' dir='ltr' id='par_1_62' title="bbox 1952 2138 3530 2208">
     <span class='ocr_line' id='line_1_62' title="bbox 1952 2138 3530 2208; baseline -0.006 -9"><span class='ocrx_word' id='word_1_476' title='bbox 1952 2145 2091 2200; x_wconf 67' lang='lat' dir='ltr'><strong>taedii</strong></span> <span class='ocrx_word' id='word_1_477' title='bbox 2114 2143 2219 2198; x_wconf 91' lang='lat' dir='ltr'><strong>mei</strong></span> <span class='ocrx_word' id='word_1_478' title='bbox 2249 2141 2439 2197; x_wconf 90' lang='lat' dir='ltr'><strong>vulnus</strong></span> <span class='ocrx_word' id='word_1_479' title='bbox 2471 2141 2755 2196; x_wconf 89' lang='lat' dir='ltr'><strong>intulerim.</strong></span> <span class='ocrx_word' id='word_1_480' title='bbox 2780 2140 2882 2194; x_wconf 89' lang='lat' dir='ltr'><strong>Sed</strong></span> <span class='ocrx_word' id='word_1_481' title='bbox 2914 2141 2964 2193; x_wconf 91' lang='lat' dir='ltr'><strong>in</strong></span> <span class='ocrx_word' id='word_1_482' title='bbox 2989 2147 3220 2193; x_wconf 87' lang='lat' dir='ltr'><strong>mentem</strong></span> <span class='ocrx_word' id='word_1_483' title='bbox 3251 2138 3395 2192; x_wconf 89' lang='lat' dir='ltr'><strong>venit</strong></span> <span class='ocrx_word' id='word_1_484' title='bbox 3415 2138 3530 2208; x_wconf 89' lang='lat' dir='ltr'><strong>epi-</strong></span> 
     </span>
    </p>
   </div>
   <div class='ocr_carea' id='block_1_63' title="bbox 1949 2228 3532 2305">
    <p class='ocr_par' dir='ltr' id='par_1_63' title="bbox 1949 2228 3532 2305">
     <span class='ocr_line' id='line_1_63' title="bbox 1949 2228 3532 2305; baseline -0.007 -14"><span class='ocrx_word' id='word_1_485' title='bbox 1949 2237 2085 2292; x_wconf 87' lang='lat' dir='ltr'><strong>stola</strong></span> <span class='ocrx_word' id='word_1_486' title='bbox 2142 2243 2231 2289; x_wconf 89' lang='lat' dir='ltr'><strong>tua</strong></span> <span class='ocrx_word' id='word_1_487' title='bbox 2288 2233 2554 2305; x_wconf 88' lang='lat' dir='ltr'><strong>(Carmen</strong></span> <span class='ocrx_word' id='word_1_488' title='bbox 2613 2231 2836 2286; x_wconf 90' lang='lat' dir='ltr'><strong>Licentii</strong></span> <span class='ocrx_word' id='word_1_489' title='bbox 2881 2239 3193 2286; x_wconf 90' lang='lat' dir='ltr'><strong>contentum</strong></span> <span class='ocrx_word' id='word_1_490' title='bbox 3245 2229 3403 2298; x_wconf 86' lang='lat' dir='ltr'><strong>epist.</strong></span> <span class='ocrx_word' id='word_1_491' title='bbox 3464 2228 3532 2281; x_wconf 75' lang='lat'><strong>26</strong></span> 
     </span>
    </p>
   </div>
   <div class='ocr_carea' id='block_1_64' title="bbox 1949 2318 3531 2396">
    <p class='ocr_par' dir='ltr' id='par_1_64' title="bbox 1949 2318 3531 2396">
     <span class='ocr_line' id='line_1_64' title="bbox 1949 2318 3531 2396; baseline -0.006 -14"><span class='ocrx_word' id='word_1_492' title='bbox 1949 2327 2006 2383; x_wconf 88' lang='lat' dir='ltr'><strong>S.</strong></span> <span class='ocrx_word' id='word_1_493' title='bbox 2036 2328 2257 2396; x_wconf 86' lang='lat' dir='ltr'><strong>August.</strong></span> <span class='ocrx_word' id='word_1_494' title='bbox 2284 2326 2376 2396; x_wconf 80' lang='lat' dir='ltr'><strong>Iul.</strong></span> <span class='ocrx_word' id='word_1_495' title='bbox 2397 2323 2516 2394; x_wconf 65' lang='grc'><strong>59])</strong></span> <span class='ocrx_word' id='word_1_496' title='bbox 2536 2365 2551 2388; x_wconf 90' lang='grc'><em>,</em></span> <span class='ocrx_word' id='word_1_497' title='bbox 2583 2337 2686 2391; x_wconf 90' lang='lat' dir='ltr'><strong>qua</strong></span> <span class='ocrx_word' id='word_1_498' title='bbox 2714 2330 2766 2376; x_wconf 91' lang='lat' dir='ltr'><strong>te</strong></span> <span class='ocrx_word' id='word_1_499' title='bbox 2797 2321 3011 2376; x_wconf 76' lang='lat' dir='ltr'><strong>musicis</strong></span> <span class='ocrx_word' id='word_1_500' title='bbox 3028 2319 3339 2374; x_wconf 87' lang='lat' dir='ltr'><strong>familiarem</strong></span> <span class='ocrx_word' id='word_1_501' title='bbox 3361 2318 3531 2372; x_wconf 84' lang='lat' dir='ltr'><strong>modis</strong></span> 
     </span>
    </p>
   </div>
   <div class='ocr_carea' id='block_1_65' title="bbox 1950 2409 3531 2488">
    <p class='ocr_par' dir='ltr' id='par_1_65' title="bbox 1950 2409 3531 2488">
     <span class='ocr_line' id='line_1_65' title="bbox 1950 2409 3531 2488; baseline -0.008 -13"><span class='ocrx_word' id='word_1_502' title='bbox 1950 2420 2208 2475; x_wconf 82' lang='lat' dir='ltr'><strong>intellexi.</strong></span> <span class='ocrx_word' id='word_1_503' title='bbox 2242 2419 2287 2472; x_wconf 84' lang='lat' dir='ltr'><strong>A</strong></span> <span class='ocrx_word' id='word_1_504' title='bbox 2314 2434 2422 2488; x_wconf 89' lang='lat' dir='ltr'><strong>quo</strong></span> <span class='ocrx_word' id='word_1_505' title='bbox 2449 2416 2628 2472; x_wconf 89' lang='lat' dir='ltr'><strong>studio</strong></span> <span class='ocrx_word' id='word_1_506' title='bbox 2656 2429 2757 2484; x_wconf 91' lang='lat' dir='ltr'><strong>ego</strong></span> <span class='ocrx_word' id='word_1_507' title='bbox 2784 2415 2883 2469; x_wconf 68' lang='grc' dir='ltr'><strong>ειενί</strong></span> <span class='ocrx_word' id='word_1_508' title='bbox 2905 2412 3174 2484; x_wconf 90' lang='lat' dir='ltr'><strong>quondam</strong></span> <span class='ocrx_word' id='word_1_509' title='bbox 3203 2412 3278 2466; x_wconf 93' lang='lat' dir='ltr'><strong>tui</strong></span> <span class='ocrx_word' id='word_1_510' title='bbox 3302 2427 3409 2466; x_wconf 89' lang='lat' dir='ltr'><strong>non</strong></span> <span class='ocrx_word' id='word_1_511' title='bbox 3438 2409 3531 2463; x_wconf 89' lang='lat' dir='ltr'><strong>ab-</strong></span> 
     </span>
    </p>
   </div>
   <div class='ocr_carea' id='block_1_66' title="bbox 1949 2503 3532 2581">
    <p class='ocr_par' dir='ltr' id='par_1_66' title="bbox 1949 2503 3532 2581">
     <span class='ocr_line' id='line_1_66' title="bbox 1949 2503 3532 2581; baseline -0.008 -13"><span class='ocrx_word' id='word_1_512' title='bbox 1949 2514 2154 2568; x_wconf 90' lang='lat' dir='ltr'><strong>horrui.</strong></span> <span class='ocrx_word' id='word_1_513' title='bbox 2202 2513 2386 2581; x_wconf 88' lang='lat' dir='ltr'><strong>Itaque</strong></span> <span class='ocrx_word' id='word_1_514' title='bbox 2414 2511 2543 2566; x_wconf 89' lang='lat' dir='ltr'><strong>mihi</strong></span> <span class='ocrx_word' id='word_1_515' title='bbox 2572 2509 2640 2563; x_wconf 88' lang='lat' dir='ltr'><strong>ad</strong></span> <span class='ocrx_word' id='word_1_516' title='bbox 2687 2518 2830 2563; x_wconf 89' lang='lat' dir='ltr'><strong>tuam</strong></span> <span class='ocrx_word' id='word_1_517' title='bbox 2858 2515 3125 2570; x_wconf 80' lang='lat' dir='ltr'><strong>mentem,</strong></span> <span class='ocrx_word' id='word_1_518' title='bbox 3176 2506 3221 2559; x_wconf 88' lang='lat' dir='ltr'><strong>si</strong></span> <span class='ocrx_word' id='word_1_519' title='bbox 3269 2505 3320 2558; x_wconf 93' lang='lat' dir='ltr'><strong>in</strong></span> <span class='ocrx_word' id='word_1_520' title='bbox 3351 2503 3532 2571; x_wconf 86' lang='lat' dir='ltr'><strong>aliquo</strong></span> 
     </span>
    </p>
   </div>
   <div class='ocr_carea' id='block_1_67' title="bbox 1951 2587 3532 2664">
    <p class='ocr_par' dir='ltr' id='par_1_67' title="bbox 1951 2587 3532 2664">
     <span class='ocr_line' id='line_1_67' title="bbox 1951 2587 3532 2664; baseline -0.009 -7"><span class='ocrx_word' id='word_1_521' title='bbox 1951 2603 2376 2664; x_wconf 88' lang='lat' dir='ltr'><strong>exulcerassem,</strong></span> <span class='ocrx_word' id='word_1_522' title='bbox 2419 2598 2773 2654; x_wconf 89' lang='lat' dir='ltr'><strong>deliniendam</strong></span> <span class='ocrx_word' id='word_1_523' title='bbox 2822 2587 3117 2650; x_wconf 84' lang='lat' dir='ltr'><strong>r&#39;emedium</strong></span> <span class='ocrx_word' id='word_1_524' title='bbox 3161 2595 3366 2647; x_wconf 86' lang='lat' dir='ltr'><strong>litteras</strong></span> <span class='ocrx_word' id='word_1_525' title='bbox 3416 2599 3532 2643; x_wconf 86' lang='lat' dir='ltr'><strong>tuas</strong></span> 
     </span>
    </p>
   </div>
   <div class='ocr_carea' id='block_1_68' title="bbox 1954 2683 3532 2758">
    <p class='ocr_par' dir='ltr' id='par_1_68' title="bbox 1954 2683 3532 2758">
     <span class='ocr_line' id='line_1_68' title="bbox 1954 2683 3532 2758; baseline -0.008 -12"><span class='ocrx_word' id='word_1_526' title='bbox 1954 2692 2266 2747; x_wconf 89' lang='lat' dir='ltr'><strong>recordatus</strong></span> <span class='ocrx_word' id='word_1_527' title='bbox 2294 2691 2501 2758; x_wconf 89' lang='lat' dir='ltr'><strong>reperi,</strong></span> <span class='ocrx_word' id='word_1_528' title='bbox 2526 2697 2584 2742; x_wconf 91' lang='lat' dir='ltr'><strong>ut</strong></span> <span class='ocrx_word' id='word_1_529' title='bbox 2613 2697 2665 2740; x_wconf 90' lang='lat' dir='ltr'><strong>te</strong></span> <span class='ocrx_word' id='word_1_530' title='bbox 2692 2687 2758 2739; x_wconf 89' lang='lat' dir='ltr'><strong>ad</strong></span> <span class='ocrx_word' id='word_1_531' title='bbox 2795 2685 3073 2739; x_wconf 90' lang='lat' dir='ltr'><strong>Dominum</strong></span> <span class='ocrx_word' id='word_1_532' title='bbox 3103 2683 3392 2736; x_wconf 70' lang='lat' dir='ltr'><strong>harmonia:</strong></span> <span class='ocrx_word' id='word_1_533' title='bbox 3417 2693 3532 2735; x_wconf 82' lang='lat' dir='ltr'><strong>om-</strong></span> 
     </span>
    </p>
   </div>
   <div class='ocr_carea' id='block_1_69' title="bbox 1955 2772 3530 2844">
    <p class='ocr_par' dir='ltr' id='par_1_69' title="bbox 1955 2772 3530 2844">
     <span class='ocr_line' id='line_1_69' title="bbox 1955 2772 3530 2844; baseline -0.005 -10"><span class='ocrx_word' id='word_1_534' title='bbox 1955 2780 2195 2835; x_wconf 86' lang='lat' dir='ltr'><strong>niformis</strong></span> <span class='ocrx_word' id='word_1_535' title='bbox 2232 2779 2488 2833; x_wconf 79' lang='lat' dir='ltr'><strong>artificem</strong></span> <span class='ocrx_word' id='word_1_536' title='bbox 2537 2776 2894 2844; x_wconf 82' lang='lat' dir='ltr'><strong>modulamine</strong></span> <span class='ocrx_word' id='word_1_537' title='bbox 2941 2772 3192 2829; x_wconf 86' lang='lat' dir='ltr'><strong>carminis</strong></span> <span class='ocrx_word' id='word_1_538' title='bbox 3225 2787 3530 2827; x_wconf 85' lang='lat' dir='ltr'><strong>evocarem.</strong></span> 
     </span>
    </p>
   </div>
   <div class='ocr_carea' id='block_1_70' title="bbox 1954 2859 3532 2939">
    <p class='ocr_par' dir='ltr' id='par_1_70' title="bbox 1954 2859 3532 2939">
     <span class='ocr_line' id='line_1_70' title="bbox 1954 2859 3532 2939; baseline -0.01 -12"><span class='ocrx_word' id='word_1_539' title='bbox 1954 2871 2146 2939; x_wconf 64' lang='lat' dir='ltr'><strong>Quaeso</strong></span> <span class='ocrx_word' id='word_1_540' title='bbox 2183 2879 2236 2924; x_wconf 89' lang='lat' dir='ltr'><strong>te</strong></span> <span class='ocrx_word' id='word_1_541' title='bbox 2267 2879 2320 2924; x_wconf 91' lang='lat' dir='ltr'><strong>ut</strong></span> <span class='ocrx_word' id='word_1_542' title='bbox 2363 2882 2490 2922; x_wconf 91' lang='lat' dir='ltr'><strong>aure</strong></span> <span class='ocrx_word' id='word_1_543' title='bbox 2527 2866 2740 2929; x_wconf 84' lang='lat' dir='ltr'><strong>audias;</strong></span> <span class='ocrx_word' id='word_1_544' title='bbox 2774 2879 2946 2934; x_wconf 88' lang='lat' dir='ltr'><strong>neque</strong></span> <span class='ocrx_word' id='word_1_545' title='bbox 2973 2877 3186 2917; x_wconf 88' lang='lat' dir='ltr'><strong>causam</strong></span> <span class='ocrx_word' id='word_1_546' title='bbox 3213 2859 3398 2916; x_wconf 88' lang='lat' dir='ltr'><strong>salutis</strong></span> <span class='ocrx_word' id='word_1_547' title='bbox 3427 2868 3532 2913; x_wconf 75' lang='lat' dir='ltr'><strong>tua:</strong></span> 
     </span>
    </p>
   </div>
   <div class='ocr_carea' id='block_1_71' title="bbox 1956 2956 3530 3028">
    <p class='ocr_par' dir='ltr' id='par_1_71' title="bbox 1956 2956 3530 3028">
     <span class='ocr_line' id='line_1_71' title="bbox 1956 2956 3530 3028; baseline -0.009 -11"><span class='ocrx_word' id='word_1_548' title='bbox 1956 2964 2008 3017; x_wconf 91' lang='lat' dir='ltr'><strong>in</strong></span> <span class='ocrx_word' id='word_1_549' title='bbox 2039 2962 2212 3018; x_wconf 88' lang='lat' dir='ltr'><strong>verbis</strong></span> <span class='ocrx_word' id='word_1_550' title='bbox 2240 2961 2372 3014; x_wconf 90' lang='lat' dir='ltr'><strong>meis</strong></span> <span class='ocrx_word' id='word_1_551' title='bbox 2400 2972 2637 3028; x_wconf 84' lang='lat' dir='ltr'><strong>spernas,</strong></span> <span class='ocrx_word' id='word_1_552' title='bbox 2683 2957 2774 3011; x_wconf 90' lang='lat' dir='ltr'><strong>sed</strong></span> <span class='ocrx_word' id='word_1_553' title='bbox 2806 2956 2945 3025; x_wconf 87' lang='lat' dir='ltr'><strong>piam</strong></span> <span class='ocrx_word' id='word_1_554' title='bbox 2991 2968 3176 3008; x_wconf 87' lang='lat' dir='ltr'><strong>curam</strong></span> <span class='ocrx_word' id='word_1_555' title='bbox 3216 2959 3270 3004; x_wconf 87' lang='lat' dir='ltr'><strong>et</strong></span> <span class='ocrx_word' id='word_1_556' title='bbox 3297 2959 3530 3005; x_wconf 86' lang='lat' dir='ltr'><strong>mentem</strong></span> 
     </span>
    </p>
   </div>
   <div class='ocr_carea' id='block_1_72' title="bbox 1954 3044 3530 3124">
    <p class='ocr_par' dir='ltr' id='par_1_72' title="bbox 1954 3044 3530 3124">
     <span class='ocr_line' id='line_1_72' title="bbox 1954 3044 3530 3124; baseline -0.01 -15"><span class='ocrx_word' id='word_1_557' title='bbox 1954 3062 2228 3124; x_wconf 86' lang='lat' dir='ltr'><strong>paternam</strong></span> <span class='ocrx_word' id='word_1_558' title='bbox 2270 3052 2431 3106; x_wconf 86' lang='lat' dir='ltr'><strong>etiam</strong></span> <span class='ocrx_word' id='word_1_559' title='bbox 2476 3053 2526 3105; x_wconf 91' lang='lat' dir='ltr'><strong>in</strong></span> <span class='ocrx_word' id='word_1_560' title='bbox 2562 3048 2915 3119; x_wconf 88' lang='lat' dir='ltr'><strong>despiciendis</strong></span> <span class='ocrx_word' id='word_1_561' title='bbox 2945 3045 3276 3102; x_wconf 83' lang='lat' dir='ltr'><strong>sermonibus</strong></span> <span class='ocrx_word' id='word_1_562' title='bbox 3307 3044 3530 3098; x_wconf 79' lang='lat' dir='ltr'><strong>libenter</strong></span> 
     </span>
    </p>
   </div>
   <div class='ocr_carea' id='block_1_73' title="bbox 1953 3137 3529 3214">
    <p class='ocr_par' dir='ltr' id='par_1_73' title="bbox 1953 3137 3529 3214">
     <span class='ocr_line' id='line_1_73' title="bbox 1953 3137 3529 3214; baseline -0.007 -18"><span class='ocrx_word' id='word_1_563' title='bbox 1953 3143 2214 3214; x_wconf 88' lang='lat' dir='ltr'><strong>accipias;</strong></span> <span class='ocrx_word' id='word_1_564' title='bbox 2245 3143 2435 3210; x_wconf 84' lang='lat' dir='ltr'><strong>quibus</strong></span> <span class='ocrx_word' id='word_1_565' title='bbox 2458 3142 2670 3196; x_wconf 78' lang='lat' dir='ltr'><strong>insitum</strong></span> <span class='ocrx_word' id='word_1_566' title='bbox 2700 3139 2894 3196; x_wconf 79' lang='lat' dir='ltr'><strong>Christi</strong></span> <span class='ocrx_word' id='word_1_567' title='bbox 2931 3155 3111 3194; x_wconf 83' lang='lat' dir='ltr'><strong>nomen</strong></span> <span class='ocrx_word' id='word_1_568' title='bbox 3147 3137 3282 3208; x_wconf 81' lang='lat' dir='ltr'><strong>quod</strong></span> <span class='ocrx_word' id='word_1_569' title='bbox 3327 3143 3403 3188; x_wconf 73' lang='lat' dir='ltr'><strong>est</strong></span> <span class='ocrx_word' id='word_1_570' title='bbox 3439 3149 3529 3186; x_wconf 55' lang='lat' dir='ltr'><strong>ea-</strong></span> 
     </span>
    </p>
   </div>
   <div class='ocr_carea' id='block_1_74' title="bbox 1952 3225 3524 3306">
    <p class='ocr_par' dir='ltr' id='par_1_74' title="bbox 1952 3225 3524 3306">
     <span class='ocr_line' id='line_1_74' title="bbox 1952 3225 3524 3306; baseline -0.006 -17"><span class='ocrx_word' id='word_1_571' title='bbox 1952 3256 2042 3306; x_wconf 62' lang='lat' dir='ltr'><strong>pxr</strong></span> <span class='ocrx_word' id='word_1_572' title='bbox 2065 3239 2082 3268; x_wconf 83' lang='grc'>¹</span> <span class='ocrx_word' id='word_1_573' title='bbox 2115 3253 2260 3290; x_wconf 85' lang='lat' dir='ltr'><strong>omne</strong></span> <span class='ocrx_word' id='word_1_574' title='bbox 2288 3253 2470 3290; x_wconf 81' lang='lat' dir='ltr'><strong>nomen</strong></span> <span class='ocrx_word' id='word_1_575' title='bbox 2499 3231 2544 3298; x_wconf 66' lang='grc' dir='ltr'><strong>δ,</strong></span> <span class='ocrx_word' id='word_1_576' title='bbox 2577 3235 2715 3288; x_wconf 87' lang='lat' dir='ltr'><strong>hanc</strong></span> <span class='ocrx_word' id='word_1_577' title='bbox 2743 3233 2925 3287; x_wconf 86' lang='lat' dir='ltr'><strong>deberi</strong></span> <span class='ocrx_word' id='word_1_578' title='bbox 2948 3231 3350 3287; x_wconf 79' lang='lat' dir='ltr'><strong>venerationem</strong></span> <span class='ocrx_word' id='word_1_579' title='bbox 3380 3225 3524 3288; x_wconf 74' lang='lat' dir='ltr'><strong>facit.</strong></span> 
     </span>
    </p>
   </div>
   <div class='ocr_carea' id='block_1_75' title="bbox 1953 3322 3014 3395">
    <p class='ocr_par' dir='ltr' id='par_1_75' title="bbox 1953 3322 3014 3395">
     <span class='ocr_line' id='line_1_75' title="bbox 1953 3322 3014 3395; baseline -0.006 -15"><span class='ocrx_word' id='word_1_580' title='bbox 1953 3335 2011 3380; x_wconf 92' lang='lat' dir='ltr'><strong>ut</strong></span> <span class='ocrx_word' id='word_1_581' title='bbox 2041 3342 2146 3381; x_wconf 90' lang='lat' dir='ltr'><strong>non</strong></span> <span class='ocrx_word' id='word_1_582' title='bbox 2177 3326 2345 3395; x_wconf 88' lang='lat' dir='ltr'><strong>possit</strong></span> <span class='ocrx_word' id='word_1_583' title='bbox 2373 3340 2402 3378; x_wconf 90' lang='lat' dir='ltr'><strong>a</strong></span> <span class='ocrx_word' id='word_1_584' title='bbox 2433 3323 2689 3379; x_wconf 87' lang='lat' dir='ltr'><strong>credente</strong></span> <span class='ocrx_word' id='word_1_585' title='bbox 2718 3322 3014 3378; x_wconf 88' lang='lat' dir='ltr'><strong>contemni.</strong></span> 
     </span>
    </p>
   </div>
   <div class='ocr_carea' id='block_1_76' title="bbox 1949 3475 3528 3558">
    <p class='ocr_par' dir='ltr' id='par_1_76' title="bbox 1949 3475 3528 3558">
     <span class='ocr_line' id='line_1_76' title="bbox 1949 3475 3528 3558; baseline -0.013 -13"><span class='ocrx_word' id='word_1_586' title='bbox 1949 3485 2196 3558; x_wconf 58' lang='lat'><strong>39-50</strong></span> <span class='ocrx_word' id='word_1_587' title='bbox 2222 3485 2396 3551; x_wconf 89' lang='lat' dir='ltr'><strong>Quare</strong></span> <span class='ocrx_word' id='word_1_588' title='bbox 2427 3499 2523 3553; x_wconf 88' lang='lat' dir='ltr'><strong>age</strong></span> <span class='ocrx_word' id='word_1_589' title='bbox 2543 3525 2556 3549; x_wconf 97' lang='lat'><strong>,</strong></span> <span class='ocrx_word' id='word_1_590' title='bbox 2590 3498 2775 3552; x_wconf 88' lang='lat' dir='ltr'><strong>rumpe</strong></span> <span class='ocrx_word' id='word_1_591' title='bbox 2805 3497 2982 3536; x_wconf 87' lang='lat' dir='ltr'><strong>moras</strong></span> <span class='ocrx_word' id='word_1_592' title='bbox 3001 3523 3016 3547; x_wconf 91' lang='lat'><strong>,</strong></span> <span class='ocrx_word' id='word_1_593' title='bbox 3047 3489 3100 3534; x_wconf 89' lang='lat' dir='ltr'><strong>et</strong></span> <span class='ocrx_word' id='word_1_594' title='bbox 3127 3479 3297 3532; x_wconf 86' lang='lat' dir='ltr'><strong>vincla</strong></span> <span class='ocrx_word' id='word_1_595' title='bbox 3321 3475 3528 3530; x_wconf 78' lang='lat' dir='ltr'><strong>tenacia</strong></span> 
     </span>
    </p>
   </div>
   <div class='ocr_carea' id='block_1_77' title="bbox 3264 3567 3455 3642">
    <p class='ocr_par' dir='ltr' id='par_1_77' title="bbox 3264 3567 3455 3642">
     <span class='ocr_line' id='line_1_77' title="bbox 3264 3567 3455 3642; baseline -0.031 -19"><span class='ocrx_word' id='word_1_596' title='bbox 3264 3567 3410 3642; x_wconf 82' lang='lat' dir='ltr'><strong>[secli</strong></span> <span class='ocrx_word' id='word_1_597' title='bbox 3442 3583 3455 3617; x_wconf 90' lang='lat'><strong>:</strong></span> 
     </span>
    </p>
   </div>
   <div class='ocr_carea' id='block_1_78' title="bbox 2020 3665 3195 3741">
    <p class='ocr_par' dir='ltr' id='par_1_78' title="bbox 2020 3665 3195 3741">
     <span class='ocr_line' id='line_1_78' title="bbox 2020 3665 3195 3741; baseline -0.006 -16"><span class='ocrx_word' id='word_1_598' title='bbox 2020 3670 2130 3726; x_wconf 80' lang='lat' dir='ltr'><strong>Nec</strong></span> <span class='ocrx_word' id='word_1_599' title='bbox 2157 3679 2368 3726; x_wconf 89' lang='lat' dir='ltr'><strong>metuas</strong></span> <span class='ocrx_word' id='word_1_600' title='bbox 2395 3669 2588 3741; x_wconf 91' lang='lat' dir='ltr'><strong>placidi</strong></span> <span class='ocrx_word' id='word_1_601' title='bbox 2612 3669 2740 3722; x_wconf 92' lang='lat' dir='ltr'><strong>mite</strong></span> <span class='ocrx_word' id='word_1_602' title='bbox 2758 3669 2941 3737; x_wconf 83' lang='lat' dir='ltr'><strong>jngum</strong></span> <span class='ocrx_word' id='word_1_603' title='bbox 2965 3665 3195 3720; x_wconf 88' lang='lat' dir='ltr'><strong>Domini.</strong></span> 
     </span>
    </p>
   </div>
   <div class='ocr_carea' id='block_1_79' title="bbox 1951 3758 3368 3834">
    <p class='ocr_par' dir='ltr' id='par_1_79' title="bbox 1951 3758 3368 3834">
     <span class='ocr_line' id='line_1_79' title="bbox 1951 3758 3368 3834; baseline -0.005 -18"><span class='ocrx_word' id='word_1_604' title='bbox 1951 3762 2140 3819; x_wconf 83' lang='lat' dir='ltr'><strong>Pulcra</strong></span> <span class='ocrx_word' id='word_1_605' title='bbox 2161 3763 2398 3834; x_wconf 89' lang='lat' dir='ltr'><strong>quidem,</strong></span> <span class='ocrx_word' id='word_1_606' title='bbox 2421 3761 2514 3816; x_wconf 89' lang='lat' dir='ltr'><strong>sed</strong></span> <span class='ocrx_word' id='word_1_607' title='bbox 2542 3761 2678 3816; x_wconf 90' lang='lat' dir='ltr'><strong>mira</strong></span> <span class='ocrx_word' id='word_1_608' title='bbox 2705 3761 2852 3830; x_wconf 85' lang='lat' dir='ltr'><strong>vagis&#39;</strong></span> <span class='ocrx_word' id='word_1_609' title='bbox 2881 3758 3162 3830; x_wconf 73' lang='lat' dir='ltr'><strong>priesentia</strong></span> <span class='ocrx_word' id='word_1_610' title='bbox 3191 3770 3368 3812; x_wconf 88' lang='lat' dir='ltr'><strong>rerum</strong></span> 
     </span>
    </p>
   </div>
   <div class='ocr_carea' id='block_1_80' title="bbox 2020 3847 3353 3924">
    <p class='ocr_par' dir='ltr' id='par_1_80' title="bbox 2020 3847 3353 3924">
     <span class='ocr_line' id='line_1_80' title="bbox 2020 3847 3353 3924; baseline -0.007 -16"><span class='ocrx_word' id='word_1_611' title='bbox 2020 3854 2304 3920; x_wconf 82' lang='lat' dir='ltr'><strong>Mentibus,</strong></span> <span class='ocrx_word' id='word_1_612' title='bbox 2334 3861 2390 3908; x_wconf 93' lang='lat' dir='ltr'><strong>at</strong></span> <span class='ocrx_word' id='word_1_613' title='bbox 2411 3855 2624 3924; x_wconf 83' lang='lat' dir='ltr'><strong>sapiens</strong></span> <span class='ocrx_word' id='word_1_614' title='bbox 2654 3867 2760 3907; x_wconf 90' lang='lat' dir='ltr'><strong>non</strong></span> <span class='ocrx_word' id='word_1_615' title='bbox 2791 3858 2969 3920; x_wconf 89' lang='lat' dir='ltr'><strong>stupet</strong></span> <span class='ocrx_word' id='word_1_616' title='bbox 2996 3849 3094 3905; x_wconf 85' lang='lat' dir='ltr'><strong>ista</strong></span> <span class='ocrx_word' id='word_1_617' title='bbox 3124 3847 3353 3902; x_wconf 87' lang='lat' dir='ltr'><strong>animus.</strong></span> 
     </span>
    </p>
   </div>
   <div class='ocr_carea' id='block_1_81' title="bbox 1949 3933 3190 4008">
    <p class='ocr_par' dir='ltr' id='par_1_81' title="bbox 1949 3933 3190 4008">
     <span class='ocr_line' id='line_1_81' title="bbox 1949 3933 3190 4008; baseline -0.01 -6"><span class='ocrx_word' id='word_1_618' title='bbox 1949 3947 2103 4002; x_wconf 79' lang='lat' dir='ltr'><strong>Nunc</strong></span> <span class='ocrx_word' id='word_1_619' title='bbox 2130 3953 2184 4000; x_wconf 88' lang='lat' dir='ltr'><strong>te</strong></span> <span class='ocrx_word' id='word_1_620' title='bbox 2205 3945 2458 4000; x_wconf 88' lang='lat' dir='ltr'><strong>sollicitat</strong></span> <span class='ocrx_word' id='word_1_621' title='bbox 2479 3944 2638 3998; x_wconf 92' lang='lat' dir='ltr'><strong>variis</strong></span> <span class='ocrx_word' id='word_1_622' title='bbox 2659 3933 2966 3997; x_wconf 85' lang='lat' dir='ltr'><strong>malesuada</strong></span> <span class='ocrx_word' id='word_1_623' title='bbox 2991 3939 3190 4008; x_wconf 81' lang='lat' dir='ltr'><strong>ﬁguris,</strong></span> 
     </span>
    </p>
   </div>
   <div class='ocr_carea' id='block_1_82' title="bbox 2021 4031 3248 4098">
    <p class='ocr_par' dir='ltr' id='par_1_82' title="bbox 2021 4031 3248 4098">
     <span class='ocr_line' id='line_1_82' title="bbox 2021 4031 3248 4098; baseline -0.007 -10"><span class='ocrx_word' id='word_1_624' title='bbox 2021 4035 2136 4088; x_wconf 82' lang='lat' dir='ltr'><strong>lleu</strong></span> <span class='ocrx_word' id='word_1_625' title='bbox 2159 4034 2171 4085; x_wconf 74' lang='grc' dir='ltr'><strong>ι</strong></span> <span class='ocrx_word' id='word_1_626' title='bbox 2196 4034 2400 4088; x_wconf 89' lang='lat' dir='ltr'><strong>validos</strong></span> <span class='ocrx_word' id='word_1_627' title='bbox 2425 4034 2585 4087; x_wconf 89' lang='lat' dir='ltr'><strong>etiam</strong></span> <span class='ocrx_word' id='word_1_628' title='bbox 2617 4041 2827 4087; x_wconf 89' lang='lat' dir='ltr'><strong>vertere</strong></span> <span class='ocrx_word' id='word_1_629' title='bbox 2849 4031 3018 4084; x_wconf 80' lang='lat' dir='ltr'><strong>Roma</strong></span> <span class='ocrx_word' id='word_1_630' title='bbox 3041 4037 3248 4098; x_wconf 90' lang='lat' dir='ltr'><strong>potens.</strong></span> 
     </span>
    </p>
   </div>
   <div class='ocr_carea' id='block_1_83' title="bbox 1951 4115 3367 4189">
    <p class='ocr_par' dir='ltr' id='par_1_83' title="bbox 1951 4115 3367 4189">
     <span class='ocr_line' id='line_1_83' title="bbox 1951 4115 3367 4189; baseline -0.011 -9"><span class='ocrx_word' id='word_1_631' title='bbox 1951 4124 2056 4180; x_wconf 88' lang='lat' dir='ltr'><strong>Sed</strong></span> <span class='ocrx_word' id='word_1_632' title='bbox 2084 4123 2200 4188; x_wconf 88' lang='lat' dir='ltr'><strong>tibi,</strong></span> <span class='ocrx_word' id='word_1_633' title='bbox 2224 4129 2365 4186; x_wconf 90' lang='lat' dir='ltr'><strong>nate,</strong></span> <span class='ocrx_word' id='word_1_634' title='bbox 2400 4137 2611 4189; x_wconf 89' lang='lat' dir='ltr'><strong>precor,</strong></span> <span class='ocrx_word' id='word_1_635' title='bbox 2637 4125 2848 4188; x_wconf 82' lang='lat' dir='ltr'><strong>semper</strong></span> <span class='ocrx_word' id='word_1_636' title='bbox 2868 4126 3020 4186; x_wconf 90' lang='lat' dir='ltr'><strong>pater</strong></span> <span class='ocrx_word' id='word_1_637' title='bbox 3042 4115 3367 4182; x_wconf 85' lang='lat' dir='ltr'><strong>Augustinus</strong></span> 
     </span>
    </p>
   </div>
   <div class='ocr_carea' id='block_1_84' title="bbox 2022 4204 3135 4273">
    <p class='ocr_par' dir='ltr' id='par_1_84' title="bbox 2022 4204 3135 4273">
     <span class='ocr_line' id='line_1_84' title="bbox 2022 4204 3135 4273; baseline -0.01 -7"><span class='ocrx_word' id='word_1_638' title='bbox 2022 4209 2297 4273; x_wconf 91' lang='lat' dir='ltr'><strong>Occurset,</strong></span> <span class='ocrx_word' id='word_1_639' title='bbox 2325 4217 2545 4264; x_wconf 90' lang='lat' dir='ltr'><strong>cunctas</strong></span> <span class='ocrx_word' id='word_1_640' title='bbox 2567 4207 2723 4261; x_wconf 87' lang='lat' dir='ltr'><strong>Urbis</strong></span> <span class='ocrx_word' id='word_1_641' title='bbox 2744 4206 2810 4260; x_wconf 91' lang='lat' dir='ltr'><strong>ad</strong></span> <span class='ocrx_word' id='word_1_642' title='bbox 2840 4204 3135 4258; x_wconf 89' lang='lat' dir='ltr'><strong>illecebras.</strong></span> 
     </span>
    </p>
   </div>
   <div class='ocr_carea' id='block_1_85' title="bbox 1952 4295 3151 4367">
    <p class='ocr_par' dir='ltr' id='par_1_85' title="bbox 1952 4295 3151 4367">
     <span class='ocr_line' id='line_1_85' title="bbox 1952 4295 3151 4367; baseline -0.009 -9"><span class='ocrx_word' id='word_1_643' title='bbox 1952 4301 2102 4359; x_wconf 83' lang='lat' dir='ltr'><strong>[llum</strong></span> <span class='ocrx_word' id='word_1_644' title='bbox 2135 4309 2285 4356; x_wconf 89' lang='lat' dir='ltr'><strong>tanta</strong></span> <span class='ocrx_word' id='word_1_645' title='bbox 2307 4302 2446 4356; x_wconf 89' lang='lat' dir='ltr'><strong>inter</strong></span> <span class='ocrx_word' id='word_1_646' title='bbox 2473 4299 2674 4367; x_wconf 84' lang='lat' dir='ltr'><strong>fragilis</strong></span> <span class='ocrx_word' id='word_1_647' title='bbox 2695 4296 2999 4353; x_wconf 89' lang='lat' dir='ltr'><strong>discrimina</strong></span> <span class='ocrx_word' id='word_1_648' title='bbox 3029 4295 3151 4348; x_wconf 73' lang='lat' dir='ltr'><strong>vita:</strong></span> 
     </span>
    </p>
   </div>
   <div class='ocr_carea' id='block_1_86' title="bbox 2024 4384 3212 4462">
    <p class='ocr_par' dir='ltr' id='par_1_86' title="bbox 2024 4384 3212 4462">
     <span class='ocr_line' id='line_1_86' title="bbox 2024 4384 3212 4462; baseline -0.009 -15"><span class='ocrx_word' id='word_1_649' title='bbox 2024 4391 2320 4462; x_wconf 85' lang='lat' dir='ltr'><strong>Aspiciens,</strong></span> <span class='ocrx_word' id='word_1_650' title='bbox 2350 4397 2404 4443; x_wconf 91' lang='lat' dir='ltr'><strong>et</strong></span> <span class='ocrx_word' id='word_1_651' title='bbox 2425 4388 2626 4444; x_wconf 91' lang='lat' dir='ltr'><strong>habens</strong></span> <span class='ocrx_word' id='word_1_652' title='bbox 2654 4395 2892 4458; x_wconf 89' lang='lat' dir='ltr'><strong>pectore,</strong></span> <span class='ocrx_word' id='word_1_653' title='bbox 2923 4393 3066 4440; x_wconf 88' lang='lat' dir='ltr'><strong>tutus</strong></span> <span class='ocrx_word' id='word_1_654' title='bbox 3087 4384 3212 4439; x_wconf 84' lang='lat' dir='ltr'><strong>eris.</strong></span> 
     </span>
    </p>
   </div>
   <div class='ocr_carea' id='block_1_87' title="bbox 1953 4473 3521 4550">
    <p class='ocr_par' dir='ltr' id='par_1_87' title="bbox 1953 4473 3521 4550">
     <span class='ocr_line' id='line_1_87' title="bbox 1953 4473 3521 4550; baseline -0.008 -10"><span class='ocrx_word' id='word_1_655' title='bbox 1953 4482 2068 4540; x_wconf 83' lang='lat' dir='ltr'><strong>Hoc</strong></span> <span class='ocrx_word' id='word_1_656' title='bbox 2090 4491 2266 4538; x_wconf 91' lang='lat' dir='ltr'><strong>tamen</strong></span> <span class='ocrx_word' id='word_1_657' title='bbox 2282 4490 2339 4537; x_wconf 91' lang='lat' dir='ltr'><strong>et</strong></span> <span class='ocrx_word' id='word_1_658' title='bbox 2358 4488 2625 4550; x_wconf 89' lang='lat' dir='ltr'><strong>repetens,</strong></span> <span class='ocrx_word' id='word_1_659' title='bbox 2646 4479 2946 4546; x_wconf 88' lang='lat' dir='ltr'><strong>iterumque</strong></span> <span class='ocrx_word' id='word_1_660' title='bbox 2967 4477 3270 4532; x_wconf 76' lang='lat' dir='ltr'><strong>iterumque</strong></span> <span class='ocrx_word' id='word_1_661' title='bbox 3291 4473 3521 4529; x_wconf 89' lang='lat' dir='ltr'><strong>monebo</strong></span> 
     </span>
    </p>
   </div>
   <div class='ocr_carea' id='block_1_88' title="bbox 272 4555 2930 4641">
    <p class='ocr_par' dir='ltr' id='par_1_88' title="bbox 272 4555 2930 4641">
     <span class='ocr_line' id='line_1_88' title="bbox 272 4555 2930 4641; baseline 0.005 -34"><span class='ocrx_word' id='word_1_662' title='bbox 272 4561 328 4608; x_wconf 89' lang='lat' dir='ltr'><strong>ut</strong></span> <span class='ocrx_word' id='word_1_663' title='bbox 351 4555 546 4610; x_wconf 90' lang='lat' dir='ltr'><strong>illustri</strong></span> <span class='ocrx_word' id='word_1_664' title='bbox 572 4559 818 4627; x_wconf 90' lang='lat' dir='ltr'><strong>apostolo</strong></span> <span class='ocrx_word' id='word_1_665' title='bbox 847 4559 1160 4615; x_wconf 88' lang='lat' dir='ltr'><strong>Timotheus</strong></span> <span class='ocrx_word' id='word_1_666' title='bbox 1200 4561 1514 4618; x_wconf 85' lang='lat' dir='ltr'><strong>adolescens</strong></span> <span class='ocrx_word' id='word_1_667' title='bbox 1549 4565 1816 4622; x_wconf 73' lang='lat' dir='ltr'><strong>adhaereat</strong></span> <span class='ocrx_word' id='word_1_668' title='bbox 1834 4606 1847 4630; x_wconf 86' lang='lat'><strong>,</strong></span> <span class='ocrx_word' id='word_1_669' title='bbox 1883 4566 1932 4626; x_wconf 89' lang='lat' dir='ltr'><strong>D</strong></span> <span class='ocrx_word' id='word_1_670' title='bbox 2027 4572 2097 4628; x_wconf 89' lang='lat' dir='ltr'><strong>Ut</strong></span> <span class='ocrx_word' id='word_1_671' title='bbox 2125 4572 2296 4641; x_wconf 89' lang='lat' dir='ltr'><strong>fugias</strong></span> <span class='ocrx_word' id='word_1_672' title='bbox 2315 4572 2460 4626; x_wconf 74' lang='lat' dir='ltr'><strong>dune</strong></span> <span class='ocrx_word' id='word_1_673' title='bbox 2489 4570 2689 4624; x_wconf 89' lang='lat' dir='ltr'><strong>lubrica</strong></span> <span class='ocrx_word' id='word_1_674' title='bbox 2711 4568 2930 4622; x_wconf 69' lang='lat' dir='ltr'><strong>militim.</strong></span> 
     </span>
    </p>
   </div>
   <div class='ocr_carea' id='block_1_89' title="bbox 273 4643 1850 4716">
    <p class='ocr_par' dir='ltr' id='par_1_89' title="bbox 273 4643 1850 4716">
     <span class='ocr_line' id='line_1_89' title="bbox 273 4643 1850 4716; baseline 0.008 -18"><span class='ocrx_word' id='word_1_675' title='bbox 273 4643 541 4701; x_wconf 87' lang='lat' dir='ltr'><strong>indivulso</strong></span> <span class='ocrx_word' id='word_1_676' title='bbox 568 4663 665 4716; x_wconf 88' lang='lat' dir='ltr'><strong>per</strong></span> <span class='ocrx_word' id='word_1_677' title='bbox 693 4649 880 4704; x_wconf 86' lang='lat' dir='ltr'><strong>itinera</strong></span> <span class='ocrx_word' id='word_1_678' title='bbox 903 4649 1078 4704; x_wconf 89' lang='lat' dir='ltr'><strong>divina</strong></span> <span class='ocrx_word' id='word_1_679' title='bbox 1111 4652 1396 4715; x_wconf 89' lang='lat' dir='ltr'><strong>comitatu;</strong></span> <span class='ocrx_word' id='word_1_680' title='bbox 1431 4662 1486 4706; x_wconf 93' lang='lat' dir='ltr'><strong>ut</strong></span> <span class='ocrx_word' id='word_1_681' title='bbox 1514 4663 1566 4708; x_wconf 91' lang='lat' dir='ltr'><strong>et</strong></span> <span class='ocrx_word' id='word_1_682' title='bbox 1600 4657 1850 4711; x_wconf 85' lang='lat' dir='ltr'><strong>sacerdo-</strong></span> 
     </span>
    </p>
   </div>
   <div class='ocr_carea' id='block_1_90' title="bbox 275 4733 1851 4816">
    <p class='ocr_par' dir='ltr' id='par_1_90' title="bbox 275 4733 1851 4816">
     <span class='ocr_line' id='line_1_90' title="bbox 275 4733 1851 4816; baseline 0.01 -30"><span class='ocrx_word' id='word_1_683' title='bbox 275 4733 405 4787; x_wconf 89' lang='lat' dir='ltr'><strong>tium</strong></span> <span class='ocrx_word' id='word_1_684' title='bbox 434 4737 596 4790; x_wconf 92' lang='lat' dir='ltr'><strong>corde</strong></span> <span class='ocrx_word' id='word_1_685' title='bbox 616 4737 852 4816; x_wconf 88' lang='lat' dir='ltr'><strong>perfecto</strong></span> <span class='ocrx_word' id='word_1_686' title='bbox 877 4738 1047 4794; x_wconf 88' lang='lat' dir='ltr'><strong>discat</strong></span> <span class='ocrx_word' id='word_1_687' title='bbox 1075 4741 1285 4805; x_wconf 85' lang='lat' dir='ltr'><strong>mereri,</strong></span> <span class='ocrx_word' id='word_1_688' title='bbox 1319 4750 1371 4795; x_wconf 90' lang='lat' dir='ltr'><strong>et</strong></span> <span class='ocrx_word' id='word_1_689' title='bbox 1393 4745 1600 4814; x_wconf 89' lang='lat' dir='ltr'><strong>populis</strong></span> <span class='ocrx_word' id='word_1_690' title='bbox 1624 4747 1687 4800; x_wconf 85' lang='lat' dir='ltr'><strong>ad</strong></span> <span class='ocrx_word' id='word_1_691' title='bbox 1717 4749 1851 4803; x_wconf 84' lang='lat' dir='ltr'><strong>salu-</strong></span> 
     </span>
    </p>
   </div>
   <div class='ocr_carea' id='block_1_91' title="bbox 276 4825 1200 4896">
    <p class='ocr_par' dir='ltr' id='par_1_91' title="bbox 276 4825 1200 4896">
     <span class='ocr_line' id='line_1_91' title="bbox 276 4825 1200 4896; baseline 0.004 -16"><span class='ocrx_word' id='word_1_692' title='bbox 276 4834 382 4880; x_wconf 89' lang='lat' dir='ltr'><strong>tem</strong></span> <span class='ocrx_word' id='word_1_693' title='bbox 409 4825 479 4894; x_wconf 77' lang='grc' dir='ltr'><strong>(ο)</strong></span> <span class='ocrx_word' id='word_1_694' title='bbox 510 4830 763 4896; x_wconf 87' lang='lat' dir='ltr'><strong>magistro</strong></span> <span class='ocrx_word' id='word_1_695' title='bbox 784 4845 878 4884; x_wconf 91' lang='lat' dir='ltr'><strong>ore</strong></span> <span class='ocrx_word' id='word_1_696' title='bbox 898 4833 1200 4884; x_wconf 70' lang='lat' dir='ltr'><strong>consulere.</strong></span> 
     </span>
    </p>
   </div>
   <div class='ocr_carea' id='block_1_92' title="bbox 355 4979 1469 5048">
    <p class='ocr_par' dir='ltr' id='par_1_92' title="bbox 355 4979 1469 5048">
     <span class='ocr_line' id='line_1_92' title="bbox 355 4979 1469 5048; baseline 0.01 -19"><span class='ocrx_word' id='word_1_697' title='bbox 355 4990 377 5011; x_wconf 73' lang='grc'><strong>’⁸</strong></span> <span class='ocrx_word' id='word_1_698' title='bbox 405 4979 562 5034; x_wconf 86' lang='lat' dir='ltr'><strong>Prov.</strong></span> <span class='ocrx_word' id='word_1_699' title='bbox 597 4999 632 5045; x_wconf 83' lang='grc' dir='ltr'><strong>ι,</strong></span> <span class='ocrx_word' id='word_1_700' title='bbox 663 4981 715 5034; x_wconf 88' lang='grc'><strong>8.</strong></span> <span class='ocrx_word' id='word_1_701' title='bbox 791 4981 816 5020; x_wconf 69' lang='grc' dir='ltr'>δ</span> <span class='ocrx_word' id='word_1_702' title='bbox 850 4982 1004 5037; x_wconf 85' lang='lat' dir='ltr'><strong>Prov.</strong></span> <span class='ocrx_word' id='word_1_703' title='bbox 1040 5001 1072 5043; x_wconf 81' lang='grc' dir='ltr'><strong>ι.</strong></span> <span class='ocrx_word' id='word_1_704' title='bbox 1099 4986 1150 5048; x_wconf 87' lang='grc'><strong>9,</strong></span> <span class='ocrx_word' id='word_1_705' title='bbox 1180 5002 1286 5040; x_wconf 87' lang='lat' dir='ltr'><strong>sec.</strong></span> <span class='ocrx_word' id='word_1_706' title='bbox 1315 4986 1469 5040; x_wconf 78' lang='lat' dir='ltr'><strong>LXX.</strong></span> 
     </span>
    </p>
   </div>
   <div class='ocr_carea' id='block_1_93' title="bbox 1956 4661 3461 4731">
    <p class='ocr_par' dir='ltr' id='par_1_93' title="bbox 1956 4661 3461 4731">
     <span class='ocr_line' id='line_1_93' title="bbox 1956 4661 3461 4731; baseline -0.003 -11"><span class='ocrx_word' id='word_1_707' title='bbox 1956 4665 2211 4720; x_wconf 87' lang='lat' dir='ltr'><strong>Blandum</strong></span> <span class='ocrx_word' id='word_1_708' title='bbox 2234 4679 2425 4719; x_wconf 91' lang='lat' dir='ltr'><strong>nomen</strong></span> <span class='ocrx_word' id='word_1_709' title='bbox 2455 4665 2645 4727; x_wconf 89' lang='lat' dir='ltr'><strong>honos,</strong></span> <span class='ocrx_word' id='word_1_710' title='bbox 2672 4662 2810 4716; x_wconf 88' lang='lat' dir='ltr'><strong>mala</strong></span> <span class='ocrx_word' id='word_1_711' title='bbox 2833 4661 3081 4729; x_wconf 90' lang='lat' dir='ltr'><strong>servitus,</strong></span> <span class='ocrx_word' id='word_1_712' title='bbox 3111 4662 3282 4716; x_wconf 82' lang='lat' dir='ltr'><strong>exitus</strong></span> <span class='ocrx_word' id='word_1_713' title='bbox 3302 4677 3461 4731; x_wconf 71' lang='lat' dir='ltr'><strong>mger,</strong></span> 
     </span>
    </p>
   </div>
   <div class='ocr_carea' id='block_1_94' title="bbox 2026 4752 3319 4824">
    <p class='ocr_par' dir='ltr' id='par_1_94' title="bbox 2026 4752 3319 4824">
     <span class='ocr_line' id='line_1_94' title="bbox 2026 4752 3319 4824; baseline -0.002 -15"><span class='ocrx_word' id='word_1_714' title='bbox 2026 4755 2194 4824; x_wconf 89' lang='lat' dir='ltr'><strong>Quem</strong></span> <span class='ocrx_word' id='word_1_715' title='bbox 2222 4770 2364 4809; x_wconf 89' lang='lat' dir='ltr'><strong>nunc</strong></span> <span class='ocrx_word' id='word_1_716' title='bbox 2388 4754 2526 4809; x_wconf 89' lang='lat' dir='ltr'><strong>velle</strong></span> <span class='ocrx_word' id='word_1_717' title='bbox 2544 4752 2716 4822; x_wconf 84' lang='lat' dir='ltr'><strong>juvat,</strong></span> <span class='ocrx_word' id='word_1_718' title='bbox 2746 4769 2869 4808; x_wconf 92' lang='lat' dir='ltr'><strong>mox</strong></span> <span class='ocrx_word' id='word_1_719' title='bbox 2899 4753 3132 4808; x_wconf 89' lang='lat' dir='ltr'><strong>voluisse</strong></span> <span class='ocrx_word' id='word_1_720' title='bbox 3155 4754 3319 4823; x_wconf 88' lang='lat' dir='ltr'><strong>piget.</strong></span> 
     </span>
    </p>
   </div>
   <div class='ocr_carea' id='block_1_95' title="bbox 1953 4844 3492 4912">
    <p class='ocr_par' dir='ltr' id='par_1_95' title="bbox 1953 4844 3492 4912">
     <span class='ocr_line' id='line_1_95' title="bbox 1953 4844 3492 4912; baseline -0.005 -10"><span class='ocrx_word' id='word_1_721' title='bbox 1953 4845 2224 4902; x_wconf 89' lang='lat' dir='ltr'><strong>Scandere</strong></span> <span class='ocrx_word' id='word_1_722' title='bbox 2246 4846 2386 4901; x_wconf 91' lang='lat' dir='ltr'><strong>celsa</strong></span> <span class='ocrx_word' id='word_1_723' title='bbox 2406 4844 2588 4912; x_wconf 88' lang='lat' dir='ltr'><strong>juvat;</strong></span> <span class='ocrx_word' id='word_1_724' title='bbox 2621 4851 2828 4899; x_wconf 90' lang='lat' dir='ltr'><strong>tremor</strong></span> <span class='ocrx_word' id='word_1_725' title='bbox 2856 4852 2934 4898; x_wconf 88' lang='lat' dir='ltr'><strong>est</strong></span> <span class='ocrx_word' id='word_1_726' title='bbox 2963 4844 3291 4900; x_wconf 89' lang='lat' dir='ltr'><strong>descendere</strong></span> <span class='ocrx_word' id='word_1_727' title='bbox 3319 4845 3492 4899; x_wconf 64' lang='lat' dir='ltr'><strong>celsic.</strong></span> 
     </span>
    </p>
   </div>
   <div class='ocr_carea' id='block_1_96' title="bbox 1551 4992 2420 5062">
    <p class='ocr_par' dir='ltr' id='par_1_96' title="bbox 1551 4992 2420 5062">
     <span class='ocr_line' id='line_1_96' title="bbox 1551 4992 2420 5062; baseline 0.003 -19"><span class='ocrx_word' id='word_1_728' title='bbox 1551 5001 1568 5026; x_wconf 73' lang='grc' dir='ltr'><em>τ</em></span> <span class='ocrx_word' id='word_1_729' title='bbox 1607 4992 1670 5044; x_wconf 68' lang='grc' dir='ltr'><strong>ιν</strong></span> <span class='ocrx_word' id='word_1_730' title='bbox 1706 4993 1832 5062; x_wconf 73' lang='lat' dir='ltr'><strong>lteg.</strong></span> <span class='ocrx_word' id='word_1_731' title='bbox 1865 4995 1928 5058; x_wconf 88' lang='lat' dir='ltr'><strong>ll,</strong></span> <span class='ocrx_word' id='word_1_732' title='bbox 1953 5013 1988 5050; x_wconf 86' lang='grc' dir='ltr'><strong>ι.</strong></span> <span class='ocrx_word' id='word_1_733' title='bbox 2064 4994 2088 5031; x_wconf 69' lang='grc' dir='ltr'><em>δ</em></span> <span class='ocrx_word' id='word_1_734' title='bbox 2115 4995 2248 5048; x_wconf 88' lang='lat' dir='ltr'><strong>Phil.</strong></span> <span class='ocrx_word' id='word_1_735' title='bbox 2283 5013 2336 5056; x_wconf 92' lang='lat' dir='ltr'><strong>u,</strong></span> <span class='ocrx_word' id='word_1_736' title='bbox 2369 4995 2420 5047; x_wconf 86' lang='lat'><strong>9.</strong></span> 
     </span>
    </p>
   </div>
   <div class='ocr_carea' id='block_1_97' title="bbox 347 5113 3144 5191">
    <p class='ocr_par' dir='ltr' id='par_1_97' title="bbox 347 5113 3144 5191">
     <span class='ocr_line' id='line_1_97' title="bbox 347 5113 3144 5191; baseline 0.003 -25"><span class='ocrx_word' id='word_1_737' title='bbox 347 5117 365 5136; x_wconf 84' lang='grc'><strong><em>⁸</em></strong></span> <span class='ocrx_word' id='word_1_738' title='bbox 400 5113 546 5168; x_wconf 84' lang='lat' dir='ltr'><strong>Alias</strong></span> <span class='ocrx_word' id='word_1_739' title='bbox 586 5113 680 5179; x_wconf 66' lang='lat'><strong>46,</strong></span> <span class='ocrx_word' id='word_1_740' title='bbox 717 5131 843 5184; x_wconf 86' lang='lat' dir='ltr'><strong>pars</strong></span> <span class='ocrx_word' id='word_1_741' title='bbox 868 5116 932 5181; x_wconf 76' lang='lat'><strong>‘2;</strong></span> <span class='ocrx_word' id='word_1_742' title='bbox 977 5131 1096 5182; x_wconf 73' lang='lat' dir='ltr'><strong>qum</strong></span> <span class='ocrx_word' id='word_1_743' title='bbox 1138 5126 1314 5169; x_wconf 82' lang='lat' dir='ltr'><strong>autem</strong></span> <span class='ocrx_word' id='word_1_744' title='bbox 1352 5128 1471 5170; x_wconf 87' lang='lat' dir='ltr'><strong>erat</strong></span> <span class='ocrx_word' id='word_1_745' title='bbox 1517 5119 1576 5181; x_wconf 92' lang='lat'><strong>8,</strong></span> <span class='ocrx_word' id='word_1_746' title='bbox 1609 5137 1746 5174; x_wconf 87' lang='lat' dir='ltr'><strong>nunc.</strong></span> <span class='ocrx_word' id='word_1_747' title='bbox 1774 5122 1861 5174; x_wconf 66' lang='grc' dir='ltr'><strong>δα</strong></span> <span class='ocrx_word' id='word_1_748' title='bbox 1900 5123 2107 5191; x_wconf 82' lang='lat' dir='ltr'><strong>Scripta</strong></span> <span class='ocrx_word' id='word_1_749' title='bbox 2131 5131 2184 5174; x_wconf 91' lang='lat' dir='ltr'><strong>et</strong></span> <span class='ocrx_word' id='word_1_750' title='bbox 2213 5122 2368 5175; x_wconf 85' lang='lat' dir='ltr'><strong>missa</strong></span> <span class='ocrx_word' id='word_1_751' title='bbox 2399 5137 2517 5174; x_wconf 91' lang='lat' dir='ltr'><strong>cum</strong></span> <span class='ocrx_word' id='word_1_752' title='bbox 2548 5121 2822 5189; x_wconf 86' lang='lat' dir='ltr'><strong>superiore</strong></span> <span class='ocrx_word' id='word_1_753' title='bbox 2851 5136 2990 5173; x_wconf 86' lang='lat' dir='ltr'><strong>anno</strong></span> <span class='ocrx_word' id='word_1_754' title='bbox 3019 5121 3144 5174; x_wconf 74' lang='lat'><strong>396.</strong></span> 
     </span>
    </p>
   </div>
   <div class='ocr_carea' id='block_1_98' title="bbox 348 5246 1854 5316">
    <p class='ocr_par' dir='ltr' id='par_1_98' title="bbox 348 5246 1854 5316">
     <span class='ocr_line' id='line_1_98' title="bbox 348 5246 1854 5316; baseline 0.006 -17"><span class='ocrx_word' id='word_1_755' title='bbox 348 5246 426 5316; x_wconf 83' lang='lat' dir='ltr'><strong>(a)</strong></span> <span class='ocrx_word' id='word_1_756' title='bbox 467 5247 590 5302; x_wconf 76' lang='lat' dir='ltr'><strong>Mss.</strong></span> <span class='ocrx_word' id='word_1_757' title='bbox 615 5246 826 5302; x_wconf 74' lang='lat' dir='ltr'><strong>codices</strong></span> <span class='ocrx_word' id='word_1_758' title='bbox 845 5289 861 5312; x_wconf 90' lang='lat'><strong>,</strong></span> <span class='ocrx_word' id='word_1_759' title='bbox 893 5248 1179 5303; x_wconf 76' lang='lat' dir='ltr'><strong>bnrrillato.</strong></span> <span class='ocrx_word' id='word_1_760' title='bbox 1210 5250 1542 5306; x_wconf 82' lang='lat' dir='ltr'><strong>Buccillalum</strong></span> <span class='ocrx_word' id='word_1_761' title='bbox 1567 5255 1854 5308; x_wconf 80' lang='lat' dir='ltr'><strong>vocabatur</strong></span> 
     </span>
    </p>
   </div>
   <div class='ocr_carea' id='block_1_99' title="bbox 277 5317 1853 5386">
    <p class='ocr_par' dir='ltr' id='par_1_99' title="bbox 277 5317 1853 5386">
     <span class='ocr_line' id='line_1_99' title="bbox 277 5317 1853 5386; baseline 0.005 -16"><span class='ocrx_word' id='word_1_762' title='bbox 277 5317 706 5386; x_wconf 86' lang='lat' dir='ltr'><strong>militarispanis</strong></span> <span class='ocrx_word' id='word_1_763' title='bbox 735 5317 800 5370; x_wconf 89' lang='lat' dir='ltr'><strong>ad</strong></span> <span class='ocrx_word' id='word_1_764' title='bbox 829 5318 1076 5372; x_wconf 76' lang='lat' dir='ltr'><strong>buccclhe</strong></span> <span class='ocrx_word' id='word_1_765' title='bbox 1105 5319 1214 5373; x_wconf 88' lang='lat' dir='ltr'><strong>fere</strong></span> <span class='ocrx_word' id='word_1_766' title='bbox 1233 5323 1448 5374; x_wconf 85' lang='lat' dir='ltr'><strong>modum</strong></span> <span class='ocrx_word' id='word_1_767' title='bbox 1478 5322 1769 5386; x_wconf 83' lang='lat' dir='ltr'><strong>confectus,</strong></span> <span class='ocrx_word' id='word_1_768' title='bbox 1795 5333 1853 5378; x_wconf 91' lang='lat' dir='ltr'><strong>ut</strong></span> 
     </span>
    </p>
   </div>
   <div class='ocr_carea' id='block_1_100' title="bbox 277 5385 1850 5460">
    <p class='ocr_par' dir='ltr' id='par_1_100' title="bbox 277 5385 1850 5460">
     <span class='ocr_line' id='line_1_100' title="bbox 277 5385 1850 5460; baseline 0.006 -22"><span class='ocrx_word' id='word_1_769' title='bbox 277 5385 342 5460; x_wconf 77' lang='lat' dir='ltr'><strong>ad</strong></span> <span class='ocrx_word' id='word_1_770' title='bbox 372 5401 501 5460; x_wconf 82' lang='lat' dir='ltr'><strong>usus</strong></span> <span class='ocrx_word' id='word_1_771' title='bbox 524 5385 1168 5460; x_wconf 28' lang='lat' dir='ltr'><strong>diuturnitatcmhfacihus</strong></span> <span class='ocrx_word' id='word_1_772' title='bbox 1204 5401 1620 5460; x_wconf 70' lang='lat' dir='ltr'><strong>excoqueretnr.</strong></span> <span class='ocrx_word' id='word_1_773' title='bbox 1652 5392 1717 5446; x_wconf 91' lang='lat' dir='ltr'><strong>de</strong></span> <span class='ocrx_word' id='word_1_774' title='bbox 1744 5385 1850 5460; x_wconf 87' lang='lat' dir='ltr'><strong>quo</strong></span> 
     </span>
    </p>
   </div>
   <div class='ocr_carea' id='block_1_101' title="bbox 279 5454 1850 5520">
    <p class='ocr_par' dir='ltr' id='par_1_101' title="bbox 279 5454 1850 5520">
     <span class='ocr_line' id='line_1_101' title="bbox 279 5454 1850 5520; baseline 0.006 -15"><span class='ocrx_word' id='word_1_775' title='bbox 279 5454 589 5510; x_wconf 87' lang='lat' dir='ltr'><strong>Ammianus</strong></span> <span class='ocrx_word' id='word_1_776' title='bbox 632 5455 722 5508; x_wconf 89' lang='lat' dir='ltr'><strong>lib.</strong></span> <span class='ocrx_word' id='word_1_777' title='bbox 757 5473 884 5520; x_wconf 82' lang='lat' dir='ltr'><strong>xvn;</strong></span> <span class='ocrx_word' id='word_1_778' title='bbox 929 5456 1038 5509; x_wconf 78' lang='lat' dir='ltr'><strong>ltR.</strong></span> <span class='ocrx_word' id='word_1_779' title='bbox 1071 5457 1172 5510; x_wconf 90' lang='lat' dir='ltr'><strong>PP.</strong></span> <span class='ocrx_word' id='word_1_780' title='bbox 1202 5454 1531 5514; x_wconf 87' lang='lat' dir='ltr'><strong>Benedictini</strong></span> <span class='ocrx_word' id='word_1_781' title='bbox 1561 5461 1624 5514; x_wconf 88' lang='lat' dir='ltr'><strong>ad</strong></span> <span class='ocrx_word' id='word_1_782' title='bbox 1656 5461 1710 5514; x_wconf 90' lang='lat' dir='ltr'><strong>S.</strong></span> <span class='ocrx_word' id='word_1_783' title='bbox 1743 5454 1850 5515; x_wconf 77' lang='lat' dir='ltr'><strong>Au-</strong></span> 
     </span>
    </p>
   </div>
   <div class='ocr_carea' id='block_1_102' title="bbox 279 5525 989 5594">
    <p class='ocr_par' dir='ltr' id='par_1_102' title="bbox 279 5525 989 5594">
     <span class='ocr_line' id='line_1_102' title="bbox 279 5525 989 5594; baseline 0 -16"><span class='ocrx_word' id='word_1_784' title='bbox 279 5532 419 5594; x_wconf 67' lang='lat' dir='ltr'><strong>gust.</strong></span> <span class='ocrx_word' id='word_1_785' title='bbox 453 5525 722 5594; x_wconf 81' lang='lat' dir='ltr'><strong>epistolas,</strong></span> <span class='ocrx_word' id='word_1_786' title='bbox 749 5541 867 5594; x_wconf 79' lang='lat' dir='ltr'><strong>pag.</strong></span> <span class='ocrx_word' id='word_1_787' title='bbox 901 5525 989 5579; x_wconf 78' lang='grc'><strong>59.</strong></span> 
     </span>
    </p>
   </div>
   <div class='ocr_carea' id='block_1_103' title="bbox 351 5591 1845 5663">
    <p class='ocr_par' dir='ltr' id='par_1_103' title="bbox 351 5591 1845 5663">
     <span class='ocr_line' id='line_1_103' title="bbox 351 5591 1845 5663; baseline 0.007 -19"><span class='ocrx_word' id='word_1_788' title='bbox 351 5591 427 5663; x_wconf 73' lang='grc'><strong>(6)</strong></span> <span class='ocrx_word' id='word_1_789' title='bbox 457 5591 546 5663; x_wconf 87' lang='lat' dir='ltr'><strong>Sic</strong></span> <span class='ocrx_word' id='word_1_790' title='bbox 594 5608 720 5649; x_wconf 84' lang='lat' dir='ltr'><strong>mss.</strong></span> <span class='ocrx_word' id='word_1_791' title='bbox 749 5591 980 5648; x_wconf 55' lang='lat' dir='ltr'><strong>&#39;codiccs</strong></span> <span class='ocrx_word' id='word_1_792' title='bbox 1006 5595 1173 5649; x_wconf 73' lang='lat' dir='ltr'><strong>Vatic.</strong></span> <span class='ocrx_word' id='word_1_793' title='bbox 1216 5596 1248 5647; x_wconf 72' lang='grc'>4</span> <span class='ocrx_word' id='word_1_794' title='bbox 1286 5604 1340 5650; x_wconf 93' lang='lat' dir='ltr'><strong>ct</strong></span> <span class='ocrx_word' id='word_1_795' title='bbox 1395 5597 1653 5663; x_wconf 77' lang='lat' dir='ltr'><strong>Bigotiani</strong></span> <span class='ocrx_word' id='word_1_796' title='bbox 1701 5600 1845 5654; x_wconf 90' lang='lat' dir='ltr'><strong>duo:</strong></span> 
     </span>
    </p>
   </div>
   <div class='ocr_carea' id='block_1_104' title="bbox 280 5661 1854 5732">
    <p class='ocr_par' dir='ltr' id='par_1_104' title="bbox 280 5661 1854 5732">
     <span class='ocr_line' id='line_1_104' title="bbox 280 5661 1854 5732; baseline 0.008 -21"><span class='ocrx_word' id='word_1_797' title='bbox 280 5661 660 5732; x_wconf 29' lang='lat' dir='ltr'><strong>quod‘videtur</strong></span> <span class='ocrx_word' id='word_1_798' title='bbox 687 5665 860 5721; x_wconf 77' lang='lat' dir='ltr'><strong>acrius</strong></span> <span class='ocrx_word' id='word_1_799' title='bbox 901 5679 1058 5729; x_wconf 86' lang='lat' dir='ltr'><strong>quam</strong></span> <span class='ocrx_word' id='word_1_800' title='bbox 1089 5664 1230 5732; x_wconf 84' lang='lat' dir='ltr'><strong>quod</strong></span> <span class='ocrx_word' id='word_1_801' title='bbox 1270 5675 1348 5718; x_wconf 82' lang='lat' dir='ltr'><strong>est</strong></span> <span class='ocrx_word' id='word_1_802' title='bbox 1375 5665 1426 5718; x_wconf 89' lang='lat' dir='ltr'><strong>in</strong></span> <span class='ocrx_word' id='word_1_803' title='bbox 1452 5661 1627 5732; x_wconf 84' lang='lat' dir='ltr'><strong>editis,</strong></span> <span class='ocrx_word' id='word_1_804' title='bbox 1658 5667 1854 5723; x_wconf 74' lang='lat' dir='ltr'><strong>Licenti</strong></span> 
     </span>
    </p>
   </div>
   <div class='ocr_carea' id='block_1_105' title="bbox 279 5729 1615 5803">
    <p class='ocr_par' dir='ltr' id='par_1_105' title="bbox 279 5729 1615 5803">
     <span class='ocr_line' id='line_1_105' title="bbox 279 5729 1615 5803; baseline 0.004 -18"><span class='ocrx_word' id='word_1_805' title='bbox 279 5730 402 5786; x_wconf 65' lang='lat' dir='ltr'><strong>erit.</strong></span> <span class='ocrx_word' id='word_1_806' title='bbox 433 5729 700 5799; x_wconf 72' lang='lat' dir='ltr'><strong>[idemque</strong></span> <span class='ocrx_word' id='word_1_807' title='bbox 731 5751 850 5786; x_wconf 67' lang='lat' dir='ltr'><strong>ms.</strong></span> <span class='ocrx_word' id='word_1_808' title='bbox 889 5733 1038 5796; x_wconf 87' lang='lat' dir='ltr'><strong>infra,</strong></span> <span class='ocrx_word' id='word_1_809' title='bbox 1063 5729 1409 5803; x_wconf 54' lang='lat' dir='ltr'><strong>ari/ament...</strong></span> <span class='ocrx_word' id='word_1_810' title='bbox 1434 5738 1615 5789; x_wconf 77' lang='lat' dir='ltr'><strong>ducat.</strong></span> 
     </span>
    </p>
   </div>
   <div class='ocr_carea' id='block_1_106' title="bbox 2028 5254 3511 5337">
    <p class='ocr_par' dir='ltr' id='par_1_106' title="bbox 2028 5254 3511 5337">
     <span class='ocr_line' id='line_1_106' title="bbox 2028 5254 3511 5337; baseline 0 -29"><span class='ocrx_word' id='word_1_811' title='bbox 2028 5255 2098 5337; x_wconf 66' lang='grc' dir='ltr'><strong>(ε)</strong></span> <span class='ocrx_word' id='word_1_812' title='bbox 2130 5254 2205 5337; x_wconf 74' lang='lat' dir='ltr'><strong>ita</strong></span> <span class='ocrx_word' id='word_1_813' title='bbox 2233 5269 2327 5310; x_wconf 90' lang='lat' dir='ltr'><strong>sex</strong></span> <span class='ocrx_word' id='word_1_814' title='bbox 2356 5255 2513 5311; x_wconf 90' lang='lat' dir='ltr'><strong>iidem</strong></span> <span class='ocrx_word' id='word_1_815' title='bbox 2534 5271 2664 5311; x_wconf 86' lang='lat' dir='ltr'><strong>mss.</strong></span> <span class='ocrx_word' id='word_1_816' title='bbox 2691 5272 2812 5311; x_wconf 90' lang='lat' dir='ltr'><strong>cum</strong></span> <span class='ocrx_word' id='word_1_817' title='bbox 2834 5257 2961 5312; x_wconf 90' lang='lat' dir='ltr'><strong>edit.</strong></span> <span class='ocrx_word' id='word_1_818' title='bbox 2994 5259 3190 5314; x_wconf 84' lang='lat' dir='ltr'><strong>Bened.</strong></span> <span class='ocrx_word' id='word_1_819' title='bbox 3226 5258 3324 5310; x_wconf 83' lang='lat' dir='ltr'><strong>Alii</strong></span> <span class='ocrx_word' id='word_1_820' title='bbox 3352 5257 3511 5310; x_wconf 58' lang='lat' dir='ltr'><strong>codd.</strong></span> 
     </span>
    </p>
   </div>
   <div class='ocr_carea' id='block_1_107' title="bbox 1961 5334 3509 5474">
    <p class='ocr_par' dir='ltr' id='par_1_107' title="bbox 1961 5334 3509 5474">
     <span class='ocr_line' id='line_1_107' title="bbox 1961 5334 3509 5474; baseline -0.006 -18"><span class='ocrx_word' id='word_1_821' title='bbox 1961 5334 2284 5474; x_wconf 38' lang='grc' dir='ltr'><strong>τηιῖἵόδὲῗέρϐ</strong></span> <span class='ocrx_word' id='word_1_822' title='bbox 2301 5408 2497 5474; x_wconf 60' lang='lat' dir='ltr'><strong>vocent</strong></span> <span class='ocrx_word' id='word_1_823' title='bbox 2523 5394 2816 5474; x_wconf 73' lang='lat' dir='ltr'><strong>addidimus</strong></span> <span class='ocrx_word' id='word_1_824' title='bbox 2843 5410 2907 5450; x_wconf 85' lang='lat' dir='ltr'><strong>ex</strong></span> <span class='ocrx_word' id='word_1_825' title='bbox 2948 5411 3075 5450; x_wconf 89' lang='lat' dir='ltr'><strong>mss.</strong></span> <span class='ocrx_word' id='word_1_826' title='bbox 3099 5395 3368 5447; x_wconf 83' lang='lat' dir='ltr'><strong>Vaticanis</strong></span> <span class='ocrx_word' id='word_1_827' title='bbox 3405 5410 3509 5460; x_wconf 65' lang='lat' dir='ltr'><strong>qui</strong></span> 
     </span>
    </p>
   </div>
   <div class='ocr_carea' id='block_1_108' title="bbox 1960 5461 3383 5529">
    <p class='ocr_par' dir='ltr' id='par_1_108' title="bbox 1960 5461 3383 5529">
     <span class='ocr_line' id='line_1_108' title="bbox 1960 5461 3383 5529; baseline 0.001 -14"><span class='ocrx_word' id='word_1_828' title='bbox 1960 5461 2097 5525; x_wconf 79' lang='lat' dir='ltr'><strong>tuer,</strong></span> <span class='ocrx_word' id='word_1_829' title='bbox 2132 5462 2153 5514; x_wconf 73' lang='grc' dir='ltr'><strong>Ι</strong></span> <span class='ocrx_word' id='word_1_830' title='bbox 2191 5461 2305 5529; x_wconf 89' lang='lat' dir='ltr'><strong>Big.</strong></span> <span class='ocrx_word' id='word_1_831' title='bbox 2331 5472 2385 5517; x_wconf 91' lang='lat' dir='ltr'><strong>et</strong></span> <span class='ocrx_word' id='word_1_832' title='bbox 2412 5463 2543 5518; x_wconf 91' lang='lat' dir='ltr'><strong>edit.</strong></span> <span class='ocrx_word' id='word_1_833' title='bbox 2565 5463 2764 5519; x_wconf 89' lang='lat' dir='ltr'><strong>Bened.</strong></span> <span class='ocrx_word' id='word_1_834' title='bbox 3362 5479 3383 5497; x_wconf 87' lang='grc'><strong>·</strong></span> 
     </span>
    </p>
   </div>
   <div class='ocr_carea' id='block_1_109' title="bbox 2031 5531 3512 5602">
    <p class='ocr_par' dir='ltr' id='par_1_109' title="bbox 2031 5531 3512 5602">
     <span class='ocr_line' id='line_1_109' title="bbox 2031 5531 3512 5602; baseline -0.001 -17"><span class='ocrx_word' id='word_1_835' title='bbox 2031 5532 2100 5602; x_wconf 87' lang='lat' dir='ltr'><strong>(e)</strong></span> <span class='ocrx_word' id='word_1_836' title='bbox 2129 5531 2217 5586; x_wconf 90' lang='lat' dir='ltr'><strong>Sic</strong></span> <span class='ocrx_word' id='word_1_837' title='bbox 2243 5547 2369 5586; x_wconf 88' lang='lat' dir='ltr'><strong>mss.</strong></span> <span class='ocrx_word' id='word_1_838' title='bbox 2403 5549 2516 5595; x_wconf 89' lang='lat' dir='ltr'><strong>sex,</strong></span> <span class='ocrx_word' id='word_1_839' title='bbox 2541 5551 2604 5589; x_wconf 90' lang='lat' dir='ltr'><strong>ex</strong></span> <span class='ocrx_word' id='word_1_840' title='bbox 2628 5534 2819 5602; x_wconf 89' lang='lat' dir='ltr'><strong>quibus</strong></span> <span class='ocrx_word' id='word_1_841' title='bbox 2845 5534 2952 5587; x_wconf 91' lang='lat' dir='ltr'><strong>duo</strong></span> <span class='ocrx_word' id='word_1_842' title='bbox 2967 5531 3093 5602; x_wconf 73' lang='lat' dir='ltr'><strong>Dig.</strong></span> <span class='ocrx_word' id='word_1_843' title='bbox 3125 5538 3179 5602; x_wconf 86' lang='lat' dir='ltr'><strong>et</strong></span> <span class='ocrx_word' id='word_1_844' title='bbox 3203 5531 3288 5585; x_wconf 90' lang='lat' dir='ltr'><strong>ed.</strong></span> <span class='ocrx_word' id='word_1_845' title='bbox 3315 5531 3443 5586; x_wconf 87' lang='lat' dir='ltr'><strong>Ben.</strong></span> <span class='ocrx_word' id='word_1_846' title='bbox 3475 5531 3512 5584; x_wconf 85' lang='lat'><strong>.-\</strong></span> 
     </span>
    </p>
   </div>
   <div class='ocr_carea' id='block_1_110' title="bbox 1959 5601 3312 5667">
    <p class='ocr_par' dir='ltr' id='par_1_110' title="bbox 1959 5601 3312 5667">
     <span class='ocr_line' id='line_1_110' title="bbox 1959 5601 3312 5667; baseline 0 -12"><span class='ocrx_word' id='word_1_847' title='bbox 1959 5601 2086 5655; x_wconf 75' lang='lat' dir='ltr'><strong>mss.</strong></span> <span class='ocrx_word' id='word_1_848' title='bbox 2110 5609 2254 5664; x_wconf 89' lang='lat' dir='ltr'><strong>octo,</strong></span> <span class='ocrx_word' id='word_1_849' title='bbox 2288 5602 2351 5655; x_wconf 85' lang='lat' dir='ltr'><strong>de</strong></span> <span class='ocrx_word' id='word_1_850' title='bbox 2379 5605 2499 5667; x_wconf 76' lang='lat' dir='ltr'><strong>vita,</strong></span> <span class='ocrx_word' id='word_1_851' title='bbox 2528 5613 2577 5657; x_wconf 80' lang='lat' dir='ltr'><strong>et</strong></span> <span class='ocrx_word' id='word_1_852' title='bbox 2599 5601 2835 5662; x_wconf 81' lang='lat' dir='ltr'><strong>caritate,</strong></span> <span class='ocrx_word' id='word_1_853' title='bbox 2871 5601 3026 5664; x_wconf 86' lang='lat' dir='ltr'><strong>Edd.,</strong></span> <span class='ocrx_word' id='word_1_854' title='bbox 3057 5601 3312 5655; x_wconf 82' lang='lat' dir='ltr'><strong>devincta.</strong></span> 
     </span>
    </p>
   </div>
   <div class='ocr_carea' id='block_1_111' title="bbox 1967 5667 3514 5810">
    <p class='ocr_par' dir='ltr' id='par_1_111' title="bbox 1967 5667 3514 5810">
     <span class='ocr_line' id='line_1_111' title="bbox 1967 5667 3514 5810; baseline -0.001 -85"><span class='ocrx_word' id='word_1_855' title='bbox 1967 5741 1994 5810; x_wconf 58' lang='grc' dir='ltr'><em>ί</em></span> <span class='ocrx_word' id='word_1_856' title='bbox 2034 5671 2101 5791; x_wconf 51' lang='grc' dir='ltr'><strong>(εἷ)</strong></span> <span class='ocrx_word' id='word_1_857' title='bbox 2133 5671 2209 5726; x_wconf 81' lang='lat' dir='ltr'><strong>Ita</strong></span> <span class='ocrx_word' id='word_1_858' title='bbox 2237 5671 2363 5728; x_wconf 84' lang='lat' dir='ltr'><strong>edit.</strong></span> <span class='ocrx_word' id='word_1_859' title='bbox 2395 5671 2590 5728; x_wconf 86' lang='lat' dir='ltr'><strong>Bened.</strong></span> <span class='ocrx_word' id='word_1_860' title='bbox 2626 5673 2785 5726; x_wconf 81' lang='lat' dir='ltr'><strong>Grav.</strong></span> <span class='ocrx_word' id='word_1_861' title='bbox 2813 5678 2866 5723; x_wconf 88' lang='lat' dir='ltr'><strong>et</strong></span> <span class='ocrx_word' id='word_1_862' title='bbox 2896 5669 3055 5722; x_wconf 58' lang='grc' dir='ltr'><strong>Βοῦν,</strong></span> <span class='ocrx_word' id='word_1_863' title='bbox 3090 5667 3156 5724; x_wconf 91' lang='lat' dir='ltr'><strong>At</strong></span> <span class='ocrx_word' id='word_1_864' title='bbox 3181 5685 3308 5728; x_wconf 85' lang='lat' dir='ltr'><strong>mss.</strong></span> <span class='ocrx_word' id='word_1_865' title='bbox 3344 5670 3514 5741; x_wconf 54' lang='lat'><strong>12,14</strong></span> 
     </span>
     <span class='ocr_line' id='line_1_112' title="bbox 1989 5756 2149 5794; baseline 0.013 -2"><span class='ocrx_word' id='word_1_866' title='bbox 1989 5756 2044 5792; x_wconf 82' lang='lat' dir='ltr'><strong>ec</strong></span> <span class='ocrx_word' id='word_1_867' title='bbox 2071 5756 2149 5794; x_wconf 69' lang='lat' dir='ltr'><strong>ut.</strong></span> 
     </span>
    </p>
   </div>
   <div class='ocr_carea' id='block_1_112' title="bbox 1989 5747 2149 5794">
    <p class='ocr_par' dir='ltr' id='par_1_112' title="bbox 1989 5747 2149 5794">
     <span class='ocr_line' id='line_1_113' title="bbox 1989 5747 2149 5794; baseline 0.013 -2"><span class='ocrx_word' id='word_1_868' title='bbox 1989 5747 2149 5794; x_wconf 54' lang='grc' dir='ltr'><strong>ἔσται.</strong></span> 
     </span>
    </p>
   </div>
  </div>
