4078 6352
279 333 396 389 ιιιδ
1403 418 1412 421 Α
1671 347 1994 402 EPISTULA
2034 346 2097 402 Ix
3395 362 3510 421 186

1865 465 1915 522 Α
1941 469 2065 513 stra:
2086 459 2313 528 judicio,
2335 469 2390 517 et
2414 465 2612 533 proprii
2650 466 2908 521 sermonis
2947 467 3273 537 querimonia
3303 475 3507 533 excita-

1943 564 2140 614 remur,
2170 546 2229 603 ‘ut
2251 551 2332 605 vel
2376 567 2498 608 sero
2521 554 2599 624 (ά)
2629 571 2904 624 possemus
2935 558 3111 614 dicere
3136 577 3148 613 :
3182 559 3510 633 Nuneccpi-

1943 655 2074 701 mus,
2105 641 2214 693 Ιιιπ
2242 644 2456 697 mutatio
2485 643 2708 699 dextera
2749 645 2991 701 Excelsi"
3019 665 3035 702 :
3068 648 3172 702 Sed
3200 659 3395 705 ventres
3424 653 3505 720 pi—

1941 729 2020 797 gri
2056 727 2066 764 ‘
2117 744 2318 794 sumus,
2372 739 2427 784 et
2480 732 2682 788 idcirco
2732 736 2959 790 attineret
3003 739 3286 805 pavinwnto
3331 741 3507 794 anima

1940 830 2168 873 nostram
2197 824 2438 889 quamvis
2459 823 2771 891 jamdudum
2792 828 2838 880 ei
2869 827 3136 884 dixeritis:
3163 832 3233 900 (e)
3265 829 3420 901 Erige
3460 843 3506 886 te

1939 928 1972 963 α
2000 915 2229 976 mortuis,
2271 922 2327 966 ut
2366 916 2590 985 attingas
2623 915 2875 971 Christum
2900 928 2946 972 υ.
2975 919 3143 984 Quem
3167 922 3378 989 quidem
3404 924 3507 977 Do-

1939 1001 2142 1054 minum
2169 1003 2470 1056 interventu
2496 1003 2617 1058 lidei
2647 1014 2852 1071 vesti-a2,
2885 1022 2979 1076 per
2999 1010 3180 1075 gratia:
3201 1025 3505 1066 sacramen-

1943 1097 2051 1142 tnm
2082 1091 2405 1160 imposuistis
2444 1094 2498 1146 in
2529 1095 2822 1148 naviculam
2850 1097 3026 1152 cordis
3054 1101 3222 1154 nostri
3264 1101 3357 1167 (γ.
3389 1112 3501 1156 not.

1938 1176 2030 1244 26)
2057 1191 2101 1230 υ.
2131 1178 2236 1234 Sed
2262 1181 2385 1248 quia
2414 1197 2602 1236 somno
2640 1185 2842 1238 inertia:
2877 1195 3073 1241 nostra:
3098 1188 3418 1244 obdormivit
3453 1193 3504 1244 in

1938 1270 2094 1323 nobis
2124 1286 2259 1340 opus
2286 1281 2369 1327 est
2391 1283 2450 1328 ut
2477 1289 2598 1328 eum
2626 1277 2888 1342 excitetis,
2920 1287 2976 1332 ut
3011 1289 3251 1348 assurgat
3279 1281 3330 1334 in
3359 1284 3504 1338 exci-

1939 1361 2194 1415 tationem
2237 1366 2428 1418 anima:
2465 1375 2693 1432 nostne;
2738 1369 2964 1436 imperet
2989 1371 3255 1426 silentium
3284 1377 3504 1431 turbidis

1936 1449 2316 1517 cogitationum
2367 1455 2697 1508 terrestrium
2741 1455 2974 1522 ﬂatibus,
3007 1468 3059 1512 et
3105 1475 3355 1515 sensuum
3407 1480 3503 1521 no,-

1933 1549 2164 1593 strorum
2196 1540 2387 1596 ﬂuctus
2433 1545 2578 1598 verbi
2607 1548 2686 1600 sui
2717 1562 2850 1614 pace
2885 1559 3190 1617 componat,
3223 1561 3281 1604 ut
3320 1551 3408 1605 liat
3446 1553 3500 1608 in

1934 1635 2095 1688 corde
2125 1645 2307 1689 nostro
2347 1647 2494 1692 casta
2536 1641 2916 1707 tranquillitas;
2949 1651 3003 1696 et
3043 1643 3233 1710 spiritu
3262 1645 3502 1700 veritatis

1934 1727 2310 1794 gubernatore,
2333 1744 2395 1782 ac
2419 1729 2512 1783 Dci
2538 1730 2700 1784 verbo
2731 1732 2950 1799 remige,
2977 1731 3265 1800 dirigamur
3285 1733 3361 1787 ad
3378 1751 3500 1804 por-

805 453 1129 516 EPISTOLA
1168 464 1178 476 -
1223 453 1311 508 IX.
1399 418 1418 442 ⁹

411 583 694 659 Delphinus
723 586 785 659 al:
813 587 1046 659 Amantio
1083 589 1330 657 impulsus
1359 589 1527 659 fuerat
1553 598 1609 641 ut
1640 606 1671 642 a
1701 589 1841 641 Pau-

369 657 454 726 ino
475 657 672 726 aliquid
700 657 943 710 salutaris
965 659 1209 710 doctrinm
1229 657 1434 726 peteret.
1463 657 1538 710 Ea
1561 658 1623 711 de
1647 672 1702 711 re
1722 675 1842 726 que-

346 725 478 777 ritur
505 725 575 777 ad
597 726 883 778 Amandum
907 726 1129 780 scribens
1161 725 1429 787 Paulinus.
1457 743 1707 780 excusans
1736 725 1840 780 im-

346 794 584 850 peritiam
618 811 794 864 suam,
826 805 872 846 et
905 812 1048 862 opem
1076 798 1300 862 ipsorum
1329 796 1650 864 implorans:
1682 798 1838 849 multa

344 864 527 916 iterum
555 863 624 915 ad
643 865 843 916 pietatis
873 866 1236 916 institutionem
1257 867 1513 933 sapienter
1533 867 1798 937 inspergit.

340 995 543 1050 Sancto
587 1005 640 1050 et
684 1013 809 1050 vere
848 998 1114 1061 unanimo,
1160 1005 1214 1053 et
1263 999 1452 1054 merito
1489 999 1834 1054 dilectissimo

257 1065 494 1119 Anxxoo
521 1064 802 1120 PAL‘LINUS.

341 1197 393 1250 1.
435 1199 698 1264 Quantum
739 1198 1004 1265 intelligo,
1032 1197 1174 1266 quod
1203 1199 1297 1252 tibi
1327 1199 1379 1252 in
1419 1214 1600 1254 aurem
1626 1203 1835 1267 loquor,

252 1301 314 1340 ttl
351 1303 514 1358 supra
538 1295 734 1342 tectum
764 1288 1020 1356 praedicas
1051 1297 1074 1324 ⁸
1101 1307 1112 1340 :
1137 1289 1567 1358 quandoquidem
1595 1291 1720 1344 dum
1753 1307 1837 1346 me

253 1395 265 1426 ι
296 1377 489 1430 imium
519 1375 710 1444 diligis,
743 1384 797 1430 et
843 1376 1064 1430 nimium
1096 1377 1187 1430 tibi
1216 1376 1282 1431 de
1323 1377 1486 1434 fratre
1516 1380 1696 1448 inepto
1721 1381 1834 1448 pla-

247 1481 376 1531 cos,
408 1466 570 1518 etiam
598 1465 766 1519 sancti
806 1479 868 1518 ac
893 1465 1209 1518 venerabilis
1248 1466 1400 1520 nobis
1422 1467 1718 1522 communis
1743 1483 1836 1535 pa-

251 1557 359 1608 tris
381 1555 599 1609 auribus
623 1555 889 1609 insinuare
914 1570 1021 1607 non
1047 1554 1256 1609 dubitas
1281 1565 1336 1610 et
1361 1557 1677 1623 insipientia:
1704 1573 1834 1612 mete

249 1644 642 1709 temeritatem,
664 1659 766 1712 qua
793 1655 843 1697 te
865 1645 1066 1710 magnis
1091 1643 1260 1699 audeo
1280 1659 1437 1714 quam
1467 1646 1612 1699 illum
1643 1648 1694 1701 in
1718 1663 1834 1702 ver-

243 1732 340 1784 bis
371 1733 508 1786 meis
535 1742 894 1786 contemnere.
929 1732 1056 1786 Nam
1088 1733 1227 1786 unde
1255 1749 1341 1788 me
1386 1735 1632 1789 idoneum
1682 1745 1832 1807 puta-

244 1831 340 1874 ret
374 1821 480 1886 ille,
508 1837 537 1874 a
566 1837 671 1890 quo
699 1822 895 1889 aliquid
934 1823 1120 1890 spiritu
1163 1839 1262 1878 suo
1299 1824 1511 1892 dignum
1550 1826 1602 1880 in
1633 1827 1829 1882 litteris
1862 1818 1902 1875 Β
1933 1823 2042 1868 mm
2073 1816 2359 1870 νοιιιηῑθῑίε
2383 1827 2576 1872 ηοδιηῐῑ
2600 1831 2644 1873 P-

242 1912 610 1979 desidcraret,
653 1913 748 1966 nisi
790 1921 846 1966 tu
894 1914 965 1966 illi
1014 1916 1398 1982 persuasisses,
1430 1917 1620 1972 affectu
1663 1920 1828 1985 magis

243 2017 422 2070 quam
465 2000 664 2069 judicio
695 2002 764 2054 ita
793 2003 1046 2067 sentiens,
1089 2019 1262 2056 meum
1291 2020 1502 2074 quoque
1549 2022 1611 2060 os
1647 2022 1676 2060 a
1719 2007 1824 2062 Do-

243 2091 408 2144 mino
437 2091 575 2144 inter
601 2106 693 2144 ora
725 2099 989 2144 nmtorum
1027 2101 1082 2145 et
1126 2091 1403 2146 infantium
1437 2093 1483 2157 δ,
1526 2095 1592 2148 de
1635 2096 1826 2163 quibus

239 2180 468 2234 laudem
512 2196 658 2233 suam
717 2181 924 2249 perlicit
965 2180 1349 2251 Omnipotens,
1405 2185 1564 2240 fuisse
1617 2202 1823 2242 resera-

239 2273 414 2324 tum?
459 2269 614 2324 Jubet
653 2286 782 2338 ergo
826 2286 917 2345 me
950 2273 1051 2325 sibi
1096 2287 1394 2327 sermonem
1431 2276 1690 2343 spiritali,
1721 2276 1823 2332 hoc

237 2369 368 2427 est,
411 2376 510 2415 suo
549 2361 657 2414 sale
699 2361 969 2415 conditum
1015 2375 1259 2429 promere
1293 2373 1313 2400 ο
1352 2381 1363 2412 :
1409 2365 1644 2418 meminit
1679 2368 1820 2419 cnim

236 2449 399 2518 quod
438 2464 521 2504 me
559 2451 704 2504 verbi
743 2450 823 2503 sui
854 2449 963 2503 sale
991 2451 1295 2518 asperserit.
1329 2451 1511 2519 Neque
1557 2463 1729 2506 cessat
1771 2456 1820 2507 id

235 2536 432 2593 facere
463 2557 476 2590 :
507 2552 629 2594 nam
652 2553 840 2591 omnes
869 2537 995 2590 mihi
1022 2537 1210 2592 littera:
1239 2538 1376 2591 illius
1398 2539 1652 2606 spiritalia
1688 2557 1820 2594 con-

205 2631 490 2706 ~dimenta
531 2641 673 2686 sunt.
703 2630 794 2684 Est
823 2632 962 2684 enim
992 2639 1045 2685 et
1074 2631 1186 2700 ipse
1213 2631 1292 2684 sat
1335 2639 1484 2683 terra:
1507 2630 1553 2697 ἀ,
1590 2632 1821 2685 vividum

231 2722 490 2778 referens
523 2728 535 2754 '
568 2722 876 2792 apostolica:
905 2721 1160 2775 doctrina:
1186 2736 1466 2790 saporem;
1512 2723 1606 2774 sed
1635 2737 1823 2775 vereor

229 2827 313 2865 ne
357 2813 524 2864 salem
562 2811 676 2879 ejus
715 2813 914 2866 insulso
959 2810 1120 2864 corde
1156 2825 1261 2862 non
1301 2808 1574 2872 duxerim;
1608 2823 1706 2862 nec
1745 2811 1821 2878 (a)

225 2901 450 2954 seruiat
485 2900 538 2952 in
566 2914 672 2968 quo
699 2900 978 2954 condiatur
1007 2909 1050 2961 ε,
1075 2907 1129 2951 ιιι
1161 2898 1369 2952 Domini
1391 2899 1704 2954 suavitatem
1733 2917 1821 2955 sa-

227 2988 388 3056 piat,
408 3001 597 3041 sensus
623 3002 793 3052 meus,
807 2989 852 3042 si
875 2988 927 3041 in
953 3004 1017 3041 eo
1043 2987 1460 3056 Delphinisapor
1480 3003 1818 3056 evanescere,

225 3085 294 3130 et
329 3076 485 3143 vigor
511 3078 683 3145 potuit
712 3078 953 3132 hebetari
988 3079 1081 3148 (ὁ).

1998 1907 2049 1960 3.
2093 1907 2222 1963 Nam
2251 1925 2363 1979 qua
2387 1920 2461 1963 est
2487 1914 2800 1979 exspectatio
2828 1923 3028 1979 nostra,
3057 1915 3156 1967 nisi
3195 1913 3445 1969 Denunus
3470 1927 3497 1966 «ι

1926 1995 2098 2061 Jesus,
2140 1999 2223 2067 qui
2253 2008 2430 2066 potens
2477 2009 2553 2052 est
2596 2001 2762 2055 salvos
2801 2004 2972 2072 facere
3018 2018 3117 2056 nos
3153 2004 3221 2072 (Ι)
3251 2021 3282 2055 a
3310 2006 3496 2074 pusillo

1925 2088 2099 2141 animo
2128 2097 2177 2140 et
2207 2097 2497 2158 tempestate
2524 2092 2582 2143 εἰ)
2616 2100 2671 2145 et
2711 2106 2945 2145 annuere
2974 2095 2992 2122 ¹
3022 2094 3355 2149 orationibus
3396 2111 3492 2150 ve—

1923 2178 2066 2244 stris,
2089 2194 2153 2230 ne
2179 2179 2274 2247 ﬁat
2303 2181 2424 2249 fuga
2448 2190 2627 2232 nostra
2655 2181 2815 2235 hieme
2841 2192 2928 2234 aut
2958 2182 3168 2236 sabbato
3186 2193 3229 2246 ',
3262 2185 3364 2239 hoc
3390 2193 3490 2250 est;

1925 2266 1977 2319 in
2007 2267 2118 2320 otio
2148 2267 2462 2336 spiritalium
2491 2269 2825 2336 negotiorum
2845 2271 2879 2338 ,'
2900 2279 2954 2324 et
2981 2271 3241 2326 honorum
3271 2273 3492 2342 operum

1922 2355 2222 2410 sterilitate.
2241 2354 2527 2410 Sabhatum
2550 2358 2690 2411 enim
2712 2358 2940 2412 otiosum
2963 2368 3136 2425 esl,et
3155 2361 3324 2416 hietns
3353 2363 3491 2422 nuda

1923 2446 2275 2499 nascentium.
2317 2445 2500 2514 Itaque
2541 2449 2583 2500 si
2618 2463 2723 2501 non
2766 2450 2964 2503 carnali
3013 2451 3369 2515 observantia,
3400 2452 3492 2507 sed

1922 2535 2165 2602 spiritali,
2195 2536 2564 2589 abstinentes'
2612 2552 2710 2589 nos
2757 2538 2824 2590 ab
2874 2554 3020 2590 0mm
3075 2554 3238 2606 opere
3289 2540 3492 2606 servili,

1922 2623 2066 2690 quod
2096 2632 2179 2676 est
2208 2623 2315 2676 vita
2346 2623 2362 2650 ⁵
2393 2627 2614 2691 peccati;
2644 2625 2730 2676 cui
2773 2625 2982 2678 deditus
3029 2641 3152 2679 vere
3195 2644 3370 2679 servus
3397 2637 3491 2692 est,

1922 2726 1970 2768 et
1999 2717 2051 2768 in
2083 2723 2233 2768 domo
2262 2731 2360 2768 non
2401 2724 2570 2768 manet
2598 2717 2638 2779 ι,
2669 2728 2872 2782 agimus
2903 2716 3180 2770 sabbatum
3209 2727 3258 2783 υ,
3291 2734 3397 2772 ιιοη
3427 2720 3492 2778 il-_

1923 2805 2014 2858 lud
2040 2804 2184 2872 quod
2215 2821 2321 2857 non
2364 2804 2592 2859 sustinet
2637 2805 2811 2858 anima
2860 2804 3090 2871 Domini,
3124 2808 3215 2861 sed
3259 2808 3404 2872 illud,
3438 2811 3490 2864 in

1922 2908 2029 2962 quo
2060 2894 2153 2948 Dei
2194 2895 2405 2962 requies
2451 2903 2570 2960 est;
2600 2895 2690 2965 qui
2720 2896 2772 2949 in
2803 2897 2987 2951 humili
3032 2900 3371 2953 trementium
3407 2901 3488 2954 fa-

1922 2985 2185 3038 mulorum
2214 2986 2374 3040 corde
2404 2987 2688 3054 requiescit
2717 2998 2763 3054 ',
2795 3003 2893 3042 nec
2932 2989 3152 3044 hiberna
3202 3000 3489 3060 tempestas

1920 3073 2094 3140 fugam
2119 3083 2352 3128 nostram
2383 3076 2648 3144 opprim‘et
2671 3093 2685 3142 ;
2711 3085 2764 3130 et
2791 3079 2941 3146 quasi
2973 3078 3166 3146 frigore
3195 3081 3376 3149 pigros
3395 3097 3488 3151 pe-

308 3164 368 3218 2.
410 3164 540 3230 Quis
586 3181 672 3220 me
715 3166 980 3220 dicentem
1021 3168 1303 3232 excitavit,
1336 3167 1437 3221 Leo
1476 3178 1552 3222 est
1595 3171 1646 3223 in
1685 3171 1776 3223 riis
1799 3212 1813 3237 ,
1843 3164 1888 3225 C
1919 3165 2012 3220 des
2031 3166 2098 3219 ab
2126 3166 2382 3220 evadendi
2413 3166 2656 3222 libertate
2681 3170 2948 3233 retinebit,
2979 3170 3022 3224 si
3061 3187 3151 3241 spe
3187 3173 3486 3242 gaudentes,

229 3257 289 3308 in
329 3255 519 3324 plateis
558 3263 727 3308 autem
773 3255 1041 3310 Itomicidte
1076 3257 1091 3292 ί
1109 3259 1129 3309 ?
1157 3256 1270 3310 Non
1299 3257 1414 3327 apis
1440 3259 1674 3327 mysticzn
1703 3268 1814 3314 stu-

230 3346 349 3412 dio,
383 3361 490 3399 non
518 3345 750 3398 formica:
775 3355 798 3391 ε
825 3345 1036 3399 solertis
1062 3347 1306 3416 exemplo
1337 3347 1400 3400 ad
1428 3349 1810 3416 providentiam

235 3435 362 3500 vita:
391 3441 447 3488 et
485 3434 725 3488 utilitatis
753 3450 970 3502 operam
1018 3438 1369 3501 suscitamur;
1401 3437 1493 3492 sed
1540 3438 1807 3492 modicum

235 3523 552 3586 dormimus,
584 3524 850 3578 modicum
873 3539 999 3580 vero
1023 3525 1392 3593 dormitamus,
1423 3529 1690 3583 modicmn
1712 3547 1798 3583 au-

237 3621 344 3667 tem
371 3614 611 3667 manibus
638 3614 1042 3682 complectimur
1061 3625 1246 3684 pectus
1268 3615 1322 3680 h;
1353 3625 1407 3671 et
1439 3618 1634 3672 interea
1658 3620 1812 3676 nobis

237 3704 419 3773 inopia
475 3713 741 3772 tamquam
793 3704 964 3758 bonus
1003 3721 1188 3760 cursor
1241 3709 1502 3774 occurrit;
1535 3718 1589 3762 et
1617 3711 1703 3762 ille
1729 3711 1809 3763 di-

239 3811 320 3849 ues
354 3796 441 3866 qui
459 3812 653 3866 pauper
682 3797 845 3866 {actus
875 3807 970 3859 est,
1012 3807 1066 3849 ut
1095 3815 1187 3851 nos
1215 3816 1327 3852 vrre
1353 3817 1537 3870 egenos
1565 3819 1657 3854 sua
1679 3820 1807 3872 pau-

241 3893 438 3954 pertate
474 3886 658 3939 ditaret
694 3885 732 3951 ί,
763 3886 945 3941 videns
993 3903 1088 3942 nos
1126 3889 1178 3941 in
1213 3898 1390 3942 nostra
1431 3901 1667 3958 egestate
1710 3893 1796 3946 du-

245 3984 441 4041 rantes,
471 3978 661 4032 merito
692 3978 762 4048 (ε)
806 3978 1186 4046 proclamavit:
1223 3979 1348 4043 Qua:
1377 3984 1572 4034 utilitas
1601 3984 1651 4034 in
1693 4000 1810 4035 san-

241 4066 395 4132 guine
420 4083 549 4134 meo,
570 4067 690 4120 dum
718 4065 825 4137 Μ
851 4067 1099 4120 descendo
1136 4070 1188 4120 in
1216 4085 1399 4137 corrup
1423 4069 1588 4129 ionem
1613 4071 1626 4119 i
1659 4074 1680 4122 ?
1703 4072 1807 4124 Sed

242 4155 441 4208 utinam
469 4155 552 4210 vel
579 4155 703 4210 dum
731 4156 845 4210 lucc
879 4155 1160 4226 loquimur,
1194 4157 1309 4225 ipso
1347 4159 1684 4212 conscientia:
1711 4173 1801 4212 no-

1919 3265 1972 3309 et
2011 3257 2192 3324 spiritu
2228 3258 2478 3325 ferventes
2504 3265 2547 3320 ι,
2601 3273 2704 3310 non
2754 3261 3042 3315 contractis
3089 3261 3323 3314 avaritia:
3366 3263 3487 3328 gelu

1917 3345 2179 3412 manibus,
2212 3339 2306 3400 scil
2325 3347 2523 3417 apertis
2544 3348 2818 3415 refrigerio
2840 3350 3236 3424 inisericordite,
3262 3351 3486 3407 furtivus

1916 3437 2004 3492 ille
2032 3453 2128 3492 nos
2157 3439 2302 3492 hora:
2329 3439 2626 3492 novissima:
2654 3450 3007 3508 superventus
3025 3451 3054 3490 γ
3076 3443 3310 3496 inveniat
3329 3459 3486 3512 oper-

1917 3535 2002 3580 tos
2029 3535 2191 3596 atque
2220 3528 2438 3582 vestitos
2464 3527 2784 3582 salutaribus
2807 3544 3028 3598 operum
3057 3529 3287 3584 fidelium
3332 3540 3483 3600 tegu-

1915 3620 2108 3673 mentis
2140 3629 2182 3682 ι,
2215 3627 2274 3672 ιιι
2297 3619 2559 3688 possimus
2589 3620 2665 3690 (g)
2694 3621 2945 3674 sustinere
2971 3630 3091 3674 ante
3111 3623 3296 3691 facient
3325 3624 3485 3694 frigo-

1910 3711 1983 3764 ris
2010 3711 2200 3780 ejus,“
2227 3728 2244 3775 ;
2275 3711 2364 3778 qui
2389 3726 2484 3764 nos
2514 3710 2634 3764 ideo
2663 3726 2803 3765 nunc
2831 3711 2883 3764 in
2916 3711 3104 3766 timore
3131 3713 3382 3780 ιιι-ωειδνῑί
3402 3713 3483 3767 sui

1913 3801 2024 3853 vult
2063 3799 2198 3854 effici
2227 3811 2574 3870 purparatos,
2608 3809 2662 3854 nt
2708 3801 2760 3854 in
2789 3800 2876 3857 die
2915 3801 3005 3856 ira:
3044 3802 3278 3856 inveniat
3306 3802 3483 3858 absol-

1914 3889 2130 3944 vendos.

1983 3978 2035 4034 4.
2076 3979 2273 4034 Favete
2300 3997 2440 4036 nunc
2470 3982 2627 4047 igitur
2650 4023 2664 4046 ,
2693 3989 2748 4035 et
2787 3989 2939 4036 orate
2961 4021 2976 4046 ,
3010 3989 3067 4035 ut
3108 3979 3480 4048 appreliendth

1913 4085 2048 4132 mus,
2069 4070 2241 4137 inquo
2270 4071 2585 4137 apprehensi
2614 4085 2796 4122 sunms
2819 4068 2896 4128 δδ.
2927 4077 2979 4121 et
3009 4068 3356 4122 extendentes
3384 4081 3481 4118 nos

1914 4158 1978 4210 ad
2027 4157 2268 4209 bravium
2317 4165 2560 4224 superna:
2599 4156 2912 4220 vocationis,
2943 4155 3318 4209 obliviScamur
3363 4168 3481 4219 qua:

312 4344 336 4370 ι
360 4332 546 4388 Matth.
577 4349 631 4396 ι,
657 4333 723 4388 27
750 4351 764 4399 ;
795 4332 922 4389 Luc.
958 4349 1055 4394 xu,
1085 4332 1137 4387 3.
1214 4332 1241 4372 δ
1268 4333 1394 4402 Sap.
1430 4349 1482 4398 ι,
1508 4332 1569 4386 21
1590 4349 1611 4402 ;ν
1639 4332 1776 4386 Psal.
1807 4348 1918 4393 vui,
1958 4331 2009 4385 3.
2079 4343 2104 4402 ε
2133 4330 2248 4386 Col.
2307 4347 2378 4396 Iv,
2420 4330 2477 4402 β.
2553 4327 2576 4366 δ
2601 4329 2871 4402 Matlh.__v,
2914 4329 3020 4402 ⁸1ῥς
3070 4326 3229 4382 Marc.
3277 4344 3357 4402 Ix,
3393 4328 3479 4402 t9.

244 4414 264 4442 θ
295 4403 424 4457 Luc.
457 4419 560 4462 xlv.
590 4402 678 4456 3i.
753 4397 773 4441 ’ί
801 4403 956 4456 Prov.
1000 4419 1128 4467 χχιι,
1161 4402 1247 4468 l3,
1293 4397 1356 4458 et'
1395 4397 1536 4467 xxvi,
1570 4401 1655 4463 l3,
1687 4417 1796 4456 sec.
1830 4418 1952 4456 1.xx.
2029 4411 2053 4445 κ
2077 4400 2233 4454 Prov.
2288 4417 2362 4466 vi,
2408 4401 2460 4464 6,
2505 4409 2558 4453 et
2590 4416 2713 4455 xxx.
2743 4397 2833 4451 25.
2913 4397 2935 4436 ιι
2969 4397 3124 4452 Prov.
3152 4413 3232 4461 vi,
3277 4397 3358 4468 ll),
3393 4398 3477 4452 11.

241 4482 292 4527 et
331 4489 476 4535 xxiv,
508 4471 595 4535 33,
619 4472 770 4540 juxta
800 4471 954 4524 LXX.
982 4527 990 4534 ,
1027 4473 1040 4508 't
1068 4473 1108 4526 ll
1138 4473 1263 4526 Cor.
1322 4488 1432 4538 vm,
1491 4472 1543 4525 9.

240 4559 416 4606 cxvtu,
448 4541 566 4611 25.7
612 4553 636 4576 ιι
667 4541 800 4611 Eph.
834 4559 885 4606 v,
919 4540 1004 4594 M.

242 4629 380 4674 xxiv,
404 4611 494 4674 20;
522 4609 681 4665 Marc.
712 4609 821 4670 xm,
856 4613 937 4664 l8.

244 4692 261 4717 ι
293 4681 334 4734 ll
357 4681 482 4737 Cor.
509 4697 560 4743 v,
583 4679 636 4734 5.
689 4691 744 4716 αι’·
767 4680 905 4735 Psal.
935 4697 1130 4747 cxnvu,
1165 4680 1246 4744 l7,
1270 4695 1379 4736 sec.
1408 4679 1568 4736 LXX.

1623 4474 1636 4522 l
1677 4470 1815 4525 Psal.
1870 4488 2026 4534 XXIX,
2076 4471 2162 4526 10.
2229 4470 2252 4508 ιι
2285 4471 2420 4524 Psal.
2452 4485 2641 4535 LXXVI,
2671 4469 2754 4524 11.

1083 4553 1107 4577 υ
1135 4541 1321 4595 Matth.
1353 4537 1472 4606 vm,
1502 4539 1592 4594 ‘23.
1667 4552 1694 4590 P
1724 4539 1860 4595 Psal.
1899 4557 2007 4605 (ιι-ι,
2036 4541 2122 4595 30.
2200 4551 2225 4589 ει
2251 4539 2390 4594 Psal.
2430 4553 2645 4603 xxxvm,
2678 4537 2730 4591 8.

1025 4612 1042 4647 ι
1068 4608 1221 4665 Joan.
1248 4627 1356 4676 vm,
1380 4611 1469 4664 35.
1548 4620 1571 4647 ιι
1597 4607 1720 4666 lsai.
1755 4628 1791 4674 ι,
1826 4611 1909 4664 l3.
1985 4620 2002 4646 κ
2032 4611 2152 4664 lsai.
2186 4627 2326 4676 val,
2357 4608 2409 4663 2.

1025 4697 1130 4747 .vu,
1165 4680 1246 4744 l7,
1270 4695 1379 4736 sec.
1408 4679 1568 4736 LXX.
1645 4680 1701 4719 δι’
1724 4679 1914 4750 Philip.
1951 4697 2022 4746 ιιι,
2049 4679 2133 4733 12.

2842 4467 2986 4522 lTit.
3023 4485 3055 4532 ι,
3091 4467 3173 4520 12.
3246 4478 3282 4503 ιιι
3306 4466 3478 4533 Psal.,

2817 4549 2838 4576 τ
2864 4536 2951 4591 Ps.
2977 4555 3078 4600 Liv,
3111 4537 3163 4589 9.
3246 4545 3267 4572 ³
3293 4536 3478 4592 Matth.

2496 4619 2517 4644 ι
2545 4607 2701 4664 Rom.
2733 4613 2825 4676 xit,
2868 4607 2952 4662 11.
3028 4618 3055 4656 )’
3080 4606 3208 4660 Luc.
3235 4623 3342 4672 xxi,
3393 4607 3478 4662 51.

307 4845 321 4860 ⁶
353 4834 500 4890 Alias
527 4833 628 4900 2'2;
665 4847 782 4904 qua:
811 4841 989 4888 autem
1019 4840 1134 4888 erat
1173 4834 1228 4901 9,
1278 4849 1416 4888 nunc
1465 4831 1552 4886 28.
1601 4833 1808 4903 Scripta
1836 4849 1976 4888 anno
2005 4831 2129 4888 396.

309 5017 387 5092 (a)
415 5015 722 5092 Legendum
754 5015 909 5092 forte,
940 5015 1005 5068 sit
1018 5011 1429 5092 jam..Sacchin.
1648 5078 1709 5092 ν.

309 5079 383 5157 (ti)
415 5079 789 5157 Post/rebaturi
817 5086 882 5138 ad
897 5079 1132 5157 ignotam“
1163 5083 1214 5135 in
1242 5080 1479 5157 margine
1518 5095 1617 5157 ms.
1648 5079 1804 5157 \‘ien.

239 5150 429 5223 legitur
463 5172 475 5206 :
509 5155 609 5208 Hie
653 5155 847 5208 videtur
874 5154 1049 5207 deesse
1069 5152 1142 5223 tte
1174 5151 1393 5223 epistola
1430 5150 1665 5223 multum,
1691 5152 1811 5223 quia

238 5218 576 5297 continuatio
591 5241 720 5293 pene
757 5224 900 5297 nulla
939 5231 1033 5277 est.
1064 5221 1204 5297 lfiihil
1237 5228 1415 5297 tamen
1455 5218 1678 5297 amplius
1717 5219 1813 5270 ba-

237 5295 362 5350 bent
382 5309 510 5347 mss.
542 5289 674 5362 Reg.
705 5301 759 5346 et
787 5293 903 5346 Vat.
935 5301 990 5346 ct
1016 5290 1143 5345 editi
1173 5289 1382 5362 codices
1411 5289 1665 5362 quinque.

306 5365 376 5436 (ε)
409 5363 505 5436 με.
538 5358 757 5436 Βρίξίῃει
784 5362 910 5436 editi
938 5369 1063 5436 tres,
1096 5358 1464 5436 prwclamavit.

306 5427 385 5506 (ά)
412 5433 487 5506 ita
512 5427 796 5485 msCVien.
827 5429 1007 5506 Ceteri
1031 5427 1260 5506 codices,
1280 5427 1563 5506 po_ssin_tus._
1739 5494 1774 5506 η

305 5494 496 5573 (ejMSic
518 5517 644 5554 mss.
667 5509 804 5573 _t_res,
829 5509 884 5554 et
913 5499 1134 5573 totidem
1156 5494 1313 5573 editi.
1340 5495 1401 5573 in
1425 5495 1649 5573 duobus
1692 5494 1807 5573 edi-

240 5563 322 5635 tis,
361 5563 607 5640 Erigere.
667 5563 905 5640 Utraque
952 5568 1109 5623 lectio
1156 5567 1314 5620 bona.
1340 5565 1472 5620 Vide
1523 5566 1678 5634 epist.
1719 5563 1788 5618 ’52

239 5649 348 5698 not.
372 5641 464 5696 2ο.

1836 5013 1887 5072 1)
1983 5009 2053 5088 (ί
2085 5007 2160 5061 Ita
2183 5009 2234 5088 in
2264 5003 2543 5088 Psalteriis
2564 5001 2733 5088 veteri
2764 5009 2818 5088 et
2846 5000 3002 5088 Rom.
3033 5011 3089 5056 et
3125 5001 3264 5088 apud
3370 5001 3476 5088 ριξ-

1913 5069 2180 5143 ειιὲίἰιιιιιιι
2204 5077 2254 5129 in
2282 5073 2668 5143 commentario
2689 5087 2852 5143 super
2870 5072 3124 5143 psalmos.
3146 5069 3302 5143 Apud
3327 5069 3477 5134 LXX,

1913 5139 2083 5218 eth.
2123 5146 2463 5218 Hilarium,_a
2490 5139 2932 5218 pusillanirnitate.
2951 5139 3019 5218 in
3065 5139 3283 5209 Vulgata
3313 5156 3355 5218 ,α
3383 5156 3476 5218 pa:

1912 5216 2262 5269 sillanimitate
2291 5208 2502 5283 spiritus
2524 5228 2558 5283 ί
2571 5209 2711 5283 quod
2742 5210 2863 5264 inde
2901 5209 3134 5283 additum
3161 5208 3278 5283 esse
3301 5208 3476 5283 innuit

1913 5284 1968 5355 S.
2021 5277 2372 5355 Hieronymus
2415 5282 2483 5355 ad
2527 5277 2766 5355 Simiam,
2812 5278 2956 5355 quod
2987 5283 3101 5355 _pr‘o
3151 5277 3478 5355 ulnaiuzta.

1915 5354 2135 5422 Aquila,
2163 5348 2515 5424 Simmacbus
2548 5358 2608 5424 et
2647 5348 2944 5403 Theodotio
2984 5348 3313 5417 interpretati
3359 5351 3478 5400 sunt

1914 5426 2016 5496 ἀπὸ
2040 5422 2405 5496 inrupturos?
2432 5422 2636 5496 κρίνειαε
2699 5488 2710 5496 ,
2745 5495 2749 5496 ν
2842 5494 2848 5496 Α
2886 5484 2924 5496 .,
2987 5485 3021 5496 ,Α
3092 5484 3104 5496 .

1984 5494 2060 5564 (g)
2090 5484 2237 5564 Hanc
2260 5484 2543 5564 lectionem
2573 5488 2857 5564 admittunt
2886 5484 3399 5564 Psalteriumvetns,
3429 5491 3477 5564 et

1911 5562 1964 5615 S.
1989 5551 2345 5631 wA'ugustinus
2386 5562 2436 5614 in
2483 5556 2866 5613 commentario
2906 5569 3066 5621 super
3095 5551 3357 5621 psalmos,
3391 5552 3480 5606 ubi

1912 5633 2122 5701 legitur,
2152 5634 2262 5702 quis
2291 5631 2551 5685 subsistet.
