4078 6352
561 316 659 372 187

1655 307 1709 361 s.
1755 304 2019 361 parum
2061 299 2305 356 suum
2345 281 2652 386 priscae;

3704 304 3793 360 llis

549 441 708 486 retro
733 435 859 485 sunt
883 447 894 480 :
921 428 1198 498 positaque
1223 425 1276 478 in
1298 430 1476 476 aratro
1495 423 1668 477 crucis
1692 437 1852 476 manu
1879 421 2124 484 mentis',
2156 422 2202 477 Α
2230 416 2409 471 lirmos
2431 418 2496 472 ad
2515 421 2910 474 consistendum
2932 436 2983 473 ιιι
2999 437 3082 474 via
3105 423 3313 475 Domini
3335 421 3395 488 ις
3428 436 3527 476 nec
3548 438 3795 477 movean-

563 519 668 592 ‘5
701 535 810 576 non
839 518 1037 573 sulcata
1067 516 1146 584 (ιι)
1187 514 1492 584 respiciam,
1521 512 1615 568 sed
1657 511 1908 567 sulcanda
1947 509 2128 580 provi-

552 615 716 670 deam
746 631 760 678 ;
791 613 961 666 donec
985 610 1356 679 perveniamus
1383 607 1451 660 ad
1471 615 1683 672 montes,
1712 607 1764 660 in
1785 621 1918 674 quos
1945 605 2130 658 levavi-

551 720 677 758 -mus
717 703 888 756 oculos
924 706 1148 765 nostros,
1174 706 1231 752 ut
1273 698 1395 752 inde
1440 698 1584 751 nobis
1631 714 1664 750 a
1705 697 1922 750 Domino
1968 695 2132 748 veniat

565 793 813 847 auxilium
838 790 885 855 δ,
909 791 1000 860 qui
1021 798 1104 845 est
1128 789 1381 844 mirabilis
1400 791 1453 843 in
1483 789 1674 843 sanctis
1694 788 1796 841 suis
1821 798 1878 853 c;
1902 787 1991 856 qui
2012 793 2135 841 sunt

562 891 775 938 montes
807 882 931 945 Dei,
962 882 1022 960 in
1055 895 1190 949 quos
1217 881 1360 934 bona
1390 879 1559 934 ﬁdelis
1599 879 1787 932 anima:
1827 877 2156 947 operatione

563 975 939 1046 provehemur.
970 973 1028 1028 Si
1057 974 1197 1027 enim
1221 974 1273 1027 in
1301 973 1384 1027 via
1412 973 1671 1037 veritatis,
1695 987 1812 1039 qua:
1839 980 1919 1025 est
1948 969 2132 1040 impol-

517 1065 523 1075 '
551 1065 674 1118 ~luta
702 1063 752 1131 τι,
783 1063 942 1132 digne
970 1063 1321 1128 ambulemus,
1352 1071 1478 1116 tunc
1506 1061 1617 1129 ipse
1641 1059 1912 1123 Dominus,
1944 1059 2034 1128 qui
2058 1066 2139 1113 est

565 1154 648 1207 ria
677 1162 725 1205 et
753 1154 956 1218 veritas,
987 1162 1010 1190 ε
1039 1153 1268 1222 perﬁciet
1294 1152 1443 1220 pedes
1473 1159 1677 1205 nostros
1716 1151 1844 1203 sicut
1873 1148 2102 1219 (ὑμενυὶ
2118 1167 2137 1214 ;

567 1255 618 1298 et
663 1261 815 1314 super
857 1245 1061 1297 excelsa
1093 1244 1162 1314 (ε)
1194 1252 1378 1296 statuet
1423 1259 1512 1297 nos
1543 1241 1584 1296 τ.
1616 1240 1817 1296 Montes
1846 1241 2006 1305 enim,
2053 1241 2136 1294 in-

567 1332 704 1404 quit,
733 1335 920 1387 excelsi
961 1334 1139 1398 cerris,
1169 1341 1218 1385 et
1256 1341 1402 1402 petra
1447 1333 1698 1403 refugium
1741 1332 2022 1385 herinaceis
2054 1341 2078 1379 ες
2122 1350 2133 1383 :

567 1425 689 1493 quia
727 1424 769 1478 si
797 1440 956 1492 super
979 1425 1311 1494 iniquitatem
1351 1424 1629 1478 alacritate
1662 1438 1940 1478 cervorum
1967 1423 2137 1492 fugia-

565 1528 686 1567 mus
709 1513 786 1582 (ἀ)
817 1512 1054 1566 Nebroth
1081 1521 1422 1579 venatorem,
1453 1514 1564 1582 qui,
1599 1523 1656 1565 ut
1693 1511 1965 1581 Scriptura
1993 1511 2138 1567 desi-

566 1610 713 1669 gnat,
748 1603 818 1670 (e)
846 1610 1026 1655 contra
1056 1601 1332 1655 Dominum
1361 1611 1573 1656 venator
1602 1603 1700 1672 fuit
1730 1600 1753 1637 δ
1779 1620 1798 1667 ;
1842 1610 1896 1655 et
1939 1618 2138 1672 coope-

567 1699 721 1744 rante
740 1689 955 1744 Christo
980 1690 1080 1759 piis
1118 1691 1322 1745 actibus
1350 1691 1700 1745 ascendamus
1729 1692 1936 1747 excelsa
1969 1693 2136 1746 virtu-

570 1787 680 1832 tum
713 1794 809 1848 per
830 1777 1100 1833 doctrinas
1125 1781 1506 1848 prophetarum
1535 1783 2017 1850 et‘apostolorum,
2049 1784 2138 1852 qui

563 1878 694 1923 sunt
734 1878 942 1924 montes
987 1871 1098 1933 Dei,
1144 1880 1351 1925 montes
1390 1872 1464 1926 illi
1494 1872 1718 1938 uberes;
1751 1881 1875 1928 tunc
1903 1874 2046 1928 velut
2073 1875 2138 1929 de

569 1975 702 2029 rupe
729 1962 980 2030 praecelsa
1007 1962 1361 2031 despicientes
1381 1980 1544 2019 vanas
1566 1968 1930 2034 praetereuntis
1959 1969 2136 2022 mundi

567 2051 784 2121 ﬁguras,
816 2054 868 2107 in
912 2055 1282 2109 exsultationis
1311 2071 1442 2111 voce
1476 2058 1806 2114 cantabimus
1838 2077 1848 2111 :
1879 2039 2138 2115 Exultabo

569 2155 639 2210 te,
673 2143 906 2208 Domine,
944 2146 1183 2214 quoniam
1213 2145 1274 2197 ab
1301 2145 1674 2217 insurgentibus
1697 2150 1750 2201 in
1789 2166 1870 2202 me
1897 2150 2140 2203 exaltasti

482 2233 490 2242 ’
567 2249 668 2296 me,
698 2243 748 2286 et
773 2250 925 2302 super
948 2236 1182 2288 inimicos
1211 2252 1346 2289 meos
1370 2235 1598 2305 despexit
1627 2237 1802 2291 oculus
1823 2255 1960 2292 meus
1990 2238 2028 2292 ί.
2060 2239 2136 2294 Ex

570 2321 670 2377 bac
695 2331 872 2377 autem
901 2322 1212 2379 celsitudine
1242 2326 1499 2378 montium
1526 2324 1796 2380 informati
1823 2327 1889 2380 ad
1925 2328 2138 2382 humili—

569 2419 736 2465 tatem
777 2412 974 2478 cordis,
1010 2421 1063 2466 et
1108 2413 1405 2467 salubribus
1453 2414 1747 2484 disciplinis
1782 2416 1927 2470 velut
1975 2419 2139 2486 spinis

569 2511 752 2556 nostra
797 2503 1030 2570 undique
1071 2504 1306 2558 membra
1347 2504 1565 2572 muniti,
1597 2504 1888 2561 eﬂiciemur
1911 2515 1970 2561 ut
1997 2508 2140 2563 heri-

569 2591 743 2656 naeei,
772 2593 863 2660 qui
897 2607 1057 2661 parva
1096 2593 1410 2662 corpuscula
1439 2608 1630 2663 aspero
1660 2596 1893 2664 tegmine
1925 2598 2136 2665 armati,

569 2683 900 2738 naturalibus
949 2683 1142 2752 jaculis
1205 2685 1486 2739 adversum
1538 2685 1760 2741 hostiles
1801 2695 1893 2741 aut
1947 2703 2138 2743 canum

569 2786 797 2838 morsus,
820 2782 911 2828 aut
940 2790 1128 2830 manus
1147 2775 1442 2841 hominum,
1467 2777 1791 2832 muniuntur.
1816 2778 2140 2834 Humilitatis

571 2870 750 2917 autem
777 2862 967 2918 timore
994 2862 1192 2926 divino,
1226 2871 1280 2918 et
1301 2864 1468 2931 gratia
1493 2864 1656 2934 ipsius
1695 2865 2023 2922 humilitates
2053 2883 2142 2922 ar-

571 2952 747 3014 matis,
791 2961 936 3021 petra
985 2955 1234 3023 refugium
1276 2961 1376 3020 est,
1424 2953 1475 3007 id
1521 2962 1641 3019 est,
1689 2955 1951 3022 Christus,
1994 2956 2143 3026 cujus

571 3043 732 3096 verba
745 3042 897 3096 nobis
912 3050 1100 3096 contra
1117 3043 1386 3097 diabolum
1403 3038 1486 3098 vel
1503 3045 1822 3114 septimenta
1843 3047 1924 3101 vel
1941 3049 2140 3117 spicula

2233 519 2320 564 tur
2347 511 2412 564 ab
2451 511 2566 580 ejus
2596 512 2784 566 itinere
2815 512 2923 582 46
2944 513 3165 580 vestigia
3204 522 3387 568 nostra
3422 511 3435 550 ¹
3461 531 3477 580 ;
3509 513 3794 583 iisdemque

2232 602 2453 671 pedibus
2482 610 2695 656 utamur
2714 603 2780 657 ad
2809 602 3054 670 fugienda
3079 612 3317 674 peccata,
3359 612 3414 659 et
3444 605 3606 674 hujus
3638 608 3793 661 seculi

2235 695 2531 764 perniciosa
2560 695 2830 762 contagia;
2860 705 3022 766 caput
3070 697 3254 751 salutis
3280 707 3498 765 nostrae,
3544 697 3692 768 quod
3725 707 3796 754 est

2236 784 2362 839 ﬁdes
2382 784 2662 846 catholica,
2686 785 2840 840 bonis
2854 787 3102 854 operibus
3123 787 3268 841 velut
3286 788 3539 842 cornibus
3559 795 3794 842 ornatum

2235 876 2436 947 pariter
2455 884 2510 930 et
2538 885 2800 939 armatum
2830 886 3102 945 gerentes;
3128 887 3185 932 ut
3207 879 3288 932 vel
3319 893 3683 947 repugnemus
3708 879 3796 932 ini-

2236 968 2384 1022 micis
2412 968 2769 1033 venatoribus,
2802 968 2886 1022 vel
2923 969 3127 1023 actibus
3173 968 3283 1023 Deo
3310 969 3522 1039 placitis
3543 971 3793 1030 coronati.

2237 1067 2471 1113 vestrum
2502 1059 2836 1128 potissimum
2882 1059 3154 1127 gaudium,
3196 1068 3250 1112 et
3290 1074 3494 1113 corona
3524 1059 3694 1114 simus
3727 1070 3792 1112 "'2

2236 1165 2461 1218 quorum
2517 1150 2569 1202 in
2617 1147 2829 1202 Christo
2859 1150 3138 1218 plantatio,
3187 1148 3324 1218 apud
3357 1147 3633 1204 Christum
3663 1150 3798 1205 labor

2236 1239 2576 1307 quotidianus
2595 1255 2794 1294 sumus.
2820 1239 2933 1293 Non
2961 1239 3100 1293 enim
3124 1240 3441 1306 ambigimus
3461 1240 3707 1308 quotidie
3719 1241 3796 1295 de-

2237 1331 2445 1400 precari
2474 1346 2586 1395 vos,
2621 1339 2678 1384 ut
2702 1331 3006 1399 perﬁciatur
3032 1331 3083 1383 in
3119 1330 3271 1384 nobis
3295 1330 3452 1384 beata
3472 1330 3570 1383 illa
3597 1333 3796 1385 mutatio

2240 1422 2464 1475 dextera:
2491 1421 2700 1474 Excelsi
2730 1429 2790 1485 τις
2824 1429 2880 1473 ιιι
2914 1435 3038 1474 vere
3059 1423 3321 1490 possimus
3347 1420 3531 1474 dicere
3563 1437 3575 1472 :
3614 1420 3798 1491 Defecit

2239 1528 2330 1566 cor
2355 1527 2540 1576 meum,
2565 1520 2610 1563 et
2641 1527 2758 1563 caro
2787 1527 2916 1573 mea,
2963 1509 3099 1564 Deus
3129 1511 3295 1564 cordis
3326 1511 3443 1575 mei,
3471 1518 3522 1563 et
3554 1527 3679 1579 pars
3703 1525 3797 1563 meti

2241 1600 2380 1655 Deus
2427 1602 2481 1654 in
2522 1601 2692 1654 secula
2735 1611 2781 1654 ο.
2829 1601 2961 1666 Quia
3004 1609 3128 1656 tunc
3172 1601 3308 1654 Deus
3350 1616 3468 1654 esse
3507 1600 3796 1668 dignabitur

2240 1691 2416 1744 cordis
2444 1691 2608 1743 nostri
2656 1690 2824 1755 Deus,
2849 1706 2967 1744 cum
3003 1706 3098 1745 eor
3125 1700 3385 1756 nostrum,
3416 1691 3563 1759 quod
3587 1699 3673 1745 est
3699 1706 3798 1745 car-

2171 1770 2390 1846 nnale,
2440 1781 2694 1836 defecerit
2748 1781 2972 1850 spiritali
3039 1782 3390 1837 :edilicatione
3455 1782 3796 1836 destructum.

2241 1873 2388 1928 Tune
2416 1872 2726 1926 audebimus
2753 1879 2808 1926 et
2846 1879 3076 1926 vestram
3107 1888 3202 1927 nos
3236 1871 3411 1926 dicere
3439 1874 3732 1942 portionem
3754 1876 3797 1924 in

2241 1973 2378 2017 terra
2409 1965 2674 2018 virentium
2704 1974 2749 2029 ι’,
2771 1978 2891 2017 cum
2919 1971 2973 2017 et
3001 1963 3100 2032 ipsi
3127 1963 3352 2017 Domino
3378 1965 3622 2018 renovati
3651 1978 3796 2016 sensu

2240 2057 2433 2112 mentis
2478 2063 2674 2110 nostra:
2703 2065 2751 2122 <1,
2799 2053 3089 2108 secundum
3134 2052 3398 2108 Christum
3428 2053 3494 2108 ad
3537 2054 3796 2108 caelestem

2239 2148 2542 2216 imaginem,
2569 2147 2634 2218 (ί)
2663 2147 2994 2216 potuerimus
3022 2146 3200 2202 dicere
3229 2164 3240 2200 :
3273 2145 3413 2201 Deus
3433 2149 3607 2202 cordis
3629 2149 3797 2211 nostri,

2241 2249 2290 2296 et
2310 2227 2429 2311 pars
2455 2248 2632 2294 nostra
2659 2237 2796 2292 Deus
2826 2238 2880 2290 in
2909 2237 3078 2293 secula
3103 2250 3147 2292 ι’.

2784 2376 3114 2434 EPISTOLA
3150 2378 3169 2398 ‘
3206 2376 3268 2431 Χ.

2243 2473 2499 2545 Delphina
2525 2472 2889 2547 Burdegalcnsi
2909 2473 3161 2541 episcopo,
3193 2486 3225 2521 a
3259 2483 3357 2547 qu_o
3381 2467 3670 2547 baptizatus
3703 2467 3798 2547 (ue:

2241 2550 2248 2560 '
2311 2535 2418 2607 rut,
2459 2560 2656 2596 summa
2693 2535 3138 2613 pietate_excusat
3169 2554 3236 2613 _se
3262 2535 3429 2613 minus
3456 2537 3695 2613 idoneum
3740 2535 3800 2613 ad

2314 2603 2607 2666 tractandos
2630 2615 2685 2665 in
2703 2603 2938 2681 'epistolis
2958 2624 3131 2681 sacrae
3160 2606 3442 2681 Scriptura:
3456 2607 3612 2681 locos
3633 2621 3650 2657 :
3680 2603 3800 2681 quod

2310 2684 2398 2736 ille.
2416 2683 2717 2751 postularat.
2740 2675 2849 2734 'Hic
2869 2679 3150 2751 Delphinus
3181 2675 3424 2751 Ecclesia:
3445 2676 3596 2751 fastis
3622 2675 3800 2741 reperi-

2312 2763 2394 2808 tur
2416 2744 2638 2806 insertus
2657 2752 2739 2805 die
2760 2765 2896 2803 nono
2915 2744 3034 2801 ante
3061 2745 3309 2800 kalendas
3332 2744 3635 2798 Ianuarias.

2314 2843 2625 2898 Beatissimo
2665 2848 2719 2896 et
2745 2838 3085 2909 peculiariter
3110 2835 3347 2898 domino,
3375 2848 3592 2901 semper
3631 2832 3685 2886 in
3709 2831 3800 2886 Do~

2241 2935 2389 2992 mino
2418 2931 2631 2986 Christo
2652 2930 2804 2986 nobis
2824 2927 2962 2998 patri
2990 2926 3258 2980 DELPHINO
3275 2965 3290 2989 ,
3316 2922 3602 2977 Parnasus.

2313 3047 2364 3100 l.
2407 3046 2722 3115 Accepimus
2750 3042 2954 3096 litteras
2981 3046 3178 3094 sanctas
3207 3035 3505 3091 alTectionis
3536 3043 3670 3096 ture,
3697 3033 3802 3100 qui-

571 3141 694 3187 sunt
720 3136 762 3186 l.
803 3133 895 3189 llis
919 3134 1060 3188 enim
1089 3143 1144 3189 et
1171 3151 1327 3190 aures
1365 3145 1574 3192 nostras
1613 3139 1847 3208 sepimus
1872 3139 2148 3196 adversum
2175 3127 2219 3189 C
2250 3140 2350 3194 bus
2365 3138 2521 3208 jubes
2544 3150 2641 3190 nos
2662 3135 2714 3188 in
2744 3132 2983 3203 epistolis
3001 3145 3133 3202 quas
3155 3129 3218 3183 ad
3243 3136 3295 3182 te
3317 3127 3558 3190 facimus,
3590 3125 3804 3193 aliquem

571 3223 806 3292 linguam
831 3239 1079 3295 nequam,
1107 3234 1164 3281 et
1193 3226 1243 3280 in
1261 3226 1421 3281 corde
1447 3236 1627 3283 nostro
1648 3229 1774 3283 vitia
1799 3230 2016 3285 adversa
2034 3247 2156 3287 con-

573 3314 802 3382 tigimus.
829 3315 906 3370 Ita
936 3331 1031 3386 per
1057 3318 1450 3375 observantiam
1491 3319 1784 3389 spiritalem
1815 3329 1868 3378 et
1897 3321 2153 3377 directam

573 3403 751 3469 tidem,
775 3413 830 3460 et
851 3406 1119 3462 berinacei
1149 3409 1349 3478 pariter
1369 3409 1584 3475 erimus,
1618 3419 1674 3465 et
1700 3413 1863 3479 cervi,
1888 3413 1931 3466 si
1964 3429 2155 3469 secun-

573 3491 703 3548 dum
745 3495 840 3550 has
874 3498 1106 3552 minores
1133 3499 1383 3554 bestiolas
1423 3503 1688 3568 angustati
1719 3512 1770 3557 et
1803 3505 2028 3560 humiles
2051 3507 2145 3559 ab-

574 3584 895 3638 scondamur
920 3587 972 3639 in
995 3587 1226 3653 Christo,
1256 3600 1314 3643 ut
1349 3591 1400 3644 in
1440 3591 1624 3659 refugii
1665 3601 1852 3662 petra;
1885 3604 1941 3650 et
1979 3595 2144 3650 verbo

575 3683 642 3725 ac
660 3673 846 3740 spiritu
869 3676 1107 3730 veritatis
1133 3681 1343 3746 muniti,
1374 3689 1428 3734 et
1461 3683 1672 3738 diabolo
1699 3693 1752 3738 et
1779 3687 1960 3740 mundi
1989 3688 2144 3756 hujus

575 3758 840 3817 illecebris
865 3767 1037 3834 asperi
1076 3769 1404 3824 resistamus.

643 3849 697 3904 5.
738 3851 965 3921 Majores
994 3872 1120 3912 vero
1151 3859 1265 3913 illas
1295 3860 1432 3917 feras
1462 3863 1680 3932 pedibus
1708 3867 1935 3932 alacres,
1971 3879 2024 3924 et
2051 3888 2133 3926 su-

573 3939 762 3996 blimes
781 3945 1032 4000 cornibus
1060 3947 1131 4000 ita
1166 3950 1548 4017 :emulabimur,
1590 3954 1634 4008 si
1665 3955 1952 4011 habeamus
1972 3961 2138 4028 pedes

641 4111 666 4138 ι
691 4100 816 4156 Luc.
844 4119 916 4169 Ix,
948 4103 1036 4158 62.

568 4186 678 4226 see.

573 4239 597 4311 ξ
629 4240 1013 4311 Eccli.}xvtu,
1045 4244 1130 4297 28.
1210 4245 1230 4281 ¹ί
1273 4239 1410 4298 Psal.
1437 4265 1559 4311 xvlt,
1596 4251 1682 4303 '55.

1117 4106 1137 4142 ι·
1169 4105 1308 4161 Psal.
1336 4123 1457 4171 cxx,
1487 4108 1534 4163 l.

1616 4123 1638 4180 ς
1678 4109 1817 4165 Psal.
1847 4130 2004 4179 LXVII,
2032 4119 2098 4170 56
2137 4157 2140 4160 .
2195 4121 2221 4157 ά
2264 4119 2400 4172 Psal.
2439 4133 2561 4180 xvu,
2585 4112 2674 4165 51.

761 4171 920 4252 ξλΧΧ.
999 4183 1024 4220 8
1046 4175 1220 4252 ΑῐξδιιΙ..
1241 4193 1349 4252 ent,
1380 4177 1462 4252 l8.
1542 4181 1565 4216 ιι
1600 4179 1739 4252 Gen.
1765 4183 1912 4252 stt),
1961 4171 2111 4252 juxta
2137 4171 2294 4243 LXX:

1765 4250 1778 4288 ι
1827 4250 1976 4322 Psal.
2014 4275 2122 4322 xu,
2156 4257 2206 4311 5.
2249 4270 2284 4295 πι
2329 4256 2538 4322 ΡΙιίΙίβη
2570 4269 2636 4314 tv,
2676 4253 2720 4302 l-

2255 3233 2329 3303 (g)
2361 3236 2553 3300 prseter
2579 3226 2737 3282 olllcii
2769 3223 3162 3285 necessitatem,
3181 3220 3248 3274 de
3274 3217 3565 3288 Scripturis
3588 3215 3808 3283 adjicere

2252 3335 2578 3383 sermonem,
2606 3317 2695 3388 qui
2727 3316 2821 3370 tibi
2849 3315 3158 3368 thesaurum
3192 3310 3360 3363 nostri
3385 3305 3567 3362 cordis
3594 3304 3804 3359 revelet.

2252 3413 2358 3468 Sed
2385 3418 2634 3482 parentes
2674 3406 2854 3477 potius
2905 3401 3023 3457 (iliis
3054 3401 3432 3464 thesaurizare,
3457 3405 3513 3452 et
3540 3396 3674 3451 ordo
3699 3395 3809 3464 pie-

2253 3506 2376 3560 tatis
2405 3501 2657 3574 postulat,
2689 3507 2743 3553 et
2769 3497 3019 3564 magister
3046 3493 3332 3564 Apostolus
3359 3491 3516 3545 docet
3547 3499 3590 3541 ·.
3617 3487 3794 3553 Quam-

2250 3597 2369 3651 vis'
2405 3604 2461 3648 tu
2491 3592 2643 3646 nobis
2671 3606 2701 3643 a
2740 3589 2966 3643 Domino
3008 3593 3063 3640 et
3107 3586 3160 3638 in
3190 3583 3415 3637 Domino
3455 3589 3613 3650 pater
3652 3578 3810 3633 factus

2250 3703 2464 3757 semper
2512 3681 2950 3738 thesaurizaveris
2996 3678 3155 3742 bona,
3205 3685 3260 3730 et
3307 3675 3668 3728 thesaurizare
3713 3687 3811 3725 non

2249 3779 2460 3832 desinas
2491 3794 2503 3827 :
2536 3782 2728 3843 praeter
2758 3770 2883 3824 illud
2921 3769 3104 3838 gratiae
3131 3765 3381 3820 salutaris
3407 3763 3511 3837 47
3533 3764 3807 3826 talentum,

2249 3868 2391 3937 quell
2415 3877 2466 3919 te
2487 3864 2830 3930 consignante
2859 3858 3187 3927 suscepimus
3211 3872 3316 3910 non
3337 3855 3388 3908 in
3420 3863 3560 3908 terra
3593 3853 3812 3906 abscon-

2248 3959 2497 4022 deudum,
2532 3969 2705 4022 neque
2744 3953 2794 4006 in
2827 3949 3040 4005 sudario
3087 3945 3483 4012 involvendum,
3515 3943 3609 4009 sed
3657 3958 3813 4012 appo-

2754 4121 2775 4146 ι·
2815 4107 3004 4162 Julian.
3050 4104 3156 4172 xxv,
3187 4107 3239 4158 6.
3321 4104 3338 4142 ί
3381 4105 3521 4172 Psal.
3555 4120 3696 4166 xvn,
3728 4103 3810 4172 54.

2377 4170 2396 4216 ίν
2441 4170 2576 4237 Psal.
2618 4197 2774 4243 uvn,
2823 4178 2916 4240 16;
2967 4170 3236 4242 “mli;
3289 4191 3410 4233 xvn.
3442 4170 3541 4243 49';
3601 4190 3708 4231 LIII,
3763 4171 3810 4223 9.

2798 4257 2821 4283 η
2853 4246 2989 4299 Psal.
3022 4261 3209 4310 Lxxvt,
3243 4244 3324 4297 ll.
3402 4252 3426 4277 ο
3467 4241 3608 4295 Psal.
3645 4259 3811 4304 usu,

570 4307 656 4361 26.
735 4319 760 4357 ι’
825 4309 960 4364 Psal.
993 4329 1134 4378 cxu,
1161 4315 1212 4366 6.
1289 4326 1314 4363 τι
1355 4307 1645 4384 Eplies.1v,
1669 4319 1758 4372 εὖ.
1836 4307 2142 4379 trs-5.1.14}

2239 4307 2347 4381 26.-
2373 4307 2419 4359 ἶ
2446 4307 2487 4376 ll
2509 4307 2634 4375 Cor.
2679 4335 2766 4384 xu,
2792 4315 2876 4368 14.

648 4471 661 4488 ⁹
701 4469 845 4524 Alias
876 4468 966 4534 :5;
1002 4486 1120 4538 qua:
1149 4477 1327 4523 autem
1359 4469 1422 4522 l0
1470 4478 1608 4537 erat,
1652 4489 1792 4527 nunc
1832 4474 1918 4527 29.
1951 4477 2163 4548 Scripta
2184 4489 2239 4537 et
2267 4480 2426 4534 missa
2449 4490 2568 4530 cum
2606 4473 2907 4542 superiore,
2931 4482 3072 4521 anno
3108 4466 3233 4521 ⁸596.

573 4672 606 4724 d
645 4604 719 4668 (of)
763 4601 854 4654 M4.
886 4602 1036 4655 \‘iezu.
1061 4611 1115 4656 ct
1143 4603 1269 4657 edit.
1301 4603 1511 4672 Srlmt.,
1541 4609 1938 4677 respiciamus...
1970 4615 2141 4682 provi-

609 4689 804 4724 eamus.

609 4689 833 4810 εἴῖἶυῖίε
860 4739 998 4793 LXX
1027 4741 1360 4810 interpretes,
1394 4743 1509 4796 libri
1537 4744 1735 4810 Gneci,
1769 4747 2021 4803 Psalteria
2051 4766 2140 4803 ve-

572 4818 656 4862 tus
671 4817 732 4929 let
763 4808 916 4864 Rom.
945 4817 1000 4865 et
1031 4810 1088 4865 S.
1119 4808 1443 4878 Augustinus
1472 4813 1524 4866 in
1569 4808 1953 4874 commentario
1983 4835 2142 4890 super

573 4894 664 4948 psa
690 4892 822 4948 nios.
881 4946 906 4948 _
1369 4929 1374 4934 .

642 4946 712 5014 (ε)
751 4945 841 5026 Sic
862 4946 1192 5026 Psalterium
1233 4958 1382 5006 vetus
1410 4961 1465 5006 et
1491 4952 1547 5008 S.
1579 4954 1901 5022 Augustinus
1923 4958 1972 5010 in
2001 4959 2141 5026 psal-

572 5032 707 5071 mos.
739 5015 952 5084 Aquila,
978 5026 1188 5073 statues.

643 5087 722 5157 (d)
759 5085 834 5140 Ita
864 5103 962 5141 ms.
996 5087 1124 5156 Reg.
1153 5097 1208 5143 et
1235 5093 1363 5148 edit.
1396 5093 1522 5146 Bad.
1567 5092 1727 5148 Grav.
1763 5104 1818 5148 et
1845 5095 2028 5150 Schot.
2060 5096 2137 5152 lta

569 5165 626 5215 et
669 5157 1346 5234 ms_s.__vegistio.res‘_apud_
1371 5161 1756 5234 Prudentium,
1776 5164 2136 5234 Hamartigen.

569 5241 710 5303 vers.
746 5224 866 5303 μδ.
899 5224 1356 5303 ᾷνωρὶε-,Νιέρὼδ
1376 5241 1430 5285 et
1457 5233 1595 5301 apud
1619 5224 1762 5303 μςχ
1801 5224 2139 5303 ἱιιιειτινὲιθδ.

569 5296 660 5375 Sic
685 5305 739 5350 et
768 5296 819 5350 in
841 5295 1159 5375 epistola_'58
1187 5295 1263 5375 ad"
1277 5295 1506 5375 Aprum,
1527 5317 1580 5375 ιι.
1611 5295 2140 5375 9._Paulinus'noster

571 5365 716 5433 juxta
738 5367 953 5442 eosdem
969 5365 1181 5442 codices
1199 5365 1334 5442 di_cit
1350 5370 1578 5423 Nebroth
1588 5387 1614 5442 ξ
1633 5372 1839 5440 aliaque
1865 5375 2138 5442 complura

569 5449 639 5487 ex
666 5436 966 5492 nominibus
996 5435 1202 5494 Veteris
1232 5439 1556 5495 Testamenti
1576 5435 1815 5496 Graecum
1847 5443 1900 5495 in
1933 5435 2139 5496 morem

571 5503 763 5555 extulit
790 5523 801 5556 :
828 5505 967 5578 unde
993 5515 1169 5578 potest
1196 5509 1375 5578 colligi
1406 5525 1527 5564 eum
1557 5526 1707 5564 usum
1739 5509 1901 5565 fuisse
1921 5510 1977 5564 S.
2006 5511 2142 5565 Scri-

573 5579 739 5647 ιιιιιιξυ
782 5588 886 5647 non
918 5573 1103 5630 Latina
1134 5573 1376 5647 Vulgata,
1407 5579 1498 5633 sed
1536 5580 1778 5633 versione
1805 5578 2020 5643 Graeca,
2051 5586 2144 5632 aut

571 5655 638 5690 ex
667 5637 861 5696 Gnecis
889 5658 1157 5713 expressa.
1195 5637 1282 5706 Sic
1323 5637 1458 5707 dixit
1491 5647 1645 5718 juxta
1667 5647 1906 5703 Gnecum
1942 5637 2139 5704 testum

2240 4613 2506 4676 Solomon,
2536 4627 2640 4666 non
2672 4609 2915 4664 Salomon
2935 4647 2951 4671 ,
2971 4615 3027 4660 ut
3055 4605 3450 4660 observavimus
3472 4603 3539 4658 ad
3568 4607 3724 4674 epist.
3753 4606 3816 4669 5,

2413 4750 2635 4818 Vulgata
2677 4764 2848 4821 comam
2888 4744 3131 4821 Domino.
3180 4744 3234 4796 S.
3269 4743 3597 4812 Augustinus
3644 4745 3695 4798 in
3725 4744 3812 4821 lib.

2241 4837 2258 4875 t
2288 4813 2642 4874 Locutionum
2675 4818 2740 4869 de
2776 4816 2968 4870 Genesi
3005 4833 3016 4866 :
3052 4813 3315 4866 Incertum
3353 4822 3429 4865 est
3458 4821 3630 4866 utrum
3661 4815 3817 4880 possit

2169 4917 2217 4976 ι)
2243 4891 2439 4976 (τεείρῆζ
2459 4886 2891 4976 corammeino
2923 4886 3052 4972 Deo,
3083 4884 3284 4976 95:51::
3307 4882 3553 4976 genset-et
3576 4883 3816 4976 izrtelli'gi,

2277 4950 2376 5012 uad
2399 4950 2575 5012 Crwce
2600 4958 2788 5010 dicitur
2816 4959 3048 5009 ἐναντίον.
3085 4953 3156 5005 De
3181 4952 3278 5004 hac
3307 4966 3366 5004 re
3387 4952 3548 5019 etiam
3581 4950 3820 5019 disputat

2277 4978 2374 5012 uoa
2399 4978 2575 5012 brwce
2600 4978 2788 5010 mcuur
2816 4978 3048 5009 ενα-πων.
3085 4978 3156 5005 uc
3183 4978 3278 5004 uas:
3310 4978 3366 5004 ru
3387 4978 3548 5004 cerasus
3581 4978 3818 5019 usapuwt

2242 4978 2334 5082 ab.
2368 5044 2454 5082 xvr
2483 5027 2551 5081 de
2578 5026 2805 5081 Civitate
2834 5024 2946 5085 Dei,
2977 5037 3094 5090 cap.
3127 5020 3178 5073 4.
3210 5019 3279 5090 At
3305 5019 3361 5073 S.
3390 5017 3643 5075 Paulinus
3685 5021 3818 5073 hanc

2244 5113 2433 5153 vocem
2460 5106 2641 5151 contra
2671 5110 2766 5164 per
2792 5089 3061 5146 adversum
3087 5089 3325 5164 exponit,
3357 5097 3414 5143 ut
3453 5105 3516 5143 ex
3547 5089 3820 5164 sequenti-

2242 5167 2341 5221 bus
2370 5176 2534 5236 patet,
2573 5157 2684 5236 non
2728 5179 2826 5232 per
2853 5178 3061 5236 coram,
3095 5157 3220 5236 sive
3255 5159 3307 5212 in
3351 5168 3645 5236 conspectu.
3688 5157 3821 5211 Dicit

2243 5227 2383 5289 enini
2404 5227 2544 5291 circa
2574 5227 2794 5302 hujusce
2821 5230 3060 5300 epistulae
3090 5227 3269 5295 ﬁnem,
3298 5237 3353 5281 ut
3377 5228 3451 5281 rel
3481 5244 3821 5299 repugnemus

2242 5307 2462 5359 inimicis
2486 5303 2826 5359 venatoribus.

2315 5375 2383 5444 (f)
2424 5375 2513 5428 Sic
2565 5371 2904 5444 mss._Reg.‘
2937 5378 2998 5444 et
3035 5369 3192 5422 Vien.
3247 5375 3303 5444 et
3355 5374 3500 5444 recte
3551 5366 3819 5444 siquidem

2242 5435 2375 5496 moi
2394 5443 2661 5511 praecessit
2689 5435 2947 5511 defecerit.
2973 5439 3108 5511 Ante
3131 5435 3498 5511 erat_in_editis
3516 5439 3817 5511 poterimus.

2315 5505 2407 5580 (g)'
2433 5511 2525 5565 Ms.
2553 5511 2730 5570 V'ien.,
2752 5505 2940 5578 printer
2963 5509 3200 5630 (ﬁcium,
3233 5506 3294 5560 de
3317 5505 3620 5574 Scripturis.
3658 5506 3823 5558 Abest

2320 5595 2402 5630 am
2427 5582 2792 5630 necessitatem.
2819 5594 2846 5630 τι
2870 5594 2965 5630 ms.
3046 5590 3154 5630 et!”
3190 5577 3241 5629 in
3262 5591 3368 5630 auo
3390 5574 3647 5629 mendose
3677 5574 3823 5630 leges

2243 5574 2402 5632 etiam
2427 5574 2792 5643 necessitatem,
2819 5594 2846 5630 τι
2870 5594 2965 5632 ms.
2997 5574 3154 5644 Reg,
3190 5577 3241 5629 in
3262 5591 3368 5645 quo
3390 5574 3647 5629 mendose
3677 5574 3825 5642 leges

2244 5649 2392 5715 oﬁicii
2401 5689 2411 5699 .
