4078 6352
203 365 308 422 189

1609 351 1937 414 EPISTULA
1979 356 2045 414 ιι

3349 307 3473 424 ιθιί

204 473 435 533 nendum
466 466 834 527 nmumuianls
862 481 906 534 ⁸,
939 487 969 526 a
997 472 1192 540 quibus
1221 470 1369 526 uberi
1396 469 1772 538 multiplicare-
1800 476 1845 527 Α
1875 468 2024 522 domo
2052 466 2262 522 Domini
2297 469 2336 532 ί,
2361 475 2415 522 et
2454 467 2676 539 plantati
2712 469 2997 525 maceriam
3027 471 3283 539 signaculi
3311 475 3455 529 salu-

203 575 292 620 tur
321 575 513 626 usura;
547 561 629 615 vel
659 562 726 615 iis
751 560 1178 616 distribuendum
1213 562 1266 615 in
1297 569 1540 629 tempore
1578 573 1780 629 oppor-

203 665 360 717 tuno,
386 652 477 720 qui
500 651 566 704 ad
597 651 1046 720 pmparandasin
1077 651 1369 705 adventum
1410 651 1592 720 sponsi
1616 649 1777 703 faces.

201 743 482 797 venditant
510 741 690 795 oleum
735 741 1063 810 sapientibus
1090 739 1507 809 comparandum
1550 737 1598 790 ι’.
1643 737 1784 792 The-

203 833 445 889 saurizas
473 845 603 885 vero
625 829 778 884 nobis
807 839 860 884 et
884 831 990 885 alio
1011 829 1169 884 modo
1193 845 1428 899 semper,
1454 828 1544 896 qui
1572 827 1638 882 de
1660 828 1784 881 the-

202 925 374 978 sauris
405 921 693 977 Dominiad
723 924 968 991 gratiam,
999 937 1118 991 qua:
1144 937 1241 992 per
1265 928 1318 976 te
1344 920 1466 974 data
1495 929 1578 975 est
1607 919 1778 985 nobis,

203 1017 404 1085 apponi
424 1029 600 1083 rogas.
633 1014 809 1083 Atque
831 1017 1030 1070 utinam
1053 1023 1260 1069 tantum
1281 1028 1473 1083 capere
1493 1013 1780 1084 possimus,

200 1117 458 1177 quantum
490 1115 570 1169 tu,
599 1115 656 1162 ut
698 1108 1056 1177 accipiamus,
1100 1117 1256 1177 potes
1296 1107 1601 1176 impetrare.
1647 1103 1779 1156 Nam

199 1197 442 1270 profecto
469 1198 538 1255 de
565 1201 665 1254 hac
687 1215 784 1269 pro
807 1197 957 1253 nobis
975 1199 1392 1268 postulationum
1419 1205 1629 1250 tuarum
1651 1210 1783 1250 con-

199 1297 426 1357 scientia
456 1306 615 1366 atque
643 1294 828 1351 ﬁducia
851 1296 988 1365 petis
1008 1310 1037 1349 a
1061 1295 1234 1358 nobis,
1259 1294 1344 1348 vel
1365 1293 1535 1361 magis
1559 1292 1779 1360 repetis,

200 1397 259 1443 ut
292 1388 495 1459 aliquid
525 1388 765 1458 spiritale
795 1387 860 1441 ad
893 1396 944 1440 te
990 1387 1292 1456 loquamur,
1313 1385 1457 1454 quod
1487 1383 1690 1438 semine
1727 1382 1778 1435 in

200 1485 362 1539 nobis
381 1482 598 1551 dignum
622 1490 711 1535 tuo
732 1481 832 1544 sit;
864 1481 986 1549 quia
1007 1478 1296 1535 secundum
1320 1476 1475 1530 ﬁdem
1498 1483 1641 1529 tuam
1657 1487 1781 1528 exo-

199 1589 352 1630 rasse
383 1582 438 1628 te
464 1571 706 1634 credens,
739 1587 856 1640 qua:
885 1570 1038 1625 nobis
1064 1569 1228 1624 orasti
1247 1577 1302 1622 et
1330 1582 1452 1622 oras
1479 1566 1614 1630 dari,
1647 1563 1776 1618 effe-

198 1673 349 1720 ctum
393 1661 762 1716 sollicitudinis
801 1670 855 1715 et
897 1658 1286 1730 deprecationis
1322 1666 1424 1710 tua:
1463 1657 1530 1711 de
1559 1654 1727 1709 nostri
1756 1657 1776 1686 ’

199 1753 384 1809 cordis
412 1761 466 1806 et
487 1751 598 1806 oris
621 1749 816 1804 fetibus
829 1764 926 1818 per
943 1749 1260 1802 documenta
1283 1745 1565 1800 verborum
1583 1757 1778 1813 capere

1888 561 2035 624 taris,
2058 575 2162 631 qua
2191 559 2258 612 ab
2287 559 2498 615 incursu
2529 559 2786 616 silvestris
2815 562 2949 630 apri,
2977 562 3118 633 et(b)
3146 561 3462 633 depastioue

1883 649 2075 708 ferocis
2111 651 2296 718 onagri
2333 651 2662 705 munirentur
2694 653 2739 713 i,
2770 651 3098 707 adstruxeris
3127 659 3181 706 et
3223 653 3462 714 torcular

1883 736 2100 804 foderis,
2114 754 2220 809 quo
2241 755 2337 809 per
2353 741 2819 812 conversationem
2843 741 2983 810 piam
3007 742 3157 810 quasi
3174 743 3463 812 quamdam

1882 826 1974 880 tibi
2013 807 2223 881 dulcem
2245 807 2318 882 de
2350 807 2434 880 tua
2466 828 2574 882 vite
2600 807 2922 883 vindemiam
2951 807 3312 886 funderemus.
3346 831 3460 884 lla—

1879 916 1975 970 bes
2003 917 2192 979 adhuc,
2223 918 2366 985 quod
2414 917 2582 972 facias
2628 918 2928 974 imitatione
2955 921 3115 985 illius,
3145 922 3235 990 qui
3265 921 3461 976 sterilis

1881 1004 2118 1061 ﬁculnea:
2147 1009 2216 1078 (c)
2246 1018 2601 1062 commeatum
2631 1025 2660 1061 a
2687 1008 2914 1064 Domino
2943 1010 3112 1064 vinea:
3139 1011 3461 1080 deprecatus

1881 1107 1965 1152 est
1992 1096 2042 1160 ι,
2075 1108 2127 1151 et
2158 1099 2520 1154 imminentem
2551 1101 2720 1154 inutili
2744 1101 2887 1168 ligno
2912 1102 3236 1156 excisionem
3259 1102 3460 1157 distulit

1881 1189 2193 1258 sponsione.
2242 1187 2331 1242 Sic
2376 1189 2534 1255 igitur
2563 1199 2618 1244 et
2646 1206 2745 1259 pro
2767 1191 2927 1248 nobis
2953 1192 3168 1260 pictatis
3199 1201 3304 1255 tua:
3332 1207 3460 1247 cura

1882 1277 2222 1341 interveniat,
2243 1286 2299 1331 et
2327 1279 2557 1347 positam
2573 1280 2640 1332 ad
2671 1280 2876 1335 radices
2895 1282 3144 1336 arborum
3161 1282 3460 1350 jejunarum

1881 1381 2126 1421 securem
2152 1367 2236 1420 vel
2265 1382 2439 1421 annua
2472 1368 2680 1422 Domini
2713 1369 3033 1436 indulgentis
3057 1373 3462 1440 exspectatione

1879 1457 2129 1524 suspendi
2163 1457 2238 1520 (ά)
2267 1459 2498 1526 postulet
2536 1458 2575 1512 ¹.
2606 1459 2820 1530 Sponde
2850 1461 3215 1530 patrifamilias
3235 1463 3454 1530 diligen-

1881 1545 2010 1598 tiam
2041 1561 2140 1613 pro
2163 1547 2317 1600 nobis
2345 1547 2718 1602 sollicitudinis
2748 1559 2874 1613 tute,
2905 1560 2961 1604 et
2990 1552 3229 1605 assiduas
3258 1552 3462 1606 oratio-

1878 1651 1994 1697 nes,
2028 1644 2296 1704 tamquam
2328 1638 2476 1691 illum
2505 1640 2858 1707 apostolicum
2879 1642 3171 1709 evangelici
3200 1642 3462 1696 stercoris

1878 1726 2165 1796 cophinum
2197 1727 2450 1796 pollicere
2498 1738 2560 1795 π’,
2600 1745 2707 1798 quo
2753 1731 2931 1784 cordis
2974 1733 3141 1786 nostri
3172 1741 3313 1786 terra
3344 1733 3455 1801 pin-

195 1841 481 1897 desideras
506 1857 518 1892 :
537 1839 786 1908 quoniam
804 1817 866 1891 ea:
887 1838 1200 1890 abundantia
1221 1837 1389 1889 cordis
1411 1851 1468 1888 os
1487 1835 1709 1902 loquitur
1735 1845 1778 1895 ν,

1887 1823 2124 1884 guescat,
2154 1824 2209 1873 et
2235 1817 2460 1872 sationis
2490 1825 2590 1872 tua:
2617 1833 2771 1886 seges
2809 1820 3093 1885 nutriatur,
3124 1821 3209 1873 vel
3252 1821 3463 1890 planta-

195 1940 252 1988 et
278 1945 448 2002 sapor
474 1929 666 1984 mentis
694 1928 748 1982 in
773 1942 1019 1983 sermone
1037 1935 1307 2002 gustatum.

265 2044 320 2098 2.
368 2043 516 2099 Iuste
545 2043 726 2112 itaque
763 2042 1016 2097 sanctitas
1058 2048 1148 2095 tua
1172 2039 1398 2110 depositi
1427 2037 1509 2093 sui
1537 2035 1773 2092 debitum

191 2135 416 2204 repetit,
449 2141 502 2188 et
525 2132 742 2188 seminis
781 2131 862 2186 sui
903 2145 1122 2202 germen
1169 2137 1462 2199 exspectat.
1503 2127 1608 2182 Sed
1645 2126 1774 2196 quid

189 2223 394 2278 faciam
435 2236 564 2290 ager
582 2221 815 2275 sterilis?
844 2236 948 2290 qua
986 2220 1080 2274 tibi
1112 2218 1260 2286 fruge
1288 2217 1658 2287 respondeam,
1685 2217 1774 2286 qui

191 2328 296 2382 pro
327 2312 511 2366 tritico
541 2311 796 2377 tribulos,
826 2310 912 2365 vel
955 2326 1053 2380 pro
1091 2311 1208 2363 uvis
1235 2309 1378 2364 edidi
1407 2310 1586 2379 spinas
1614 2309 1680 2363 άτ
1710 2308 1777 2362 Et

193 2403 322 2458 ideo
359 2403 609 2458 conscius
636 2403 788 2456 malae
835 2402 1028 2469 segetis
1055 2411 1147 2455 aut
1175 2401 1511 2455 infructuosa:
1547 2401 1772 2466 arboris,

192 2503 254 2548 ut
278 2494 371 2549 vel
392 2494 578 2564 pietati
607 2493 798 2548 debita:
828 2492 1172 2559 satisfaciam,
1195 2494 1308 2548 sola
1337 2495 1389 2547 in
1425 2493 1616 2549 litteris
1644 2495 1778 2548 meis

187 2583 366 2640 ofﬁcii
403 2585 564 2639 verba
604 2583 895 2653 praetendo,
930 2591 983 2638 et
1011 2599 1222 2638 sensum
1260 2599 1289 2637 a
1319 2583 1479 2639 corde
1510 2591 1602 2638 tuo
1631 2583 1652 2616 ⁸
1680 2584 1776 2638 de—

187 2688 453 2743 generem
473 2673 676 2744 pudore
698 2674 901 2728 inertia:
922 2673 1174 2728 confusus
1193 2674 1431 2739 occulto;
1455 2673 1582 2727 dum
1605 2675 1781 2728 nimiae

185 2763 341 2818 circa
386 2778 475 2818 me
500 2763 800 2819 dilectionis
830 2773 933 2818 tute
962 2765 1211 2819 conscius
1237 2765 1422 2828 timeo,
1453 2779 1522 2818 ne
1543 2765 1777 2818 animum

184 2857 354 2905 tuum
400 2851 554 2906 bona:
591 2850 658 2905 de
694 2852 847 2906 nobis
883 2853 999 2921 spei
1049 2852 1421 2920 prmsumtione
1461 2851 1778 2920 gaudentem

181 2941 433 3009 decepta
463 2941 865 3009 exspectatione
903 2941 1236 3006 contristem,
1268 2949 1324 2994 et
1368 2942 1578 3010 cogaris
1606 2941 1782 2997 dicere

180 3030 286 3084 vel
319 3029 558 3083 scribere
586 3030 714 3082 mihi
744 3047 756 3080 :
791 3029 907 3100 Ego
931 3041 976 3082 te
1003 3030 1226 3099 plantavi
1262 3033 1411 3084 citem
1441 3034 1776 3102 fructuosam,

181 3127 243 3174 ιιι
268 3135 399 3173 vero
412 3136 681 3173 conversus
703 3137 757 3174 es
773 3120 826 3173 in
842 3122 1232 3175 amaritudinem
1253 3123 1366 3178 citis
1389 3125 1576 3177 alienw
1596 3123 1780 3192 (LXX,

187 3207 453 3277 aliena)“.
464 3207 773 3277 Exspectavi
791 3217 846 3260 ut
859 3211 1053 3278 faceres
1067 3227 1231 3274 uram,
1248 3221 1297 3265 et
1311 3221 1363 3264 tu
1381 3214 1545 3283 fecisti
1556 3176 1781 3284 spinas';
1809 3176 1859 3238 ϐ

189 3307 367 3366 atque
395 3298 599 3351 utinam
625 3297 706 3351 vel
735 3298 852 3352 illas
879 3300 1058 3362 utiles,
1078 3314 1196 3368 qua:
1222 3309 1407 3356 contra
1429 3303 1660 3371 linguam
1690 3319 1784 3359 ne-

189 3403 365 3456 quam
392 3377 746 3456 sepimcntum
775 3387 876 3456 piis
906 3388 1123 3442 auribus
1147 3397 1421 3458 praestant,
1452 3399 1507 3445 et
1535 3391 1694 3446 ﬁdem
1725 3392 1780 3447 in

194 3477 368 3533 corde
381 3486 561 3542 cauto,
579 3479 724 3533 velut
746 3478 950 3548 frugem
976 3481 1026 3534 in
1044 3493 1172 3547 agro
1191 3481 1539 3538 circumcluso
1566 3491 1783 3540 tuentur

199 3577 244 3620 ιι.
263 3566 376 3622 Sed
392 3577 449 3620 tu
469 3567 604 3633 illas,
622 3577 680 3622 ut
705 3570 898 3635 sentio,
923 3570 1136 3626 inutiles
1162 3581 1216 3626 et
1235 3583 1508 3641 nocentes,
1533 3591 1651 3644 quae
1668 3592 1782 3632 ver-

199 3658 326 3713 bum
353 3657 617 3712 suﬁocant
641 3669 697 3714 et
716 3669 1036 3715 convertunt
1064 3662 1116 3716 in
1145 3679 1456 3730 aerumnam,
1485 3667 1612 3722 dum
1652 3685 1772 3724 car-

201 3747 412 3802 nalibus
453 3748 627 3803 adhuc
653 3750 1064 3817 cogitationibus
1091 3753 1252 3808 corda
1281 3755 1576 3824 conﬁgunt,
1625 3761 1777 3830 quasi

203 3837 278 3906 (a)
312 3830 566 3891 rhamdus
595 3837 687 3908 (ι’.
715 3848 825 3892 not.
858 3838 948 3908 27)
979 3856 1138 3910 asper
1163 3844 1458 3912 produxisti
1489 3847 1536 3902 ³³.

270 3944 328 3998 3.
369 3944 572 4011 Quaaris
591 3961 739 4015 ergo,
770 3948 1006 4016 piissime
1051 3959 1224 4019 pater,
1255 3955 1380 4022 quid
1413 3955 1574 4010 facias
1604 3958 1781 4014 adhuc

206 4033 356 4104 quod
380 4051 477 4089 non
498 4035 689 4091 feceris
718 4037 904 4092 nobis?
924 4054 1043 4092 cum
1067 4048 1120 4093 et
1139 4040 1246 4112 48
1265 4044 1578 4112 plantaveris
1608 4065 1700 4102 nos
1726 4054 1779 4105 in

1879 1906 2039 1961 tionis
2061 1915 2163 1961 tua:
2191 1908 2349 1962 arbor
2371 1924 2588 1963 succum
2613 1920 2714 1964 tua:
2739 1910 3076 1966 fecunditatis
3105 1913 3366 1982 accipiat;
3399 1922 3461 1967 ut

1877 2002 1930 2055 in
1959 1998 2046 2053 die
2099 2000 2477 2066 recognitionis
2517 2001 2626 2072 (Id
2650 2013 2726 2055 est
2751 2003 2956 2070 judicii.
2993 2003 3054 2058 V.
3080 2003 3236 2072 epist.
3275 2002 3361 2070 l9,
3403 2019 3458 2056 n.

1877 2087 1963 2157 5),
1994 2104 2102 2157 quo
2131 2091 2332 2159 pariter
2353 2100 2501 2145 sator
2521 2108 2830 2162 messorque
2852 2095 3179 2162 gaudebunt,
3209 2111 3305 2150 nos
3333 2110 3461 2165 quo-

1873 2192 1982 2246 que
2011 2186 2234 2246 paterno
2282 2180 2402 2233 sinu
2439 2181 2669 2236 aﬂerens
2698 2184 2835 2238 inter
2863 2185 3162 2254 manipulos
3194 2195 3343 2248 tuos,
3375 2200 3460 2240 re-

1877 2275 2030 2337 petas
2055 2267 2122 2321 ab
2169 2283 2235 2323 eo
2263 2270 2485 2326 cultui-rc
2515 2280 2618 2325 tua:
2650 2271 2903 2336 fructum;
2935 2290 3056 2328 cum
3096 2275 3170 2328 illi
3209 2275 3300 2344 qui
3339 2283 3455 2330 sata

1879 2357 2208 2426 irrigantium
2232 2361 2416 2425 nutrit,
2439 2371 2493 2416 et
2515 2362 2801 2418 colentium
2827 2365 3036 2418 labores
3061 2365 3131 2435 (ε)
3153 2363 3458 2429 fructificat,

1879 2449 1929 2503 id
1970 2449 2020 2502 in
2069 2451 2240 2516 nobis,
2269 2453 2414 2520 quod
2460 2469 2566 2508 non
2597 2454 2662 2508 ad
2695 2456 2868 2521 ignem
2893 2455 3076 2524 jubeat
3104 2456 3304 2511 abscidi
3354 2455 3450 2526 (V.

1879 2544 2039 2610 epist.
2076 2541 2134 2594 ll
2155 2583 2170 2608 ,
2209 2561 2263 2597 n.
2299 2545 2384 2612 7),
2418 2545 2512 2598 sed
2545 2544 2613 2598 ad
2640 2546 2888 2600 horreum
2910 2555 3110 2600 metere
3137 2547 3384 2614 dignetur
3411 2554 3463 2611 ³³,

1882 2631 2161 2685 obtuleris.

2421 2767 2754 2824 EPISTOLA
2793 2772 2810 2791 ⁶
2850 2769 2938 2824 Xl.

1887 2864 2095 2939 Quanta
2119 2865 2184 2918 sit
2211 2864 2453 2939 caritatis
2471 2864 2778 2939 Christiana!
2803 2885 2958 2939 supra
2974 2867 3222 2923 Immanas
3244 2871 3462 2924 necessi-

1958 2935 2161 3008 tudines
2190 2945 2345 3008 pra'st
2365 2937 2510 3008 tntia,
2544 2938 2785 3008 ostendit,
2805 2935 2940 2990 in'se
2963 2938 3119 3008 deque
3148 2955 3202 2991 se
3237 2941 3345 3007 ipso
3373 2957 3460 2991 sa-

1957 3005 2210 3077 criﬁcium
2239 3004 2348 3077 Deo
2377 3005 2744 3077 immolandum
2765 3047 2777 3069 ,
2813 3004 3060 3060 veteribus
3087 3004 3355 3077 sacriﬁciis
3383 3010 3461 3061 al-

1955 3074 2174 3158 lf'..orice
2211 3073 2484 3158 cgplicatis.
2520 3091 2538 3127 :
2586 3076 2705 3158 item
2747 3079 2987 3158 Severum
3034 3077 3207 3158 laudat
3222 3073 3370 3158 ’φωρ
3397 3077 3459 3132 S.

1958 3141 2174 3214 Martini
2203 3145 2356 3214 vitam
2385 3144 2665 3212 scripserit,
2696 3160 2755 3196 ac
2784 3155 3038 3214 postremo
3070 3147 3136 3198 ad
3164 3164 3218 3200 se
3243 3141 3462 3200 inritans

1958 3211 2025 3332 cf;
2071 3210 2376 3281 evangelicae
2418 3210 2736 3282 paupertatis
2776 3210 3082 3284 pra’slautia
3125 3217 3463 3286 pulcherrime

1958 3298 1987 3332 ιι
2027 3290 2214 3332 monet.

1957 3290 2214 3333 admouet.

1951 3397 2162 3451 Seveno
2193 3397 2339 3452 fratri
2371 3399 2624 3454 unanimo
2653 3397 2929 3456 Parnasus.

1954 3517 2004 3571 l.
2047 3515 2102 3568 lu
2145 3513 2372 3568 Domino
2405 3516 2468 3584 (Γ)
2503 3514 2609 3568 Deo
2641 3513 2764 3568 Jesu
2793 3515 3005 3569 Christo
3032 3516 3226 3582 sentio,
3250 3517 3380 3570 etin
3410 3526 3465 3573 te

1882 3604 2215 3676 potissimum
2245 3618 2464 3657 munere
2487 3612 2540 3656 et
2562 3604 2724 3657 verbo
2751 3603 2843 3657 Dei
2867 3605 3017 3658 lactus
3045 3606 3314 3675 experior,
3335 3607 3462 3676 quis

1882 3699 2046 3750 amico
2075 3695 2217 3765 ﬁdeli
2247 3696 2389 3748 nulla
2421 3703 2496 3748 est
2518 3697 2856 3765 comparatio,
2889 3705 2937 3749 et
2986 3697 3163 3768 lingua
3193 3697 3375 3768 gratia:
3410 3700 3464 3753 in

1881 3788 2012 3842 bono
2043 3788 2251 3841 homine
2297 3786 2527 3840 abundat
2558 3796 2604 3840 ο.
2653 3787 2783 3841 Nam
2825 3790 2974 3856 quasi
3023 3789 3466 3845 medicamentum

1881 3877 2002 3930 vita:
2033 3877 2186 3930 nobis
2215 3877 2512 3930 consolatio
2538 3878 2776 3932 caritatis
2802 3889 2922 3942 tum,
2957 3889 3012 3933 ut
3038 3882 3140 3950 {aui
3173 3881 3336 3934 mellis
3357 3897 3466 3933 ser-

1883 3982 2058 4019 mones
2090 3966 2196 4027 tui;
2229 3974 2282 4016 ut
2310 3982 2443 4033 aqua
2469 3968 2661 4036 {rigida
2692 3969 3001 4033 sitientibus,
3030 3971 3104 4021 ita
3145 3969 3296 4022 nobis
3327 3985 3464 4021 nun-

1887 4058 1988 4109 tius
2021 4056 2087 4110 de
2118 4064 2170 4109 te
2199 4056 2359 4108 bonus
2388 4073 2418 4108 a
2445 4065 2581 4109 terra
2611 4058 2890 4128 longinqua
2920 4069 2968 4110 ι’.
2999 4057 3098 4122 Qui
3128 4074 3248 4112 cum
3295 4068 3351 4111 et
3376 4074 3465 4110 suc

271 4171 451 4254 *_Luc.
479 4174 698 4254 x_tx_,‘l'3.
744 4173 1010 4254 priMatth.
1035 4191 1160 4241 xxv,
1185 4174 1340 4254 9.M°
1387 4177 1574 4234 Matth.
1602 4199 1706 4248 xu,
1730 4185 1779 4238 δέ

2283 4133 2306 4158 ο

1880 4203 1986 4241 .uc.
2012 4205 2080 4246 τι,
2114 4187 2200 4239 45.
2276 4185 2300 4222 δ
2343 4185 2529 4254 Matth.
2556 4203 2643 4250 vn,
2676 4187 2760 4240 l6.
2840 4198 2863 4224 ε
2903 4187 3011 4240 .ler.
3065 4203 3120 4254 ιι,
3151 4187 3236 4240 21.
3286 4186 3304 4224 ί
3344 4187 3469 4241 lsai.

202 4241 472 4320 v,_4,_sec.
505 4242 693 4320 ιλιι.-
736 4253 760 4291 8
787 4242 952 4320 Eccli.
1007 4260 1186 4320 XX\'lll_,
1240 4243 1430 4320 2§,_et
1478 4241 1830 4320 xxxvt,'27';
1896 4241 2083 4309 Matth;
2121 4273 2229 4320 xm,
2262 4258 2312 4308 7.
2393 4254 2415 4290 ιι
2446 4253 2586 4308 P:al.
2633 4241 2768 4317 ἰγιι.
2817 4256 2900 4309 10.

1284 4313 1299 4352 ¹
1344 4315 1632 4390 Mattlhttl,
1663 4313 1750 4389 10;
1781 4313 1908 4380 Luc.
1933 4343 2012 4390 ιιι,
2064 4365 2078 4377 .

207 4315 218 4357 I
251 4310 392 4367 Psal.
426 4331 604 4377 Lxxtx,
633 4313 716 4366 ll.
794 4313 814 4351 ιε
843 4311 970 4367 Luc.
997 4329 1115 4380 xm,
1149 4315 1201 4368 8.

203 4397 272 4446 Vt,
325 4382 415 4436 15.
449 4395 476 4433 ιι
514 4383 672 4438 Prov.
706 4400 814 4450 va,
843 4381 930 4449 9.5,
958 4390 1013 4437 et
1037 4399 1160 4449 xxv,
1191 4383 1280 4448 $5,
1310 4401 1417 4441 sec.
1450 4386 1611 4445 LXX.

2988 4257 2996 4290 ⁵
3033 4256 3170 4310 Psal.
3203 4273 3284 4310 χοι
3313 4297 3328 4317 ,
3381 4255 3468 4308 14.

2148 4337 2183 4362 ιιι
2228 4327 2354 4379 Luc.
2393 4341 2502 4379 xm.
2535 4325 2588 4377 8.
2664 4334 2688 4360 η
2729 4325 2916 4380 Matth.
2943 4342 3055 4392 xm,
3085 4327 3171 4381 50.
3249 4335 3271 4362 °
3299 4326 3469 4381 Eetli.

264 4515 296 4550 ’
324 4513 474 4570 Alias
502 4513 564 4581 5;
594 4531 710 4585 quae
740 4523 916 4570 autem
941 4514 999 4568 ll
1036 4489 1173 4584 erat,
1194 4509 1344 4574 nunc
1371 4519 1420 4572 5.
1456 4519 1664 4591 Scripta
1692 4539 1834 4580 anno
1863 4527 1987 4582 597.

267 4647 348 4717 (a)
387 4644 560 4717 Simili
585 4645 854 4700 locutione
875 4645 964 4717 usi
1005 4654 1132 4700 sunt
1158 4645 1257 4702 SS.
1297 4647 1551 4717 Hilarius,
1581 4650 1774 4708 Hiero-

202 4716 391 4790 nymus
418 4724 474 4790 e_t
501 4716 824 4790 Augustinus
869 4716 921 4768 in
951 4725 1299 4790 commentar.
1337 4734 1500 4788 super
1521 4716 1774 4790 psalmos,

202 4733 230 4770 ιι
253 4733 391 4771 ἰιιιιε
418 4733 474 4771 et
501 4733 824 4783 augusunus
869 4733 921 4768 ιιι
951 4733 1299 4771 commentar.
1337 4734 1500 4788 super
1521 4733 1774 4790 psalmos,

202 4733 282 4858 ubi
323 4787 407 4841 sic
450 4785 641 4858 legitur
676 4785 1029 4858 :_I’riusquum
1075 4788 1323 4854 producat
1367 4790 1542 4858 spinas
1585 4802 1776 4846 vestras

202 4855 465 4909 rhamnus.
497 4855 587 4909 Sic
614 4863 669 4909 et
694 4854 1011 4908 Psalterium
1027 4863 1196 4908 vetus.
1230 4857 1306 4908 Ad
1329 4854 1468 4912 hanc
1491 4859 1774 4916 lectionem

201 4924 384 5000 alludit
399 4923 714 5000 Psalterium
738 4924 1035 5000 Romanum
1056 4925 1108 4978 in
1129 4939 1237 4992 quo
1252 4926 1462 5000 legitur,
1477 4929 1773 5000 priusquam

201 4995 449 5061 producat
470 5063 475 5064 γ
495 4995 672 5064 spinas
701 5004 862 5048 vester
909 4994 1189 5057 rhamnus;
1215 4995 1302 5064 ubi
1332 4994 1581 5064 legerem,
1608 4994 1775 5052 vestra

201 5065 442 5136 rlmmnus
459 5061 613 5131 juxta
634 5061 883 5136 Graecum
907 5071 1128 5136 textum,
1145 5064 1245 5136 nisi
1273 5061 1777 5136 Paulinustlixisset,

201 5132 446 5205 rhamnus
465 5130 651 5205 asper.
669 5134 836 5186 Aliter
857 5130 1144 5205 Agtobius,
1168 5134 1463 5202 priusquam
1493 5130 1779 5205 producani

201 5203 358 5276 spinea
385 5200 567 5276 vestrae
604 5203 874 5266 rhamnos;
903 5200 1262 5276 Eucherius...
1309 5200 1603 5276 ritanmunt.
1633 5205 1783 5276 Sym-

202 5273 433 5344 machus,
457 5274 754 5344 priusquam
771 5280 934 5344 angue
959 5272 1062 5325 sint
1084 5272 1247 5341 spina:
1269 5283 1466 5341 vestrm,
1488 5275 1561 5326 ita
1581 5272 1780 5344 utﬁunt

203 5339 465 5394 rhamnus.
494 5339 629 5394 Vide
656 5350 768 5396 not.
801 5340 888 5393 27.
1111 5339 1118 5341 ⁷
1199 5369 1202 5372 ~

267 5408 525 5482 (ιη-μω(
553 5421 607 5464 et
649 5410 890 5482 Yulgata,
938 5409 1213 5482 singularis
1239 5412 1376 5482 ferus
1423 5413 1661 5480 depastus
1701 5423 1777 5468 est

201 5491 328 5554 eam.
360 5479 457 5534 llic
486 5495 617 5554 vero
655 5477 904 5554 Paulinus
939 5477 1174 5548 speciem
1214 5477 1535 5554 progenere
1564 5485 1772 5554 posuit,

203 5544 336 5616 hunc
363 5550 565 5602 etenim
597 5563 805 5602 versum
837 5544 1190 5616 Hieronymus
1211 5544 1274 5600 ex
1298 5544 1518 5605 Héhraco
1549 5544 1774 5606 transtu-

202 5612 478 5692 lit,_omnes
499 5617 684 5692 bestia:
714 5619 834 5692 agri
856 5612 1100 5692 Διισριιηιῐιιι
1142 5624 1259 5668 sunt
1303 5634 1432 5671 enm.
1462 5619 1567 5675 Sed
1591 5629 1646 5675 et
1672 5637 1772 5692 pro

201 5685 470 5741 auibus-vis
497 5687 680 5740 bestiis
711 5685 967 5740 feracibus
993 5696 1510 5754 onaget‘usurpalur,
1551 5699 1606 5744 ιιι
1635 5685 1771 5756 ιιέεΙ.

1879 4671 1983 4716 (:ttt,
2021 4654 2076 4728 ll
2112 4674 2123 4707 :
2155 4654 2545 4726 Exspectabam
2572 4660 2753 4728 onagri
2778 4660 2826 4712 in
2857 4660 2943 4713 δὶιὶ
2973 4678 3086 4716 sua.
3119 4660 3342 4728 Quidam
3388 4674 3470 4718 ta-

1880 4726 2550 4798 meninterpretesvoluut
2599 4726 2705 4783 illic
2745 4744 2865 4782 esse
2913 4746 3106 4786 noinen
3144 4726 3341 4798 ignota:
3372 4751 3468 4788 vo-

1881 4793 2184 4868 lucris,_ceu
2207 4797 2440 4868 gryphis,
2465 4806 2556 4850 aut
2576 4798 2714 4851 alius
2731 4799 3020 4868 cujuspiam
3043 4801 3119 4856 sic
3139 4793 3198 4856 se
3224 4803 3470 4858 habentis

1882 4864 1971 4941 ad.
1999 4865 2232 4941 reliquas
2273 4864 2558 4941 volucres,
2599 4877 2654 4920 ut
2691 4864 2840 4941 cetus
2879 4864 2944 4922 ad
2981 4872 3218 4941 reliquos
3263 4873 3468 4941 pisces.

1957 4934 2027 5000 (c)
2067 4933 2155 4987 Sic
2193 4950 2319 4987 mss.
2369 4945 2476 4989 tres
2524 4936 2655 5002 Reg.
2705 4937 2824 4990 Vat.
2873 4947 2928 4992 et
2981 4933 3132 4994 Victi.
3172 4933 3291 4994 cum
3332 4943 3464 4995 edit.

1881 5000 2043 5072 Bosv.
2083 5002 2142 5072 plu
2177 5004 2494 5072 quihusdam
2533 5000 2722 5069 editis,
2764 5009 3145 5072 comminutum,
3185 5011 3459 5064 mendose.

1882 5069 2186 5137 Lugendum
2229 5070 2473 5149 Profecto
2511 5085 2876 5149 commeatum,
2915 5078 3057 5149 quod
3099 5069 3180 5132 est
3234 5081 3464 5149 spatium

1881 5155 1943 5194 ac
1975 5148 2185 5208 tempus
2214 5141 2281 5194 ad
2303 5143 2583 5196 culturam.
2616 5144 2744 5198 Vide
2775 5158 2887 5198 not.
2911 5141 3001 5200 lii.

1956 5209 2036 5284 (d)
2077 5209 2173 5284 bis.
2209 5210 2405 5284 Vatia,
2427 5213 2652 5284 postulo,
2679 5224 2728 5267 et
2749 5216 2964 5284 sponde.

1955 5277 2026 5346 (ε)
2070 5277 2391 5356 ιῖήιειίβεαι.
2426 5277 2500 5335 Ne
2536 5284 2645 5356 hoc
2669 5277 2890 5356 verbum
2931 5286 3000 5356 sit
3028 5296 3330 5356 suspectum
3375 5297 3454 5336 ae-

1886 5347 2012 5423 tivc,
2045 5347 2264 5423 utuntur
2293 5347 2498 5423 Patres,
2525 5352 2589 5423 AS.
2615 5353 2924 5407 Ambrosius
2969 5355 3020 5408 in
3048 5347 3254 5423 psalmo
3283 5367 3464 5423 xxxw,

1883 5417 1974 5469 illa
2020 5425 2163 5469 terra
2207 5416 2340 5491 bona
2384 5418 2590 5491 Domini
2637 5437 2752 5475 sine
2788 5424 2892 5477 utlo
2941 5416 3115 5476 labore
3155 5421 3460 5491 fructi/irrit;

1883 5486 2316 5560 quamquambic
2337 5504 2522 5543 sensus
2549 5488 2748 5543 Paulini
2780 5501 2880 5554 est,
2912 5486 3196 5560 fructuosos
3223 5486 3346 5560 facit
3380 5489 3465 5543 la-

1883 5553 2048 5607 bores.
2081 5554 2326 5609 Sacchin.

1880 5690 1913 5746 d
1952 5623 2133 5746 ")th
2167 5633 2273 5680 tres
2302 5644 2429 5682 iis»;
2473 5627 2594 5683 cod.
2633 5627 2761 5694 llcg.
2807 5627 2932 5680 Vat.
2975 5635 3030 5682 et
3063 5627 3211 5684 \‘icn.
3242 5628 3298 5684 In
3326 5627 3459 5684 edit.

1918 5708 2007 5746 ecs
2103 5709 2180 5746 eo.

1918 5701 2032 5747 eest
2053 5701 2180 5747 Deo.
