4078 6352
522 278 673 374 tat

1674 300 1730 357 S.
1770 297 2042 356 PAULINI
2083 292 2326 353 NOLANI
2366 291 2666 350 EPISCOPI

3711 297 3846 354 £92

546 429 681 484 -lutis
726 434 832 483 tum
858 423 1074 486 indicio,
1104 428 1161 476 et
1200 416 1434 475 caritatis
1479 414 1694 485 eloquio
1730 413 2023 482 impingnet
2048 409 2126 479 (α)
2155 412 2204 470 Α
2233 407 2334 464 [ide
2370 408 2602 473 sedulus,
2635 407 2987 477 omnibusque
3029 408 3081 464 in
3124 416 3224 465 nos
3260 410 3476 481 pietatis
3502 413 3845 469 visceribus

558 534 684 574 ossa
713 525 895 575 nostra
924 525 973 583 η,
1003 527 1249 582 magnum
1296 509 1492 563 laetitia:
1538 515 1593 561 et
1619 504 1966 574 jucunditatis
1997 505 2010 535 ⁸
2041 517 2127 558 cu—
2227 500 2444 562 elTusus,
2474 500 2698 555 assiduis
2722 515 2817 555 nos
2851 499 3040 554 litteris
3064 501 3245 567 adeas,
3277 501 3636 559 hlandissimis
3655 504 3844 559 sola-

562 607 767 667 utulutn
809 605 932 667 hinc
958 602 1138 676 habet,
1184 600 1293 670 49
1319 598 1460 669 quod
1491 613 1588 667 per
1630 605 1845 651 nostros
1893 595 2030 649 lilios
2075 594 2128 649 in
2229 594 2318 649 tiis
2349 592 2601 647 mulcens.

566 695 790 750 Domino
814 701 934 747 tuos
963 705 1160 761 pueros
1199 687 1420 743 all'ertur
1447 689 1500 754 ’,
1531 696 1587 742 et
1614 687 1904 757 promitur;
1934 692 1994 739 ut
2020 698 2131 738 non

565 787 734 839 salum
755 783 964 842 litteris,
996 780 1089 836 sed
1111 779 1340 849 quadam
1371 780 1443 833 tui
1467 778 1646 833 lateris
1664 784 1817 846 parte
1844 776 2129 845 potiamur,

566 874 703 938 Quid
745 872 1075 926 retribuemus
1107 869 1328 925 Domino
1376 880 1569 935 nostra,
1617 877 1805 938 praeter
1829 868 2001 922 omnia
2022 882 2135 937 qua
2164 877 2171 883 ‘

563 963 795 1019 retribuit
833 961 979 1017 nobis
1003 961 1052 1027 δ,
1082 977 1181 1032 pro
1221 962 1318 1016 hac
1359 962 1520 1015 etiam
1575 961 1769 1029 gratia,
1801 974 1905 1028 qua
1935 968 1990 1013 te
2032 975 2134 1014 no-

548 1056 647 1117 .bis
695 1061 752 1108 et
797 1053 853 1107 in
899 1052 1127 1109 seculari
1164 1052 1312 1121 prius
1364 1050 1594 1106 amicitia
1631 1050 2050 1112 dilectissimum,
2081 1049 2136 1104 in

2303 683 2355 738 4.
2396 683 2577 752 Neque
2596 691 2680 738 sat
2706 684 2872 739 habes
2892 683 2913 717 δ
2934 684 3304 741 occasionibus
3319 687 3528 741 cunctis
3541 682 3838 749 revisere,

2234 774 2334 829 nisi
2363 780 2419 829 et
2444 786 2639 843 pueros
2667 780 2789 827 tuos
2809 774 3008 827 mittas.
3038 773 3147 829 Nec
3173 776 3345 828 solum
3366 775 3433 829 de
3455 775 3693 845 famulis,
3724 778 3842 831 sed

2235 865 2370 920 etde
2398 862 2517 919 filiis
2543 864 2758 929 sanctis,
2785 879 3009 932 quorum
3030 865 3308 921 benedicta
3330 868 3381 920 in
3406 868 3631 923 Domino
3652 869 3843 938 prole

2236 956 2455 1024 laetaris,
2486 956 2639 1024 eligis
2665 956 2998 1022 tabellarios;
3028 970 3256 1027 quorum
3286 959 3456 1013 oculis
3476 975 3571 1014 nos
3599 959 3843 1023 videas,

2237 1058 2292 1101 et
2312 1061 2405 1099 ore
2431 1045 2728 1115 contingas.
2779 1045 3014 1115 Speciosi
3053 1047 3207 1101 nobis
3246 1048 3398 1117 pedes
3426 1048 3635 1104 illorum
3668 1058 3843 1102 tam-

565 1146 675 1201 suis
703 1158 919 1212 quoque
946 1144 1125 1210 rebus,
1153 1142 1297 1212 quod
1325 1141 1754 1212 incomparabilis
1802 1141 1960 1211 pretii
1983 1140 2137 1195 duci-
2236 1151 2400 1204 quam
2429 1135 2886 1207 evangelizantium
2926 1137 3064 1191 bona
3094 1137 3140 1190 ιι.
3169 1136 3421 1192 Nuntiant
3461 1140 3600 1193 enim
3632 1142 3837 1201 nobist

569 1252 709 1299 lttllS,
742 1234 1071 1291 individuum
1101 1233 1350 1289 comitem
1379 1242 1540 1303 atque
1580 1240 1885 1288 consortem
1913 1230 2140 1301 spiritali
2241 1237 2295 1284 et
2333 1228 2563 1282 aﬂ'erunt
2611 1242 2676 1283 ea
2712 1243 2831 1297 quae
2858 1228 2926 1283 ad
2962 1244 3147 1298 pacem
3185 1237 3311 1285 sunt
3360 1230 3429 1284 de
3478 1238 3557 1296 te;
3584 1246 3717 1285 cum
3750 1233 3841 1299 (ε)

552 1324 920 1391 germanitate
946 1324 1269 1378 connexuit?
2242 1323 2522 1392 proferunt
2549 1337 2713 1392 opera
2742 1321 2977 1387 Domini,
3008 1338 3127 1392 qua:
3165 1330 3256 1376 aut
3295 1325 3534 1393 operaris
3562 1323 3615 1376 in
3644 1324 3840 1377 verbo

644 1410 772 1475 Qui:
802 1420 911 1476 est,
944 1412 1145 1480 inquit,
1178 1420 1342 1466 mater
1369 1429 1512 1481 mea,
1562 1422 1650 1466 aut
1677 1413 1763 1483 qui
1814 1422 1932 1466 sunt
1957 1413 2143 1483 fratres
2245 1411 2361 1479 Dei,
2387 1420 2480 1468 aut
2521 1414 2712 1469 scribis
2747 1414 2799 1468 in
2847 1414 3033 1483 spiritu
3060 1413 3240 1468 Verbi.
3267 1414 3394 1480 Quae
3435 1414 3583 1468 nobis
3612 1413 3839 1469 divitia:

571 1506 669 1558 mei
709 1505 770 1558 οἳ
797 1522 900 1559 non
937 1505 992 1558 hi
1020 1505 1288 1573 videlicet,
1331 1507 1417 1576 qui
1463 1507 1526 1561 de
1569 1508 1827 1561 voluntate
1869 1509 2058 1584 carnis,
2091 1514 2147 1561 et
2247 1510 2355 1558 tam
2386 1502 2619 1572 pretiosa
2648 1517 2885 1567 munera,
2915 1517 3034 1570 qua:
3064 1502 3478 1558 necessitudines
3505 1509 3611 1557 tam
3636 1503 3837 1558 dulcia

550 1594 943 1661 ,convenientia
984 1596 1191 1660 somni;
1223 1597 1312 1652 sed
1347 1597 1439 1665 qui
1475 1613 1540 1651 ea:
1572 1596 1682 1651 Deo
1712 1598 1822 1650 nati
1850 1605 1971 1651 sunt
2000 1595 2023 1637 ἀ
2050 1611 2147 1666 per
2247 1593 2451 1662 possint
2478 1599 2730 1662 pnestare
2757 1592 2984 1646 solatia?
3012 1600 3071 1647 ut
3096 1607 3283 1647 eorum
3304 1593 3569 1661 reputatio
3595 1590 3837 1646 (ἥσει-ιο

571 1684 886 1753 sapientiam
930 1685 1024 1740 Dei
1052 1685 1321 1740 Christum
1356 1705 1369 1739 :
1400 1688 1489 1755 qui
1515 1689 1565 1741 in
1594 1703 1652 1743 se
1677 1704 1899 1743 manens
1930 1690 2147 1742 innovat
2250 1694 2356 1746 tur,
2398 1698 2516 1753 qua:
2562 1683 2615 1738 in
2666 1692 2924 1739 aeternum
2978 1683 3197 1751 largitas
3243 1683 3419 1737 divina
3461 1682 3732 1753 promittit
3768 1678 3841 1745 1;

573 1774 772 1839 omnia,
804 1784 853 1827 et
875 1775 966 1828 dat
984 1784 1289 1845 potestatem
1315 1777 1454 1846 ﬁlios
1493 1777 1590 1831 Dei
1619 1779 1735 1848 ﬁeri
1767 1793 1788 1814 ε
1809 1816 1824 1844 ,
1850 1778 2143 1835 coheredes

2253 1783 2448 1843 quanto
2477 1775 2682 1843 potiora
2713 1781 2835 1843 post
2865 1773 3062 1829 habitis
3094 1774 3255 1829 rebus
3292 1774 3430 1838 sint;
3469 1788 3587 1842 quae
3609 1773 3723 1841 jam
3770 1783 3835 1829 et

575 1863 723 1929 regni
751 1864 870 1929 sui;
902 1873 1121 1934 propter
1164 1866 1388 1935 idipsum
1418 1867 1782 1923 conformatus
1809 1870 2021 1939 corpori
2052 1870 2151 1924 hu-

559 1952 814 2023 militatis
834 1961 1048 2025 nostrae,
1067 1963 1125 2008 ut
1149 1972 1245 2010 nos
1264 1957 1563 2013 conformet
1581 1960 1795 2029 corpori
1811 1959 1992 2027 gloriae
2018 1975 2146 2027 sure;

577 2050 634 2099 et
659 2058 765 2097 non
797 2043 817 2073 ³
840 2044 1011 2099 solum
1038 2060 1069 2099 a
1094 2054 1232 2100 terra
1253 2050 1453 2107 nostra.
1487 2047 1583 2102 sed
1604 2049 1763 2103 etiam
1784 2065 1814 2103 a
1829 2050 2151 2119 cognatione

577 2130 817 2187 divulsos
842 2133 895 2187 in
916 2141 1116 2188 sortem
1147 2143 1201 2188 et
1227 2136 1628 2204 generationem
1662 2154 1813 2192 suam
1843 2138 2147 2195 transferat.

578 2220 697 2288 Quo
729 2239 951 2289 munere
990 2240 1088 2281 nos
1126 2227 1227 2281 sibi
1266 2227 1340 2298 (ὁ)
1368 2244 1573 2293 creare,
1602 2239 1657 2285 et
1685 2231 1736 2284 in
1766 2247 1873 2286 sua:
1913 2233 2151 2289 caritatis

580 2314 795 2369 vinculo
819 2317 1072 2386 copulare
1099 2316 1344 2387 dignatus
1363 2328 1463 2386 est,
1487 2336 1517 2374 a
1539 2320 1900 2379 familiaritate
1926 2324 2147 2391 carnali,

580 2402 637 2458 in
658 2419 761 2473 qua
784 2405 895 2474 jam
912 2422 1058 2462 nunc
1086 2407 1439 2478 intelligimus,
1461 2411 1586 2467 huic
1613 2428 1711 2466 nos
1742 2411 1927 2468 fmderi
1955 2428 2153 2483 pracpa-

581 2501 814 2562 raverat,
842 2494 896 2549 in
933 2502 1188 2552 aeternam
1228 2500 1673 2556 necessitudinem
1709 2502 1903 2558 all‘ectu
1943 2504 2153 2573 potiore

581 2585 826 2638 mutavit.
858 2584 1131 2655 Siquidem
1153 2589 1344 2643 caritas
1375 2587 1570 2646 Christi
1601 2593 1699 2646 ista
1723 2594 1813 2658 sit,
1855 2608 1975 2662 qum
2000 2611 2151 2648 num-

579 2678 951 2744 quantexcidit
994 2679 1037 2744 τ,
1067 2680 1190 2747 quia
1220 2696 1286 2735 ex
1313 2680 1423 2737 Deo
1469 2682 1675 2751 deﬂuit,
1726 2693 1780 2739 et
1808 2687 1859 2739 in
1890 2685 1999 2740 Deo
2029 2702 2151 2755 pcr-

583 2776 791 2831 manet;
824 2760 1166 2839 omnemque,
1191 2772 1242 2826 in
1265 2789 1372 2841 quo
1404 2775 1474 2844 (c)
1506 2784 1737 2839 maneat,
1766 2778 2036 2833 hominem
2059 2794 2154 2834 sua

566 2858 915 2927 'perennitate
942 2871 1243 2932 perpetuat.
1276 2863 1401 2920 Haec
1428 2874 1511 2920 est
1530 2865 1701 2921 inﬂari
1724 2870 1923 2936 nescia,
1963 2886 2157 2940 expers

583 2947 710 3015 doli,
738 2967 867 3020 pura
898 2953 1101 3022 livoris,
1132 2958 1322 3035 aemula
1346 2958 1476 3022 Deo,
1520 2977 1628 3015 non
1656 2961 1889 3017 elatione
1913 2964 2151 3032 spiritus,

585 3040 681 3093 sed
733 3043 920 3112 spiritu
950 3048 1398 3131 mansuetudinis,
1435 3058 1489 3103 et
1529 3051 1866 3108 :emulatiune
1911 3055 2151 3124 pietatis.

2251 1866 2303 1920 in
2343 1867 2445 1919 isto
2481 1866 2665 1921 seculo
2701 1865 3099 1948 rependuntur,
3135 1864 3476 1921 considerare
3510 1873 3835 1934 promptum

2251 1970 2362 2016 est.
2381 1959 2536 2025 Quod
2553 1958 2694 2014 enim
2721 1972 2925 2027 quaeso,
2950 1956 3078 2010 mihi
3106 1955 3357 2010 damnum
3389 1953 3605 2023 pietatis
3626 1962 3682 2009 et
3704 1967 3835 2023 gra-

2252 2053 2338 2106 tim
2366 2067 2559 2121 parens
2582 2050 2920 2113 inhumanus,
2952 2055 3046 2103 aut
3065 2048 3228 2101 frater
3249 2047 3539 2122 negligens,
3567 2055 3663 2100 aut
3688 2047 3847 2101 ami-'

2244 2158 2346 2215 cus
2375 2134 2654 2196 immemor
2676 2138 2897 2207 faciunt,
2926 2153 3046 2193 cum
3075 2152 3261 2193 omnes
3287 2137 3475 2191 horum
3495 2136 3625 2190 mihi
3645 2136 3834 2191 nomi-

2251 2249 2398 2297 num,
2429 2232 2515 2289 vel
2543 2233 2845 2302 pignorum,
2866 2238 2960 2286 aut
2985 2229 3241 2285 finderum
3262 2219 3531 2293 caritates,
3562 2229 3648 2284 vel
3674 2230 3745 2284 de
3776 2238 3836 2285 te

2253 2341 2358 2380 uno
2401 2324 2616 2393 largiter
2658 2320 3055 2395 rependantur?
3084 2327 3142 2375 ut
3186 2326 3391 2381 taceam
3420 2319 3503 2374 vel
3531 2320 3587 2374 in
3616 2328 3834 2386 nostm,

2248 2396 2337 2471 vel
2367 2416 2526 2471 etiam
2557 2415 2610 2469 in
2651 2413 2836 2481 ignoto
2864 2411 3016 2475 orbe,
3047 2426 3154 2465 non
3188 2424 3387 2479 paucos
3425 2416 3481 2464 et
3502 2409 3555 2463 in
3577 2409 3743 2463 Deum
3772 2418 3835 2465 et

2253 2526 2378 2582 erga
2409 2526 2507 2566 nos
2534 2509 2608 2563 tui
2630 2507 2829 2563 similes
2857 2524 2870 2560 :
2892 2519 3119 2575 quorum
3137 2504 3293 2560 nobis
3316 2501 3542 2571 allectus,
3565 2502 3838 2558 maximos

2252 2624 2351 2678 pro
2379 2606 2571 2677 patria,
2589 2612 2645 2658 et
2670 2602 3001 2673 parentibus,
3033 2607 3088 2655 et
3114 2597 3449 2669 patrimoniis
3472 2599 3644 2664 gratia
3666 2597 3836 2651 retri—

2253 2700 2461 2756 hntoris
2484 2696 2741 2764 indulget,
2765 2695 2817 2749 in
2850 2704 2903 2748 te
2938 2707 3066 2758 uno,
3096 2706 3215 2760 quae
3242 2689 3549 2758 accepimus
3580 2689 3740 2752 bona,
3783 2688 3834 2743 si

2254 2796 2644 2859 computemus,
2668 2784 2847 2841 omnia
2871 2782 3025 2837 nobis
3060 2789 3243 2836 nostra
3272 2780 3327 2834 in
3348 2786 3404 2835 te
3431 2779 3630 2846 largius
3669 2785 3834 2845 atque

2255 2881 2542 2954 pretiosius
2583 2884 2929 2947 compensata
2972 2874 3043 2945 (Ι)
3091 2872 3479 2943 reputabimus.
3508 2869 3700 2924 Frater
3724 2885 3832 2924 και

2254 2974 2480 3039 redimit,
2510 2970 2699 3039 inquit,
2727 2968 2932 3023 redimit
2953 2967 3103 3021 homo
3133 2975 3201 3020 τη.
3223 2963 3485 3019 Similiter
3518 2962 3679 3017 nobis
3706 2962 3831 3017 licet

2260 3066 2439 3121 dicere
2469 3082 2483 3117 :
2513 3062 2739 3120 Mundus
2767 3074 2868 3115 nos
2910 3073 3017 3115 non
3046 3062 3213 3121 amat,
3240 3054 3333 3111 sed
3369 3062 3514 3109 amat
3563 3051 3830 3107 Christus;

583 3128 839 3223 Dominus
867 3134 1008 3187 enim
1036 3120 1240 3202 noster,
1269 3147 1325 3192 ut
1354 3139 1467 3209 ipse
1490 3148 1714 3197 testatus
1744 3150 1844 3209 est,
1870 3118 1929 3199 et
1944 3148 2157 3216 experi-
2185 3118 2231 3181 ο
2461 3118 2696 3223 negligit,
2729 3151 2823 3207 sed
2864 3151 3007 3205 Deus
3035 3118 3220 3216 diligit.
3255 3146 3464 3201 Inimici
3491 3145 3715 3200 Ιιοηιίηίε
3733 3144 3833 3199 ἀο-

582 3235 721 3289 tnnr,
750 3222 920 3276 dulcis
941 3233 995 3278 et
1024 3227 1160 3280 mitis
1186 3238 1284 3297 est,
1314 3240 1363 3283 et
1389 3232 1596 3287 humilis
1616 3234 1769 3289 corde
1791 3245 1836 3290 ε.

651 3312 705 3367 3.
731 3313 807 3369 De
829 3331 937 3383 quo
966 3325 1025 3372 tu
1048 3320 1177 3374 mihi
1201 3323 1409 3390 genitus
1426 3325 1591 3382 frater
1619 3345 1726 3384 non
1745 3330 1916 3385 solum
1946 3331 2011 3385 ad
2035 3348 2162 3402 pra:-

581 3418 706 3459 sens
743 3405 1107 3475 adiutorium,
1128 3411 1221 3466 sed
1264 3421 1319 3467 et
1353 3415 1420 3467 ad
1450 3432 1684 3485 perenne
1712 3422 2036 3477 conSortium
2079 3425 2157 3496 (ά)

582 3504 735 3551 tanto
772 3513 996 3569 superas
1024 3517 1239 3559 omnem
1285 3506 1427 3573 circa
1460 3524 1545 3563 me
1583 3511 1944 3580 corporalium
1973 3530 2160 3572 neces-

582 3585 872 3641 situdinum
901 3588 1258 3660 allectioncm,
1287 3605 1488 3663 quanto
1518 3600 1728 3667 potiore
1766 3602 1895 3656 mihi
1939 3615 2160 3674 parente

582 3687 866 3740 germanus
908 3693 986 3743 es,
1018 3695 1180 3749 quam
1210 3684 1283 3738 illi
1313 3701 1449 3755 quos
1477 3703 1604 3744 caro
1634 3698 1837 3745 tantum
1865 3701 1921 3747 et
1944 3698 2159 3763 sanguis

586 3765 715 3818 mihi
736 3766 925 3822 sociat.
961 3769 1059 3826 Ubi
1097 3774 1239 3828 enim
1269 3777 1397 3831 mihi
1428 3795 1568 3835 nunc
1607 3784 2003 3851 consanguinea
2034 3801 2157 3856 ger-

585 3856 846 3912 manitas?
867 3860 953 3915 ubi
970 3864 1202 3920 amicitia
1229 3871 1413 3924 vetus?
1438 3871 1525 3925 ubi
1548 3875 1766 3942 pristina
1785 3879 2159 3938 contubernia?

584 3944 789 4001 Evanui
835 3965 1015 4006 coram
1063 3954 1166 4010 illis
1193 3960 1462 4025 omnibus,
1495 3973 1667 4029 exter,
1709 3974 1766 4020 ut
1805 3967 2004 4024 dictum
2054 3981 2156 4039 est,

581 4039 828 4110 fratribus
853 4045 998 4111 meis,
1029 4056 1077 4100 et
1103 4051 1403 4121 peregrinus
1425 4054 1550 4123 [iliis
1597 4058 1777 4122 matris
1814 4077 1958 4116 mete.
1994 4064 2159 4120 Amici

581 4133 680 4185 mei
708 4141 758 4186 et
767 4137 990 4204 proximi
1004 4139 1273 4208 quondam
1295 4143 1419 4211 mei,
1436 4160 1578 4200 nunc
1603 4164 1634 4200 a
1660 4147 1811 4221 longe
1839 4160 2087 4208 steterunt
2107 4153 2154 4221 ιτς

536 4252 541 4255 ι
580 4231 633 4274 et
659 4266 675 4290 ,
731 4225 869 4280 sicut
915 4227 1105 4283 lluvius
1150 4230 1459 4300 decurrens,
1484 4244 1539 4291 et
1567 4245 1626 4291 ut
1663 4236 1854 4295 ﬂuctus
1877 4251 2156 4311 pertrans-

580 4316 718 4377 ians,
749 4318 828 4372 sic
852 4328 1131 4375 transeunt
1179 4338 1283 4390 me,
1312 4334 1367 4379 et
1391 4327 1442 4380 in
1472 4342 1558 4382 me
1583 4328 1803 4385 forsitan
1833 4333 2161 4390 confundun-

583 4414 671 4457 tnr
695 4413 749 4459 et
773 4408 1112 4475 erubescunt,
1143 4423 1202 4465 ut
1249 4416 1508 4485 scriptum
1538 4428 1653 4487 est,
1695 4424 1880 4477 venire
1922 4426 1988 4478 ad
2025 4442 2112 4481 me
2140 4446 2152 4480 :

583 4492 709 4570 facti
757 4504 881 4551 sunt
934 4499 1097 4566 mihi,
1128 4503 1219 4571 qui
1249 4518 1446 4573 prope,
1496 4506 1688 4577 longe;
1734 4518 1788 4565 et
1844 4513 1935 4580 qui
1977 4514 2155 4584 longe,

583 4599 751 4656 prope
784 4586 826 4642 ί.
858 4588 963 4644 Pro
982 4592 1456 4666 patribasJinquit,
1487 4599 1597 4653 nati
1623 4612 1742 4656 sunt
1771 4602 1862 4658 tibi
1880 4606 1979 4676 ﬁlii
2011 4617 2056 4660 ι.
2080 4608 2159 4663 lta

582 4693 681 4748 pro
716 4682 1044 4749 parentibus,
1074 4695 1128 4739 et
1155 4685 1405 4742 fratribus
1424 4698 1477 4744 et
1505 4692 1709 4759 amicis,
1735 4703 1791 4748 tu
1814 4695 1970 4751 nobis
1989 4696 2160 4755 factus

582 4784 615 4822 a
634 4768 861 4827 Domino
880 4788 958 4838 es,
981 4775 1071 4843 qui
1091 4785 1146 4831 et
1172 4762 1450 4847 parentum
1480 4795 1605 4835 cura
1631 4784 1820 4840 anxius
1842 4793 1897 4840 et
1925 4785 2158 4846 fraterna

585 4857 870 4918 dilectione
895 4865 1173 4932 sollicitus,
1206 4876 1259 4923 et
1307 4871 1413 4941 50
1442 4879 1553 4925 tota
1592 4888 1701 4929 non
1734 4871 1867 4931 ﬁcta:
1911 4880 2159 4941 amicitia:

2256 3247 2455 3302 mestici
2478 3248 2590 3318 ejus
2620 3254 2671 3309 ιι,
2697 3243 2789 3299 sed
2836 3256 3046 3297 rursum
3084 3239 3241 3294 amici
3288 3237 3524 3293 hominis
3549 3236 3833 3292 domestici

2258 3341 2373 3397 Dei.
2390 3338 2615 3393 Fuerint.
2628 3336 2782 3392 nobis
2808 3333 3019 3398 fratres,
3035 3339 3090 3387 et
3120 3330 3305 3395 amici,
3318 3338 3368 3385 et
3393 3327 3626 3399 proximi
3637 3327 3765 3383 boni
3777 3335 3835 3383 et

2257 3429 2463 3497 magni;
2485 3426 2579 3483 sed
2593 3442 2699 3482 non
2730 3425 2828 3480 fuit
2848 3424 3100 3494 placitum
3118 3421 3262 3477 circa
3279 3435 3377 3475 nos
3398 3420 3451 3474 in
3480 3420 3560 3476 eis
3582 3418 3832 3485 Domino,

2257 3520 2348 3589 qui
2375 3528 2429 3574 te
2450 3517 2611 3586 elegit
2651 3515 2857 3570 donare
2881 3512 3039 3568 nobis
3064 3511 3117 3565 in
3147 3508 3366 3565 fratrem
3398 3507 3833 3578 inseparabilem,

2257 3610 2391 3664 etin
2419 3607 2720 3678 proximum
2758 3601 3193 3665 dilectissimum;
3241 3614 3400 3669 quem
3447 3598 3649 3653 merito
3697 3598 3835 3652 sicut

2257 3697 2616 3767 nosmetipsos
2642 3694 2939 3762 diligamus,
2966 3691 3087 3760 quia
3112 3704 3210 3745 cor
3238 3688 3407 3743 unum
3438 3694 3496 3743 et
3531 3702 3695 3742 unam
3716 3687 3836 3740 aui-

2257 3803 2400 3844 mam
2429 3796 2603 3851 tecum
2626 3785 2677 3839 in
2700 3782 2913 3838 Christo
2941 3780 3197 3835 habemus
3226 3787 3272 3832 °.
3532 3780 3549 3797 '

2327 3879 2381 3933 5.
2420 3877 2605 3946 Itaque
2631 3872 2773 3944 quod
2794 3887 2951 3941 supra
2974 3856 3207 3925 breviter
3228 3868 3500 3939 posuimus
3527 3866 3594 3921 de
3613 3867 3838 3922 caritate

2206 4024 2209 4027 η
2258 3970 2545 4025 multorum
2565 3980 2719 4037 aeque
2744 3963 3060 4034 spiritalium
3092 3963 3134 4029 ⁵,
3167 3974 3501 4029 nequaquam
3530 3967 3659 4027 apte
3684 3967 3739 4012 et
3760 3958 3835 4011 di-

2256 4079 2360 4133 gne
2388 4062 2652 4125 diximus;
2684 4059 2736 4113 in
2782 4056 2975 4111 nullius
3004 4054 3146 4109 enim
3178 4052 3252 4124 (g)
3284 4066 3510 4123 persona
3540 4062 3837 4118 congruere

2257 4154 2414 4209 nobis
2439 4151 2646 4214 eadem,
2674 4162 2836 4217 qnam
2867 4148 2918 4200 in
2952 4155 3005 4199 te
3034 4145 3309 4206 habemus,
3340 4142 3508 4210 gratia
3538 4149 3743 4210 potest.
3770 4138 3838 4195 Ut

2257 4246 2398 4300 enim
2424 4257 2574 4310 atque
2596 4239 2814 4307 diligere
2835 4236 3122 4306 dignentur
3143 4234 3219 4305 (It)
3249 4234 3300 4287 in
3332 4232 3634 4288 humilitate
3658 4238 3837 4287 nostra

2258 4334 2483 4402 gratiam
2513 4330 2759 4393 Domini;
2787 4336 2962 4383 tamen
2994 4325 3118 4380 illud
3150 4326 3202 4379 in
3230 4331 3285 4378 te
3309 4322 3542 4391 speciale
3564 4321 3724 4375 nobis
3745 4320 3839 4376 do-

2262 4440 2387 4480 num
2427 4432 2537 4488 est,
2574 4421 2718 4489 quod
2748 4418 3152 4489 prtedestinatos
3190 4431 3288 4469 nos
3327 4414 3553 4469 invicem
3581 4412 3739 4466 nobis
3788 4412 3838 4465 in

2264 4516 2488 4572 caritate
2508 4512 2705 4569 Christi
2735 4509 3065 4581 iunctissima
3091 4508 3286 4578 prioris
3307 4521 3522 4576 quoque
3551 4504 3679 4558 Viue
3709 4504 3842 4558 ami-

2265 4608 2389 4663 citia
2418 4604 2665 4674 signavit,
2687 4603 2863 4657 adhuc
2891 4601 2993 4671 51
3019 4613 3226 4661 eorum,
3252 4611 3372 4666 quae
3401 4609 3540 4649 nunc
3561 4608 3659 4663 per
3683 4592 3842 4647 Chri-

2265 4709 2405 4755 stum
2447 4696 2751 4760 avertimur,
2788 4700 3076 4747 amatores.
3106 4689 3213 4744 Sed
3252 4698 3430 4742 tamen
3465 4687 3525 4741 in
3548 4686 3706 4750 hanc,
3740 4699 3843 4753 qua

2266 4792 2427 4848 modo
2456 4791 2756 4846 interventu
2776 4786 2872 4840 Dei
2902 4784 3166 4840 nectimur
3192 4782 3461 4850 copulam,
3492 4794 3591 4848 per
3613 4793 3845 4833 consue-

2267 4886 2503 4942 tudinem
2535 4881 2676 4937 illius
2706 4875 3077 4934 familiaritatis
3108 4871 3453 4935 inolesimns;
3489 4875 3551 4922 ut
3574 4865 3844 4935 diligendo

658 5031 698 5108 ς.
724 5020 883 5108 Prov.
917 5025 1140 5108 xvn,“30._
1180 5028 1224 5108 ’ξ’
1264 5028 1406 5108 Ιξδειι.
1440 5031 1682 5108 cxv,_12.
1765 5044 1788 5072 ε
1829 5034 2016 5108 Matth.
2073 5058 2163 5108 xu,
2195 5042 2283 5096 48.
2358 5038 2383 5077 ἀ
2424 5038 2616 5108 Johan.
2647 5052 2712 5108 ε,
2748 5032 2835 5108 l3.
2913 5042 2937 5069 °
2975 5029 3114 5108 ibid;
3163 5026 3247 5108 12-
3329 5020 3839 5108 ’,1,Ροεο,ιιιιι,ἓ·

587 5092 839 5172 snMatth.
873 5094 1053 5172 x1,_2_9.
1106 5097 1319 5172 _l’_Ps_al.
1341 5114 1524 5172 ijtlt.
1556 5101 1609 5164 9,
1627 5111 1683 5157 et
1709 5120 1906 5170 xxxvii,
1936 5106 2022 5172 l2,
2044 5092 2163 5166 s88:
2183 5092 2348 5166 Dsalt.
2368 5092 2521 5164 Rom.

2606 5105 2619 5144 ί
2643 5090 2782 5160 Psal.
2812 5116 3013 5162 xxxvii,
3049 5097 3134 5163 1‘2,
3165 5105 3219 5152 et
3242 5094 3379 5157 cvm!
3400 5093 3484 5159 l0;
3508 5092 3647 5160 Eph.
3676 5090 3840 5163 11,11}.

588 5161 756 5218 iPsal.
780 5178 919 5230 xuv,
944 5164 1029 5220 l7.
1106 5164 1130 5203 ¹ι
1149 5167 1271 5224 lsai.
1291 5186 1382 5235 LII,
1400 5168 1462 5237 7;
1490 5158 1645 5227 Rom.
1666 5190 1720 5238 ι,
1743 5173 1829 5228 l5.
1852 5158 2152 5235 Ἶᾘέιῖιῖ

2254 5158 2646 5250 ζξρῗῗὶᾦεθι.
2662 5158 2842 5239 xhvm,
2858 5171 2909 5225 8.
2986 5158 3012 5207 ’ί
3030 5158 3215 5223 Matth.
3235 5183 3289 5231 ι,
3314 5163 3403 5218 56.
3473 5158 3506 5199 κο
3522 5158 3644 5217 Act.
3663 5158 3841 5231 “3.3%.

654 5324 731 5395 (tt)
771 5321 869 5395 his.
900 5322 1079 5395 Vien._,
1102 5324 1404 5395 impingunt.

654 5392 747 5475 (ir).
767 5391 857 5448 Sic
882 5408 1011 5449 mss.
1045 5391 1185 5465 Reg.
1208 5391 1438 5449 et'Vien.
1471 5403 1527 5449 et
1557 5394 1685 5451 editi
1713 5394 1765 5451 4.
1800 5396 1939 5452 Edit.
1970 5396 2155 5467 Rosv.,

585 5476 766 5516 creari.

660 5529 733 5593 (ε)
771 5531 868 5586 Ms.
900 5532 1080 5597 Vien.,
1112 5544 1304 5594 manet.

656 5599 733 5665 (ιι)
772 5600 848 5655 lta
875 5619 999 5658 mss.
1034 5604 1162 5676 Reg.
1188 5604 1342 5661 Vien.
1367 5612 1422 5662 ct
1443 5604 1569 5661 edit.
1604 5603 1787 5662 Schol.
1816 5606 1991 5663 Ceteri
2022 5607 2162 5663 codi-

587 5684 692 5724 l'CS.
726 5678 920 5726 tantum

2348 5332 2418 5403 (e)
2460 5330 2549 5403 Sic
2576 5343 2675 5403 ms.
2712 5326 2870 5383 Vicn.
2900 5330 2955 5403 et
2976 5320 3122 5403 nedit.
3153 5317 3303 5403 (irin.
3344 5316 3474 5403 edit;
3505 5316 3703 5403 Rnsv.,
3728 5331 3842 5387 per-

2272 5388 2750 5474 ferntit._ltls._lleg.
2782 5409 2902 5474 cum
2924 5392 3091 5474 tribus
3119 5388 3294 5453 editis,
3326 5388 3631 5459 prwfemut.

2353 5471 2424 5542 (f)
2458 5469 2561 5542 _Ms.
2592 5463 2785 5528 Vatia,
2804 5463 3124 5542 putum-mgis:

2343 5528 2419 5612 (ξύ
2457 5539 2533 5612 tta
2565 5552 2689 5612 “15.5-
2722 5528 3144 5612 cmissaﬁditi’
3177 5541 3468 5612 ρεξδοηανη·

2346 5591 2422 5680 ἰδίιῇ
2460 5591 2556 5663 ills.
2589 5607 2738 5662 Vicn.
2785 5591 3376 5657 humilitatem-nostram
3416 5594 3583 5666 gratia
3611 5591 3839 5649 Domini.
