4078 6352
598 334 708 398 (95

1707 339 1773 394 'S.
1815 340 2083 396 PAULINI
2125 339 2370 397 NOLANI
2410 341 2710 397 EPISGOPI

3757 343 3858 400 196

601 452 759 510 unius
779 465 973 523 parum
1002 451 1275 522 pudicitia,
1321 449 1540 505 alterius
1567 451 1787 504 stultum
1825 452 2162 521 simplicitate
2194 460 2236 513 Α
2270 454 2422 507 nobis
2445 462 2493 506 et
2519 456 2747 506 animam
2777 465 2833 505 et
2860 468 3072 508 carnem
3103 468 3250 508 suam
3275 455 3470 523 posuit,
3499 458 3783 528 etreeepit
3803 457 3849 522 Ιι;

601 544 926 608 referens;
957 543 1116 612 quale
1161 550 1213 596 te
1240 541 1557 596 sacriﬁcium
1587 541 1698 596 Deo
1737 543 1991 598 exhibere
2016 546 2168 600 video

602 634 654 688 in
685 635 884 704 templo
913 635 987 687 tui
1010 632 1272 702 corporis,
1315 632 1365 685 in
1395 634 1632 686 sacrario
1655 633 1730 686 tui
1758 633 1954 697 cordis,
1986 634 2038 687 in
2069 636 2170 688 im-
2205 669 2222 683 .

600 724 891 782 molatione
906 732 1007 777 tua:
1030 723 1228 789 carnis,
1251 723 1302 776 in
1324 723 1595 778 oblatione
1619 733 1720 777 tum
1742 725 1948 778 animze.
1977 725 2172 780 Immo-

601 815 677 867 Ias
708 824 932 879 taurum,
982 827 1102 868 cum
1147 815 1230 883 pia
1262 815 1560 868 humilitate
1608 815 1880 884 depositus
1907 818 2169 871 cervicem

581 904 756 958 altam
788 906 1094 974 percussisti
1143 906 1334 960 timore
1381 906 1582 959 divino.
1628 906 1879 962 Immolas
1933 908 2162 974 hzedum,

582 1011 716 1050 "cum
756 998 933 1050 omnia
967 998 1196 1052 sinistra:
1245 999 1409 1066 partis
1457 1013 1639 1067 opera,
1667 997 1886 1066 justitize
1915 1008 2167 1065 sectator,

597 1087 870 1142 interﬁcis.
894 1089 1058 1142 Ovem
1084 1088 1314 1157 jugulas,
1350 1106 1468 1144 cum
1494 1091 1716 1157 diligens
1737 1091 2032 1159 operarius,
2055 1099 2170 1144 stu-

595 1178 884 1248 diosusque
913 1171 1206 1233 meditator
1225 1181 1414 1234 divimc
1445 1181 1729 1234 voluntatis
1755 1190 1811 1234 et
1839 1181 1996 1248 legis,
2027 1182 2170 1235 iuer-

599 1270 728 1324 tiam
759 1273 836 1342 (α)
862 1272 913 1324 in
941 1280 992 1324 te
1019 1279 1074 1324 et
1099 1272 1355 1338 ignaviam
1380 1272 1530 1339 quasi
1573 1287 1734 1342 pecus
1759 1273 1919 1328 molle
1939 1283 2176 1344 proster-

600 1361 702 1426 nis,
732 1369 785 1415 et
813 1377 841 1414 a
875 1369 926 1414 te
954 1363 1073 1415 vita:
1119 1361 1269 1416 istius
1314 1361 1691 1430 impedimenta
1712 1404 1726 1428 ,
1757 1363 1906 1432 quasi
1947 1363 2167 1428 vellera,

601 1452 837 1506 tondenti
865 1453 1032 1515 utilia,
1065 1468 1287 1507 onerosa
1318 1454 1567 1520 gestanti,
1599 1452 1798 1524 forcipe
1838 1453 1986 1509 verbi
2012 1454 2173 1509 caele-

594 1544 693 1598 stis
721 1542 792 1612 (b)
814 1543 1040 1597 abscidis
1073 1561 1084 1594 :
1118 1559 1220 1613 qua
1253 1560 1351 1598 nos
1377 1543 1584 1599 duobus
1611 1545 1964 1600 Testamentis
1991 1561 2177 1616 appre-

594 1630 790 1688 hensos
844 1639 989 1688 tenet
1028 1631 1302 1697 Christus;
1359 1642 1412 1688 et
1469 1635 1551 1688 vel
1591 1635 1813 1692 sarcinis
1847 1635 2174 1690 secularibus

591 1723 743 1792 quasi
774 1722 908 1777 lanis
951 1724 1098 1776 exuit
1132 1740 1143 1774 :
1176 1724 1261 1778 vel
1284 1739 1511 1788 rursum,
1537 1732 1594 1777 ut
1630 1725 1826 1778 vellera
1855 1740 1884 1778 a
1913 1740 2168 1794 corpora-

2275 543 2364 610 qui
2394 552 2449 596 et
2471 545 2720 597 sacerdos
2740 551 2795 597 et
2825 543 3015 607 hostia,
3038 552 3093 598 et
3123 558 3290 612 agnus
3316 553 3370 599 et
3398 555 3583 614 pastor
3601 553 3708 613 est,
3758 561 3852 615 qut

2273 647 2368 700 pro
2403 633 2602 685 “ovibus
2633 633 2741 686 suis
2763 641 2965 702 pastor,
3003 642 3055 686 et
3083 648 3181 702 pro
3209 635 3514 703 pastoribus
3539 636 3653 688 suis
3681 651 3849 706 agnus

2272 722 2480 776 occisus
2507 729 2608 776 est.
2640 722 2756 791 Ipse
2784 724 2924 777 enim
2956 722 3209 776 Dominus
3246 724 3417 778 hostia
3467 724 3708 777 omnium
3759 739 3849 779 sa-
3913 711 3915 714 6

2271 814 2545 867 cerdotum
2577 822 2654 866 est
2694 811 2736 876 ί,
2755 813 2846 880 qui
2872 813 3217 881 semetipsum
3267 828 3364 882 pro
3389 813 3628 866 omnium
3651 827 3848 867 rectm-

2271 902 2539 956 ciliatione
2567 901 2709 956 Patri
2740 902 2928 962 libans,
2960 901 3172 956 victima
3199 902 3481 956 sacerdotii
3515 903 3620 967 sui,
3641 910 3709 955 et
3758 916 3845 958 sa—

2271 995 2463 1050 cerdos
2514 1011 2624 1048 sua:
2673 996 2896 1049 victimae
2949 993 3088 1046 fuit:
3121 993 3315 1062 cuique
3343 1008 3486 1046 nunc
3510 1001 3569 1045 ut
3611 992 3845 1045 uitietu-

2272 1086 2417 1139 nimu
2448 1086 2672 1140 Domino
2701 1085 2874 1139 omnis
2902 1100 3040 1139 nova
3071 1092 3316 1138 creatura
3340 1085 3685 1148 sacriﬁcium,
3724 1084 3846 1155 ipsi-

2271 1188 2376 1242 que
2403 1183 2526 1226 sunt
2546 1173 2732 1227 hostia:
2761 1173 3084 1228 sacerdotes.
3111 1172 3167 1227 Si
3191 1188 3331 1226 nunc
3351 1173 3401 1226 ei
3413 1188 3521 1225 nos
3545 1172 3846 1227 tendendos

2271 1264 2325 1318 in
2370 1264 2583 1319 silentio
2631 1263 2940 1317 humilitatis
2991 1271 3152 1332 atque
3197 1262 3484 1332 patientiae,
3513 1277 3620 1331 qua
3646 1263 3847 1332 seipse

2271 1368 2370 1423 pro
2400 1353 2552 1408 nobis
2576 1353 2818 1422 pncbuit,
2845 1353 3192 1421 praebeamus,
3224 1352 3476 1422 suscipiet
3499 1352 3554 1406 in
3591 1367 3653 1406 se
3682 1366 3844 1406 onera

2271 1445 2482 1501 velleris
2510 1446 2709 1508 nostri;
2742 1459 2838 1498 nec
2867 1434 3235 1512 dedignabitur
3254 1444 3434 1498 ovium
3455 1456 3676 1497 suarum
3699 1442 3845 1496 lanas

2273 1543 2508 1605 portare,
2531 1535 2619 1604 qui
2642 1535 2807 1604 ipsam
2837 1549 3010 1598 ovem,
3035 1548 3193 1601 quam
3223 1535 3290 1587 ab
3317 1546 3498 1587 errore
3527 1532 3591 1602 (ἱ)
3623 1546 3846 1585 revoca-

2271 1629 2407 1682 verit
2450 1627 2685 1680 humeris
2715 1625 2810 1696 (V.
2841 1633 2954 1680 not.
2984 1623 3073 1696 29)
3099 1625 3208 1678 suis
3248 1624 3314 1677 ad
3368 1624 3526 1678 ovilia
3566 1629 3846 1692 reportare

2274 1717 2522 1785 dignatur
2543 1718 2556 1766 i
2574 1757 2588 1770 .

594 1811 728 1866 libus
756 1813 898 1866 vitiis
929 1822 1197 1882 tamquam
1239 1829 1268 1866 a
1314 1813 1568 1868 morbidis
1602 1823 1656 1868 et
1697 1815 1946 1870 mollibus
1985 1815 2164 1868 ovium

2341 1831 2393 1884 9.
2436 1829 2501 1883 Et
2553 1828 2804 1898 quoniam
2851 1827 3408 1882 bonorumnostrorum
3437 1825 3545 1893 ipse
3573 1840 3678 1876 non
3707 1823 3843 1875 indi-

592 1903 903 1972 corporibus
934 1904 1004 1973 (c)
1027 1903 1307 1958 abscidens
1331 1944 1345 1968 ,
1378 1905 1429 1958 in
1460 1906 1833 1960 vestimentum
1865 1907 1944 1961 sui
1979 1922 2178 1977 corpo~~

591 1995 684 2057 ris,
730 1994 874 2063 quod
903 1995 1219 2064 operatione
1249 1995 1578 2050 credentium
1605 1997 1757 2064 tegit,
1802 1997 2062 2066 siquidem
2092 1998 2169 2050 vi-

590 2085 767 2140 eissim
809 2086 884 2155 (ά)
933 2101 1052 2140 cum
1095 2084 1364 2140 Christum
1416 2087 1680 2141 induimus
1715 2097 1774 2152 ι,
1819 2088 2098 2142 induatnur
2136 2105 2166 2142 a

591 2173 823 2237 Christo,
860 2176 910 2228 in
942 2171 1192 2230 Ecclesiae
1222 2191 1384 2245 pensa
1423 2176 1668 2242 deducit,
1713 2184 1767 2231 et
1815 2176 2034 2231 ﬁmbriis
2059 2192 2168 2232 sua:

591 2265 754 2320 vestis
785 2266 993 2320 intexit.

659 2356 711 2409 8.
755 2354 1009 2411 Totondit
1037 2365 1089 2411 te
1115 2356 1200 2410 hic
1223 2363 1408 2426 pastor
1430 2357 1573 2426 jam;
1606 2367 1662 2412 ut
1702 2359 1950 2423 arbitror,
1983 2368 2037 2414 et
2065 2375 2164 2428 po-

591 2447 698 2501 suit
726 2446 778 2500 in
802 2462 924 2500 area
945 2462 1059 2510 sua,
1093 2454 1146 2500 et
1166 2447 1368 2501 cmlesti
1394 2463 1517 2502 rore
1545 2447 1775 2517 perfudit
1801 2449 1970 2504 vellus
1996 2458 2162 2502 tuum.

590 2535 720 2591 Nam
749 2544 804 2588 et
825 2536 993 2603 gratia
1022 2550 1140 2604 quas
1170 2536 1338 2589 infusa
1367 2544 1450 2590 est
1477 2538 1557 2591 ori
1589 2546 1702 2599 tuo,
1727 2545 1781 2591 et
1805 2553 1902 2607 per
1929 2553 1991 2592 os
2013 2545 2163 2592 tuum

587 2629 738 2699 quasi
763 2627 910 2681 rivus
929 2642 958 2680 a
984 2628 1215 2682 fontibus
1235 2628 1414 2694 Israel,
1428 2629 1510 2684 vel
1528 2631 1598 2701 (e)
1613 2631 1817 2706 διώρυξ.
1835 2639 1890 2684 ut
1909 2631 2164 2699 scriptum

589 2726 672 2774 est
701 2718 747 2785 ι’,
771 2733 801 2771 a
823 2717 1066 2788 paradiso
1095 2719 1369 2774 abundans
1397 2720 1531 2790 ﬁuit,
1553 2721 1708 2776 docet
1767 2738 1881 2787 nos,
1923 2712 2045 2791 quia
2075 2723 2164 2775 de-

590 2807 787 2862 scendit
810 2809 862 2862 in
893 2817 946 2862 te
969 2808 1222 2862 Dominus
1249 2811 1380 2863 sicut
1400 2813 1570 2880 pluria
1589 2813 1642 2865 in
1665 2812 1820 2866 rettus
1855 2823 1898 2877 ο,
1923 2821 1976 2866 et
2021 2811 2166 2866 dedit

594 2899 686 2952 tibi
711 2915 904 2968 aquam
931 2900 998 2954 de
1019 2908 1183 2970 puteo
1202 2898 1368 2955 Jacob
1398 2898 1446 2965 δ,
1477 2903 1598 2970 quia
1631 2910 1688 2955 tu
1710 2919 1924 2972 quoque
1950 2904 2017 2958 de
2045 2903 2165 2957 filiis

590 2989 752 3044 Israel
800 2988 1026 3044 Domino
1073 2991 1140 3060 (f)
1193 2990 1583 3059 propinquatus
1625 2993 1925 3046 exstiteras.
1957 2992 2012 3046 Si
2035 3008 2163 3061 ergo

586 3090 874 3151 pertonsus
919 3095 995 3146 es,
1027 3080 1226 3150 duplex
1251 3081 1568 3136 beneﬁcium
1598 3083 1864 3151 recepisse
1894 3089 1946 3135 te
1974 3082 2158 3145 sentis,

2270 1933 2352 1993 get
2377 1922 2422 1986 ιε,
2452 1937 2550 1976 nos
2576 1935 2704 1974 vero
2733 1920 2968 1973 omnium
2997 1917 3137 1971 illius
3166 1917 3478 1984 indigemus,
3511 1923 3698 1970 nostro
3728 1923 3843 1968 tan-

2261 2023 2379 2069 tum
2401 2016 2542 2069 bono
2574 2015 2726 2068 nobis
2753 2013 2946 2080 bonus,
2978 2013 3118 2081 capit
3142 2019 3321 2065 nostra
3346 2025 3464 2079 qua:
3491 2025 3589 2064 sua
3612 2013 3767 2074 Sunt,
3789 2017 3843 2063 et

2269 2115 2446 2159 tamen
2470 2121 2531 2159 ea
2555 2104 2688 2172 juris
2717 2104 2796 2157 sui
2821 2119 2924 2157 non
2952 2103 3092 2166 vult;
3118 2111 3174 2156 ut
3195 2103 3548 2171 quasinostra
3578 2099 3734 2153 nobis
3754 2113 3842 2152 ae-

2265 2205 2423 2266 cepto
2455 2195 2606 2260 ferat,
2639 2211 2759 2250 cum
2791 2195 2920 2248 nihil
2950 2195 3240 2248 habeamus
3268 2193 3366 2247 nisi
3396 2191 3765 2260 acceperimus
3791 2189 3833 2254 ις

2267 2294 2323 2340 et
2368 2302 2434 2340 ne
2465 2286 2562 2355 ipsi
2600 2286 2810 2354 quidem
2843 2286 2955 2339 sine
2983 2293 3110 2338 nutu
3137 2284 3299 2352 ipsius
3323 2297 3448 2337 esse
3479 2283 3749 2351 possimus
3777 2291 3837 2334 ει.

2265 2375 2404 2444 Ergo
2422 2376 2554 2430 nihil
2589 2377 2639 2429 in
2668 2377 2807 2430 hunc
2830 2375 3084 2428 mundum
3133 2373 3486 2427 inferentibus
3507 2381 3554 2434 η,
3588 2372 3840 2426 substan-

2267 2469 2390 2522 tiam
2413 2483 2590 2521 rerum
2622 2466 2992 2536 temporalium
3016 2465 3165 2533 quasi
3187 2464 3378 2518 tonsile
3402 2463 3572 2516 vellus
3598 2462 3838 2532 apponit,

2265 2573 2372 2610 non
2405 2566 2460 2610 ut
2488 2559 2695 2611 sarcina
2727 2556 2999 2626 impediat,
3032 2572 3166 2625 quos
3196 2555 3474 2624 expeditos
3495 2553 3642 2607 nasci
3666 2553 3838 2622 jubet,

2262 2647 2354 2700 sed
2401 2655 2458 2700 ut
2515 2647 2792 2700 materiam
2839 2647 2993 2700 nobis
3012 2648 3234 2700 virtutis
3267 2645 3335 2699 ad
3363 2644 3552 2698 merita
3584 2641 3840 2712 parienda

2263 2744 2560 2804 proponat;
2592 2744 2645 2789 et
2673 2737 2742 2790 sit
2770 2736 2915 2790 unde
2935 2737 3313 2791 documentum
3337 2743 3532 2789 nostra:
3563 2735 3618 2788 in
3649 2733 3837 2798 Deum,

2267 2826 2314 2879 id
2341 2835 2421 2879 est
2450 2841 2632 2880 verum
2661 2825 2870 2881 Patrem
2898 2842 2963 2882 ac
2984 2827 3293 2890 Dominum,
3322 2825 3444 2880 ﬁdei
3477 2834 3640 2892 atque
3667 2825 3840 2893 pieta-

2267 2915 2334 2968 tis
2362 2915 2603 2981 edamus,
2625 2915 2670 2970 si
2693 2923 2981 2985 suppetant
3009 2916 3161 2970 nobis
3177 2930 3311 2970 -ca"a
3343 2915 3424 2968 vel
3470 2913 3668 2980 dulcia,
3698 2927 3836 2982 qm,

2263 3005 2604 3075 pmferentes
2635 3005 2817 3072 Deum,
2845 3019 3038 3072 magno
3068 3005 3286 3073 praemio
3313 3004 3638 3072 negligamus
3665 3012 3689 3038 ο
3721 3020 3734 3055 :
3783 3009 3839 3055 et

2261 3105 2378 3162 Quae
2433 3085 2530 3163 per
2569 3095 2882 3150 immensam
2925 3096 3039 3164 ejus
3075 3095 3390 3160 bonitatem,
3418 3109 3540 3148 cum
3567 3109 3667 3147 nec
3697 3093 3840 3146 illata

589 3172 715 3241 (Ιυίθ
761 3178 816 3225 ει
861 3171 913 3224 in
960 3178 1094 3252 335!“
1136 3169 1302 3223 530"“
1324 3169 1473 3234 ιθνίε,
1505 3184 1699 3238 lmscua
1722 3163 1872 3224 νθὼί
1893 3170 2164 3224 matutina?
2194 3173 2240 3235 C
2270 3184 2546 3238 nobiscum
2594 3185 2700 3238 sint
2728 3185 2781 3239 in
2811 3186 2952 3239 hunc
2987 3185 3250 3239 .mundum
3302 3195 3349 3249 P,
3391 3199 3564 3252 neque
3597 3183 3753 3237 istinc
3774 3181 3840 3252 (j)

582 3262 787 3316 .lzetititn
818 3260 896 3333 (g)
921 3249 1065 3317 roris
1090 3275 1272 3329 sparsa
1299 3259 1571 3330 decerpis;
1603 3275 1704 3315 nec
1731 3261 2008 3316 meridiani
2057 3263 2166 3316 dac-

583 3354 758 3408 ‘monii
791 3360 812 3390 ε
845 3351 1038 3406 ardore
1068 3352 1304 3417 terreris,
1337 3352 1459 3421 quia
1489 3352 1586 3406 sub
1617 3351 1800 3405 umbra
1829 3352 2032 3406 alarum
2056 3352 2164 3408 Do—

582 3445 723 3500 :mini
750 3442 767 3482 ί
796 3443 1149 3512 conquiescis.
1181 3440 1404 3496 Paratur
1425 3443 1518 3496 tibi
1543 3443 1753 3497 interim
1780 3444 1954 3498 tunica
1975 3441 2168 3498 deztuis

582 3534 744 3598 .Ianis,
771 3548 874 3602 qua
903 3534 955 3587 in
984 3533 1070 3586 illa
1092 3533 1396 3588 die'hiemis
1416 3533 1683 3597 vestiaris,
1717 3541 1774 3587 ut
1801 3543 1924 3589 ante
1973 3534 2165 3589 faciem

581 3619 803 3689 :I‘rigoris
830 3621 944 3689 ejus
970 3623 1150 3677 valeas
1167 3624 1475 3687 subsistere,
1507 3624 1552 3677 si
1573 3623 1888 3692 dispoliatus
1909 3625 2164 3696 55(11):)

579 3723 837 3778 .eorpore,
871 3724 976 3762 nou
1005 3710 1290 3765 inveniaris
1334 3711 1509 3766 nudus
1535 3713 1602 3766 ab
1631 3727 1815 3781 opere.
1847 3713 1981 3768 Tum
2005 3714 2164 3768 vicis-

579 3800 694 3854 .sim
724 3799 978 3868 pmbehit
1025 3815 1083 3854 se
1110 3801 1206 3854 tibi
1235 3816 1392 3855 ovem
1441 3802 1700 3869 Christus,
1733 3812 1788 3858 et
1841 3822 2026 3876 agnus,
2075 3806 2164 3861 ille

577 3891 685 3960 .qui
727 3907 822 3960 pro
852 3889 996 3944 nobis
1039 3891 1108 3943 ad
1155 3892 1559 3960 interfectionem
1587 3895 1768 3949 ductus
1797 3907 1889 3960 est,
1914 3907 1962 3951 et
1991 3916 2164 3954 rorant

577 3981 835 4039 Jondente
852 3999 910 4036 se
933 3999 1033 4037 non
1055 3984 1254 4054 aperuit
1275 3999 1332 4037 os
1348 3999 1495 4037 suum
1519 3995 1564 4047 κ,
1607 3987 1802 4042 vellera
1831 4005 1946 4060 sua,
1979 3990 2030 4046 id
2059 4000 2161 4062 est,

575 4073 766 4128 .carnis
821 4075 1039 4128 exuvias
1087 4072 1326 4128 abstrahi
1368 4074 1468 4129 sibi
1510 4091 1716 4144 passus.
1737 4080 1867 4150 Ipse
1895 4085 2036 4138 enim
2065 4102 2164 4156 pro

659 4238 686 4268 ι
718 4229 874 4284 Rom.
918 4247 1031 4298 xm,
1082 4230 1160 4283 Ii.
1207 4229 1262 4294 ,ιι
1289 4229 1452 4286 Eccli.
1485 4249 1628 4296 xxiv,
1661 4232 1748 4287 41.

580 4297 895 4365 -sIsai..-Lttt,
921 4301 971 4352 7.
1052 4301 1074 4336 ιι
1101 4299 1292 4354 Johau.
1320 4317 1371 4365 κ,
1412 4301 1474 4354 I7
1516 4312 1570 4354 et
1610 4302 1694 4356 18.

1830 4246 1862 4311 ξ
1891 4236 2030 4311 Psal.
2052 4256 2219 4311 ιλιι,
2247 4243 2299 4297 6.
2375 4243 2401 4282 ά
2429 4244 2622 4301 Johan.
2649 4262 2708 4300 ,ιν
2735 4286 2749 4310 ,
2781 4247 2833 4298 ϐ.

1781 4304 1956 4382 ᾞεὺ-
1981 4324 2034 4382 νε
2068 4309 2153 4382 Ψ.
2207 4304 2243 4362 ’ἰ
2285 4314 2413 4369 Luc.
2450 4332 2539 4382 xv,
2565 4315 2617 4370 5.
2695 4304 2893 4370 {Psal.
2925 4330 3014 4378 xv,
3037 4313 3089 4366 2.
3173 4312 3182 4352 ³
3212 4304 3236 4365 ἰ
3263 4311 3387 4382 Cor.
3418 4327 3490 4378 tv,
3520 4310 3574 4363 7.

2263 3273 2528 3329 efferenda
2581 3275 2879 3340 nobiseum,
2928 3282 3107 3329 tamen
3154 3278 3196 3330 si
3247 3289 3531 3344 pareamus
3558 3272 3841 3343 prre'ceptis

2252 3364 2427 3432 illius,
2477 3365 2550 3418 ita
2589 3364 2922 3430 ordinantur,
2981 3373 3039 3419 ut
3076 3372 3348 3419 mutentur
3370 3366 3421 3418 in
3451 3364 3660 3426 melius,
3691 3371 3750 3416 et
3774 3362 3843 3416 de

2253 3458 2648 3527 temporalibus
2671 3465 2872 3512 acterna
2903 3455 3212 3512 reddantur.
3247 3456 3376 3510 Nam
3405 3470 3524 3524 qua:
3545 3455 3685 3509 sicut
3732 3469 3839 3508 non

2271 3549 2562 3616 intulimus,
2588 3549 2660 3604 ita
2683 3564 2783 3603 nec
2805 3548 3013 3604 auferre
3043 3563 3321 3618 possumus
3350 3562 3445 3617 per
3472 3555 3717 3600 naturam
3737 3558 3840 3598 no-

2265 3648 2429 3693 stram
2478 3647 2533 3694 et
2579 3647 2988 3709 prmtereuntem
3029 3639 3131 3710 55
3154 3637 3310 3707 hujus
3335 3635 3515 3691 mundi
3545 3634 3772 3704 ﬁguram
3795 3645 3843 3720 τι,

2265 3743 2326 3784 ea
2358 3743 2453 3798 per
2480 3731 2862 3800 omnipotentis
2889 3730 2980 3784 Dei
3011 3745 3166 3799 opus,
3192 3729 3353 3783 beato
3381 3725 3716 3786 mercimonii
3747 3739 3842 3794 ge-

2268 3835 2395 3874 nere
2431 3828 2726 3888 .vertentes,
2778 3837 2886 3875 non
2935 3821 3096 3875 modo
3134 3819 3406 3874 nobiscum
3429 3815 3720 3879 efferimus,
3751 3813 3845 3869 sed

2267 3919 2392 3967 ante
2441 3928 2540 3967 nos
2589 3913 2751 3967 etiam
2794 3913 2846 3966 in
2875 3912 3048 3966 sinum
3077 3909 3284 3965 Domini
3311 3910 3383 3980 (Ir)
3413 3907 3677 3962 seminata
3705 3921 3844 3976 prm-

2267 4002 2526 4057 miltimus
2547 4013 2590 4055 ι’.

2341 4093 2425 4148 I0.
2453 4092 2604 4149 Unde
2631 4091 2996 4163 prazscriptum
3027 4091 3275 4155 arbitror,
3311 4097 3369 4142 ut
3396 4088 3547 4158 piger
3568 4085 3850 4156 operarius

2913 4258 2935 4282 ιε
2965 4243 3104 4298 Psal.
3145 4258 3232 4306 xc,
3273 4240 3325 4294 6.
3405 4239 3423 4278 τ
3450 4239 3592 4294 Psal.
3624 4255 3710 4294 xvi
3735 4281 3750 4303 ,
3792 4239 3850 4293 ἃ.

2925 4330 3014 4363 xv.
3037 4313 3089 4363 2.
3173 4312 3182 4352 Ι
3212 4312 3236 4363 Ι
3263 4311 3387 4363 Cor.
3418 4327 3490 4363 IV.
3520 4310 3574 4363 7.
3655 4321 3690 4345 ιιι
3723 4311 3848 4363 Act.

3655 4321 3690 4345 ¹¹⁴
3723 4321 3848 4365 Act.

585 4366 832 4428 xvunzs.
913 4368 1332 4432 “lTim.\'t,7.
1411 4370 1889 4438 “Matth.xtx,‘29.
1966 4366 2204 4434 PITim.
2235 4366 2304 4447 Vi,
2334 4366 2410 4435 :1."
2451 4366 2686 4439 E'I’C'or.
2717 4366 3047 4450 vitiat}?
3079 4382 3197 4437 Gal.
3233 4389 3302 4448 Vl,
3327 4381 3378 4433 8.

655 4522 741 4592 .(a)
781 4523 854 4577 Ita
878 4537 1002 4578 mss.
1036 4523 1267 4578 codices.
1296 4522 1364 4577 At
1391 4523 1540 4588 editi,
1575 4526 1708 4578 vita.

668 4599 742 4670 (ti)
781 4598 873 4670 Sic,
910 4615 1008 4670 ms.
1055 4598 1204 4654 Vien.
1228 4601 1328 4653 Alii
1350 4601 1582 4668 codices,
1606 4605 1819 4659 accidis.
1852 4607 2047 4662 Verum
2078 4610 2161 4666 hic

582 4669 834 4724 restituta
864 4669 1023 4721 lectio
1052 4669 1397 4722 conﬁrmatur
1425 4686 1490 4724 ex
1517 4675 1879 4740 sequentibus.

667 4747 738 4814 (ε)
778 4745 854 4798 Ita
885 4761 1010 4800 mss.
1033 4746 1245 4799 codices
1265 4755 1320 4799 et
1339 4747 1465 4801 editi
1489 4748 1615 4803 duo.
1655 4750 1743 4805 Sic
1773 4755 1837 4807 ad
1893 4754 2161 4814 Prudentii

595 4814 945 4891 Apotheosin,
993 4814 1292 4891 vers._})54,
1333 4817 1595 4891 abscidere
1648 4823 1943 4891 quidquam,
2005 4837 2161 4882 vctu-

594 4885 1019 4964 stioresLolnnes.
1057 4885 1268 4964 codices
1297 4888 1515 4964 :miidein
1563 4885 1743 4964 hymn.
1841 4885 2155 4964 Peristeph.,

594 4969 734 5028 vers.
793 4952 1163 5028 1%,‘aftscisa
1191 4957 1418 5028 papilla;
1468 4952 1664 5028 hymno
1686 4960 1742 5014 S.
1779 4962 2001 5019 Romani
2026 4952 2161 5021 Mar:

587 5021 1051 5108 ,t);ris',.vers..97§,
1073 5021 1269 5108 Neritos
1295 5021 1606 5108 abscideret;
1638 5038 1692 5083 et
1713 5031 1894 5108 bymn.
1920 5035 2158 5108 II,vers.

595 5089 681 5154 65,
711 5091 844 5162 Huic
875 5089 1080 5162 abscide
1102 5105 1269 5162 caput.
1301 5097 1404 5150 Sed
1433 5107 1486 5151 et
1515 5089 1638 5152 mss.
1672 5089 1839 5156 nostri
1865 5089 2078 5160 codices

595 5161 874 5237 epistolam
906 5158 1249 5237 IPaulini'ad
1271 5166 1559 5232 Severum,
1591 5185 1643 5221 ιι.
1673 5169 1728 5237 5,
1755 5173 1950 5228 habent
1995 5158 2160 5229 abies;

591 5230 766 5295 datur,
831 5245 938 5283 non
995 5230 1358 5297 abscindatur;
1398 5245 1450 5289 et
1489 5230 1676 5292 omnes
1716 5230 1833 5295 tum
1883 5259 2008 5298 mss.
2039 5253 2158 5298 tum

593 5302 731 5423 egiti.
760 5299 976 5424 zodices
1011 5303 1078 5371 ad
1106 5303 1270 5371 epist.
1322 5304 1406 5370 I0,
1438 5323 1492 5359 ιι.
1525 5307 1578 5386 '5,
1600 5308 1777 5378 jubeat
1800 5313 2021 5377 abscidi,
2053 5331 2158 5369 non

593 5388 626 5422 α
660 5389 766 5424 scm
807 5389 843 5424 ι.

591 5388 730 5426 αυδσι
737 5388 843 5426 ιιαι.

665 5453 743 5521 (ιι)
785 5451 882 5505 Ms.
905 5450 1077 5505 Vatic.
1101 5460 1154 5506 et
1179 5452 1264 5507 ed.
1295 5451 1467 5521 Grin.,
1501 5458 1648 5512 sicut.

665 5541 736 5609 (e)
771 5539 1180 5623 Emendavimus
1201 5541 1535 5666 διώργξάςιω
1556 5555 1636 5600 est
1663 5546 1800 5628 fossa
1828 5548 1894 5603 de
1923 5546 2158 5615 Ilitmine,

689 5609 985 5666 ms.Vten..
1015 5627 1067 5664 ιιι
1095 5626 1202 5666 auo
1227 5613 1398 5666 donas.
1467 5612 1536 5666 Is.
1566 5615 1694 5666 Rea.
1729 5616 1974 5666 Diomyi.
2027 5619 2158 5666 Ante

594 5623 661 5662 ex
689 5609 985 5688 m_s.Vieu.,
1011 5611 1070 5688 in
1092 5626 1202 5688 quo
1227 5609 1398 5688 deria.
1435 5609 1536 5670 Ms.
1566 5615 1694 5684 Reg.
1729 5616 1974 5688 Diorazi.
2027 5609 2160 5676 Ante

595 5686 711 5734 crat.
731 5678 986 5758 δωιρυχή.
1011 5678 1141 5736 Vide
1168 5691 1279 5738 not.
1299 5681 1389 5736 ‘28.

2338 4543 2403 4612 (ί)
2444 4543 2538 4596 Ms.
2572 4545 2746 4610 Πίου..
2767 4549 3140 4618 propinquans.

2193 4641 2238 4698 Ι)
2298 4702 2308 4713 _
2337 4632 2410 4714 (ρ)
2451 4633 2525 4714 lla
2551 4652 2650 4714 ms.
2683 4637 2813 4714 Iieg.
2841 4647 2895 4692 et
2923 4637 3234 4714 edit._Bad_.,
3260 4636 3420 4714 Grav.
3441 4645 3496 4691 et
3514 4636 3710 4714 Asello}.
3739 4635 3855 4688 Ve-

2267 4702 2471 4789 rissima
2503 4705 2677 4789 lectio.
2702 4702 3028 4789 Siculaeque
3051 4702 3485 4789 Paulinusepis'u
3512 4705 3582 4759 25
3610 4703 3857 4789 9'33“;

2267 4771 2387 4842 dem
2410 4815 2424 4834 ,
2458 4792 2509 4828 n.
2535 4774 2604 4828 58
2637 4817 2651 4842 ,
2680 4771 2865 4831 scribit
2919 4771 3182 4829 vulnerata
3213 4771 3460 4830 raritatis.
3516 4786 3571 4829 ct
3609 4773 3790 4827 Natali
3826 4773 3856 4824 ti

2267 4842 2322 4914 ξ.
2349 4841 2540 4905 Felic.,
2574 4862 2740 4899 carm.
2768 4845 2852 4908 18,
2897 4862 3034 4899 vers.
3067 4845 3187 4911 I23,
3230 4847 3439 4914 pietatis
3475 4844 3855 4914 circumfusus,

2266 4909 2446 4966 Gneca
2479 4915 2654 4983 phrasi
2685 4932 2807 4968 mss.
2840 4915 3035 4982 Vatic.,
3075 4909 3239 4969 Vien.'
3256 4924 3310 4968 et
3337 4914 3466 4969 edit.
3496 4909 3692 4983 Grinﬁ,
3727 4909 3856 4966 rere

2266 4980 2518 5053 respersa.
2545 4983 2679 5038 Edit.
2713 4985 2897 5044 Rosv.,
2923 4980 3040 5038 rore
3061 5001 3262 5053 sparsa.
3299 4985 3566 5039 Saccbino
3586 4980 3773 5052 placet
3795 4991 3858 5035 ut

2267 5050 2473 5119 legatur
2500 5055 2740 5107 matutini
2766 5055 2948 5108 lwtiia
2977 5050 3130 5107 roris.

2336 5141 2411 5201 (Ii)
2452 5140 2771 5196 Particulam
2800 5160 2832 5196 a
2868 5142 3166 5198 addidimus
3194 5158 3262 5197 ex
3283 5157 3408 5198 mss.
3436 5141 3568 5210 Reg.
3599 5151 3657 5196 et
3682 5141 3856 5200 Yien.

2267 5217 2321 5264 et
2345 5210 2506 5264 editis
2533 5222 2782 5280 quatuor.

2337 5300 2397 5367 (i)
2423 5300 2520 5354 Ms.
2553 5300 2730 5366 Vien.,
2759 5310 3103 5356 revocaverat.

2339 5390 2406 5460 (j)
2445 5389 2677 5462 Ita-m5“
2728 5391 2957 5462 “dices-
2992 5389 3151 5462 Εάίιὶν
3189 5389 3490 5462 “ferenda.
3540 5389 3859 5462 Manum

2267 5467 2500 5529 ptorum
2529 5459 2770 5514 codicum
2822 5461 2980 5515 lectio
3002 5459 3349 5515 conﬁrmatur
3375 5475 3441 5514 ex
3469 5460 3857 5528 sequentibus.

2267 5527 2367 5582 non
2381 5527 2532 5582 modo
2557 5529 2818 5584 nobiscum
2830 5530 3120 5599 e/ferimus;
3142 5531 3410 5585 editorum
3429 5527 3559 5583 vero
3580 5543 3649 5582 ex
3679 5530 3854 5599 epist.

2266 5597 2333 5650 16
2359 5598 2424 5651 ad
2452 5596 2683 5664 Iovium,
2716 5615 2768 5654 ιι.
2800 5599 2854 5653 8.

2341 5688 2415 5759 (It)
2454 5687 2615 5744 Abest
2640 5689 2745 5746 hoc
2763 5689 2983 5746 verbum
3013 5706 3042 5744 a
3064 5705 3163 5745 ms.
3197 5690 3381 5746 codice
3409 5687 3691 5743 Vaticano.
