4078 6352
238 322 335 369 ιιη

1609 303 1935 359 EPISTOLA
1975 301 2040 356 ιιι
2055 346 2068 358 .

3369 300 3394 352 ί
3401 299 3469 354 98

234 444 340 481 non
367 426 484 480 edat
515 439 699 493 panem
727 435 768 489 ",
799 440 906 478 nou
937 423 1181 477 videlicet
1210 423 1364 475 istum
1387 399 1660 489 pereuntis
1691 420 1792 472 cibi
1822 423 1864 478 Α
1899 418 2094 483 ingenii
2145 417 2218 470 tui
2270 414 2486 468 ﬂoribus
2541 421 2774 468 comunt.
2828 408 3066 470 Vesttett
3107 427 3137 467 e
3169 421 3220 464 te
3239 411 3470 466 vicissim

231 532 442 586 panem,
490 515 582 568 sed
631 515 772 568 illum
810 529 916 583 quo
946 513 1140 568 vivitur
1161 514 1211 566 in
1237 528 1417 566 veram
1441 513 1599 565 vitam
1629 530 1640 563 :
1669 510 1795 578 quia

231 607 609 674 unusquisque,
641 607 776 659 sicut
802 605 1058 673 scriptum
1082 613 1162 658 est
1190 603 1236 668 1³,
1268 603 1336 658 de
1378 601 1636 656 fructibus
1687 602 1798 654 suis

228 697 587 758 mantlucabit,
645 704 698 748 et
755 695 806 748 in
863 695 1114 764 operibus
1144 695 1253 748 suis
1281 695 1423 747 vivet
1451 711 1461 744 :
1495 708 1556 746 ac
1575 691 1796 762 proinde

227 801 377 838 suum
407 783 596 854 cuique
626 801 760 854 opus
787 785 940 854 panis
968 793 1050 838 est
1076 802 1086 836 :
1121 793 1175 838 et
1203 785 1354 854 panis
1376 798 1532 836 verus
1558 797 1620 837 ac
1645 781 1796 836 vivus

226 874 468 929 Christus
499 885 579 929 est
610 887 631 913 ε
661 893 672 926 :
705 891 861 944 quem
892 890 999 929 non
1043 882 1221 944 potest
1272 873 1592 927 manducare
1646 872 1798 941 piger

225 967 519 1035 operarius,
553 965 675 1034 quia
706 965 844 1019 idem
865 973 946 1020 est
985 965 1183 1034 pascha
1215 972 1478 1027 nostrum,
1523 961 1665 1030 quod
1694 976 1792 1015 ex-

225 1055 387 1124 pediti
441 1064 601 1123 atque
649 1055 934 1122 przecincti,
967 1062 1020 1108 et
1049 1053 1271 1107 ﬁrmiter
1299 1053 1539 1115 calceati,
1573 1066 1671 1106 nec
1700 1049 1794 1107 de-

224 1145 411 1211 positis
435 1159 463 1197 a
494 1160 652 1198 manu
673 1145 874 1199 baculis
902 1143 951 1209 δ,
975 1145 1025 1198 id
1048 1154 1130 1198 est
1155 1145 1424 1214 operibus,
1455 1143 1647 1213 quibus
1667 1143 1793 1196 niti-

224 1249 359 1293 mur.
388 1249 670 1302 numquam
701 1235 956 1300 remissis,
983 1250 1104 1290 cum
1131 1234 1275 1288 omni
1305 1233 1605 1289 festinantia
1635 1232 1797 1286 edere

222 1324 592 1393 praecipimur:
623 1325 746 1393 quia
778 1335 969 1392 tempus
1015 1325 1162 1377 brere
1197 1335 1292 1388 est,
1323 1333 1376 1377 et
1401 1324 1615 1393 expedit
1645 1323 1798 1376 nobis

219 1414 330 1464 sine
354 1429 477 1464 cura
507 1430 634 1472 esse.
666 1415 804 1467 sicut
834 1413 1120 1482 Apostolus
1147 1413 1353 1475 suadet,
1380 1423 1582 1481 propter
1607 1413 1800 1466 instau-

221 1512 315 1555 tem
337 1506 685 1556 necessitatem
718 1517 767 1566 ",
793 1513 848 1556 ut
877 1503 1208 1556 inveniamur
1238 1503 1427 1571 parati,
1474 1510 1527 1555 et
1565 1502 1796 1569 pulsanti

220 1592 446 1657 Domino
495 1611 600 1647 non
656 1596 936 1648 timeamus
991 1594 1198 1663 aperire
1259 1594 1298 1656 ί,
1356 1593 1421 1645 de
1469 1593 1794 1646 conscientia

215 1687 385 1738 somni
417 1694 509 1760 aut
538 1686 865 1752 negligentia:
881 1685 1036 1751 digna
1063 1692 1377 1737 metuentes.
1401 1683 1551 1748 Quod
1573 1683 1792 1751 quidem

1901 508 2081 575 Agnus
2109 508 2175 562 de
2221 521 2320 561 suo
2361 507 2556 560 vellere
2607 507 2657 559 in
2707 505 3070 560 retributionis
3109 503 3214 568 die,
3243 502 3469 557 mortale

1899 607 2048 652 tuum
2067 598 2133 652 de
2153 613 2247 653 sua
2275 598 2675 653 immortalitate
2695 596 3080 667 superiudueus
3107 605 3156 649 ³.

1968 688 2053 742 12.
2098 688 2176 742 Tu
2225 697 2427 742 tantum
2485 688 2654 742 nostri
2701 695 2992 754 memento,
3018 696 3074 741 et
3117 703 3214 740 nos
3241 686 3468 754 respice,

1896 797 2003 834 non
2033 788 2180 834 retro
2207 787 2457 849 spectans
2483 789 2532 843 °,
2582 779 2674 834 sed
2715 779 2868 834 amici
2899 794 3119 832 memor.
3143 776 3357 831 Certum
3387 783 3467 829 est

1895 871 2058 933 enim,
2077 871 2198 938 quia
2215 869 2445 937 agricola
2468 869 2717 923 solertior
2744 870 2945 923 fructus
2971 868 3170 922 habeas
3191 867 3465 933 largiores.

1895 966 1950 1012 et
1976 959 2244 1028 pernicior
2267 974 2456 1013 cursor
2484 958 2788 1014 tarditatem
2831 967 3068 1013 nostram
3125 959 3192 1010 ad
3244 957 3468 1010 bravium

1896 1065 2130 1118 superum
2193 1049 2469 1102 vocationis
2525 1059 2550 1097 P
2586 1049 2881 1102 antevoles.
2943 1047 3210 1102 infirmior
3269 1046 3466 1100 etenim

1897 1150 2078 1195 mente
2123 1156 2282 1209 quam
2335 1156 2582 1210 corpore,
2625 1141 2786 1209 longo
2841 1149 2895 1195 te
2943 1140 3222 1193 intervallo
3250 1153 3466 1207 sequor.

1898 1234 2071 1302 spatio
2101 1241 2277 1287 tamen
2308 1240 2509 1288 tantum
2533 1248 2561 1286 a
2595 1241 2646 1287 te
2675 1233 3388 1299 nonitinere(t'):separatus;
3413 1237 3469 1282 et

1897 1325 2139 1378 eamdem
2162 1325 2356 1378 molam
2383 1338 2521 1391 mgra
2543 1333 2598 1378 et
2627 1325 2812 1393 itnpari
2841 1339 3000 1377 manu
3043 1331 3214 1385 verto,
3245 1320 3468 1390 pistrino

1897 1416 2095 1479 socius,
2147 1414 2297 1482 fruge
2342 1415 2594 1481 deterior,
2651 1416 2774 1484 quia
2826 1415 3002 1469 tritico
3055 1413 3220 1465 mixta
3267 1409 3467 1464 zizania

1898 1506 2042 1560 molo
2065 1517 2092 1556 (ι
2129 1524 2141 1558 :
2173 1522 2292 1574 qua:
2318 1515 2374 1560 ut
2405 1515 2514 1561 tota
2545 1515 2824 1561 vertantur
2870 1506 2922 1558 in
2953 1503 3178 1570 frugem,
3208 1501 3468 1556 orationi-

1898 1597 1997 1650 bus
2043 1597 2148 1651 tuis
2186 1609 2350 1662 egeo;
2399 1597 2591 1665 quibus
2629 1611 2789 1664 spero
2831 1594 3061 1649 evadere
3089 1603 3142 1646 et
3163 1592 3391 1652 divitias,
3416 1598 3469 1642 et

1897 1695 2265 1756 paupertatem
2296 1702 2490 1752 meam,
2520 1688 2644 1757 quia
2678 1695 2960 1754 utrumque
2988 1685 3116 1738 mihi
3166 1685 3217 1738 in
3272 1683 3471 1737 malum

218 1776 371 1828 nobis
425 1775 552 1828 nihil
604 1775 839 1844 proderit
887 1775 1229 1828 nihilominus
1251 1775 1609 1836 extrahendis,
1640 1784 1695 1829 et
1721 1774 1788 1828 ad
1821 1779 1864 1839 Β
1892 1787 1992 1843 est,
2017 1795 2139 1832 cum
2169 1778 2268 1832 sim
2295 1777 2513 1846 justitite
2541 1793 2763 1847 pauper,
2797 1785 2852 1831 et
2881 1776 3086 1846 peccati
3116 1775 3283 1829 dives.
3337 1773 3470 1827 Nam

214 1874 443 1919 mortem
490 1867 703 1935 quidem
757 1878 877 1935 post
904 1876 1150 1932 mortem,
1176 1876 1232 1921 ut
1258 1865 1426 1934 justas
1456 1867 1791 1935 negligentia:

212 1967 373 2022 atque
396 1955 683 2024 impietatis
706 1972 886 2024 pteuas
908 1956 1132 2021 luamus,
1160 1957 1202 2010 si
1233 1956 1406 2009 alieno
1429 1958 1603 2024 potius
1631 1973 1789 2026 quam

211 2052 398 2097 nostro
427 2043 645 2097 domino
672 2045 1055 2105 deservieutes,
1112 2044 1574 2114 deprehemlamur
1618 2046 1786 2100 seculi

210 2133 382 2200 magis
417 2147 574 2202 quam
614 2131 810 2188 Christi
867 2135 1092 2202 negotiis
1138 2135 1405 2204 occupati,
1448 2137 1788 2204 pulsantique

208 2221 443 2278 Domino
482 2241 588 2278 non
636 2227 955 2294 aperiamus,
987 2235 1042 2280 et
1070 2226 1136 2280 ad
1167 2225 1379 2281 Patrem
1417 2229 1677 2284 ducamur
1705 2231 1783 2284 in-

206 2314 321 2366 viti.
372 2313 657 2383 Propterea
705 2315 1009 2383 prazdicitur
1057 2317 1226 2382 nobis,
1262 2327 1316 2371 ut
1359 2320 1592 2387 probae.
1629 2320 1678 2376 id
1705 2329 1786 2375 tst

205 2403 414 2468 anima,
444 2403 747 2458 laboremus
772 2413 824 2458 et
851 2421 1064 2460 oremus
1088 2408 1140 2460 iu
1173 2416 1393 2475 tempore
1420 2419 1706 2479 opportuno
1733 2419 1782 2477 ε,

204 2491 306 2546 hoc
332 2502 417 2545 est
438 2495 716 2561 prmsenti;
744 2495 794 2546 in
821 2493 970 2562 cujus
991 2497 1219 2566 spatium
1245 2497 1362 2552 ideo
1386 2499 1701 2564 inducimur,
1726 2509 1784 2554 ut

205 2597 394 2635 veram
425 2585 586 2636 vitam
620 2585 716 2638 ista
740 2584 890 2639 brevi
920 2588 961 2617 ¹¹
985 2596 1039 2640 et
1070 2595 1376 2643 transeunte
1403 2605 1703 2658 quaeramus
1733 2589 1780 2644 ⁸³.

205 2669 381 2738 Hujus
402 2674 519 2726 vite
540 2690 758 2745 campus
776 2683 830 2730 et
857 2694 980 2747 ager
1001 2679 1218 2732 mundus
1243 2681 1340 2733 iste
1361 2691 1436 2733 est
1465 2680 1504 2743 ί,
1521 2682 1601 2733 vel
1624 2681 1786 2737 homo

202 2763 324 2830 ipse
357 2765 444 2833 qui
467 2765 516 2818 in
547 2767 688 2820 liuuc
716 2768 966 2821 mundum
997 2770 1237 2822 mittitur.
1278 2770 1388 2822 Deo
1417 2785 1526 2837 quo
1547 2786 1676 2826 unus
1697 2787 1788 2824 as-

202 2854 432 2906 sumitur
465 2857 477 2902 i
513 2870 653 2920 cum,
683 2865 739 2908 ut
766 2872 923 2926 supra
951 2858 1203 2922 diximus,
1229 2873 1390 2911 carne
1423 2858 1632 2926 spiritui
1660 2859 1788 2914 sub-

201 2939 414 3008 iugata,
441 2941 546 2994 duo
576 2959 737 2995 unum
774 2943 958 2998 fecerit
986 2964 996 2997 :
1024 2945 1148 3011 quia
1178 2953 1232 2998 et
1260 2945 1312 2999 iu
1341 2961 1664 3014 unoquoque
1692 2963 1791 3002 ns-

200 3039 412 3091 strutn,
464 3032 752 3086 secundum
794 3033 1108 3103 Apostolum
1133 3034 1176 3099 κ,
1209 3037 1324 3089 duae
1370 3047 1574 3091 mentes
1595 3045 1646 3091 et
1671 3037 1788 3092 duae

1893 1885 2020 1947 vere
2068 1886 2153 1924 me
2199 1870 2414 1924 divitem
2459 1870 2583 1924 boni
2630 1869 2925 1932 crederem,
2955 1869 2999 1921 si
3030 1868 3098 1920 ita
3138 1865 3246 1934 jam
3269 1879 3474 1934 pauper

1890 1975 2086 2024 essem,
2121 1969 2178 2014 ut
2207 1968 2380 2028 putas.
2413 1960 2469 2015 In
2496 1976 2603 2028 quo
2637 1968 2812 2014 tamen
2841 1959 2908 2013 de
2938 1958 3112 2012 verbis
3135 1957 3238 2010 tuis
3261 1964 3312 2010 te
3339 1970 3472 2024 pau-

1893 2048 2056 2118 lisper
2083 2050 2370 2114 excutiam,
2400 2050 2593 2119 quibus
2615 2065 2644 2103 a
2677 2058 2726 2104 te
2755 2050 2868 2118 ipse
2906 2047 3194 2102 discordas.
3229 2044 3335 2098 Etsi
3365 2059 3470 2098 non

1894 2152 2042 2191 meas
2064 2137 2288 2192 virtutes
2318 2139 2368 2193 in
2413 2156 2497 2193 tne
2521 2139 2924 2208 prtedicaveris;
2951 2145 3128 2190 tamen
3150 2135 3240 2204 qui
3270 2135 3474 2188 alienas

1894 2229 2018 2283 licet
2048 2229 2176 2283 mihi
2226 2230 2399 2284 verbis
2455 2231 2560 2284 tuis
2607 2228 2886 2284 donaudas
2931 2227 3146 2297 putasti,
3201 2223 3471 2294 quomodo

1890 2319 2162 2380 convenit,
2197 2326 2254 2371 ut
2284 2318 2423 2373 idem
2455 2328 2511 2373 tu
2535 2327 2920 2388 paupertatem,
2947 2331 3108 2385 quam
3137 2324 3192 2369 te
3221 2312 3474 2368 admirari

1884 2407 2181 2477 profiteris,
2229 2408 2452 2463 horrere
2481 2408 2728 2463 fatearis?
2757 2408 2813 2462 Si
2842 2407 3030 2462 credas
3056 2407 3194 2460 hanc
3222 2401 3470 2457 mihi-do-

1897 2508 2080 2552 natam
2113 2515 2232 2554 esse
2262 2502 2532 2561 virtutem.
2565 2515 2726 2568 quam
2757 2508 2808 2553 te
2841 2500 2882 2530 ¹³
2910 2501 3046 2554 velle
3077 2515 3174 2554 nec
3194 2512 3352 2568 posse
3379 2507 3475 2547 as-

1885 2590 2036 2657 sequi
2064 2605 2168 2643 con
2184 2591 2371 2653 literis,
2404 2600 2462 2643 ut
2491 2591 2684 2643 habens
2713 2591 2896 2644 rictum
2927 2600 2975 2642 et
2997 2592 3362 2649 restimerttttut,
3380 2589 3474 2642 hac

1885 2690 2150 2734 contentus
2193 2683 2292 2733 sim
2341 2691 2384 2746 τ,
2429 2681 2559 2733 nihil
2599 2680 2736 2733 ultra
2763 2679 2904 2732 diem
2923 2681 3151 2746 cogitem
3185 2688 3362 2743 ';cur
3388 2678 3471 2731 vel

1891 2784 1978 2823 me
2001 2770 2190 2838 inopia:
2212 2770 2530 2824 necessitate
2550 2769 2908 2838 superandum
2937 2777 3112 2838 putas,
3134 2776 3191 2822 ut
3212 2777 3284 2833 te,
3308 2781 3467 2837 quem

1894 2875 2001 2913 non
2054 2858 2358 2913 desiderare
2387 2875 2491 2913 non
2540 2875 2775 2928 possum,
2809 2860 3034 2930 invitare
3061 2860 3312 2914 desistam
3340 2876 3351 2913 :
3380 2868 3473 2913 aut

1894 2959 1948 3006 te
1994 2959 2102 3006 tam
2150 2950 2414 3005 infirmum
2461 2949 2893 3020 diffidentemque
2937 2949 3152 3006 Christo
3181 2952 3378 3022 prodis.
3413 2960 3473 3006 ut

1893 3041 2086 3098 timeas
2112 3040 2179 3094 ad
2209 3040 2529 3108 hujusmodi,
2560 3041 2772 3109 qualem
2800 3041 3072 3110 pradicas,
3105 3042 3332 3096 amicum
3383 3057 3473 3096 ve-

200 3121 364 3188 leges
387 3131 544 3175 sunt:
578 3124 768 3191 quibus
796 3126 930 3178 intra
964 3142 1061 3179 nos
1083 3127 1418 3188 molentibus,
1445 3137 1536 3182 aut
1556 3139 1795 3199 accepta-
1818 3121 1862 3182 C
1894 3132 2030 3197 nire,
2084 3133 2129 3186 si
2168 3131 2221 3186 in
2263 3131 2484 3186 veritate
2522 3132 2761 3200 sequeris
2802 3131 2950 3185 illum
2977 3133 3067 3200 qui
3096 3133 3230 3186 dixit
3260 3151 3272 3185 :
3331 3131 3472 3186 Tolle

202 3210 333 3266 bilis
366 3211 478 3266 Deo
507 3220 597 3265 aut
630 3212 922 3268 refutabilis
942 3216 1184 3282 similago
1212 3217 1506 3272 conficitur.

279 3301 373 3355 ll.
417 3301 492 3356 Te
517 3318 668 3364 vero,
701 3305 835 3358 victa
867 3305 982 3372 lege
1038 3307 1394 3361 membrorum
1449 3308 1488 3373 ¹,
1540 3321 1594 3363 et
1635 3319 1789 3366 exte-

206 3398 354 3451 riore
385 3395 460 3465 (α)
492 3404 766 3465 corrupto,
797 3412 980 3466 puram
1002 3399 1430 3467 conspersionem
1456 3401 1530 3469 (ὁ)
1579 3416 1788 3470 parare,

210 3497 262 3542 et
290 3488 410 3542 sine
440 3486 702 3539 fet-mento
731 3503 974 3558 azymum
1003 3487 1214 3542 Christo
1245 3491 1313 3559 (c)
1345 3490 1531 3545 confici
1564 3503 1621 3556 σν,
1672 3492 1789 3548 elo-

212 3579 332 3646 quia
360 3584 448 3630 tua
481 3585 584 3629 tam
613 3577 689 3648 (d)
714 3576 933 3632 facunda
956 3595 1112 3646 quam
1135 3590 1278 3634 casta
1305 3589 1584 3637 testantur.
1614 3584 1792 3654 Neque

214 3668 355 3720 enim
389 3667 482 3721 tibi
529 3669 781 3722 donatum
831 3668 1016 3724 fuisset
1069 3670 1163 3739 (ιγ.
1197 3688 1282 3741 ep.
1315 3672 1400 3737 29,
1434 3691 1487 3728 ιι.
1518 3674 1602 3743 Η)
1635 3691 1791 3730 enar-

216 3769 334 3812 rare
366 3759 673 3824 Martinum,
699 3761 794 3814 nisi
822 3761 1034 3828 dignum
1058 3779 1119 3818 os
1149 3772 1296 3817 tuum
1326 3767 1492 3821 sacris
1545 3768 1789 3824 laudibus

221 3849 416 3904 mundo
439 3851 600 3904 corde
631 3851 864 3906 fecisses.
891 3853 1206 3910 Benedictus
1234 3857 1393 3924 igitur
1421 3868 1474 3912 tu
1507 3861 1666 3914 homo
1691 3861 1789 3916 Do-

223 3940 384 4000 mino,
411 3941 500 4008 qui
527 3943 654 3995 tanti
685 3943 973 3999 sacerdotis
1004 3955 1057 3998 et
1110 3963 1194 4000 ma
1238 3949 1521 4003 ifestissimi
1564 3950 1788 4006 Confes-

229 4029 361 4082 soris
378 4030 673 4097 historiam,
691 4041 796 4086 tam
819 4034 977 4104 digno
997 4052 1244 4092 sermone
1258 4056 1414 4108 quam
1433 4041 1578 4110 justo
1599 4043 1792 4098 aflectu

227 4121 586 4187 percensuisti.
623 4122 820 4176 Beatus
849 4132 902 4176 et
931 4125 1017 4177 ille
1048 4142 1144 4193 pro
1171 4129 1393 4194 meritis,
1446 4131 1536 4196 qui
1575 4131 1792 4198 dignum

227 4206 324 4261 fide
343 4218 398 4263 et
429 4211 532 4263 vita
562 4227 652 4264 sua
684 4214 876 4266 meruit
917 4214 1024 4284 56
1052 4215 1391 4281 historicum;
1423 4219 1511 4287 qui
1537 4227 1591 4273 et
1619 4221 1685 4274 ad
1713 4221 1792 4276 di-

227 4298 398 4352 vinam
429 4299 649 4366 gloriam
699 4304 808 4354 suis
850 4303 1071 4367 meritis,
1097 4311 1149 4357 et
1178 4304 1242 4357 ad
1273 4305 1560 4360 humanam
1591 4323 1794 4364 memo-

1890 3241 2090 3279 crucem
2119 3232 2278 3288 tuam,
2309 3233 2357 3277 et
2397 3225 2528 3287 reui,
2569 3240 2775 3293 sequere
2803 3240 2883 3276 me
2915 3225 2931 3259 ί
2955 3225 2978 3277 3
3007 3223 3289 3290 Quomodo
3319 3223 3471 3278 aliter

1887 3321 2044 3384 putas
2069 3312 2340 3367 Christum
2370 3313 2720 3381 sequendum,
2754 3313 2853 3366 nisi
2884 3313 2998 3379 lege
3030 3328 3134 3382 qua
3156 3312 3339 3368 docuit
3370 3313 3467 3383 (g),

1889 3411 1944 3457 et
1965 3399 2133 3457 forma
2163 3417 2323 3472 quam
2347 3403 2614 3472 pmtulit?
2640 3403 2730 3470 qui
2761 3418 2881 3457 cum
2907 3403 2956 3456 in
2986 3417 3081 3456 sua
3113 3403 3362 3464 venisset,
3387 3416 3474 3455 re-

1892 3493 2124 3549 clinandi
2175 3502 2351 3548 tamen
2403 3493 2594 3561 capitis
2639 3492 2814 3547 locum
2841 3492 2980 3546 inter
2999 3507 3095 3545 sua
3127 3492 3203 3562 (Ιι)
3235 3508 3342 3545 non
3372 3491 3470 3544 ha—

1891 3584 2005 3639 buit
2034 3593 2082 3636 υ.

1965 3674 2051 3727 t5.
2093 3675 2306 3729 imitare
2350 3674 2672 3729 imitatorem
2719 3674 2938 3736 Christi,
2974 3683 3030 3728 ut
3062 3685 3302 3731 mortuus
3324 3676 3471 3730 vivas

1893 3766 2206 3832 crucifigens
2236 3774 2290 3820 te
2314 3765 2530 3827 mundo,
2565 3772 2619 3817 et
2646 3763 2740 3818 tibi
2770 3756 3056 3829 mundum;
3087 3765 3327 3834 quotidie
3355 3781 3472 3818 mo-

1893 3859 2038 3913 riens
2065 3873 2161 3926 per
2213 3856 2370 3912 ﬁdem
2400 3848 2566 3920 verbi,
2599 3864 2654 3910 et
2683 3857 2869 3910 vivens
2898 3859 2950 3910 in
2980 3858 3145 3911 verbo
3174 3856 3314 3911 ﬁdei.
3351 3855 3470 3910 Non

1897 3949 2037 4002 enim
2059 3951 2109 4000 iu
2132 3965 2264 4014 pane
2284 3949 2393 4002 solo
2414 3950 2529 4001 vivit
2558 3948 2707 4002 homo
2731 3959 2777 4012 τ,
2799 3949 3094 4017 przcsertim
3117 3948 3469 4010 Christianus;

1896 4038 1962 4092 de
1991 4053 2097 4105 quo
2145 4038 2359 4105 proprie
2405 4039 2659 4106 scriptum
2706 4045 2826 4090 est:
2862 4037 2995 4099 Quia
3025 4053 3089 4089 ea:
3117 4039 3222 4105 ﬁde
3270 4039 3389 4089 vivit
3413 4047 3470 4099 ι;

1899 4125 2155 4192 numquid
2209 4124 2361 4188 dixit,
2397 4125 2479 4177 Ea:
2535 4127 2707 4191 parte?
2733 4124 2866 4188 Quid
2899 4124 3059 4188 igitur
3083 4124 3185 4192 57
3218 4139 3247 4175 a
3279 4139 3364 4175 me
3394 4124 3442 4174 fa
3470 4152 3478 4160 -

1899 4230 2040 4270 mem
2089 4215 2299 4276 metuis,
2329 4213 2373 4267 si
2421 4211 2577 4265 fidem
2608 4211 2809 4265 habes?
2839 4209 2997 4264 Panis
3019 4221 3137 4264 tuus
3168 4220 3346 4264 tecum
3369 4221 3470 4264 est.

1899 4304 1955 4358 Si
1979 4303 2144 4356 verbo
2169 4302 2260 4357 Dei
2289 4302 2546 4371 pasceris,
2574 4316 2681 4355 non
2710 4300 3038 4355 desiderabis
3055 4318 3224 4355 escam
3249 4303 3472 4366 ventris;

228 4388 352 4441 riam
385 4390 489 4443 tuis
512 4390 700 4445 litteris
720 4402 1078 4446 consecratur.
1107 4393 1229 4449 Hme
1254 4411 1465 4466 quoque
1492 4399 1649 4453 verba
1681 4407 1792 4468 tua,
1823 4419 1872 4478 ι)
1899 4393 2038 4448 Deus
2066 4394 2200 4446 enim
2222 4400 2270 4445 et
2293 4392 2425 4444 hunc
2453 4399 2502 4444 et
2529 4391 2673 4444 illam
2701 4390 2929 4444 destruet
2951 4390 3138 4454 3',dum
3169 4406 3226 4446 se
3245 4390 3473 4448 :ediflcat

229 4479 421 4532 vellera
452 4489 594 4545 sunt,
626 4490 680 4534 et
703 4481 978 4534 Dominum
999 4481 1176 4537 Jesum
1203 4486 1504 4552 gratissimo
1561 4491 1791 4557 tegmine

228 4570 539 4638 cooperiunt
571 4577 660 4639 (c),
694 4570 844 4638 cujus
876 4572 1192 4642 supellectili
1223 4575 1402 4644 pulcra
1433 4577 1691 4645 ambiunt,
1736 4589 1791 4635 et

1901 4488 1954 4541 in
1986 4485 2158 4548 nobis,
2191 4484 2235 4538 si
2265 4498 2364 4538 nos
2405 4482 2457 4536 in
2488 4481 2652 4552 ipsius
2694 4482 2920 4536 caritate
2947 4481 3170 4546 fundati,
3209 4483 3473 4538 consista-

1899 4593 2017 4633 mus
2041 4587 2085 4639 ι,
2115 4589 2287 4644 neque
2313 4573 2529 4630 domum
2551 4581 2787 4629 nostram
2817 4573 2870 4628 in
2897 4571 3205 4631 diftidentim
3252 4576 3316 4644 ti)
3357 4573 3461 4629 flu-

295 4729 320 4757 ‘|
361 4719 707 4795 It_'I_'bess_._5,
743 4721 825 4774 10.
901 4721 1096 4795 §_Psal.
1124 4741 1320 4795 eum,
1353 4727 1404 4790 ‘2,
1427 4729 1576 4795 juxta
1633 4730 1791 4786 LXX.

1911 4731 2101 4784 Julian.
2134 4745 2220 4794 vt,
2251 4726 2340 4780 55.
2419 4724 2442 4761 ί¹
2470 4725 2638 4781 Exod.
2670 4743 2761 4790 xu,
2813 4725 2898 4781 ii.
2989 4736 3012 4766 ο
3040 4699 3206 4781 lci».
3238 4744 3326 4791 vtt,
3382 4729 3472 4789 26,

230 4787 292 4843 29
317 4802 382 4866 et
401 4788 499 4866 52.
550 4790 592 4866 έ
623 4789 750 4845 Luc.
776 4807 866 4851 sit,
900 4792 986 4866 ξρ.
1065 4804 1088 4838 κ
1121 4793 1260 4866 ιιξιι.
1289 4787 1512 4856 ιικςιξϐ.
1590 4800 1612 4838 ι·
1643 4800 1659 4853 l
1687 4801 1823 4854 Tim.
1850 4818 1921 4866 vt,
1950 4799 2035 4854 l9.

488 4857 504 4896 ι
550 4855 704 4932 Rom.
759 4877 862 4923 vu,
898 4861 986 4932 25.
1056 4863 1290 4932 ηιίιϐιπ.
1322 4883 1374 4931 v,
1407 4868 1454 4919 7.
1533 4869 1608 4922 nl
1649 4870 1774 4926 Cor.

1896 4855 2032 4926 ,’5ι.
2110 4855 2294 4920 o't.uc.
2333 4883 2422 4929 lx,
2476 4855 2563 4918 es.
2642 4876 2667 4914 ρ
2697 4865 2889 4930 Philip.
2927 4883 3022 4930 ιιι,
3068 4855 3150 4919 ιι.
3227 4879 3253 4916 «ι
3286 4867 3471 4920 Matth.

233 4874 280 4923 ινα,
317 4859 404 4913 l7.
488 4859 504 4896 ι
550 4859 704 4914 Rom.
759 4877 862 4923 vu,
898 4861 986 4914 25.
1056 4872 1092 4898 η’
1124 4863 1290 4919 iCur.
1322 4883 1374 4931 v,
1407 4868 1454 4919 7.

235 4944 332 4995 xm,
541 4939 563 4966 '
594 4928 616 4982 l
643 4929 776 4983 Tim.
810 4947 880 4993 γι,
913 4931 965 4993 8,
1043 4940 1063 4966 ³
1097 4931 1283 4986 Μεὶιιιι.
1318 4952 1387 4999 vt,
1424 4936 1507 4990 34.

236 5014 333 5064 vtu,
373 4999 436 5064 5;
468 4997 654 5053 Matth.
679 5015 750 5065 tv,
777 4999 827 5052 4.
909 5009 930 5035 ι
959 4999 1076 5054 Gai.
1109 5017 1180 5066 ιιι,
1221 5004 1299 5056 12.

321 5152 377 5222 a)
417 5151 515 5206 Ms.
547 5151 724 5218 Vien.,
757 5163 1016 5224 corrupta.

321 5223 374 5292 ιι)
405 5222 506 5306 Sic
527 5238 652 5306 mss.
684 5224 920 5306 codices.
947 5223 1076 5293 Reg.
1118 5233 1173 5280 et
1202 5226 1356 5282 Vien.
1397 5236 1453 5282 et
1487 5227 1614 5282 editi
1660 5245 1794 5299 qua-

237 5290 370 5362 ιυοτ.
404 5290 502 5362 Ed.
519 5361 522 5362 ν
538 5291 724 5359 Rosv.,
745 5296 939 5362 parari.

303 5361 374 5443 (c)
402 5360 482 5415 Ita
512 5361 670 5416 iidem
709 5360 834 5417 mss.
873 5371 929 5416 et
974 5363 1101 5418 editi
1155 5364 1383 5420 codices.
1447 5365 1542 5422 Ed.
1606 5368 1793 5437 Rosv.,

239 5428 380 5571 ﬁniit.)
419 5501 512 5557 Sic
541 5517 640 5556 ms.
656 5500 803 5575 Reg.
837 5509 891 5575 et
917 5501 1045 5575 editi
1067 5501 1118 5575 4.
1152 5503 1259 5566 AL,
1291 5507 1508 5575 fecunda
1565 5505 1802 5575 Utraque

241 5578 612 5692 :puxnrecep:a.
656 5570 787 5626 Vide
823 5571 1010 5643 eloquii
1059 5570 1374 5642 factrudiriut.
1407 5592 1492 5646 ep.
1522 5576 1589 5629 16
1616 5578 1680 5631 ad
1710 5570 1801 5631 Jo-

360 5656 392 5703 ι,
417 5657 472 5694 ιι.
570 5679 583 5694 .

1590 4943 1605 4974 ί
1641 4938 1766 4992 Luc.
1819 4956 1890 5002 tx,
1931 4938 2030 4999 ‘25;
2066 4937 2250 4990 Matth.
2297 4951 2383 4989 xtx
2411 4975 2425 4999 ,
2481 4934 2569 4988 2|.

1377 5017 1394 5053 .‘
1425 5005 1443 5057 Ι
1473 5007 1594 5060 Cor.
1631 5024 1700 5074 vt,
1732 5008 1816 5062 15.

2120 4797 2344 4863 i{Matth.
2373 4811 2487 4858 xttt,
2517 4795 2606 4852 58.
2685 4797 2698 4846 i
2731 4796 2918 4849 Matth.
2949 4813 3091 4860 xxiv,
3132 4796 3218 4851 40.
3297 4798 3317 4834 ι
3351 4798 3472 4852 Gal.

2646 4944 2672 4970 ιι
2704 4935 2892 4988 Matth.
2923 4952 3010 4990 vut
3037 4978 3052 5001 ,
3098 4936 3186 4988 20.
3268 4948 3288 4973 ν
3318 4938 3470 4990 Deut.

1895 5018 1917 5044 ι
1949 5007 2141 5077 Epltes.
2174 5022 2250 5072 ιιι,
2287 5005 2373 5058 l7.

1973 5161 2044 5230 (e)
2086 5160 2164 5214 Ex
2209 5159 2877 5241 conjectura__Rosveydus
2924 5159 3199 5241 addiderat
3226 5146 3470 5239 membro.

1900 5231 2069 5296 Quam
2113 5245 2300 5285 vocem
2348 5231 2402 5283 iu
2452 5230 2598 5284 nullo
2644 5230 2832 5284 codice
2880 5240 3148 5300 repertam
3203 5231 3468 5297 expunxi-

1898 5315 2054 5438 muff)
2092 5367 2184 5424 Sic
2231 5383 2359 5423 mss.
2401 5367 2534 5438 Reg.
2583 5376 2638 5422 et
2680 5367 2834 5423 Vten.
2867 5376 2922 5422 et
2943 5366 3064 5422 edd.
3088 5367 3217 5420 Bad.
3243 5374 3296 5420 et
3321 5363 3470 5419 Grin.

1907 5437 2027 5502 Alii,
2052 5448 2342 5509 superatus.

1978 5510 2054 5574 (ς)
2095 5507 2190 5562 Ms.
2213 5509 2346 5563 Victi
2373 5547 2388 5572 ,
2416 5507 2590 5562 voluit.

1980 5527 2054 5630 εἴ)
2097 5527 2190 5562 tus.
2222 5527 2346 5563 Vten
2373 5547 2388 5572 ,
2416 5527 2590 5589 vetuit.

1980 5571 2058 5646 (ι)
2087 5577 2182 5630 Ms.
2214 5578 2342 5645 Reg.
2376 5577 2525 5648 addit
2545 5595 2689 5648 jura.

1983 5641 2050 5717 (ti
2081 5647 2154 5700 Ita
2211 5641 2319 5700 ms;
2351 5647 2482 5700 Vien
2530 5641 2578 5698 et
2610 5647 2736 5698 edit.
2777 5645 2960 5696 Scluat.
2996 5641 3118 5706 Alii,
3144 5642 3464 5711 ﬂuctuantes.
3549 5661 3553 5664 ·
