4078 6352
603 297 732 362 199’

603 497 659 550 in
685 498 834 552 illum
881 501 1038 553 ambo
1055 499 1368 567 juravimus,
1400 502 1490 569 qui
1521 502 1653 558 dixit
1686 521 1697 556 :
1733 503 1910 560 Nolite
1945 511 2170 580 regitare

607 587 663 638 in
692 589 1002 651 crastinum;
1030 589 1212 657 sufﬁcit
1257 591 1395 642 enim
1425 592 1527 644 diei
1557 595 1775 648 malitia
1798 613 1892 650 sua
1916 615 1934 662 ;
1963 603 2170 669 quwrife

603 678 824 746 primum
872 693 1078 746 regnum
1117 680 1231 742 Dei,
1281 691 1330 732 et
1348 681 1606 750 justitiam
1634 686 1767 755 ejus,
1793 697 1841 741 et
1866 689 1974 743 haec
2001 690 2174 745 omnia

604 780 923 839 apponentur
951 770 1086 823 vobis
1116 771 1182 825 ‘3?
1211 772 1344 828 Huic
1373 776 1418 829 si
1448 777 1638 844 credis,
1669 780 1794 848 quid
1823 781 1890 835 de
1919 782 2033 850 ejus
2064 785 2164 838 tra-

603 861 698 914 tris
714 859 893 928 inopia
917 861 1110 916 famem
1133 867 1344 927 metuis,
1377 883 1534 937 quem
1555 870 1659 923 scis
1678 871 1835 939 hujus
1855 873 2002 928 verbi
2028 891 2176 930 secu-

600 951 758 1005 ritate
797 948 1180 1020 'pau,ertatem
1227 956 1422 1014 divitiis
1466 961 1796 1027 praetulisse?
1867 963 1946 1016 An
2006 967 2173 1032 magis

600 1042 872 1096 abundare
902 1044 1079 1098 credis
1110 1046 1258 1100 illum
1284 1049 1577 1116 qui'terne,
1609 1067 1764 1120 quam
1793 1055 1881 1122 qui
1920 1055 2028 1110 Deo
2053 1072 2171 1110 crc-

598 1130 713 1184 dit?
760 1141 814 1185 et
859 1135 949 1201 qui
976 1137 1213 1204 propria,
1255 1153 1412 1205 quam
1442 1141 1530 1208 qui
1559 1141 1732 1195 divina
1755 1146 1988 1212 pascitur
2012 1148 2172 1201 cura?

599 1218 740 1284 Quid
762 1222 850 1276 ille
870 1224 1032 1278 miser
1056 1225 1268 1292 habeat,
1291 1229 1380 1296 qui
1409 1243 1466 1282 se
1498 1229 1538 1287 1‘
1563 1246 1670 1284 non
1695 1232 1880 1286 habet?
1901 1250 2004 1288 non
2029 1238 2172 1290 enim

600 1325 659 1364 se
689 1311 866 1375 habet,
899 1315 989 1381 qui
1019 1315 1137 1383 plus
1164 1317 1230 1370 de
1257 1333 1314 1372 se
1351 1334 1508 1387 quam
1534 1322 1600 1376 de
1627 1321 1739 1377 Deo
1767 1335 1945 1394 sperat
1972 1345 1983 1378 :
2016 1345 2171 1382 vere-

600 1413 708 1466 que
747 1410 827 1454 est
877 1412 1138 1470 mortuus,
1193 1407 1283 1474 qui
1338 1424 1443 1464 non
1486 1410 1665 1465 vivere
1695 1413 1846 1467 timet
1877 1416 2043 1490 (quasi
2070 1419 2168 1487 leg.

601 1491 751 1544 timet
779 1508 884 1546 non
917 1494 1140 1563 vivere),
1191 1497 1234 1550 si
1261 1507 1432 1552 totum
1463 1516 1520 1554 se
1550 1502 1660 1556 Deo
1706 1504 1908 1568 credat,
1957 1505 2172 1574 Deoque

597 1583 890 1649 permittat.
923 1580 1060 1654 Opto
1092 1587 1250 1653 igitur
1293 1596 1351 1642 ut
1394 1598 1496 1644 tua:
1541 1593 1720 1661 potius
1770 1595 2037 1649 comitatis
2087 1597 2172 1650 hic

596 1669 770 1738 iocus,
801 1688 961 1741 quam
1008 1674 1332 1732 inﬁrmitatis
1355 1679 1484 1733 ﬁdes
1513 1681 1691 1746 fuerit,
1741 1684 1883 1752 quod
1911 1685 2167 1754 scripsisti

595 1761 815 1816 credere
845 1771 898 1816 te
919 1764 990 1818 ita
1021 1781 1105 1820 me
1134 1767 1365 1823 futurum
1404 1771 1551 1826 brevi
1582 1788 1900 1842 pauperem,
1936 1784 1992 1829 ut
2033 1777 2167 1830 ultc—
2201 1777 2243 1836 Β

596 1852 706 1906 rius
734 1868 842 1906 non
866 1853 1119 1909 auderem
1148 1857 1373 1914 invitare
1397 1868 1471 1914 te.
1502 1861 1700 1917 Fateor
1728 1865 1856 1918 nihil
1887 1881 1970 1919 me
2000 1881 2168 1934 praeo-

598 1953 937 2012 ptarctanta:
988 1947 1250 2003 libertatis
1295 1951 1476 2005 bono:
1518 1954 1778 2023 siquidem
1821 1965 1931 2010 tam
1984 1958 2168 2011 intima

595 2031 948 2098 circumcisio,
972 2037 1130 2104 plena
1171 2039 1430 2106 perfectio
1458 2044 1527 2095 sit
1557 2045 1618 2097 ³⁵.
1641 2044 1747 2099 Sed
1794 2055 1971 2100 tamen
2001 2047 2044 2116 si
2072 2048 2168 2102 tibi

596 2137 721 2177 vera
769 2126 820 2178 in
849 2126 1061 2182 Christo
1091 2129 1239 2195 ﬁdes,
1301 2148 1422 2187 vera
1452 2136 1706 2190 virtutum
1735 2138 1787 2192 in
1818 2139 2033 2194 homine
2058 2156 2167 2196 cte-

589 2213 807 2267 ~lestium
829 2215 1132 2284 admiratio,
1165 2231 1219 2274 et
1240 2221 1472 2279 hominis
1511 2226 1561 2278 in
1596 2227 1705 2281 Deo
1734 2229 1961 2284 viventis
2002 2247 2168 2285 aemu-

597 2304 727 2359 latio
758 2307 833 2376 (a)
881 2317 990 2373 est;
1020 2312 1290 2377 quomodo
1319 2330 1424 2368 non
1450 2332 1518 2371 eo
1564 2321 1732 2386 magis
1758 2337 1843 2375 me
1863 2331 2163 2392 expeteres,

596 2396 720 2461 quo
755 2395 1126 2464 perfectiorem
1172 2416 1289 2456 esse
1336 2419 1403 2458 au
1425 2405 1568 2473 lires,
1620 2410 1720 2463 nisi
1746 2411 1790 2464 si
1824 2422 2026 2481 aperte,
2059 2417 2166 2469 non

595 2484 818 2539 credere
848 2487 1012 2542 corde
1031 2492 1171 2558 quod
1195 2507 1288 2548 ore
1311 2496 1594 2564 proﬁteris,
1619 2499 1951 2559 conﬁtereris
1978 2516 1998 2544 ο
2017 2508 2040 2560 ?
2060 2506 2166 2562 Sed

595 2575 765 2631 inme
806 2587 1143 2647 peccatorem
1186 2583 1386 2652 fugere,
1436 2605 1545 2644 non
1593 2603 1900 2662 pauperem,
1955 2596 2166 2653 Martini

593 2664 889 2720 beatissimi
912 2666 1278 2738 frequentatur
1297 2679 1564 2746 argueris;
1613 2696 1770 2750 quem
1817 2693 1963 2741 certe
2015 2704 2167 2742 num-

593 2769 754 2822 quam
796 2757 1197 2828 desiderasses,
1265 2767 1310 2820 si
1365 2769 1496 2824 cibis
1546 2775 1788 2830 corporis
1837 2779 2038 2834 esurire
2094 2781 2159 2834 ti-

593 2860 820 2903 mHISSCS

666 2938 753 2993 14.
793 2941 904 3010 Ego
925 2953 1092 3010 certe,
1123 2963 1246 3017 quia
1271 2966 1490 3008 necesse
1515 2963 1595 3010 est
1624 2956 1674 3010 in
1705 2959 1883 3027 operis
1911 2961 2163 3030 spiritalis

592 3029 833 3096 profectu
885 3036 1080 3091 caritas
1133 3041 1381 3105 maxime,
1413 3059 1530 3112 qua:
1569 3046 1831 3114 plenitudo
1856 3029 1980 3120 legis
2007 3062 2082 3104 est
2110 3050 2156 3118 ἀ,

589 3120 850 3187 proﬁciat,
873 3123 1011 3178 sicut
1028 3126 1333 3184 desiderare
1358 3139 1432 3199 te,
1464 3133 1532 3186 ita
1555 3143 1608 3189 et
1637 3137 1862 3194 invitare
1890 3157 1996 3195 non
2023 3142 2164 3196 desi-

589 3224 735 3264 nam.
768 3211 900 3266 Veni
931 3214 998 3268 ad
1041 3231 1140 3271 nos
1167 3235 1180 3270 :
1214 3229 1268 3272 et
1295 3222 1339 3274 si
1370 3232 1544 3290 potes,
1576 3227 1784 3282 advola.
1817 3231 1955 3285 Nihil
1998 3234 2162 3289 habe-

594 3315 712 3354 mus
741 3302 842 3356 nisi
871 3303 1170 3373 Christum;
1204 3319 1258 3363 et
1277 3312 1394 3366 vide
1435 3314 1479 3367 si
1501 3316 1628 3370 nihil
1657 3319 1946 3377 habeamus
1978 3327 2037 3389 ¹⁶,
2071 3327 2163 3395 qui

587 3393 765 3446 omnia
791 3394 1075 3451 habentem
1103 3398 1378 3457 habemus.
1412 3403 1765 3478 Ebromagum
1797 3412 1890 3483 (V.
1931 3425 2042 3469 not.
2067 3393 2157 3486 30)

583 3482 727 3536 enim
774 3499 880 3538 non
912 3485 1110 3542 hortuli
1153 3506 1334 3556 causa,
1369 3502 1428 3548 ut
1455 3498 1662 3564 scribis,
1694 3482 2034 3572 reliquimus;
2064 3508 2159 3563 sed

584 3573 815 3640 paradisi
845 3575 917 3644 (ὁ)
949 3577 1161 3633 hortum
1186 3585 1512 3649 praetulimus
1541 3598 1595 3642 et
1624 3593 1962 3660 patrimonio,
1989 3607 2042 3650 ct
2063 3615 2160 3666 pa-

586 3661 730 3726 triae;
771 3665 895 3732 quia
949 3667 1056 3722 illic
1085 3672 1252 3737 magis
1298 3673 1489 3730 domus
1514 3693 1660 3742 vera,
1690 3682 1780 3736 ubi
1815 3693 2051 3739 :eterna:
2087 3688 2157 3742 ibi

585 3750 762 3805 verius
791 3755 981 3822 patria,
1005 3758 1093 3811 ubi
1121 3762 1394 3828 originalis
1425 3775 1583 3832 terra,
1617 3779 1672 3825 et
1701 3773 2008 3843 principalis
2055 3777 2155 3831 ha-

585 3840 792 3895 bitatio.
818 3842 946 3898 Nam
967 3847 1011 3900 si
1039 3850 1210 3904 credis
1236 3856 1468 3925 propitio
1493 3857 1726 3926 Christo,
1749 3840 1968 3934 propter
1995 3884 2154 3936 quem

583 3930 626 3981 si
645 3930 718 3983 nil
745 3933 782 3986 '7
805 3933 1112 4000 habeamus,
1145 3941 1196 3993 in
1223 3943 1334 4010 ipso
1356 3949 1532 4001 omnia
1563 3952 1894 4018 possidemus
1925 3967 1984 4023 ος
2018 3974 2156 4015 nunc

581 4019 635 4071 in
659 4021 755 4075 ista
784 4022 1055 4090 spinarum
1082 4037 1138 4082 et
1166 4030 1406 4089 laborum
1435 4038 1616 4105 humo,
1641 4053 1709 4097 ne
1731 4043 1784 4096 in
1813 4019 2008 4102 hortuli
2032 4052 2152 4118 qui-

580 4110 699 4165 dem
729 4113 940 4182 glebula
988 4134 1084 4173 nos
1114 4128 1269 4177 terra:
1298 4125 1454 4181 limus
1478 4137 1630 4185 tenet
1655 4151 1667 4184 :
1700 4135 1792 4189 sed
1823 4139 2022 4194 utinam
2051 4110 2152 4196 ‘ita

579 4206 756 4267 trullas
784 4225 812 4261 a
849 4221 1071 4279 peccato
1101 4217 1253 4270 nobis
1283 4219 1452 4287 pulvis
1475 4223 1730 4279 haereret!
1761 4227 1835 4281 Tu
1862 4232 1903 4284 si
1926 4231 2030 4288 hoc
2053 4233 2150 4288 bo-

579 4312 703 4349 nmn
758 4300 827 4352 ita
873 4303 1065 4368 credis,
1119 4315 1176 4359 ut
1203 4311 1490 4376 przedicas;
1528 4323 1582 4367 et
1611 4319 1716 4386 58
1742 4321 1792 4372 in
1823 4337 1888 4375 eo
1918 4340 2004 4378 me
2036 4341 2152 4382 esse

579 4385 775 4449 credis,
831 4396 889 4440 ut
938 4399 989 4444 te
1017 4393 1237 4447 credere
1277 4400 1497 4464 scribis;
1541 4412 1595 4455 et
1630 4385 1847 4471 segnius
1876 4427 1962 4466 me
2008 4415 2150 4469 desi-

2256 4473 2460 4479 ---ηπ
2563 4473 2770 4483 “nu...
2797 4473 2924 4496 νων,

580 4473 763 4538 deras;
784 4475 893 4540 jam
923 4495 1033 4532 non
1055 4480 1107 4534 in
1130 4498 1218 4537 me
1246 4495 1582 4552 peccatorem
1609 4507 1838 4563 semper,
1871 4509 1924 4553 et
1943 4518 2155 4572 semper
2181 4489 2230 4546 θ
2261 4513 2418 4567 tionis
2439 4515 2684 4571 humana:
2711 4532 2947 4577 saerame

581 4562 854 4627 inlignum
883 4579 1174 4637 conspectu
1224 4581 1334 4638 tuo,
1385 4577 1478 4629 sed
1527 4579 1579 4632 in
1613 4562 1887 4640 Dominum
1919 4562 2150 4660 I'ipsinm

579 4652 869 4706 committis
891 4655 968 4724 (id
985 4667 1061 4710 est
1090 4665 1325 4731 peccas),
1352 4666 1393 4718 si
1426 4676 1578 4735 putas
1609 4679 1718 4725 tum
1740 4673 1953 4733 demum
2000 4652 2151 4738 tlel'u-

580 4749 753 4794 turam
803 4746 955 4801 nobis
994 4750 1118 4802 vitae
1158 4756 1397 4810 mortalis
1453 4759 1781 4830 alimoniam,
1829 4785 1953 4842 cum
1998 4777 2151 4833 nobis

581 4834 803 4899 coeperit
832 4835 973 4892 Deus
1002 4854 1118 4896 esse
1145 4847 1412 4912 possessio
1450 4847 1489 4903 ί.

653 4993 675 5019 υ
704 4983 884 5042 Matth.
919 5007 1027 5054 vn,
1059 4994 1126 5048 26
1154 5015 1167 5062 ;
1200 4997 1328 5054 Luc.
1363 5020 1434 5068 vi,
1474 5005 1557 5060 l9.
1588 5008 1615 5047 ιι
1647 5010 1830 5068 Matth.
1864 5034 1933 5085 vi,
1967 5020 2035 5074 34
2058 5062 2072 5085 ,
2098 5023 2198 5090 55;
2238 5026 2364 5083 Luc.
2393 5046 2486 5096 xu,
2514 5032 2601 5087 51.

653 5057 940 5110 tr.v1.10.
1023 5064 1301 5110 fPsaLw
1367 5072 1397 5110 ῖς
1495 5075 1562 5110 ul
1613 5078 1725 5110 tn...
1778 5101 1793 5110 .
1866 5085 1893 5110 ε
2015 5091 2035 5110 ι
2073 5093 2086 5110 .
2122 5095 2158 5110 ι.
2353 5099 2382 5110 η
2515 5101 2601 5110 ..ι

579 5049 704 5104 Cor.
734 5057 978 5148 vr,a10.‘
1017 5049 1206 5148 ξυεείι.
1235 5049 1434 5148 “.353
1493 5075 1581 5148 at
1613 5049 1832 5148 τίηῖῗῗζ

966 5131 981 5168 ¹
1018 5133 1173 5190 Prov.
1216 5155 1248 5192 ι

1721 307 1777 361 S.
1820 307 2090 364 PAULINI
2131 307 2371 362 NOIANI
2414 311 2718 370 EPiSCOPl

603 409 837 464 cummis
888 424 1048 464 arena
1088 410 1319 465 locemus
1341 419 1386 463 ⁸.
1420 411 1606 467 Nonne
1636 414 1708 468 illi
1756 418 2094 485 credidimus,
2117 426 2170 470 et
2203 424 2242 474 Α

3736 329 3849 390 Ξίὶυ

2788 423 3114 484 EPISTULA
3157 435 3170 455 ⁶
3212 431 3321 488 ΧΠ.

2275 504 2572 596 Ροειαιαηαι
2625 513 2888 596 Amandus
2943 520 3246 596 prolixiores
3280 523 3506 596 Paulini
3563 528 3851 596 epistolas:

2342 593 2466 663 ergo
2503 581 2634 633 hanc
2663 584 2729 663 tle
2754 589 2923 652 gratia
2943 581 3061 641 'Dei
3087 607 3188 643 non
3221 594 3386 663 minus
3407 595 3548 662 piam
3567 581 3722 663 q'uam
3751 581 3849 651 ele;

2342 656 2551 734 gente/rt
2573 651 2768 734 scribit,
2795 671 3194 734 commemorans
3227 661 3321 715 Dei
3361 651 3755 734 benignitatem,
3803 682 3849 720 et

2343 716 2667 802 altitudinem
2714 723 2871 802 divini
2913 727 3122 802 consilii
3166 747 3317 799 super
3335 716 3823 802 salute'generis'hn

2343 788 2502 867 mani.
2539 787 2696 841 Docet
2717 801 2766 842 et
2787 793 3120 867 humilitatem
3140 787 3414 867 quamdam
3443 787 3659 866 malum,
3693 813 3740 858 et
3760 787 3843 858 sn-

2264 887 2265 890 η
2343 854 2576 923 perbiam
2605 861 2882 929 quamdam
2909 862 3094 919 bonam
3115 854 3224 921 ὦδε

2343 963 2561 1030 Sancto,
2627 977 2681 1021 et
2743 972 2933 1026 merito
2988 977 3311 1040 venerabili,
3378 996 3440 1035 ac
3499 981 3847 1042 dilectissimo

2275 1053 2513 1121 Amano,
2549 1049 2827 1137 Putemus.

2346 1166 2607 1223 l.Fateor
2634 1173 2812 1227 mirari
2843 1191 2925 1229 me
2954 1186 3194 1232 sanctam
3222 1181 3456 1237 caritatis
3480 1192 3582 1238 tua:
3601 1185 3840 1256 benigni-

2275 1261 2438 1309 tatem
2486 1267 2541 1312 et
2595 1262 2924 1331 patientiam,
2957 1277 3012 1320 ut
3035 1267 3102 1322 de
3131 1270 3390 1338 epistolis,
3421 1289 3554 1342 quas
3585 1277 3666 1331 ad-
3684 1286 3738 1332 te
3767 1279 3844 1331 lo-

2274 1349 2636 1415 quacissimas,
2669 1361 2722 1405 et
2773 1355 3036 1422 pleniores
3083 1361 3336 1416 molestia:
3363 1380 3522 1434 quam
3555 1369 3741 1434 gratia:
3770 1370 3844 1422 fa-

2274 1450 2397 1490 cere
2418 1438 2586 1504 soleo,
2619 1449 2674 1494 tu
2703 1451 2878 1498 tamen
2909 1446 3225 1503 desiderium
3249 1455 3509 1509 sermonis
3533 1459 3636 1510 mei
3669 1460 3844 1528 potius

2273 1539 2430 1593 quam
2462 1528 2672 1583 aedium
2703 1534 2909 1600 capias;
2958 1538 3384 1608 qdandoquidem
3414 1545 3479 1597 ad
3521 1547 3761 1601 assiduas
3790 1559 3843 1604 et

2273 1615 2590 1682 prolixiores
2620 1620 2822 1676 litteras
2845 1639 2929 1678 me
2953 1626 3171 1682 lacessis
3195 1638 3248 1682 et
3268 1633 3468 1687 excitas
3495 1637 3670 1703 gratia
3708 1641 3840 1692 scri-

2275 1712 2486 1773 ptorum
2533 1716 2762 1774 tuarum,
2812 1712 2864 1766 in
2895 1717 3085 1784 quibus
3113 1721 3302 1774 caritas
3348 1723 3411 1774 de
3437 1725 3594 1778 corde
3619 1744 3750 1796 puro
3795 1741 3842 1782 et

2268 1794 2371 1862 [ide
2391 1812 2492 1850 non
2519 1798 2641 1866 ﬁcta
2668 1809 2690 1846 ε
2711 1803 2764 1855 in
2804 1807 2998 1873 azymis
3025 1809 3248 1862 veritatis
3269 1810 3296 1846 ιι
3321 1812 3586 1867 sincerum
3610 1814 3840 1882 loquitur

2270 1884 2537 1951 allectum,
2571 1903 2633 1942 ac
2661 1890 2892 1945 vicissim
2920 1910 3095 1949 meum
3123 1899 3189 1951 ab
3217 1899 3398 1954 intima
3425 1912 3607 1957 mente
3643 1905 3840 1958 Snllit'i-

2269 1982 2365 2027 tat.
2399 1975 2534 2041 Quid
2559 1979 2718 2045 igitur
2747 1981 3372 2058 taciam?obtemperabo
3403 1994 3493 2048 tibi
3518 1996 3677 2064 copia
3709 1997 3840 2051 litte~

2268 2072 2484 2122 rarum?
2538 2072 2629 2126 sed
2681 2073 2926 2130 bonorum
2977 2096 3202 2135 meorum
3232 2101 3332 2138 non
3356 2087 3554 2158 indiges
3587 2085 3602 2124 ί
3627 2105 3642 2154 ;
3672 2097 3728 2142 et
3756 2105 3838 2144 me

2266 2161 2468 2227 tequius
2496 2171 2577 2216 est
2605 2180 2633 2217 a
2676 2173 2726 2219 te
2781 2167 3112 2238 locupletari,
3138 2175 3261 2242 quia
3283 2176 3432 2231 dives
3459 2180 3683 2248 pauperi
3713 2196 3838 2234 cen-

2267 2248 2405 2304 ferre
2426 2251 2602 2317 debet,
2627 2264 2682 2307 nt
2701 2257 2797 2325 ﬁat
2817 2260 3082 2326 a’qualtlas
3115 2262 3159 2314 i.
3185 2262 3266 2318 An
3293 2281 3422 2321 vero
3450 2269 3621 2337 magis
3641 2286 3836 2325 consu-

2268 2340 2372 2414 lam
2404 2343 2615 2397 utilitati
2644 2361 2794 2411 mete,
2827 2358 2880 2402 et
2909 2368 3098 2419 ponam
3119 2371 3195 2407 ora
3226 2357 3508 2411 custodiam
3535 2358 3560 2396 ¹ι
3591 2379 3609 2412 :
3643 2370 3704 2415 ut
3742 2378 3837 2432 pe-

2266 2430 2489 2485 rieulum
2539 2439 2766 2503 peccati,
2801 2441 2943 2507 quod
2971 2442 3037 2496 de
3084 2445 3416 2515 multiloquio
3459 2460 3686 2518 paratur
3709 2455 3838 2507 etfu-

2266 2521 2406 2589 giam
2444 2520 2505 2578 l?
2533 2523 2638 2580 Sed
2667 2536 2846 2583 metuo
2878 2531 2890 2560 τ
2918 2547 3118 2598 rursus,
3172 2551 3239 2589 ne
3291 2536 3667 2594 inobedientize
3718 2559 3837 2598 reus

2265 2621 2495 2680 statuar;
2528 2625 2579 2671 et
2609 2616 2745 2673 forte
2768 2623 2978 2688 gravius
3008 2622 3266 2682 oﬂ‘endam
3295 2628 3337 2684 si
3367 2627 3418 2684 in
3465 2637 3518 2685 te
3558 2631 3837 2703 diliquero

2266 2719 2372 2758 non
2395 2705 2790 2780 obtemperans,
2817 2727 2973 2780 quam
2996 2715 3040 2768 si
3083 2732 3180 2786 pro
3203 2734 3288 2773 me
3310 2719 3536 2776 timuero
3567 2739 3674 2777 non
3703 2726 3834 2779 scri-

2263 2786 2412 2850 bens.
3598 2891 3600 2893 b

2335 2886 2386 2941 2.
2429 2889 2525 2944 Det
2548 2891 2705 2959 igitur
2726 2895 2853 2950 mihi
2876 2896 3129 2953 Dominus
3163 2916 3192 2954 a
3223 2901 3448 2958 Domino
3474 2891 3832 2977 oris’adaper-

2263 2980 2463 3034 tionem
2494 2981 2561 3035 ad
2588 2992 2639 3036 te
2668 2993 2726 3048 ιη,
2757 2994 2810 3039 et
2841 2989 3130 3055 prmtendat
3157 2991 3376 3059 pedibus
3405 2995 3538 3048 meis
3559 2996 3831 3052 lucernam

2265 3070 2411 3124 verbi
2441 3073 2519 3124 sui
2550 3083 2592 3136 η,
2626 3083 2682 3127 ut
2713 3091 2816 3128 nox
2847 3065 3159 3147 insipientia:
3189 3098 3319 3136 mea:
3347 3088 3483 3139 sicut
3503 3085 3620 3142 dies
3650 3089 3832 3142 illumic

2191 3133 2236 3195 ο
2266 3168 2422 3214 netnr
2452 3173 2496 3214 ".
2531 3162 2713 3218 Solvat
2739 3166 2970 3234 linguam
3023 3185 3196 3224 meam
3245 3172 3297 3225 in
3348 3175 3566 3229 verbum
3607 3177 3830 3243 bonum,

2261 3253 2351 3320 qui
2399 3261 2452 3305 et
2489 3251 2652 3307 asinae
2700 3270 2761 3310 os
2789 3258 2894 3310 Pin
2947 3274 3246 3316 sermonem
3287 3263 3484 3316 laxavit
3514 3266 3827 3322 humanum.

2260 3342 2388 3397 Sum
2410 3344 2551 3398 enim
2573 3353 2627 3399 et
2653 3360 2752 3413 ego
2783 3363 2918 3402 unus
2937 3349 3004 3402 de
3033 3349 3293 3419 lapidibus
3322 3353 3404 3405 vel
3427 3354 3680 3422 jumentis
3704 3359 3831 3422 illis,

2259 3448 2483 3502 quorum
2511 3435 2936 3503 prmligurationc
2969 3440 3114 3492 asina
3137 3448 3261 3495 tunc
3284 3442 3455 3497 locuta
3487 3454 3587 3508 est.
3628 3457 3832 3502 mutam

2257 3523 2470 3590 gentilis
2511 3523 2720 3579 duritiae
2771 3525 3180 3598 stoliditatisque
3208 3540 3469 3595 naturam,
3499 3537 3688 3591 solutis
3721 3537 3832 3593 Deo

2259 3613 2470 3680 linguis,
2498 3614 2800 3683 signiﬁcans
2822 3617 3116 3672 locuturam
3144 3632 3189 3673 τι.
3223 3623 3316 3686 Ac,
3350 3624 3390 3676 si
3415 3624 3611 3692 placet,
3636 3626 3702 3680 de
3729 3628 3830 3682 hac

2257 3702 2370 3772 ipsa
2400 3703 2492 3757 Dei
2522 3706 2687 3772 gratia
2743 3715 2946 3762 textum
2999 3711 3235 3779 epistola:
3289 3716 3650 3782 porrigamus,
3699 3722 3826 3788 quia

2267 3797 2440 3847 omnis
2472 3803 2650 3848 nostra
2678 3796 2746 3867 (ε)
2781 3801 3013 3853 narratio
3033 3801 3087 3853 in
3118 3806 3396 3874 praeceptis
3425 3809 3529 3877 59
3551 3817 3605 3861 et
3652 3810 3826 3866 laudi-

2255 3881 2354 3937 bus
2399 3883 2652 3939 Allissimi
2699 3897 2954 3956 occupata
3001 3905 3119 3944 esse
3161 3891 3349 3958 debet,
3389 3895 3459 3948 illi
3489 3912 3650 3953 omne
3678 3891 3836 3968 quod"

2255 3972 2541 4041 loquimur,
2570 3991 2728 4029 omne
2749 3977 2888 4045 quod
2913 3978 3156 4046 vivimus,
3180 3997 3298 4034 cum
3327 3995 3578 4054 perpetua
3629 3991 3830 4056 gratia-

2255 4077 2370 4114 rum
2426 4063 2636 4116 actione
2663 4063 2912 4133 depcndi,
2945 4067 3094 4132 cujus
3121 4085 3282 4139 Opere
3325 4075 3345 4104 ⁸
3393 4089 3455 4128 ac
3483 4091 3705 4132 tnunere
3747 4079 3830 4134 lo-

2254 4154 2465 4222 quimur
2489 4163 2543 4208 et
2590 4156 2834 4210 vivimus.
2874 4157 2992 4227 Ipse
3020 4161 3152 4214 enim
3189 4165 3309 4233 fecit
3336 4181 3445 4230 nos,
3478 4178 3526 4220 et
3577 4185 3680 4223 non
3730 4174 3833 4242 ipsi

2253 4261 2348 4298 nos
2381 4256 2422 4298 ι’.
2445 4245 2584 4317 Ipse,
2618 4247 2852 4316 inquam,
2875 4248 3121 4305 Dominus
3149 4257 3270 4324 fecit
3298 4273 3410 4324 nos,
3435 4260 3525 4328 qui
3553 4262 3718 4316 etiam
3744 4282 3832 4318 re-

2254 4333 2378 4386 fecit
2402 4334 2510 4401 jam
2560 4336 2627 4389 ab
2684 4337 2835 4393 initio
2882 4355 2980 4408 per
3026 4344 3201 4397 omnia
3233 4361 3350 4414 qum
3377 4359 3631 4418 operatus
3659 4363 3750 4408 est
3780 4367 3834 4411 et

2255 4425 2462 4479 locutus
2481 4427 2534 4479 in
2562 4427 2770 4483 Sanctis
2797 4432 2924 4496 suis,
2956 4434 3138 4489 salutis
3158 4447 3371 4501 nostra,
3405 4441 3457 4494 id
3477 4451 3574 4508 est,
3607 4460 3833 4515 repara-

2953 4531 3041 4577 nta
3062 4527 3292 4581 molitus.
3325 4529 3454 4584 Nam
3477 4531 3680 4599 justum
3694 4538 3784 4592 Ah
3809 4559 3835 4584 ‘-

2256 4603 2360 4658 lem
2389 4606 2525 4660 illico
2575 4612 2838 4677 reparavit
2875 4623 3053 4668 sancta
3083 4620 3357 4684 generatio
3405 4622 3457 4676 in
3486 4623 3618 4678 Selh
3653 4637 3695 4691 θ,
3738 4633 3832 4698 qui

2258 4710 2352 4772 ore
2395 4699 2655 4754 consimili
2698 4701 2980 4758 formatum
3006 4707 3070 4760 ad
3102 4709 3382 4776 imaginem
3405 4713 3498 4768 Dei
3526 4718 3708 4771 retulit
3739 4738 3835 4788 ,κιο

2259 4792 2410 4840 trem.
2443 4787 2570 4842 Inde
2590 4806 2686 4858 per
2711 4802 2921 4848 ceteros
2941 4811 2968 4847 a
3001 4798 3170 4865 primo
3197 4800 3344 4856 fonte
3379 4803 3670 4861 decurrens
3817 4843 3834 4851 -

2258 4879 2491 4933 manavit
2514 4896 2648 4934 vena
2674 4883 2892 4952 justitia:
2921 4905 2933 4939 :
2966 4896 3020 4941 et
3046 4893 3288 4957 quamvis
3311 4895 3700 4955 interveniente
3756 4904 3834 4956 di~

2683 5035 2892 5119 c’Romﬁ.
2928 5057 2979 5102 x,
3017 5041 3102 5119 ‘19:
3137 5045 3202 5119 ,ἀ
3236 5047 3390 5104 Rom.
3422 5068 3534 5119 xm,
3567 5053 3652 5108 10.

2514 5059 2601 5087 at.
2683 5059 2700 5074 ι
2739 5059 2892 5092 notll.
2928 5059 2979 5102 x,
3017 5059 3102 5096 ’IU.
3178 5059 3202 5082 α
3236 5059 3390 5104 ηοω,
3422 5068 3534 5119 χιιι,
3567 5059 3652 5108 10,
3741 5071 3767 5095 e
3794 5059 3836 5116 η

2513 5101 2823 5183 inpsal._xv,
2852 5108 2902 5160 2.
3003 5123 3018 5161 t
3057 5113 3097 5165 ll
3129 5113 3252 5170 Cor.
3281 5135 3403 5183 vm,
3438 5121 3522 5176 14.
3627 5125 3651 5160 λ
3679 5124 3719 5178 Ρ
3759 5135 3832 5183 al.

3627 5125 3651 5160 λ
3679 5124 3719 5178 Ρ
3759 5135 3832 5184 :Il.

1231 5155 1284 5200 t,
1320 5141 1402 5196 19.
1480 5157 1517 5183 ιη
1542 5144 1734 5217 Ephes.
1758 5141 1831 5221 vi,
1864 5157 1946 5212 l9.
2021 5171 2047 5198 ιι

1231 5210 1296 5261 al.
1333 5228 1470 5261 xmx-
1502 5216 1556 5261 5-
1636 5229 1654 5253 ιι
1687 5221 1798 5261 (Ian
1853 5244 1903 5261 m
1955 5229 2024 5261 or:

2284 5141 2324 5162 .,
2352 5141 2403 5152 ν.
2566 5141 2704 5160 ιω...
2740 5141 2822 5167 μ,
2855 5141 2902 5160 ι..
3003 5141 3017 5161 ι
3057 5141 3096 5165 ιι
3129 5141 3252 5170 υυιτ.
3282 5141 3403 5183 vut,
3438 5141 3522 5176 ur.
3627 5141 3651 5160 ⁸
3679 5141 3719 5178 l'
3759 5141 3832 5184 :Il.

2261 5183 2419 5237 :xvm,
2453 5169 2570 5224 105.
2651 5184 2675 5210 ο
2708 5174 2846 5232 PsaL
2877 5195 3127 5248 cxxxvm,
3167 5184 3248 5239 l9...
3325 5189 3695 5261 rNuthmt,
3733 5199 3832 5254 ξω.

655 5331 670 5350 ⁸
698 5327 843 5386 Alias
870 5331 964 5400 2|;
995 5349 1114 5404 qua:
1141 5347 1320 5394 autem
1346 5342 1412 5395 12
1435 5355 1568 5414 erat,
1599 5366 1740 5408 nunc
1765 5354 1850 5410 52.
1882 5358 2088 5431 Scripta
2120 5379 2258 5422 anno
2279 5368 2402 5424 397.

648 5464 728 5533 (a)
765 5464 1077 5525 Addidimus
1098 5475 1316 5529 verbum
1345 5487 1419 5532 est
1448 5497 1513 5534 ex
1535 5487 1658 5539 mss.
1695 5487 1824 5558 Reg.
1856 5502 1909 5548 et
1937 5494 2089 5552 Victi.

645 5592 731 5672 (lt)
761 5597 843 5661 lla
868 5620 969 5665 ms.
1003 5609 1152 5666 Vien.
1183 5613 1284 5670 Alii
1315 5616 1512 5673 addunt
1541 5623 1706 5684 illum.
1732 5626 1966 5700 Utraque
1990 5635 2148 5694 lectio

2247 5501 2410 5558 bona.

2435 5573 2522 5629 Sic
2553 5591 2679 5632 mss.
2710 5577 2842 5647 Reg.
2865 5587 2921 5637 et
2952 5578 3100 5640 Vien.
3122 5583 3262 5642 Editi
3291 5585 3344 5658 4,
3370 5593 3526 5652 ratio.
3550 5595 3648 5656 Ed.
3670 5603 3825 5674 Crit‘,

2317 5661 2340 5696 rt
2366 5661 2434 5696 ιο.

2248 5660 2434 5696 οναηο.

3657 5728 3754 5744 ,αθ
